4070 6190
363 314 436 371 l3
773 284 779 289 ”
1592 312 1946 375 nonum;
1988 310 2089 372 DE
2134 312 2535 377 TEMPORE.
3689 311 3770 377 ιι

274 456 277 459 ‘
358 445 467 509 ex).
506 468 529 491 ι»
557 445 873 501 Castellum
905 452 1098 502 autem
1145 448 1213 502 ad
1266 448 1421 518 quod
1473 446 1809 511 mittuntur,
1836 446 2007 513 juxta
2036 443 2088 510 Α
2122 444 2489 519 Synagngam
2525 448 2965 520 prmdicandum
2996 466 3094 505 eos
3147 447 3475 514 destinavit,
3524 448 3767 502 dicens:

355 534 609 590 litteram
642 533 1002 591 Hierusalem
1022 533 1315 589 civitatem
1338 532 1747 607 intelligimus,
1767 549 1873 590 nec
1893 532 2010 589 cui-

352 639 532 694 quam
565 624 888 680 absurdum
915 623 1089 679 debet
1116 622 1321 687 videri,
1356 623 1403 678 si
1438 624 1578 678 urbs
1611 621 1770 695 regia
1799 621 2007 677 castel-

276 707 281 713 ’
349 710 473 768 lum
506 712 864 781 nominatur,
884 713 1022 785 quia
1043 728 1189 767 usus
1220 712 1532 783 Scripturre
1555 716 1662 779 est,
1691 711 2007 783 aliquando

347 802 656 862 Castellum
687 820 790 874 pro
824 802 1073 869 civitate,
1097 804 1155 856 et
1183 800 1475 856 civitatem
1510 818 1614 873 pro
1645 799 1884 855 castello
1914 816 2008 854 vo-

344 906 497 947 care.
532 891 887 963 Spiritaliter
911 895 1108 946 autem
1136 889 1442 945 castellum
1475 891 1548 945 ad
1579 891 1734 962 quod
1770 890 2010 945 mittun-

343 985 462 1046 tur,
496 981 788 1036 mundum
811 979 1126 1052 significat,
1144 978 1295 1050 quod
1323 983 1523 1033 contra
1547 996 1646 1034 eos
1672 979 1849 1033 fuisse
1870 977 2009 1032 dici-

340 1074 459 1131 tur,
494 1069 634 1140 quia
664 1069 722 1123 in
756 1068 991 1124 exordio
1043 1066 1475 1140 pradicationis
1509 1067 1770 1123 mundus
1800 1084 2004 1122 eorum

339 1157 623 1212 doctrinm
644 1160 889 1212 conatus
913 1160 1002 1212 est
1025 1156 1317 1224 resistere,
1339 1156 1491 1211 sicut
1517 1155 1797 1227 apostolis
1817 1154 2005 1211 Judaei

339 1246 618 1301 dixerunt
641 1262 654 1300 :
683 1267 711 1294 ‹‹
734 1245 815 1300 De
846 1249 1005 1301 secta
1034 1248 1231 1299 autem
1253 1244 1362 1299 hac
1385 1245 1678 1311 novimus,
1700 1245 1854 1316 quod
1879 1243 2005 1300 ubi-

340 1351 454 1407 que
483 1334 535 1388 ei
564 1332 987 1389 contradicitur
1015 1336 1150 1401 (Act.
1186 1332 1409 1403 xxvm).
1447 1354 1475 1382 »
1509 1333 1615 1400 Qui
1648 1336 1705 1387 et
1728 1333 1799 1388 ab
1830 1350 2003 1405 apos-

339 1423 476 1477 tolis
492 1421 945 1494 improperando
963 1420 1277 1476 audierunt
1298 1437 1308 1475 :
1331 1444 1357 1470 ‹‹
1378 1420 1558 1476 Vobis
1579 1421 1818 1493 quidem
1837 1438 2001 1494 opor-

333 1510 449 1565 tuit
479 1510 738 1583 primum
768 1510 929 1583 loqui
958 1510 1202 1566 verbum
1256 1509 1376 1576 Dei,
1412 1512 1517 1566 scd
1548 1510 1686 1584 quia
1720 1510 1999 1583 repellitis

334 1600 499 1667 illud,
537 1604 590 1656 et
621 1599 896 1673 indignos
942 1616 1044 1654 vos
1088 1600 1373 1671 judieatis
1423 1603 1647 1655 aeterna:
1678 1600 1831 1667 vitae,
1867 1617 1998 1655 ecce

329 1688 729 1744 convertimur
749 1688 821 1743 ad
846 1692 1049 1761 gentes
1073 1689 1208 1759 (Act.
1233 1692 1376 1755 xm).
1402 1711 1429 1739 »
1451 1689 1613 1752 Quod
1641 1692 1836 1744 autem
1860 1690 1998 1743 sub-

2119 556 2145 583 ‹‹
2183 534 2245 589 In
2274 535 2426 592 viam
2453 536 2716 610 gentium
2738 554 2812 593 ne
2832 537 3113 606 abieritis,
3131 540 3188 593 et
3209 536 3267 592 in
3290 535 3553 591 civitates
3573 536 3772 590 Sama-

2118 622 2441 680 ritanorum
2474 643 2547 681 ne
2584 625 2964 695 intraveritis,
2999 628 3097 683 sed
3152 625 3350 699 potius
3396 623 3473 679 ite
3523 623 3592 677 ad
3639 639 3773 679 oves

2119 728 2248 784 quos
2274 713 2572 784 perierunt
2599 715 2812 771 domus
2845 715 3021 781 Israel
3074 716 3275 788 (Matth.
3309 713 3385 786 x).
3418 734 3445 762 »
3477 710 3652 775 Quasi
3700 712 3773 765 ad

2117 799 2344 872 pullum
2378 803 2558 871 misit,
2575 805 2811 874 quando
2834 808 2968 876 post
2990 821 3158 860 suam
3180 800 3666 858 resurrectionem
3688 798 3773 856 eis

2117 890 2626 962 przecepit,dicens
2652 909 2665 948 :
2691 916 2719 942 ‹‹
2748 893 2963 949 Euntes
2995 892 3054 947 in
3086 892 3375 948 mundum
3409 887 3771 957 universum,

2116 980 2315 1035 docete
2346 997 2548 1036 omnes
2578 985 2801 1053 gentes,
2861 981 3229 1053 baptizantes
3277 995 3377 1035 eos
3427 978 3499 1034 in‘
3535 977 3772 1033 nomine

2114 1068 2324 1135 Patris,
2358 1074 2414 1124 et
2444 1069 2589 1135 Filii,
2625 1075 2682 1124 et
2727 1070 2979 1142 Spiritus
3024 1071 3212 1127 sancti
3246 1068 3449 1139 (Matth.
3484 1069 3702 1135 xxvm).
3740 1088 3767 1115 ››

2114 1156 2258 1219 Quid
2291 1174 2423 1212 vero
2456 1158 2812 1232 subjungit?

2188 1268 2215 1295 ‹‹
2246 1247 2315 1300 Et
2345 1247 2393 1301 si
2427 1247 2558 1319 quis
2591 1247 2809 1318 aliquid
2842 1248 3007 1304 vobis
3035 1247 3264 1313 dixerit,
3292 1247 3464 1303 dicite
3494 1244 3629 1317 quia
3667 1248 3766 1298 Do-

2113 1357 2142 1384 «
2175 1335 2373 1391 minus
2404 1334 2497 1390 his
2521 1352 2669 1407 opus
2690 1335 2884 1404 habet,
2903 1340 2961 1392 et
2980 1336 3289 1392 confestim
3311 1335 3569 1391 dimittet
3590 1350 3710 1389 eos.
3739 1354 3765 1380 ιι

2109 1423 2229 1479 Hoc
2245 1428 2335 1480 est
2352 1425 2505 1496 quod
2517 1425 2689 1495 juxta
2706 1425 2922 1480 Lucam
2942 1423 3361 1497 evangelistam
3380 1421 3576 1494 pullus
3590 1437 3764 1491 quem

2109 1512 2381 1585 discipuli
2406 1513 2725 1577 solverunt,
2745 1513 2965 1568 multos
2983 1513 3250 1568 dominos
3270 1512 3545 1567 habuisse
3564 1512 3765 1575 fertur,

2109 1602 2249 1674 quia
2275 1602 2614 1657 Judaeorum
2648 1606 2704 1656 et
2735 1602 3001 1675 gentium
3026 1601 3276 1673 populus
3298 1617 3414 1654 non
3437 1600 3538 1654 uni
3563 1599 3766 1665 errori,

2108 1691 2208 1746 sed
2244 1690 2449 1746 multis
2480 1694 2605 1745 erat
2634 1691 2885 1746 deditus.
2912 1689 3142 1746 Domini
3174 1694 3367 1744 autem
3400 1687 3499 1760 qui
3529 1686 3768 1743 solutio-

321 1779 527 1852 jungit
557 1795 571 1834 :
608 1800 636 1828 ‹‹
666 1778 737 1833 Et
769 1778 967 1833 statim
1001 1777 1306 1833 invenietis
1336 1779 1563 1835 asinam
1606 1777 1904 1852 alligatam
1939 1782 1995 1833 et
2033 1816 2073 1879 Β
2105 1798 2237 1835 nem
2272 1779 2769 1846 contradicebant,
2793 1778 3087 1835 immundi
3122 1776 3364 1850 spiritus
3395 1780 3534 1833 sunt
3562 1773 3769 1831 intelli-

334 1890 360 1917 α
395 1866 629 1939 pullum
664 1883 798 1923 cum
831 1883 918 1930 ea,
954 1866 1157 1922 solvite
1186 1872 1242 1921 et
1268 1867 1539 1922 adducite
1572 1867 1740 1937 mihi,
1775 1890 1802 1916 ››
1827 1869 1998 1938 juxta

326 1972 555 2012 morem
584 1956 893 2028 provincia
926 1955 1211 2027 loquitur.
1244 1954 1397 2010 Usus
1428 1953 1584 2009 enim
1618 1959 1741 2010 erat
1788 1955 1845 2009 in
1876 1955 1995 2011 illis

326 2045 692 2117 regionibus,
722 2049 777 2099 et
806 2044 864 2099 in
899 2043 1153 2117 singulis
1185 2043 1522 2099 civitatibus
1551 2043 1639 2098 vel
1671 2043 1903 2111 viculis,
1929 2048 1996 2099 ut

327 2135 536 2189 asinus
565 2132 653 2188 vel
687 2131 991 2204 quodlibet
1034 2130 1252 2187 animal
1296 2132 1367 2185 ad
1401 2132 1732 2186 sedendum
1765 2136 1991 2203 aptum.

326 2226 721 2296 praeparatum
756 2220 1103 2288 haberetur;
1131 2224 1189 2275 et
1208 2220 1258 2274 si
1285 2220 1474 2275 cui'ex
1502 2220 1729 2275 civibus
1759 2237 1994 2276 necesse

322 2316 483 2367 esset
500 2310 704 2366 itinere
727 2309 902 2365 unius
927 2310 1062 2377 diei,
1085 2309 1265 2381 hujus
1284 2307 1535 2365 vehiculi
1563 2309 1993 2365 sustentatione

322 2404 624 2457 uteretur:
651 2398 1010 2455 habitatores
1033 2403 1230 2454 autem
1262 2398 1426 2454 urbis
1458 2399 1530 2453 de
1562 2399 1991 2454 sustentatione

322 2489 583 2546 vehiculi
636 2488 1028 2544 communiter
1073 2487 1431 2559 cogitabant.
1484 2488 1609 2542 Mos
1662 2487 1843 2558 igitur
1884 2488 1995 2543 iste

323 2578 749 2651 Hierosolymis
779 2577 1145 2643 servabatur,
1164 2577 1400 2647 quando
1426 2576 1711 2631 Dominus
1744 2576 1996 2649 disCipu-

324 2668 415 2724 los
447 2684 589 2723 suos
614 2666 714 2723 illo
747 2665 927 2732 misit,
957 2665 1159 2721 dicens
1187 2681 1199 2720 :
1236 2687 1265 2715 ‹‹
1313 2664 1380 2719 Et
1424 2665 1732 2731 invenietis
1764 2665 1990 2720 asinam

326 2757 632 2830 alligatam
653 2761 710 2812 et
730 2755 957 2829 pullum
977 2771 1114 2811 cum
1137 2770 1223 2815 ea,
1243 2776 1271 2803 »
1291 2758 1396 2809 etc.
1423 2752 1776 2825 Spiritaliter
1797 2757 1992 2809 autem

330 2864 435 2920 per
466 2846 697 2901 asinam
732 2861 860 2917 quae
892 2844 1114 2899 domita
1142 2848 1288 2910 erat,
1333 2844 1638 2915 Synagoga
1682 2843 1990 2914 figuratur,

336 2954 469 3008 quae
491 2936 640 3007 jugo
669 2933 815 3007 legis
845 2934 1033 2989 fuerat
1064 2936 1376 2988 mansueta
1406 2937 1462 2987 et
1492 2932 1710 2999 attrita,
1734 2936 1791 2985 et
1822 2932 1879 2987 in
1910 2932 1991 2988 le-

336 3025 453 3098 gali
466 3025 577 3079 bus
593 3021 953 3078 caeremoniis
968 3021 1346 3077 observandis
1359 3020 1748 3076 edomita.Per
1766 3019 1991 3091 pullum

334 3131 475 3169 vero
505 3112 792 3168 lascivum
823 3115 879 3167 et
910 3110 1284 3177 indomitum,
1313 3110 1413 3182 qui
1437 3109 1657 3181 absque
1678 3109 1858 3165 frenis
1879 3109 1993 3165 huc

2106 1868 2302 1941 gendi,
2340 1869 2440 1940 qui
2475 1868 2773 1939 quondam
2806 1868 3176 1939 tyrannidem
3209 1871 3339 1939 post
3371 1869 3669 1938 peccatum
3702 1864 3761 1918 in

2105 1958 2365 2013 humano
2396 1975 2605 2030 genere
2635 1956 2747 2012 sibi
2782 1957 3177 2013 vindicabant.
3201 1956 3462 2026 Cumque
3492 1970 3594 2026 per
3623 1970 3765 2025 prae.

2104 2046 2457 2102 dicationem
2492 2045 2892 2119 apostolorum
2925 2062 3024 2101 eos
3056 2046 3128 2101 ad
3152 2045 3327 2100 fidem
3358 2042 3613 2099 converti
3645 2058 3765 2098 cer-

2105 2138 2328 2197 nerent,
2344 2136 2650 2189 dixerunt:
2680 2134 2753 2189 Ut
2774 2134 2914 2206 quid
2940 2133 3163 2189 solvitis
3185 2131 3410 2205 pullum
3427 2132 3454 2187 ‘I
3477 2129 3762 2197 Quoniam

2104 2223 2262 2278 omni
2295 2223 2488 2279 studio
2521 2223 2713 2278 conati
2747 2226 2914 2278 erant
2943 2239 3145 2278 eorum
3181 2220 3587 2294 praidicationc
3618 2219 3763 2277 resi-

2104 2317 2275 2378 stere,
2290 2312 2647 2368 suscitantes
2669 2328 2834 2384 rcges
2858 2315 2915 2367 et
2939 2316 3218 2384 tyrannos
3239 2311 3312 2367 ad
3333 2326 3533 2367 eorum
3562 2308 3765 2382 praedi-

2104 2402 2414 2466 cationem,
2443 2417 2516 2456 ne
2546 2417 2734 2472 genus
2776 2400 3109 2456 humanum
3140 2401 3212 2455 ab
3260 2415 3463 2455 eorum
3511 2397 3763 2454 vinculis

2104 2490 2443 2546 solveretur.
2478 2490 2589 2545 Sed
2622 2493 2932 2561 postquam
2967 2488 3237 2561 discipuli
3271 2487 3561 2555 dixerunt,
3588 2510 3615 2537 ‹‹
3650 2487 3764 2543 Do-

2107 2580 2306 2634 minus
2339 2578 2431 2634 his
2462 2595 2611 2651 opus
2642 2577 2883 2649 habet,»
2908 2578 3215 2634 confestim
3247 2577 3599 2632 dimiserunt
3621 2592 3719 2632 eos
3745 2593 3758 2632 :

2104 2668 2242 2741 quia
2272 2672 2584 2740 postquam
2616 2666 2755 2721 talia
2785 2667 2955 2739 signa
2976 2671 3032 2722 et
3054 2665 3357 2734 miracula,
3374 2665 3598 2721 scilicet
3627 2681 3761 2720 sus-
3829 2695 3833 2698 ν
3880 2678 3889 2687 ‘

2103 2758 2351 2812 citantes
2377 2759 2660 2823 mortuos,
2685 2760 2743 2811 et
2765 2756 2839 2811 ab
2872 2755 3131 2812 humano
3156 2770 3394 2827 corpore
3419 2753 3759 2809 immundos
3826 2754 3835 2765 '

2102 2845 2346 2918 spiritus
2376 2844 2748 2916 cxpellentes,
2773 2848 2830 2900 et
2859 2848 3065 2900 caetera
3095 2843 3466 2916 quamplura,
3487 2847 3552 2897 ut
3581 2859 3615 2897 a
3639 2840 3758 2897 Deo

2102 2938 2593 3007 cognoscerentur
2612 2950 2742 2990 esse
2760 2934 2952 3003 missi,
2968 2932 3150 2989 coacti
3174 2932 3552 3005 nolentesque
3572 2946 3760 3005 genus

2100 3024 2431 3078 humanum
2463 3022 2812 3094 relinquere.
2847 3022 3148 3078 Inﬁrmata
3195 3026 3285 3079 est
3328 3026 3527 3078 autem
3570 3020 3758 3076 virtus

2102 3111 2544 3179 daemoniorum,
2562 3127 2697 3166 mox
2716 3114 2780 3165 ut
2802 3111 2945 3166 fides
2962 3110 3178 3166 Christi
3209 3110 3399 3183 patuit
3427 3126 3532 3182 per
3550 3108 3757 3182 praedi-

336 3203 601 3274 illucque
633 3200 1015 3263 discurrebat,
1050 3198 1285 3271 gentilis
1333 3197 1584 3270 populus
1628 3197 1988 3270 designatur,
2022 3183 2064 3250 C
2104 3200 2391 3257 cationem
2423 3199 2843 3273 apostolorum,
2865 3199 2923 3254 in
2946 3202 3178 3254 tantum
3211 3203 3276 3254 ut
3307 3198 3543 3253 illorum
3574 3196 3761 3252 mani-

336 3293 443 3366 qui
470 3288 633 3346 nulla
653 3288 800 3361 legis
821 3289 1083 3345 doctrina
1105 3286 1476 3353 constrictus,
1492 3285 1652 3342 nulla
1672 3287 1772 3341 Dei
1797 3286 2000 3342 notitia

335 3384 691 3445 instructus,
712 3378 995 3444 incertus,
1018 3381 1076 3432 et
1106 3393 1330 3441 errans,
1366 3378 1496 3448 post
1526 3375 1682 3431 idola
1712 3393 1998 3431 manuum

337 3486 587 3525 suarum
617 3466 1005 3522 currebat.De
1036 3482 1152 3537 quo
1183 3465 1328 3520 bene
1355 3465 1523 3535 juxta
1554 3463 1732 3519 alium
1760 3482 2000 3538 evange-

337 3558 541 3613 listam
574 3554 827 3612 dicitur:
862 3578 889 3604 ‹‹
924 3555 1112 3627 Super
1137 3570 1310 3626 quem
1345 3553 1543 3609 nullus
1573 3553 1882 3609 hominum
1915 3571 2001 3610 se-

339 3648 448 3702 dit.
484 3669 511 3695 »
533 3644 677 3709 Quia
697 3661 875 3717 super
894 3644 1171 3717 gentilem
1204 3643 1485 3715 populum
1521 3642 1718 3699 nullus
1750 3643 2000 3717 prophe-

340 3741 563 3802 tarum,
596 3734 797 3789 nullus
830 3732 1503 3807 patriarcharum,suam
1527 3734 1998 3804 praadicationem

339 3832 399 3882 et
430 3823 824 3880 eruditionem
856 3822 1051 3878 adhuc
1084 3826 1435 3877 exercuerat.
1461 3821 1585 3876 Non
1617 3820 1807 3876 solum
1842 3822 1999 3877 enim

341 3916 515 3971 asina
545 3912 801 3985 alligata,
836 3911 938 3967 sed
970 3910 1149 3965 etiam
1192 3908 1391 3982 pullus
1437 3909 1682 3964 inveniri
1733 3910 1949 3965 dicitur
1983 3927 1995 3964 :

345 4003 489 4076 quia
519 4019 633 4057 non
657 4000 848 4057 solum
880 3999 1116 4073 gentilis
1147 3998 1535 4071 populus,sed
1567 3999 1743 4054 etiam
1775 3999 2000 4056 Judan-

346 4110 501 4157 rum,
528 4090 747 4164 peccati
773 4088 1022 4144 vinculis
1054 4092 1178 4143 erat
1208 4087 1505 4155 astrictus,
1524 4091 1671 4142 teste
1700 4088 1995 4160 Apostolo,

345 4182 447 4253 qui
483 4181 565 4235 ait
610 4181 671 4235 in
718 4177 978 4251 Epistola
1022 4178 1093 4232 ad
1126 4178 1418 4232 Romanos
1452 4193 1465 4229 :
1500 4196 1528 4225 «
1569 4177 1693 4231 Non
1725 4176 1880 4232 enim
1912 4182 2001 4234 est

345 4268 645 4326 distinctio
675 4267 861 4323 Judaei
885 4271 940 4323 et
959 4266 1161 4321 Greci.
1177 4266 1394 4321 Omnes
1416 4264 1571 4321 enim
1593 4271 1995 4337 peccaverunt,

342 4364 401 4415 et
432 4361 608 4433 egent
634 4357 820 4431 gloria
855 4356 948 4412 Dei
979 4356 1152 4428 (Rom.
1185 4355 1264 4427 Χ).
1298 4378 1325 4403 ››
1358 4355 1428 4410 Et
1456 4354 1669 4410 iterum
1696 4371 1707 4408 :
1738 4376 1766 4405 «
1797 4356 2002 4412 Tribu-

340 4449 488 4505 latio
520 4452 577 4503 et
606 4445 883 4519 angustia
907 4445 966 4500 in
998 4461 1233 4500 omnem
1273 4444 1529 4499 animam
1563 4443 1820 4500 hominis
1862 4461 1999 4519 ope-

2107 3291 2218 3346 bus
2251 3289 2407 3346 idola
2435 3289 2893 3356 destruerentur,
2919 3305 3168 3360 quorum
3202 3291 3443 3361 sumptu
3473 3290 3530 3342 et
3557 3286 3758 3342 labore

2107 3379 2339 3439 fuerant
2367 3378 2667 3433 aedificata.
2704 3378 2861 3434 Unde
2891 3382 2948 3433 et
2979 3394 3081 3450 per
3116 3378 3421 3434 obsessum
3455 3364 3759 3432 hominem

2107 3468 2354 3524 Domino
2386 3466 2658 3522 dixerunt
2691 3483 2703 3521 :
2739 3466 2887 3532 Quid
2913 3466 3082 3522 nobis
3113 3471 3169 3522 et
3199 3465 3327 3533 tibi,
3360 3464 3467 3521 Fili
3498 3464 3648 3520 Dei?
3676 3480 3764 3519 ve-

2110 3558 2245 3613 nisti
2279 3560 2412 3612 ante
2441 3559 2678 3628 tempus
2711 3559 2982 3627 torquere
3013 3572 3119 3611 nos
3150 3554 3331 3628 (Math.
3365 3553 3487 3626 VIII)
3507 3553 3535 3609 ?

2181 3671 2207 3696 ‹‹
2242 3650 2359 3702 Hoc
2392 3627 2589 3701 autem
2623 3648 2812 3700 totum
2863 3644 3082 3699 factum
3116 3648 3205 3701 est
3236 3627 3325 3699 ut‘
3348 3641 3770 3715 adimpleretur

2111 3759 2138 3786 ‹‹
2172 3737 2323 3809 quod
2358 3736 2581 3791 dictum
2614 3738 2704 3789 est
2735 3750 2839 3805 per
2872 3733 3216 3806 prophetam
3242 3730 3769 3789 dicentem:Dicite

2110 3849 2135 3874 «
2171 3825 2301 3880 ﬁlias
2333 3825 2472 3880 Sion
2507 3841 2519 3878 :
2555 3825 2696 3878 Ecce
2735 3839 2833 3877 rex
2862 3826 3006 3878 tuus
3036 3822 3192 3877 venit
3244 3821 3349 3878 tibi
3399 3823 3768 3887 mansuetus,

2110 3938 2135 3963 ‹‹
2172 3917 2228 3969 et
2259 3913 2468 3968 sedens
2490 3929 2669 3984 super
2690 3911 2916 3967 asinam
2940 3915 2996 3967 et
3016 3910 3244 3983 pullum
3273 3910 3463 3966 tilium
3486 3909 3773 3981 subjuga-

2110 4027 2136 4053 ‹‹
2168 4003 2263 4059 lis.
2290 4024 2316 4051 ››
2347 4000 2563 4057 Morem
2596 4018 2773 4056 suum
2806 4000 2862 4055 in
2895 4000 3002 4056 hoc
3032 3999 3158 4056 loco
3190 3999 3500 4056 Matthzeus
3519 4013 3759 4070 evange-

2107 4092 2245 4147 lista
2264 4095 2473 4147 servat.
2490 4090 2594 4154 Qui
2619 4090 2776 4145 enim
2800 4090 3055 4146 Hebreis
3075 4090 3312 4145 Hebrzeo
3337 4104 3602 4145 sermone
3620 4085 3758 4141 scri-
3802 4139 3811 4151 ,

2107 4182 2223 4254 psit
2251 4180 2629 4253 Evangelium
2655 4180 2992 4252 ubicunque
3013 4196 3074 4235 se
3093 4178 3205 4236 loci
3229 4176 3636 4250 opportunitas
3659 4176 3756 4231 de-

2108 4271 2214 4337 dit,
2246 4288 2412 4325 suam
2447 4269 2839 4324 narrationem
2878 4268 3023 4340 legis
3055 4271 3111 4323 et
3135 4267 3551 4339 prophetarum
3592 4262 3758 4319 testi-

2108 4358 2324 4414 moniis
2353 4356 2736 4413 confirmavit.
2780 4355 2943 4411 Unde
2986 4372 3121 4411 cum
3173 4354 3415 4409 dixisset
3444 4352 3761 4408 Dominum

2108 4447 2341 4503 misisse
2371 4445 2693 4517 discipulos
2717 4445 2788 4500 ad
2816 4443 3155 4501 solvendam
3178 4444 3407 4499 asinam
3430 4446 3487 4498 et
3508 4441 3761 4515 pullum,

344 4537 535 4593 rantis
567 4535 813 4601 malum,
844 4534 1031 4590 Judaei
1066 4533 1321 4607 primum
1353 4537 1410 4589 et
1440 4534 1619 4589 Graeci
1652 4535 1822 4606 (Rom.
1852 4539 1932 4604 ιι).
1967 4559 1995 4587 ›)
2029 4555 2076 4620 ι’)
2109 4537 2385 4593 continuo
2419 4534 2824 4591 testimonium
2856 4532 3149 4606 prophetae
3183 4532 3477 4599 adhibuit,
3510 4531 3715 4587 dicens
3748 4547 3762 4585 :

344 4628 416 4681 Et
446 4627 597 4681 bene
626 4624 790 4696 prius
820 4623 1040 4678 solvere
1072 4622 1364 4696 praecepit,
1384 4626 1441 4677 et
1464 4621 1573 4677 sibi
1596 4628 1799 4694 postea
1820 4625 1999 4680 addu-

343 4731 499 4781 cere,
535 4714 674 4785 quia
695 4711 836 4767 ordo
858 4727 1051 4767 rerum
1077 4710 1353 4784 poscebat
1373 4714 1433 4765 ut
1456 4710 1618 4782 prius
1639 4711 1906 4769 homines
1927 4715 1999 4770 ab

344 4801 715 4859 inﬁdelitatis
738 4800 984 4857 vinculis
1009 4800 1389 4865 solverentur,
1405 4803 1461 4854 et
1482 4804 1681 4872 postea
1702 4818 1805 4872 per
1826 4803 2000 4858 {idem

344 4892 462 4949 sibi
497 4894 1010 4962 praesentarentur.
1030 4887 1276 4945 Vincula
1302 4888 1460 4943 enim
1494 4893 1730 4960 peccata
1759 4895 1917 4957 sunt,
1941 4897 2008 4947 ut

343 4980 432 5034 ait
451 4979 729 5036 Salomon
750 4995 763 5032 :
782 5001 809 5027 ‹‹
834 4976 1152 5033 Funiculus
1171 4981 1543 5050 peccatorum
1563 4993 1803 5032 suorum
1831 4998 2008 5037 unus-

344 5070 605 5142 quisque
635 5066 1064 5139 constringitur
1114 5068 1291 5138 (Prov.
1326 5068 1403 5138 v).
1443 5088 1470 5115 »
1504 5066 1570 5119 Et
1621 5064 1720 5120 alii
1769 5069 2007 5139 quidem

343 5156 719 5232 evangelista:
746 5159 976 5212 tantum
1010 5153 1237 5226 pullum
1268 5158 1612 5226 posuerunt,
1647 5156 2007 5215 vocationem

342 5247 615 5321 gentium
635 5244 1006 5302 solummodo
1024 5243 1347 5316 exprimere
1364 5242 2010 5315 cupientes.Matthaeus

340 5342 546 5393 autem
578 5338 899 5407 utrumque
938 5331 1159 5389 animal
1208 5331 1426 5404 posuit,
1460 5332 1689 5388 asinam
1745 5332 2013 5393 videlicet

344 5431 407 5483 et
440 5423 777 5498 pullum,ut
796 5422 1156 5496 signiﬁcaret
1178 5437 1247 5476 ex
1275 5423 1522 5493 utroque
1544 5421 1759 5493 populo
1784 5422 2013 5496 aliquos

344 5514 408 5571 in
442 5512 676 5568 Christo
708 5527 839 5567 esse
888 5509 1236 5573 credituros.
1271 5508 1449 5574 Quasi
1498 5508 1653 5563 enim
1687 5510 1757 5564 ad
1790 5509 2013 5568 solven-

342 5602 488 5663 dam
514 5602 746 5670 asinam
777 5598 1074 5677 apostolos
1106 5598 1291 5669 misit,
1317 5596 1553 5675 quando
1578 5598 1911 5674 specialiter
1940 5602 2012 5661 ad

2110 4651 2137 4678 ‹‹
2164 4626 2345 4682 Dicite
2368 4623 2498 4679 ﬁliae
2523 4623 2662 4679 Sion
2691 4640 2703 4677 :
2729 4623 2872 4679 Ecce
2895 4638 2993 4678 rex
3017 4624 3156 4677 tuus
3178 4620 3355 4689 venit,
3376 4645 3402 4672 »
3427 4625 3536 4677 etc.
3567 4619 3769 4689 (Zach.

2112 4717 2212 4788 Ix.)
2236 4715 2354 4771 Hoc
2375 4711 2783 4770 testimonium
2807 4712 2863 4766 in
2890 4711 3168 4767 Zacharia
3191 4711 3474 4783 propheta
3494 4708 3766 4781 est,quod

2114 4823 2228 4861 non
2261 4803 2454 4860 solum
2482 4800 2795 4874 impletum
2825 4804 2934 4871 est,
2966 4801 3103 4872 quia
3128 4798 3468 4873 praedictum
3489 4803 3633 4864 erat,
3666 4798 3768 4853 sed

2115 4895 2292 4950 etiam
2316 4897 2486 4948 antea
2508 4889 2846 4963 praedictum
2868 4895 2975 4955 est,
2992 4889 3132 4961 quia
3152 4888 3517 4962 implendum
3537 4890 3679 4942 erat.
3695 4882 3770 4941 U’t

2117 4988 2311 5039 autem
2328 4997 2560 5037 omnem
2580 4978 3013 5034 excusationem
3030 4978 3370 5052 ignorantiae
3389 4995 3423 5033 a
3436 4975 3656 5033 Judmis
3673 4992 3772 5032 au-

2119 5073 2463 5137 ferret,cum
2494 5065 2728 5122 Domini
2760 5066 3073 5123 adventum
3105 5068 3442 5141 praediceret
3463 5064 3769 5139 propheta,

2119 5162 2307 5234 ipsam
2336 5157 2676 5231 qualitatem
2715 5156 2942 5212 Domini
2976 5156 3336 5213 advenientis
3368 5155 3640 5223 ostendit,
3675 5153 3770 5209 di-

2122 5268 2259 5305 cens
2284 5267 2296 5305 :
2321 5271 2347 5299 ‹‹
2372 5244 2552 5301 Dicite
2575 5242 2705 5299 filiae
2726 5243 2930 5310 Sion,»
2955 5250 3062 5302 etc.
3087 5245 3473 5302 Historialiter
3492 5249 3687 5302 autem
3712 5244 3773 5299 ﬁ-

2121 5338 2261 5392 liam
2272 5336 2407 5391 Sion
2420 5331 2745 5390 Jerusalem
2758 5333 3037 5404 appellat,
3051 5334 3111 5389 in
3125 5335 3294 5406 cujus
3306 5332 3633 5391 sublimiori
3647 5332 3772 5390 loco

2125 5425 2261 5481 Sion
2285 5424 2476 5496 posita
2500 5425 2642 5489 erat,
2665 5439 2779 5477 non
2803 5420 2995 5477 solum
3024 5422 3095 5478 ad
3118 5424 3547 5480 defendendum
3570 5422 3772 5491 tutior,

2126 5515 2225 5570 sed
2252 5513 2429 5568 etiam
2452 5513 2525 5568 ad
2546 5508 3063 5583 contemplandum
3086 5512 3397 5569 sublimior
3415 5512 3600 5569 locus.
3623 5514 3702 5566 Ac
3723 5510 3774 5564 si
3822 5574 3827 5581 ,

2126 5603 2346 5665 diceret
2373 5601 2656 5680 propheta
2686 5617 2700 5659 :
2736 5599 2779 5659 Ο
2810 5593 2911 5659 vos
2941 5600 3149 5675 Judaei,
3183 5618 3331 5680 quos
3366 5600 3460 5660 ille
3489 5601 3773 5660 adventus
