4018 6180
298 322 400 423 ’15
885 354 1292 417 HAYMONIS
1339 352 1884 415 HALBERSTAT.
1930 350 2173 411 EPISC.
2219 348 2393 409 opp.
2439 347 2639 408 rans
2684 347 2863 407 n.—
2895 344 3164 408 HOMIL.
3470 372 3473 375 -
3655 347 3734 406 is

322 488 557 546 Domini
590 488 648 543 in
680 502 854 557 carne
886 487 1230 543 inventurus
1260 490 1369 553 est,
1403 486 1497 542 his
1545 484 1729 558 signis
1772 498 1967 556 regem
1995 482 2050 551 Α
2081 485 2337 537 mentem
2370 478 2727 549 inhabitans,
2754 479 2824 535 ad
2856 477 3139 535 visionem
3170 477 3386 533 intima:
3418 474 3580 550 pacis
3600 491 3734 535 eam

320 584 582 636 vestrum
615 576 947 651 cognoscite
972 594 984 632 :
1009 577 1153 632 Cum
1185 576 1448 632 videritis
1478 592 1610 631 eum
1642 573 1968 630 venientem

323 671 722 735 mansuetum,
754 684 871 723 non
902 667 1359 739 superbum,sed
1391 664 1673 720 humilem
1700 682 1712 719 :
1738 680 1853 719 non
1886 679 1973 719 ar-

322 773 555 812 morum
569 755 879 828 splendore
891 755 1233 821 terribilem,
1249 759 1312 811 ut
1325 755 1619 826 quondam
1634 753 1703 808 ad
1718 756 1970 808 vestram

320 838 777 901 destructionem
808 843 1346 901 Nabuchodonosor
1375 848 1431 899 et
1459 841 1779 897 Antiochus
1808 856 1973 898 vene-

321 937 477 1001 runt,
511 933 612 989 sed
642 934 715 988 ad
745 934 1233 989 restaurationem
1267 950 1280 988 :
1317 949 1432 988 non
1464 932 1762 988 sedentem
1796 946 1973 1002 super

319 1038 634 1097 spumeum
664 1039 882 1095 equum
914 1022 1215 1079 discordiae
1247 1027 1588 1093 amatorem,
1617 1020 1717 1093 qui
1750 1018 1974 1092 ungula

320 1115 535 1168 terram
568 1110 769 1178 fodiat,
784 1116 840 1167 et
866 1110 1068 1183 procul
1101 1110 1376 1166 odoretur
1404 1108 1761 1178 bellum,sed
1795 1123 1972 1180 super

321 1200 547 1257 asinam
561 1199 721 1272 pacis
734 1199 1004 1271 amicam,
1018 1198 1104 1256 vel
1122 1216 1297 1272 super
1313 1199 1541 1273 pullum
1557 1198 1744 1253 ﬁlium
1758 1198 1933 1252 asinae
1954 1214 1967 1252 :

320 1306 436 1346 non
469 1293 532 1344 ut
562 1288 786 1363 auferat
817 1306 850 1344 a
882 1293 933 1344 te
966 1287 1284 1361 temporale
1308 1304 1555 1361 regnum
1586 1289 1761 1359 atque
1793 1290 1969 1341 terre-

319 1392 484 1447 num,
517 1377 617 1433 sed
671 1376 975 1432 conferens
1005 1376 1132 1445 tibi,
1171 1375 1219 1431 si
1269 1374 1606 1443 credideris,
1654 1373 1884 1430 cmleste
1914 1378 1973 1429 et

317 1465 741 1537 sempiternum
777 1481 790 1520 :
824 1480 940 1520 non
976 1464 1247 1519 ut'ducat
1278 1468 1333 1518 te
1379 1460 1439 1517 in
1472 1467 1689 1519 terram
1721 1461 1969 1518 alienam

317 1554 596 1622 vinctum,
623 1553 723 1609 sed
756 1557 823 1607 ut
852 1551 1127 1607 restituat
1153 1551 1214 1606 in
1248 1552 1481 1624 propria
1512 1551 1783 1608 liberum.
1809 1550 1970 1615 Quod

317 1646 512 1699 autem
546 1642 644 1709 ait,
679 1665 707 1690 «
742 1644 898 1708 tuus,
937 1661 965 1688 »
998 1638 1116 1694 tale
1162 1642 1253 1695 est
1295 1656 1359 1694 ac
1409 1640 1458 1694 si
1491 1639 1709 1695 diceret
1742 1656 1753 1694 :
1787 1640 1968 1708 Tuus,

316 1732 582 1804 inquam,
614 1747 729 1786 non
764 1727 1014 1795 alienus,
1039 1744 1155 1784 non
1186 1732 1517 1796 extraneus,
1553 1727 1968 1808 sedproprius,

316 1838 386 1877 ex
411 1825 469 1877 te
500 1823 693 1887 natus,
727 1822 784 1875 et
814 1818 871 1873 in
903 1822 958 1873 te
1008 1817 1289 1887 nutritus,
1323 1821 1380 1873 et
1421 1819 1495 1873 ad
1524 1822 1686 1873 tuam
1720 1819 1969 1873 salutem

314 1907 745 1975 ven1ens.Quod
777 1923 910 1963 vero
943 1905 1342 1979 Subjungitur,
1372 1932 1397 1956 ‹‹
1430 1910 1795 1972 mansuetus,
1824 1929 1850 1956 ››
1875 1923 1969 1962 os-

315 1997 505 2053 tendit
534 2013 703 2053 suam
734 1996 1248 2053 mansuetudinem
1281 2012 1397 2051 non
1430 1995 1620 2051 solum
1666 1995 1723 2050 in
1754 1994 1968 2066 verbis,

317 2085 420 2142 sed
441 2085 619 2142 etiam
644 2086 704 2141 in
726 2084 1022 2158 subjugali
1046 2084 1325 2141 sessione.
1345 2084 1694 2158 Spiritaliter
1715 2100 1970 2156 namque

318 2174 481 2244 Sion,
502 2191 628 2247 quae
657 2175 951 2247 spcculatio
983 2174 1421 2247 interpretatur,
1440 2172 1755 2229 Ecclesiam
1787 2172 1968 2246 signi-

318 2263 619 2337 ﬁcatque
653 2264 872 2320 mundo
904 2263 1073 2319 corde
1096 2263 1354 2335 quotidie
1383 2261 1813 2335 contemplatur
1833 2279 1967 2318 eum

319 2353 419 2426 qui
441 2354 617 2409 dixit:
639 2377 667 2404 «
690 2355 807 2427 Ego
830 2352 1182 2426 principium
1206 2352 1306 2424 qui
1328 2356 1385 2408 et
1404 2351 1613 2424 loquor
1639 2351 1804 2407 vobis
1828 2370 1885 2421 ››;
1911 2355 1969 2406 et

317 2444 531 2499 iterum
547 2441 738 2515 :‘rcEgo
751 2457 883 2498 sum
897 2441 995 2497 lux
1012 2441 1217 2496 mundi
1241 2442 1415 2513 (Joan.
1430 2439 1571 2513 VIII).
1596 2463 1624 2491 »
1647 2472 1714 2481 —
1740 2439 1969 2496 «Dicite

318 2549 454 2606 ergo
476 2532 606 2587 ﬁlia:
628 2532 793 2600 Sion,
818 2554 840 2583 ι
870 2530 927 2585 id
949 2536 1037 2586 est
1059 2530 1327 2586 Ecclesiae
1352 2547 1365 2586 :
1391 2553 1418 2580 «
1444 2530 1587 2585 Ecce
1605 2547 1702 2585 rex
1721 2534 1860 2586 tuus
1879 2545 1970 2585 ve-

318 2622 406 2676 nit
428 2622 638 2677 sedens
660 2632 838 2693 Super
861 2619 1088 2675 asinam
1112 2623 1167 2674 et
1189 2618 1438 2690 pullum,
1462 2642 1488 2669 »
1522 2618 1581 2674 id
1613 2622 1702 2673 est
1728 2635 1841 2673 non
1867 2635 1966 2673 su-

314 2712 651 2783 perborum,
669 2709 770 2765 sed
800 2707 1116 2764 humilium
1149 2713 1375 2764 mentes
1393 2707 1750 2775 inhabitans,
1766 2713 1830 2761 ut
1850 2707 1966 2762 dis-

314 2800 577 2856 casabeo
589 2798 688 2873 qui
704 2798 864 2853 mitis
876 2796 1285 2853 estethumilis
1297 2798 1469 2853 corde
1486 2813 1498 2853 :
1516 2796 1653 2869 quia
1666 2795 1767 2869 qui
1786 2796 1967 2867 hujus

314 2888 468 2962 regis
519 2886 681 2961 regni
729 2887 1020 2960 particeps
1059 2903 1187 2943 esse
1239 2886 1552 2953 desiderat,
1587 2902 1823 2941 necesse
1855 2888 1962 2953 est,

316 2982 381 3032 ut
400 2976 643 3032 humilis
666 2976 742 3033 sit
756 2980 813 3032 et
833 2979 1324 3047 mansuetus,non
1347 2975 1594 3031 reddens
1618 2973 1841 3030 malum
1862 2991 1965 3047 pro

315 3065 491 3136 malo,
526 3081 630 3122 nec
662 3064 1039 3121 maledictum
1074 3082 1176 3138 pro
1216 3065 1544 3134 maledicto,
1579 3068 1644 3120 ut
1671 3064 1730 3120 in
1760 3081 1963 3120 eorum

317 3171 561 3212 numero
583 3153 907 3228 computari
931 3155 1137 3227 possit,
1153 3155 1223 3209 de
1246 3154 1464 3226 quibus
1487 3153 1735 3210 dicitur:
1758 3176 1786 3204 α
1808 3155 1965 3210 Man-

2082 571 2356 640 ardenter
2387 569 2661 625 festinare
2692 568 2878 645 docet.
2909 567 3069 632 Quod
3100 567 3247 625 bene
3277 567 3335 623 in
3369 584 3537 623 sacra
3565 584 3736 625 vera-

2080 658 2251 731 cique
2283 657 2529 714 historia
2559 644 2827 732 signatur
2851 657 3049 728 (Judic.
3079 658 3140 730 1),
3165 674 3300 712 cum
3330 655 3605 729 Achsam,
3630 644 3743 719 Ca-

2078 747 2174 804 leb
2206 746 2344 816 ﬁlia,
2380 765 2558 820 super
2586 745 2813 803 asinam
2844 746 3074 815 sedens,
3108 744 3440 818 suspirasse
3470 745 3684 819 legitur
3720 763 3735 801 :

2082 837 2247 910 quasi
2271 836 2427 893 enim
2447 836 2699 892 Achsam
2724 835 2894 892 Caleb
2918 835 3039 892 ﬁlia
3059 836 3290 892 asinam
3313 834 3523 892 sedens
3544 835 3742 909 suspi-

2081 930 2191 994 rat,
2226 924 2460 998 quando
2510 943 2678 981 mens
2722 924 3008 999 simplicis
3052 924 3162 981 viri
3193 942 3296 998 pro
3329 923 3580 981 cmlestis
3608 923 3743 981 vitm

2080 1014 2369 1071 desiderio
2404 1014 2758 1088 ingemiscit.
2791 1013 3023 1071 Domini
3046 1014 3379 1085 jussionem
3412 1012 3747 1070 obedientia

2080 1108 2281 1161 secuta
2308 1109 2395 1160 est
2426 1103 2846 1177 apostolorum.
2882 1103 3045 1162 Unde
3079 1107 3135 1160 et
3164 1103 3440 1160 subditur
3471 1120 3484 1157 :

2152 1218 2178 1242 ‹‹
2214 1194 2430 1249 Euntes
2460 1196 2656 1249 autem
2680 1192 2974 1266 discipuli,
2996 1192 3258 1249 fecerunt
3277 1192 3431 1247 sicut
3461 1192 3738 1265 praecepit

2082 1306 2109 1331 ‹‹
2144 1282 2229 1339 eis
2258 1283 2433 1339 Jesus
2462 1287 2517 1339 et
2546 1282 2913 1339 adduxerunt
2944 1281 3170 1349 asinam
3195 1286 3250 1337 et
3273 1281 3521 1355 pullum.
3546 1305 3575 1332 ››
3598 1281 3734 1338 Jam

2081 1371 2353 1445 superius
2382 1389 2486 1445 per
2515 1372 2741 1427 asinam
2772 1375 2827 1428 et
2858 1370 3084 1444 pullum
3106 1376 3425 1443 utrumque
3446 1370 3735 1444 populum

2083 1461 2337 1517 diximus
2370 1461 2631 1534 ﬁgurari,
2678 1460 3013 1516 Judieorum
3066 1456 3291 1516 scilicet
3336 1464 3391 1516 et
3439 1460 3734 1533 gentium.

2081 1550 2257 1614 Quasi
2278 1567 2412 1624 ergo
2430 1549 2593 1607 missi
2611 1550 2755 1605 disci
2765 1550 2886 1622 puli
2909 1550 3135 1607 asinam
3159 1550 3739 1623 adduxerunt,quan-

2083 1641 2154 1696 do
2188 1638 2503 1696 nonnullos
2553 1657 2620 1694 ex
2651 1640 2958 1713 Synagoga
2987 1639 3058 1695 ad
3089 1639 3265 1695 ﬁdem
3300 1637 3510 1696 Christi
3543 1639 3739 1695 venire

2082 1729 2362 1797 fecerunt,
2383 1727 2533 1786 sicut
2558 1729 2615 1784 in
2637 1729 2879 1785 Actibus
2901 1727 3301 1802 apostolorum
3322 1726 3743 1802 1egimus,quia

2082 1817 2432 1890 praedicante
2464 1818 2652 1890 Petro,
2686 1835 2805 1874 una
2837 1818 2929 1873 die
2978 1816 3352 1874 crediderunt
3388 1816 3503 1873 tria
3532 1815 3739 1881 millia,

2081 1911 2139 1963 et
2169 1907 2351 1963 altera
2380 1907 2473 1963 die
2502 1906 2875 1963 crediderunt
2899 1905 3158 1979 quinque
3189 1904 3377 1963 millia
3403 1904 3739 1977 hominum,

2081 1986 2138 2051 et
2167 1996 2355 2052 multa
2384 1997 2556 2053 turba
2587 1996 2958 2053 sacerdotum
2991 1995 3340 2051 obediebant
3371 1994 3526 2051 fidei.
3559 1984 3736 2062 Quasi

2078 2101 2211 2140 vero
2242 2086 2611 2141 adduxerunt
2641 2089 2697 2142 et
2726 2084 3228 2158 pullum,quando
3250 2083 3368 2141 illis
3390 2083 3645 2143 maxima
3664 2101 3734 2142 ex

2079 2179 2243 2247 parte
2272 2193 2386 2231 non
2418 2174 2815 2241 credentibus,
2840 2172 3079 2247 profecti
3108 2174 3569 2246 praedicaverunt
3600 2174 3730 2230 ubi-

2079 2280 2215 2336 que,
2247 2264 2493 2320 Domino
2526 2267 2873 2337 cooperante
2903 2267 2960 2319 et
2990 2279 3321 2321 sermonem
3347 2263 3730 2320 conﬁrmante

2077 2353 2460 2425 sequentibus
2491 2353 2695 2427 signis.
2729 2352 2840 2408 Sed
2874 2351 3013 2424 quia
3042 2352 3182 2408 ordo
3213 2351 3492 2410 orationis
3542 2353 3730 2426 poscit

2078 2445 2141 2497 ut
2170 2440 2334 2515 prius
2366 2443 2693 2499 instruatur
2722 2440 2896 2498 homo
2927 2441 2985 2497 in
3017 2442 3151 2511 ﬁde,
3185 2458 3250 2497 ac
3300 2441 3507 2498 deinde
3538 2441 3724 2499 Deum

2077 2548 2365 2587 sessorem
2400 2532 2614 2588 habere
2643 2530 2848 2604 possit,
2884 2536 3036 2587 recte
3068 2530 3449 2604 subjungitur
3483 2548 3497 2588 :

2150 2641 2179 2672 ι(
2209 2620 2278 2675 Et
2307 2620 2717 2693 imposuerunt
2746 2636 2923 2693 super
2950 2637 3084 2676 eum
3134 2620 3480 2677 vestimenta
3509 2637 3638 2690 sua,
3670 2625 3727 2678 et

2078 2731 2106 2759 ‹‹
2138 2726 2273 2764 eum
2306 2710 2555 2782 desuper
2585 2710 2785 2766 sedere
2818 2709 3098 2766 fecerunt.
3132 2732 3159 2761 »
3192 2708 3554 2766 Vestimenta
3583 2727 3727 2784 apo-

2076 2787 2359 2854 stolorum
2388 2814 2593 2854 eorum
2624 2797 2949 2854 doctrinam
2996 2796 3347 2871 signiﬁcant.
3381 2798 3555 2862 Quasi
3588 2815 3725 2873 ergo

2075 2900 2253 2958 super
2283 2883 2510 2941 asinam
2543 2890 2600 2942 et
2647 2883 2875 2958 pullum
2904 2884 3251 2941 vestimenta
3279 2902 3388 2941 sua
3423 2884 3727 2957 imposue-

2075 2979 2232 3042 runt,
2248 2978 2312 3029 ut
2341 2974 2514 3031 Jesus
2548 2973 2786 3030 mollius
2806 2973 3053 3049 sederet,
3074 2975 3308 3046 quando
3332 2990 3439 3030 sua
3458 2975 3728 3032 doctrina

2074 3065 2249 3120 corda
2277 3063 2582 3120 hominum
2608 3064 3030 3127 instruxerunt,
3048 3067 3115 3118 ut
3134 3067 3313 3119 Deum
3334 3062 3723 3120 habitatorem

2073 3153 2290 3209 habere
2319 3157 2575 3226 possent.
2614 3152 2903 3216 Quzeritur
2942 3156 3139 3209 autem
3186 3153 3479 3224 quomodo
3512 3152 3570 3208 in
3601 3157 3724 3209 tam

316 3246 467 3302 sueti
495 3243 921 3301 haareditabunt
949 3249 1259 3310 terram,et
1279 3241 1770 3298 inhabitabuntin
1790 3260 1966 3299 szecu-
1995 3233 2037 3298 Ο
2075 3241 2232 3297 brevi
2266 3242 2455 3315 spatio
2475 3242 2702 3298 itineris
2727 3258 2904 3314 super
2926 3247 3240 3314 utrumque
3260 3239 3480 3298 animal
3503 3241 3726 3300 sedisse

317 3335 440 3391 lum
472 3334 669 3390 saeculi
700 3350 876 3403 super
905 3349 1032 3386 eam
1081 3333 1249 3402 (Psat.
1290 3331 1502 3402 xxxvr).
1540 3353 1566 3379 »
1598 3332 1669 3386 Et
1698 3330 1911 3386 iterum
1948 3348 1961 3386 :

322 3443 351 3474 «
380 3421 538 3478 Beati
589 3422 782 3487 mites,
833 3420 1111 3491 quoniam
1162 3419 1275 3491 ipsi
1322 3419 1708 3491 possidebunt
1748 3424 1965 3475 terram

319 3510 524 3580 (Matth.
558 3509 632 3581 v).
669 3532 697 3560 ››
730 3509 1072 3565 Mansuetus
1103 3513 1299 3564 autem
1333 3526 1452 3576 rex,
1476 3512 1813 3565 mansuetos
1843 3508 1967 3564 vult

317 3598 531 3655 habere
552 3597 838 3666 subditos,
855 3598 1009 3652 sicut
1027 3596 1151 3670 ipse
1174 3596 1346 3652 dicit:
1373 3621 1401 3648 «
1424 3596 1638 3654 Discite
1657 3614 1691 3653 a
1713 3614 1805 3653 me
1827 3598 1965 3670 quia

318 3688 480 3745 mitis
508 3704 642 3743 sum
676 3692 733 3743 et
764 3686 1007 3741 humilis
1037 3687 1229 3752 corde,
1264 3690 1320 3742 et
1351 3685 1658 3743 invenietis
1701 3687 1962 3759 requiem

315 3776 626 3834 animabus
656 3776 862 3833 vestris
888 3775 1091 3848 (Matth.
1124 3776 1224 3848 x1).
1252 3798 1279 3825 ››
1301 3777 1519 3832 Asinus
1548 3776 1704 3832 enim
1734 3776 1794 3832 in
1818 3776 1961 3833 Scri-

212 3858 218 3875 ⁵
311 3865 502 3939 pturis
555 3878 660 3920 nec
708 3880 940 3938 semper
986 3863 1045 3919 in
1093 3864 1267 3931 malo,
1313 3881 1417 3921 nec
1460 3882 1691 3937 semper
1719 3864 1777 3920 in
1810 3865 1962 3923 bono

310 3955 568 4028 ponitur,
601 3954 701 4012 sed
733 3952 1050 4025 aliquando
1099 3953 1397 4010 asinorum
1432 3954 1690 4022 nomine,
1721 3954 1961 4011 fatuitas

310 4043 622 4101 stultorum
656 4042 1043 4115 signiﬁcatur,
1062 4042 1377 4115 aliquando
1404 4041 1826 4098 luxuriantium
1861 4060 1958 4115 pe-

308 4131 582 4202 tulantia,
615 4130 930 4204 aliquando
975 4130 1321 4203 simplicitas
1351 4130 1457 4185 viri
1497 4130 1665 4201 justi.
1703 4131 1959 4188 Fatuitas

287 4219 645 4289 stultorum,
671 4222 824 4278 sicut
868 4220 1152 4292 scriptum
1203 4225 1291 4275 est
1337 4221 1512 4290 (Deut.
1544 4224 1685 4290 xxn)
1722 4238 1733 4274 :
1770 4245 1795 4271 «
1833 4222 1956 4277 Non

306 4314 500 4371 arabis
531 4314 591 4370 in
623 4314 765 4369 bove
801 4310 977 4369 simul
1009 4315 1064 4366 et
1094 4309 1279 4378 asino,
1317 4335 1342 4359 ››
1378 4310 1434 4365 id
1461 4316 1552 4366 est
1582 4310 1830 4366 stultum
1864 4329 1957 4368 sa-

305 4402 486 4476 pienti
536 4403 597 4458 in
653 4400 1061 4475 praedicatione
1111 4417 1225 4455 non
1270 4399 1475 4456 socics.
1511 4399 1955 4457 Luxuriantium

307 4491 651 4565 petulantia,
699 4492 850 4547 sicut
906 4507 1009 4562 pcr
1060 4488 1404 4561 prophetam
1465 4488 1682 4543 dicitur
1731 4490 1952 4561 (Ezech.

306 4586 467 4648 xxm)
496 4596 508 4633 :
544 4602 569 4628 ‹‹
604 4580 864 4643 Quorum
896 4594 1102 4634 carnes
1134 4583 1275 4634 sunt
1302 4581 1366 4632 ut
1395 4592 1598 4632 carnes
1629 4577 1952 4646 asinorum,
1984 4603 2031 4669 D

276 4673 362 4726 et
391 4668 583 4724 ﬁux'us
613 4678 814 4723 eorum
847 4672 909 4722 ut
958 4667 1148 4723 ﬂuxus
1198 4683 1504 4739 equorum.
1533 4688 1561 4716 »
1597 4665 1954 4739 Simplicitas

305 4757 410 4813 viri
445 4756 789 4824 innocentis,
811 4756 961 4813 sicut
989 4773 1092 4829 per
1122 4756 1332 4812 Isaiam
1365 4754 1709 4828 prophetam
1742 4757 1956 4813 dicitur

303 4849 437 4920 ([sa.
483 4849 661 4907 xxxn)
696 4863 709 4900 :
744 4872 770 4896 ‹‹
808 4846 965 4902 Beati
1017 4846 1142 4918 qui'
1169 4845 1476 4901 seminatis
1529 4861 1704 4916 super
1750 4862 1954 4901 omnes

304 4954 511 5009 aquas,
542 4934 921 4990 immittentes
952 4935 1156 5006 pedem
1190 4934 1353 4991 bovis
1382 4939 1440 4991 et
1471 4933 1641 4990 asini.
1670 4957 1697 4983 ››
1719 4935 1867 5007 Ergo
1894 4933 1953 4990 in

302 5027 413 5082 hoc
434 5025 559 5080 loco
593 5023 759 5079 asina
785 5022 871 5076 vel
906 5023 1124 5093 pullus,
1142 5025 1242 5096 qui
1265 5025 1335 5080 ad
1360 5024 1683 5081 sedendum
1707 5022 1952 5080 Domino

303 5114 696 5180 adducuntur,
731 5110 1058 5183 simplicem
1088 5112 1175 5165 vel
1210 5113 1576 5169 innocentem
1621 5113 1954 5187 signiﬁcant

302 5201 876 5261 animam.Dominus
897 5199 1053 5255 enim
1081 5216 1256 5271 super
1277 5204 1501 5258 asinam
1525 5204 1949 5275 sedet,quando

302 5291 630 5365 simplicem
652 5293 907 5346 mentem
923 5288 1389 5355 inhabitat,sicut
1405 5293 1476 5348 ab
1498 5310 1563 5348 eo
1591 5310 1692 5365 per
1707 5293 1952 5365 prophe-

299 5384 422 5437 tam
441 5380 654 5437 dicitur
672 5398 685 5436 :
709 5404 736 5430 ‹‹
754 5379 942 5452 Super
957 5393 1129 5450 quem
1150 5377 1470 5449 requiescet
1488 5381 1740 5453 Spiritus
1758 5398 1945 5450 meus,

303 5470 416 5527 nisi
444 5488 624 5544 super
650 5468 936 5525 humilem
970 5472 1026 5523 et
1056 5466 1341 5540 quietum,
1364 5470 1421 5520 ct
1450 5471 1791 5528 trementem
1825 5489 1945 5528 ser-

222 5581 237 5594 ·
304 5576 508 5616 mones
540 5559 806 5615 meos?»
840 5558 965 5633 (Isa.
1012 5556 1181 5630 LXVI.)
1235 5554 1410 5621 Quasi
1457 5554 1612 5611 enim
1662 5561 1945 5619 Dominus

302 5647 550 5730 asellum
580 5648 789 5708 sedens
817 5645 1144 5708 Jerusalem
1177 5644 1383 5718 tendit,
1432 5659 1564 5701 cum
1618 5646 1941 5722 simplicem

2074 3330 2321 3387 dicitur:
2359 3330 2408 3387 si
2440 3331 2594 3388 enim
2628 3347 2805 3403 super
2833 3331 3059 3387 asinam
3091 3331 3259 3397 sedit,
3274 3329 3473 3404 pullus
3502 3332 3726 3405 absque

2074 3436 2303 3476 sessore
2350 3419 2461 3476 fuit
2496 3438 2508 3477 :
2542 3420 2593 3476 si
2641 3425 2837 3477 autem
2883 3437 3060 3493 super
3102 3420 3329 3493 pullum
3380 3422 3557 3493 (quod
3590 3421 3724 3494 plus

2074 3509 2370 3583 competit)
2394 3510 2562 3577 sedit,
2578 3510 2746 3566 asina
2774 3528 2808 3566 a
2839 3527 3067 3566 sessore
3098 3509 3282 3566 libera
3302 3510 3539 3566 mansit.
3559 3498 3723 3577 Quod

2074 3599 2198 3655 ﬁeri
2230 3603 2442 3672 potest,
2476 3603 2542 3654 ut
2572 3599 2735 3672 prius
2766 3615 2943 3671 super
2989 3598 3216 3656 asinam
3247 3598 3480 3667 sederit,
3514 3598 3725 3656 deinde

2072 3687 2491 3762 Hierosolymis
2523 3689 3024 3761 appropinquans,
3057 3688 3249 3744 turbis
3290 3688 3404 3744 sibi
3436 3686 3723 3746 obvianti-

2072 3777 2387 3851 bus,super
2399 3777 2647 3834 asellum
2669 3778 2868 3834 sedere
2882 3777 3724 3844 voluerit,sicutdicitJoannes

2071 3865 2429 3939 evangelista
2453 3884 2465 3921 :
2493 3890 2520 3916 «
2554 3866 3053 3940 Appropinquans
3081 3866 3256 3922 Jesus
3286 3858 3721 3939 Hierosolymis,

2071 3955 2291 4011 invenit
2319 3954 2566 4012 asellum
2599 3961 2656 4011 et
2681 3954 2833 4011 sedit
2853 3972 3032 4028 super
3060 3972 3218 4011 eum.
3236 3977 3264 4003 ››
3288 3955 3396 4010 Sed
3412 3956 3581 4026 juxta
3600 3955 3721 4026 spi-

2070 4044 2341 4100 ritualem
2394 4043 2841 4118 intelligentiam
2886 4046 2974 4116 (ut
3021 4061 3201 4117 supra
3244 4043 3519 4116 diximus)
3565 4049 3725 4116 patet

2069 4150 2277 4190 sensus
2300 4134 2439 4205 quia
2459 4150 2636 4206 super
2660 4137 2978 4204 utrumque
3001 4132 3216 4189 animal
3242 4132 3464 4189 sedisse
3487 4131 3720 4200 dicitur,

2069 4221 2345 4295 quoniam
2376 4240 2443 4278 ex
2474 4227 2723 4294 utroque
2749 4219 2961 4294 populo
2994 4220 3309 4278 nonnullos
3339 4221 3412 4277 ad
3446 4238 3613 4277 suam
3650 4221 3722 4275 ﬁ-

2068 4313 2201 4367 dem
2232 4312 2473 4367 vocavit.

2141 4423 2162 4450 α
2186 4399 2448 4456 Plurima
2468 4403 2664 4455 autem
2684 4400 2858 4455 turba
2888 4403 3218 4456 straverunt
3241 4398 3590 4456 vestimenta
3610 4416 3719 4455 sua

2066 4514 2092 4540 ‹‹
2128 4490 2186 4545 in
2218 4489 2326 4545 via.
2362 4488 2468 4544 Alii
2506 4494 2701 4544 autem
2732 4489 3031 4545 caedebant
3062 4506 3255 4545 ramos
3287 4489 3357 4544 de
3382 4488 3716 4556 arboribus,

2065 4603 2092 4629 ‹‹
2125 4582 2182 4635 et
2212 4577 2550 4634 sternebant
2582 4577 2639 4633 in
2672 4577 2784 4634 via.
2808 4579 3017 4635 Turbae
3041 4584 3236 4634 autem
3270 4595 3397 4650 qua
3428 4578 3718 4650 praecede-

2064 4692 2091 4719 ‹‹
2127 4669 2270 4723 bant
2315 4673 2372 4723 et
2409 4684 2536 4740 quae
2564 4668 2980 4739 sequebantur,
3016 4666 3371 4735 clamabant,
3407 4665 3667 4722 dicentes
3701 4683 3715 4721 :

2065 4779 2091 4807 ‹‹
2127 4756 2402 4812 Hosanna
2450 4756 2569 4813 ﬁlio
2600 4756 2802 4824 David,
2835 4756 3177 4812 benedictus
3204 4758 3304 4829 qui
3333 4755 3492 4811 venit
3523 4756 3581 4809 in
3611 4772 3721 4809 no-

2065 4870 2091 4896 ‹‹
2129 4846 2286 4902 mine
2316 4845 2569 4902 Domini.
2609 4869 2635 4896 ››
2669 4843 3172 4902 Considerandum
3213 4849 3302 4901 est
3330 4844 3388 4900 in
3434 4845 3543 4900 hoc
3592 4842 3717 4899 loco

2055 4937 2227 5008 juxta
2241 4936 2504 4992 ordinem
2522 4949 2927 5009 personarum,
2944 4931 3197 5006 qualitas
3218 4935 3562 4989 meritorum
3581 4951 3593 4989 :
3618 4931 3717 4988 alii

2063 5042 2241 5098 super
2269 5026 2495 5082 asinam
2526 5025 2877 5080 vestimenta
2906 5038 3015 5079 sua
3041 5022 3423 5096 imponebant
3453 5028 3516 5079 ut
3543 5024 3717 5080 Jesus

2061 5113 2299 5171 mollius
2330 5117 2556 5171 sederet
2590 5128 2602 5165 :
2638 5108 2734 5165 alii
2764 5110 3112 5167 vestimenta
3141 5130 3250 5168 sua
3281 5111 3619 5167 sternebant
3655 5109 3716 5166 in

2059 5204 2171 5272 via,
2204 5222 2275 5261 ne
2307 5223 2408 5279 pes
2440 5202 2619 5259 asinae
2650 5198 3001 5273 impingeret
3035 5218 3045 5257 :
3081 5201 3181 5257 alii
3213 5218 3408 5258 ramos
3440 5201 3511 5256 de
3540 5199 3716 5256 arbo-

2059 5293 2224 5351 ribus
2254 5293 2313 5348 in
2343 5292 2435 5347 via
2454 5288 2813 5360 sternebant,
2838 5293 2903 5345 ut
2931 5290 3043 5347 iter
3064 5291 3239 5347 asinae
3267 5290 3508 5364 planum
3533 5292 3589 5345 et
3608 5288 3712 5343 de-

2058 5401 2260 5440 corum
2308 5378 2613 5436 redderent
2645 5395 2658 5433 :
2693 5382 2751 5434 et
2797 5378 2899 5451 qui
2944 5379 3195 5437 vicinius
3245 5378 3714 5455 appropinquare

2058 5472 2402 5546 nequibant,
2450 5470 2761 5541 sequentes
2805 5466 3139 5546 clamabant
3172 5486 3186 5527 :
3221 5494 3248 5521 «
3282 5468 3559 5527 llosanna
3588 5458 3714 5523 ﬁlio

2056 5544 2258 5628 David,
2285 5578 2311 5608 »
2344 5554 2577 5624 etc.Qui
2606 5572 2741 5630 ergo
2772 5544 3120 5616 vestimenta
3143 5576 3252 5616 sua
3283 5575 3457 5632 super
3482 5555 3713 5615 asinam

2054 5649 2509 5725 imposuerunth
2531 5644 2778 5722 apostoli
2823 5646 3081 5718 fuerunt,
3127 5647 3267 5722 quia
3295 5646 3563 5706 doctrina
3594 5663 3703 5708 sua
