4070 6190
317 324 392 389 17

1545 312 1899 377 HOMILLIE
1943 312 2044 373 DE
2088 309 2490 373 TEMPORE.

3646 309 3721 373 l8

315 463 541 520 mentes
557 455 864 516 hominum
887 456 953 512 ut
968 450 1368 510 habitaculum
1392 449 1494 507 Dei
1515 451 1732 521 essent,
1751 463 1969 520 praepa-
1994 443 2053 515 Α
2080 445 2365 518 Ριιῖράίεῐεθ
2394 444 2747 501 recoluntur.
2795 444 2988 502 Minus
3019 442 3174 503 enim
3199 445 3400 519 jacula
3429 447 3597 506 ferire
3628 467 3719 506 so-

312 552 610 609 raverunt.
645 545 752 616 Qui
784 548 979 603 autem
1009 542 1359 615 vestimenta
1400 556 1509 597 sua
1536 540 1595 595 in
1626 538 1720 594 via
1749 540 1967 592 strave-

312 641 472 704 runt,
503 634 692 695 sancti
724 636 1009 706 martyres
1038 635 1195 699 sunt,
1243 628 1342 703 qui
1393 629 1535 684 dum
1587 641 1831 699 corpora
1861 639 1969 683 sua

310 731 554 802 propter
580 725 763 781 Deum
789 723 861 778 ad
884 719 1174 794 supplicia
1194 718 1584 783 tradiderunt,
1611 714 1777 788 quasi
1800 711 1970 769 vesti-

308 801 513 874 menta
530 814 651 871 sua
680 813 1031 876 straverunt,
1054 808 1164 865 iter
1184 804 1641 880 simplicioribus
1663 801 1967 861 ostenden-

310 912 425 975 tes,
448 922 552 978 per
581 902 737 976 quod
760 900 832 955 ad
855 898 1063 955 caelum
1091 896 1392 971 pervenire
1414 895 1672 967 possent.
1704 890 1812 956 Qui
1833 905 1967 945 vero

310 1010 512 1052 ramos
543 993 614 1047 de
662 988 970 1051 arboribus
1018 985 1429 1060 praecidebant,
1460 986 1517 1039 et
1546 981 1884 1039 sternebant
1907 979 1967 1057 in

308 1086 427 1151 via,
461 1081 649 1140 sancti
671 1078 1037 1136 confessores
1059 1078 1217 1142 sunt,
1243 1072 1341 1146 qui
1366 1073 1505 1128 dum
1529 1069 1848 1127 sententias
1870 1070 1971 1125 Pa-

309 1178 473 1230 trum
504 1165 959 1244 przecedentium
1002 1161 1359 1235 multiplices
1402 1163 1459 1217 et
1489 1158 1850 1216 necessarias
1896 1157 1968 1212 ad

310 1267 579 1320 nostram
596 1256 924 1313 doctrinam
946 1252 1272 1328 proferunt,
1291 1249 1459 1323 quasi
1478 1249 1547 1304 de
1563 1246 1971 1321 spiritualibus

314 1349 626 1409 arboribus
658 1362 854 1403 ramos
885 1343 1191 1411 caedentes,
1226 1339 1479 1396 caelestis
1511 1338 1709 1411 patriae
1741 1336 1851 1391 iter
1880 1335 1973 1390 de-

313 1445 539 1498 corant.
591 1436 799 1493 Turbae
848 1436 1041 1489 autem
1092 1430 1483 1503 pris-cedentes
1533 1432 1591 1484 et
1639 1428 1968 1498 sequentes,

312 1531 624 1602 utriusque
650 1521 1007 1581 Testamenti
1045 1519 1457 1595 significabant
1488 1516 1708 1581 ﬁdeles,
1744 1513 1972 1570 Veteris

312 1620 538 1677 scilicet
568 1633 633 1673 ac
664 1613 829 1671 Novi.
862 1612 990 1667 Una
1021 1610 1178 1667 enim
1211 1624 1347 1663 voce
1378 1606 1657 1671 clamant,
1690 1604 1829 1677 quia
1853 1620 1974 1659 una

311 1714 404 1768 est
417 1709 565 1766 ﬁdes
581 1701 1037 1778 praecedentium
1058 1700 1371 1755 adventum
1384 1695 1613 1752 Domini
1627 1740 1640 1762 ,
1655 1699 1710 1749 et
1730 1710 1974 1766 sequen-

2076 534 2216 603 lent,
2240 552 2365 608 qua:
2389 533 2686 608 praevideri
2707 538 2973 607 possunt.
2995 536 3060 590 Et
3072 534 3238 593 electi
3257 536 3357 612 qui
3374 537 3529 595 circa
3546 540 3722 597 ﬁnem

2077 623 2273 681 saeculi
2298 624 2475 679 futuri
2493 624 2699 691 suntin
2724 641 2915 692 carne,
2932 625 3341 683 tribulationes
3353 632 3726 701 etpressuras

2077 714 2283 769 mundi
2314 718 2473 770 tanto
2505 713 2689 769 levius
2710 712 3065 784 tolerabunt,
3095 721 3314 786 quanto
3344 734 3441 774 eas
3467 719 3633 791 prius
3654 720 3727 779 ab

2076 803 2204 883 ipso
2228 803 2612 876 Redemptore
2635 803 2941 876 praedictas
2962 805 3356 865 meminerint.
3388 808 3533 864 Nam
3555 809 3729 865 inter-

2078 897 2316 967 rogatus
2348 892 2632 948 Dominus
2654 910 2688 947 a
2708 892 3014 965 discipulis
3046 894 3115 949 de
3142 896 3394 953 adventu
3425 914 3553 965 suo,
3578 902 3637 953 et
3656 900 3729 955 de

2078 981 2585 1039 consummatione
2604 980 2820 1051 saeculi,
2843 986 2907 1039 ut
2930 989 3108 1057 Supra
3128 985 3485 1059 evangelista
3504 988 3723 1057 retulit,

2077 1071 2407 1145 respondit:

2151 1186 2179 1210 ‹‹
2202 1162 2469 1217 Audituri
2500 1159 2655 1217 enim
2678 1161 2821 1217 estis
2850 1163 3049 1233 praelia
3071 1167 3127 1220 et
3156 1166 3474 1227 seditiones
3502 1169 3729 1241 praelio—

2080 1274 2109 1302 «
2143 1268 2296 1318 rum,
2346 1249 2525 1305 nolite
2570 1249 2791 1305 terreri.
2828 1250 3063 1322 Oportet
3111 1254 3369 1325 primum
3417 1256 3539 1312 haec
3582 1258 3728 1326 fieri,

2082 1364 2110 1389 ‹‹
2143 1342 2243 1397 sed
2272 1340 2531 1395 nondum
2546 1338 2745 1393 statim
2760 1338 3094 1396 linis.Tunc
3112 1342 3494 1401 dieebatillis:
3522 1347 3733 1421 Surget

2082 1453 2111 1480 ‹‹
2144 1446 2286 1502 gens
2308 1432 2508 1484 contra
2530 1431 2787 1501 gentem,
2813 1433 2868 1484 et
2890 1446 3134 1502 regnum
3158 1433 3437 1490 adversus
3457 1451 3727 1508 regnum,

2083 1542 2111 1569 ‹‹
2147 1522 2204 1575 et
2233 1518 2404 1573 erunt
2450 1521 2816 1573 terraemotus
2866 1519 3064 1591 magni
3114 1538 3216 1593 per
3262 1522 3405 1590 loca,
3447 1528 3504 1579 et
3550 1526 3730 1597 pesti-

2083 1633 2111 1659 ‹‹
2144 1609 2333 1664 lentiae
2365 1612 2417 1664 et
2441 1608 2645 1675 fames,
2670 1611 3039 1680 terroresque
3059 1611 3128 1666 de
3154 1611 3316 1680 cmlo,
3341 1617 3399 1668 et
3419 1613 3588 1688 signa
3608 1632 3732 1671 ma-

2084 1722 2113 1749 ‹‹
2138 1715 2251 1773 gna
2263 1700 2452 1753 erunt.
2474 1719 2501 1746 ››
2512 1698 2579 1751 Et
2594 1696 2947 1769 quibusdam
2965 1700 3033 1753 de
3046 1702 3448 1772 persecutione
3461 1705 3734 1776 reprobo-

312 1799 487 1864 ῐίυων
518 1798 681 1879 ἔθεῖθ
728 1789 991 1884 apostolo
1021 1789 1188 1884 Pet?"
1222 1786 1323 1884 (illi
1355 1786 1472 1841 ait:
1514 1807 1557 1884 ς(
1590 1785 1695 1884 Ρεῖῐ·
1724 1782 1971 1884 gratiam
2003 1819 2052 1884 B
2082 1804 2211 1843 rum
2235 1791 2290 1843 et
2309 1785 2589 1859 patientia
2605 1785 2919 1842 electorum
2938 1788 3320 1862 interpositis,
3341 1792 3610 1862 adjunxit
3625 1794 3735 1850 hoc

311 1868 551 1945 Domini
568 1884 708 1940 Jcsu
730 1879 1030 1936 credimus
1047 1875 1259 1932 salvari
1279 1873 1781 1948 quemadmodum
1800 1876 1855 1928 et
1868 1871 1972 1926 illi.

314 1976 480 2044 Quod
506 1973 664 2030 enim
685 1970 769 2026 illi
793 1967 1185 2041 praedixerunt
1209 1966 1495 2032 futurum,
1521 1979 1627 2018 nos
1643 1962 1767 2034 jam
1792 1959 1976 2016 credi-

315 2082 455 2120 mus
484 2063 706 2119 factum
738 2058 871 2129 (Act.
903 2061 1021 2128 xv.)
1052 2080 1079 2105 »
1126 2054 1290 2120 Quod
1330 2056 1526 2109 autem
1557 2051 1832 2117 clamant,
1868 2068 1976 2105 au-

319 2154 593 2210 diamus:
639 2172 667 2199 ‹‹
701 2148 975 2205 Hosanna
1001 2143 1118 2199 filio
1149 2142 1349 2199 David.
1388 2164 1416 2191 »
1461 2141 1735 2196 Hosanna
1765 2138 1978 2212 quippe

313 2260 425 2298 vox
446 2244 537 2297 est
558 2234 978 2295 exsultantium
1002 2232 1333 2306 pariterque
1348 2228 1739 2287 laudantium.
1766 2227 1977 2283 Filium

316 2347 559 2406 quoque
576 2326 755 2384 David
774 2324 1144 2398 profitentur,
1170 2320 1307 2393 quia
1323 2321 1395 2375 de
1410 2317 1588 2374 David
1607 2316 1787 2390 stirpe
1803 2319 1979 2371 natus

316 2422 397 2477 ad
438 2435 548 2475 nos
602 2414 868 2471 Salvator
918 2409 1240 2475 descendit,
1302 2408 1455 2464 sicut
1501 2407 1582 2463 ait
1626 2406 1978 2479 Apostolus:

318 2533 349 2561 α
376 2508 487 2573 Qui
513 2507 702 2562 factus
723 2507 813 2559 est
825 2501 874 2563 ei
888 2518 958 2557 ex
978 2500 1202 2556 semine
1216 2497 1392 2553 David
1406 2496 1729 2553 secundum
1745 2510 1979 2551 carnem

317 2600 502 2667 (Rom.
535 2598 601 2669 ι).
629 2615 656 2643 ››
684 2589 1028 2648 Versiculus
1060 2592 1255 2644 autem
1297 2586 1407 2643 iste
1441 2603 1617 2659 quem
1645 2589 1704 2641 et
1724 2584 1888 2657 pueri
1922 2584 1982 2639 in

319 2684 575 2743 introitu
600 2680 800 2754 templi
818 2678 1063 2736 Domino
1086 2679 1484 2745 cantaverunt,
1508 2677 1781 2746 sumptus
1803 2676 1889 2728 est
1912 2673 1984 2728 de

322 2774 648 2832 centesimo
678 2771 929 2844 septimo
950 2767 1175 2824 decimo
1192 2764 1439 2839 psalmo,
1460 2763 1558 2836 qui
1582 2780 1728 2836 pene
1748 2765 1909 2818 totus
1924 2761 1983 2816 in

324 2858 583 2940 persona
613 2857 845 2917 Domini
877 2856 1125 2923 canitur,
1158 2859 1216 2911 et
1257 2854 1379 2911 haec
1409 2853 1480 2908 ad
1513 2854 1642 2925 ejus
1668 2853 1984 2908 adventum

329 2953 649 3028 pertinent.
681 2949 826 3004 Cum
848 2946 1005 3002 enim
1027 2944 1271 3000 dixisset
1299 2941 1615 3014 Propheta:
1650 2964 1677 2991 «
1706 2940 1985 3012 Lapidem

330 3058 514 3117 quem
545 3037 1001 3113 reprobaverunt
1046 3032 1420 3095 aediﬁcantes,
1464 3030 1559 3086 hic
1592 3030 1779 3085 factus
1810 3032 1899 3084 est
1926 3028 1986 3083 in

2084 1877 2234 1950 quod
2270 1876 2327 1930 in
2371 1875 2559 1948 capite
2598 1874 2778 1947 hujus
2818 1875 3087 1934 lectionis
3125 1879 3477 1946 audivimus,
3500 1881 3730 1939 dicens:

2086 1990 2112 2017 ‹‹
2145 1966 2330 2021 Erunt
2360 1964 2529 2036 signa
2548 1963 2605 2018 in
2630 1963 2749 2021 sole
2771 1968 2827 2020 et
2857 1964 2997 2021 luna
3018 1970 3076 2022 et
3097 1967 3304 2027 stellis.
3328 1991 3356 2019 ››
3383 1969 3491 2025 Ubi
3528 1975 3735 2027 notan-

2084 2055 2224 2110 dum
2241 2057 2327 2110 est
2342 2052 2481 2124 quia
2493 2053 2561 2107 ad
2579 2052 2858 2108 ultionem
2876 2056 3254 2127 reproborum
3278 2057 3584 2115 hominum
3609 2060 3741 2133 ipsa

2084 2144 2261 2199 etiam
2279 2142 2565 2198 elementa
2586 2143 2793 2197 mundi
2810 2144 3045 2201 turbata
3060 2145 3356 2215 dicuntur,
3380 2166 3509 2221 quae
3525 2149 3741 2223 sigilla-

2084 2232 2191 2287 tim
2215 2229 2501 2287 Dominus
2517 2234 2822 2289 enumerat
2837 2232 3066 2290 dicens:
3094 2256 3123 2287 «
3140 2236 3352 2310 Surget
3370 2254 3516 2311 gens
3538 2244 3742 2297 contra

2086 2324 2343 2394 gentem,
2379 2324 2436 2375 et
2464 2336 2709 2392 regnum
2745 2321 3024 2379 adversus
3054 2339 3321 2398 regnum.
3357 2348 3385 2376 »
3426 2328 3572 2387 Ecce
3601 2346 3739 2387 con-

2085 2408 2341 2466 turbatio
2373 2407 2701 2491 hominum.
2739 2432 2767 2460 «
2790 2411 3180 2469 Terraemotus
3210 2416 3405 2489 magni
3440 2422 3613 2477 erunt
3640 2435 3744 2491 per

2088 2499 2235 2555 loca.
2266 2521 2293 2548 ››
2321 2499 2463 2554 Ecce
2487 2489 2785 2570 respectus
2806 2499 2902 2556 irae
2935 2501 3188 2575 desuper
3206 2526 3233 2552 «
3260 2504 3443 2561 Erunt
3463 2489 3741 2579 pestilen-

2089 2588 2201 2644 tiae.
2222 2610 2248 2636 ››
2272 2588 2415 2642 Ecce
2429 2586 2796 2659 inaequalitas
2809 2606 3138 2661 corporum.
3157 2616 3184 2643 ‹‹
3200 2594 3540 2652 Eritfames.
3558 2597 3744 2654 »Εοοθ

2092 2675 2369 2734 sterilitas
2383 2680 2604 2731 terram
2620 2677 3009 2750 Terroresque
3023 2680 3092 2735 de
3104 2680 3330 2751 ccelo,et
3346 2683 3515 2757 signa
3530 2703 3744 2759 magna

2091 2769 2331 2822 erunt.»
2358 2764 2501 2820 Ecce
2518 2764 2886 2838 inaequalitas
2909 2767 3077 2824 aeris.
3107 2792 3133 2819 «
3149 2771 3334 2827 Erunt
3354 2772 3523 2844 signa
3540 2774 3599 2830 in
3623 2773 3745 2833 sole

2092 2858 2151 2911 et
2182 2854 2322 2909 luna
2350 2856 2408 2909 et
2437 2852 2643 2909 stellis.
2668 2876 2696 2903 »
2732 2855 2873 2911 Ecce
2905 2859 3216 2915 commotio
3247 2860 3527 2919 siderum.
3564 2884 3592 2913 «
3622 2864 3745 2921 Prw

2091 2942 2431 2999 confusione
2454 2941 2681 2998 sonitus
2703 2944 2883 3000 maris
2912 2950 2970 3002 et
3002 2947 3307 3015 fluctuum.
3330 2950 3507 3007 »Ecce
3536 2953 3745 3011 confu-

2096 3030 2182 3087 sio
2200 3030 2533 3085 lluminum.
2553 3031 2584 3085 J
2593 3035 2789 3088 ustum
2807 3036 2895 3087 est
2912 3034 3067 3089 enim
3094 3041 3157 3090 ut
3178 3037 3459 3101 inseusati
3477 3040 3747 3098 homines

329 3116 515 3205 caput
562 3125 760 3199 anguli
804 3124 974 3195 (Psal.
1017 3124 1208 3188 cxvu),
1244 3142 1273 3170 »
1322 3121 1590 3193 quaedam
1643 3116 1991 3190 interposita
2021 3185 2060 3205 η
2099 3118 2197 3191 qui
2228 3117 2287 3172 in
2320 3117 2548 3172 cunctis
2570 3124 2974 3190 peccaverunt,
3008 3122 3065 3176 in
3099 3125 3328 3181 cunctis
3350 3126 3652 3194 feriantur,
3687 3128 3746 3190 id

335 3185 357 3189 -
377 3185 436 3205 Ἴ
460 3185 467 3186 ,
639 3185 674 3199 υ
811 3185 822 3195 ,
1168 3185 1175 3188 .
1195 3185 1202 3188 .
1338 3185 1358 3193 ,
1800 3185 1819 3190 -
2117 3185 2135 3191 -
2570 3185 2588 3190 _
2965 3185 2970 3187 .

332 3217 647 3294 adjunxit:
685 3237 711 3264 «
741 3214 786 3269 O
818 3209 1082 3278 Domine,
1131 3209 1355 3266 salvum
1390 3224 1482 3263 me
1516 3208 1626 3272 fac,
1659 3224 1690 3262 o
1725 3204 1986 3273 Domine,
2020 3185 2062 3252 (ἶ
2099 3209 2188 3264 est
2219 3203 2267 3261 si
2291 3208 2672 3277 peccaverunt
2701 3222 2806 3277 per
2833 3207 2984 3264 aeris
3030 3210 3423 3279 serenitatem,
3464 3185 3752 3271 feriantiir

329 3310 491 3366 bene
521 3318 886 3379 prosperare,
912 3298 1255 3356 benedictus
1277 3296 1375 3369 qui
1398 3299 1676 3351 venturus
1696 3299 1786 3351 est
1806 3294 1866 3349 in
1889 3309 1993 3348 no-

333 3396 505 3454 mine
524 3391 780 3449 Domini.
806 3412 834 3439 »
858 3390 964 3445 Pro
987 3386 1181 3461 quoin
1206 3387 1442 3442 Hebraeo
1472 3385 1724 3440 habetur
1742 3385 1995 3439 Hosanna

332 3485 561 3543 Adonei
588 3484 864 3547 Hosanna,
894 3492 1069 3550 quem
1094 3474 1482 3549 Symmachus
1514 3489 1676 3528 more
1697 3489 1804 3528 suo
1836 3486 1999 3543 aper-

335 3574 466 3631 tius
498 3568 819 3632 transtulit,
850 3566 1053 3622 dicens
1078 3581 1091 3619 :
1116 3586 1144 3614 «
1171 3564 1441 3631 Obsecro,
1476 3561 1739 3629 Domine,
1772 3560 1998 3616 salvum

337 3679 442 3720 me
475 3661 584 3716 fac.
620 3681 646 3708 ››
676 3658 953 3713 Hosanna
974 3670 1110 3727 ergo
1141 3651 1372 3725 proprie
1408 3653 1778 3708 Hebraeorum
1809 3665 2001 3704 sermo

341 3754 459 3815 est,
492 3753 550 3803 et
592 3747 1013 3817 interpretatur
1044 3743 1101 3798 in
1152 3744 1352 3797 nostra
1398 3739 1619 3813 lingua,
1669 3740 1842 3805 salva,
1886 3737 2004 3794 sive

341 3838 636 3907 salviﬁca:
669 3836 760 3890 cui
793 3849 930 3906 ergo
962 3831 1145 3887 turbae
1178 3831 1333 3885 salva
1362 3829 1480 3885 sive
1508 3829 1751 3901 salviﬁca
1783 3827 2006 3884 clama-

347 3929 520 3997 bant,
533 3925 735 3996 utique
747 3921 1104 3979 Salvatorem
1126 3919 1456 3974 credebant.
1472 3917 1849 3973 Benedictum
1863 3932 2009 3988 quo-

2102 3311 2205 3367 per
2234 3295 2660 3365 tempestatem.
2696 3294 2753 3349 Si
2789 3295 2858 3350 de
2887 3295 3130 3368 reliquis
3159 3299 3230 3354 ab
3261 3299 3408 3371 ipsis
3433 3300 3751 3362 insensatis

2105 3382 2280 3459 rebus
2311 3379 2613 3449 feriantur,
2647 3387 2705 3437 et
2738 3382 3051 3455 impleatur
3092 3385 3234 3442 illud
3280 3389 3436 3460 quod
3469 3389 3751 3462 scriptum

2105 3474 2195 3527 est
2223 3470 2282 3524 in
2314 3468 2623 3525 Salomone
2648 3486 2660 3525 :
2687 3494 2715 3520 «
2741 3471 3030 3545 Pugnabit
3057 3491 3163 3547 pro
3189 3493 3256 3532 eo
3286 3478 3446 3534 orbis
3464 3482 3753 3536 terrarum

2108 3562 2309 3615 contra
2340 3559 2669 3615 insensatos
2716 3563 2867 3633 (Sep.
2902 3564 2977 3633 v).
3002 3584 3028 3612 »
3085 3566 3220 3631 Quae
3250 3571 3447 3623 autem
3497 3567 3668 3640 signa
3694 3569 3756 3625 in

2110 3647 2231 3703 sole
2259 3652 2316 3703 et
2346 3647 2486 3702 luna
2516 3652 2573 3702 et
2603 3647 2788 3705 stellis
2812 3649 3003 3707 futura
3026 3656 3184 3721 sunt,
3209 3653 3360 3711 alius
3382 3656 3755 3730 evangelista,

2112 3736 2419 3792 Matthaeus
2441 3736 2686 3803 scilicet,
2708 3739 3079 3795 manifestius
3100 3742 3619 3812 declarat,dicens:
3646 3740 3673 3795 (ξ
3697 3746 3762 3802 In

2114 3826 2321 3882 diebus
2336 3824 2451 3881 illis
2473 3824 2557 3880 801
2574 3826 3004 3897 obscurabitur,
3022 3833 3078 3885 et
3094 3828 3236 3888 luna
3252 3848 3364 3887 non
3384 3833 3546 3890 dabit
3566 3834 3765 3891 lumen

2118 3932 2315 3982 suum,
2351 3919 2407 3969 et
2428 3914 2605 3969 stella:
2633 3916 2839 3971 cadent
2861 3917 2930 3973 de
2948 3917 3110 3974 cmlo.
3137 3943 3157 3968 υ
3189 3920 3296 3977 Ubi
3319 3922 3661 3994 spiritaliter
3681 3941 3770 3980 so-

353 4033 471 4090 que
489 4016 804 4070 venturum
824 4010 884 4066 in
903 4008 1138 4065 nomine
1153 4006 1386 4063 Domini
1408 4006 1851 4079 profitebantur,
1873 4003 2012 4076 quia
2117 4004 2192 4059 lis
2224 4002 2459 4059 nomine
2488 4003 2773 4060 Dominus
2802 4006 2975 4062 Jesus
3005 4007 3272 4069 Christus
3301 4009 3663 4085 intelligitur.
3690 4013 3772 4069 De

359 4104 543 4162 Filius
563 4117 681 4157 non
702 4101 762 4154 in
780 4114 886 4157 suo
904 4097 1158 4161 nomine,
1178 4094 1350 4152 sedin
1369 4095 1603 4150 nomine
1620 4093 1807 4149 Patris
1823 4091 2007 4147 venit:
2122 4109 2237 4166 quo
2269 4091 2551 4165 scriptum
2583 4096 2709 4149 est:
2744 4094 2921 4151 Vobis
2953 4101 3149 4153 autem
3181 4098 3281 4170 qui
3314 4099 3534 4156 timetis
3565 4102 3770 4171 Deum,

358 4209 469 4250 nec
502 4207 694 4255 suam,
727 4188 828 4247 sed
862 4185 1048 4242 Patris
1079 4185 1324 4258 gloriam
1374 4182 1660 4256 quaesivit,
1694 4183 1847 4236 sicut
1889 4181 2016 4254 ipse
2124 4180 2442 4239 orietursol
2461 4182 2814 4253 justitiam
2834 4183 3074 4241 iterum:
3102 4187 3328 4242 «Ortus
3355 4192 3445 4243 est
3464 4188 3551 4244 sol
3572 4193 3630 4244 et
3645 4205 3779 4244 con-

359 4280 586 4337 Judaeis
616 4295 732 4333 non
754 4268 1129 4333 credentibus
1152 4273 1333 4328 dixit:
1359 4295 1387 4323 «
1416 4272 1531 4346 Ego
1551 4271 1680 4326 veni
1698 4270 1757 4325 in
1780 4269 2017 4325 nomine
2126 4269 2351 4344 gregati
2384 4274 2523 4325 sunt
2563 4272 2732 4342 (Psal.
2766 4273 2906 4343 cm).
2940 4296 2968 4325 »
3004 4274 3183 4330 Lunae
3212 4279 3407 4330 autem
3448 4275 3685 4333 nomine
3716 4276 3776 4331 in

359 4367 554 4426 Patris
575 4366 712 4434 mei,
737 4368 795 4423 et
816 4381 933 4419 non
962 4360 1307 4434 suscepistis
1330 4377 1445 4427 me,
1477 4361 1522 4415 si
1550 4360 1699 4416 alius
1718 4359 1938 4415 venerit
1957 4356 2016 4413 in
2128 4360 2238 4415 hoc
2268 4357 2393 4414 loco
2425 4357 2683 4413 Ecclesia
2726 4360 3087 4433 designatur,
3123 4362 3274 4418 sicut
3301 4361 3554 4435 criptum
3583 4366 3675 4418 est
3717 4363 3778 4419 in

363 4456 607 4513 nomine
626 4472 753 4523 suo,
774 4452 939 4508 illum
965 4451 1565 4523 suscipietis(Joan.v
1594 4450 1609 4521 )
1636 4450 2018 4504 nEtiterum:
2131 4448 2429 4504 Habacuc:
2460 4470 2486 4496 ‹‹
2541 4447 2810 4503 Elevatus
2858 4452 2947 4504 est
2978 4449 3064 4505 sol
3114 4450 3172 4506 in
3205 4454 3334 4506 ortu
3383 4467 3513 4519 suo,
3553 4455 3612 4509 et
3640 4451 3783 4508 luna

365 4569 397 4597 ς(
423 4550 539 4618 Ego
573 4560 608 4599 a
637 4542 863 4616 meipso
884 4558 999 4597 non
1028 4539 1181 4608 veni,
1216 4539 1316 4595 sed
1343 4539 1511 4595 Pater
1540 4554 1708 4594 meus
1738 4536 1901 4592 misit
1930 4551 2023 4591 me
2053 4550 2099 4616 D
2133 4536 2293 4593 stetit
2326 4535 2383 4591 in
2417 4535 2619 4592 ordine
2651 4554 2756 4593 suo
2790 4538 3018 4609 (Habac.
3066 4541 3221 4608 111.)»
3254 4539 3316 4599 In
3348 4539 3556 4597 diebus
3586 4545 3784 4599 autem

365 4636 548 4707 (Joan.
580 4635 730 4701 vni).
756 4653 785 4683 »
2132 4625 2271 4692 illis,
2303 4624 2362 4680 id
2387 4629 2476 4681 est
2498 4625 2553 4679 in
2578 4624 2677 4680 illa
2702 4625 2909 4682 ultima
2929 4626 3323 4698 tribulatione,
3358 4652 3386 4680 ‹‹
3410 4629 3496 4689 801
3517 4631 3788 4688 obscuraa

2135 4714 2315 4783 bitur,
2343 4737 2370 4763 »
2396 4712 2534 4786 quia
2564 4713 2849 4772 Dominus
2879 4716 3050 4772 Jesus
3093 4717 3359 4783 Christus
3404 4718 3640 4775 virtutis
3670 4735 3788 4775 sua

2138 4802 2460 4875 potentiam
2476 4819 2590 4859 non
2616 4804 3033 4861 manifestabit.
3055 4829 3082 4856 ‹‹
3101 4807 3264 4862 Luna
3284 4810 3478 4868 autem
3493 4823 3607 4863 non
3630 4806 3795 4864 dabit

2138 4892 2340 4947 lumen
2374 4908 2572 4960 suum,
2599 4914 2626 4943 »
2663 4892 2802 4964 quia
2832 4892 3086 4950 Ecclesia
3114 4894 3538 4952 miraculorum
3570 4894 3797 4968 fulgore

450 4988 609 5061 (Luc.
635 4988 775 5054 xxx.)
809 5008 837 5034 «
858 4989 926 5040 In
947 4983 1046 5039 illo
1066 4987 1346 5057 tempore,
1371 4982 1517 5038 dixit
1535 4982 1708 5037 Jesus
1728 4978 2036 5053 discipulis
2146 4996 2260 5035 non
2286 4978 2697 5051 resplendehit.
2725 4980 2885 5037 Unde
2916 4999 3019 5054 per
3045 4983 3333 5040 Joannem
3362 4985 3421 5040 in
3449 4982 3799 5057 Apocalypsi

377 5099 409 5127 ‹‹
445 5075 600 5133 suis:
635 5075 823 5130 Erunt
852 5072 1023 5146 signa
1051 5073 1112 5127 in
1136 5070 1265 5127 'sole
1309 5074 1366 5126 et
1395 5069 1537 5125 luna
1566 5072 1622 5123 et
1652 5066 1859 5135 stellis,
1891 5072 1947 5124 et
1977 5068 2037 5123 in
2149 5067 2400 5124 dicitur:
2439 5070 2559 5124 «Et
2588 5069 2777 5125 factus
2807 5075 2898 5127 est
2924 5071 3011 5128 801
3043 5072 3209 5147 niger
3230 5073 3382 5129 sicut
3398 5090 3605 5129 saccus
3625 5071 3803 5130 cilici-

378 5188 409 5214 ‹‹
443 5163 621 5220 terris
650 5178 926 5234 pressura
955 5159 1240 5233 gentium,
1282 5175 1397 5230 prae
1431 5155 1772 5213 confusione
1812 5155 2040 5211 sonitus
2150 5175 2283 5225 nus,
2319 5162 2373 5213 et
2404 5157 2545 5213 luna
2577 5162 2697 5214 tota
2726 5159 2879 5215 facta
2906 5166 2995 5216 est
3025 5162 3175 5219 sicut
3207 5162 3451 5235 sanguis
3471 5162 3653 5234 (Apoc.
3688 5163 3799 5229 1).»

383 5274 414 5302 ιι
445 5251 631 5308 maris
651 5256 707 5306 et
727 5250 1035 5315 ﬂuctuum,
1060 5270 1088 5300 »
1114 5252 1170 5303 et
1185 5246 1430 5319 reliqua.
1455 5244 1784 5300 Praevidens
1799 5244 1887 5300 vel
1910 5262 2043 5301 con-
2150 5248 2221 5303 Et
2272 5246 2615 5320 Apostolus:
2653 5272 2679 5297 «
2716 5248 2955 5322 Oportet
3001 5251 3254 5308 haereses
3300 5268 3450 5317 esse,
3483 5254 3548 5307 ut
3574 5249 3803 5322 probati

381 5337 1142 5398 descendensetccnsulens
1158 5334 1729 5392 Dominusbumanze
1744 5333 2045 5406 fragilitati
2154 5337 2448 5392 manifesti
2479 5338 2626 5394 ﬁant
2646 5340 2697 5407 (Ι
2723 5340 2841 5395 Cor.
2876 5340 2975 5411 x1.)
3004 5363 3030 5390 »
3053 5341 3339 5406 Quoniam
3363 5357 3495 5397 cum
3521 5338 3808 5396 Dominus

383 5427 800 5485 tribulationes
831 5431 887 5483 et
915 5440 1244 5499 pressurus,
1292 5440 1417 5495 quae
1458 5422 1611 5479 circa
1642 5424 1817 5478 ﬁnem
1848 5419 2045 5475 saeculi
2154 5426 2477 5496 potentiam
2498 5428 2735 5485 virtutis
2757 5447 2871 5485 non
2894 5431 3184 5498 ostendet,
3206 5428 3463 5487 Ecclesia
3485 5445 3586 5501 pro
3605 5427 3811 5483 verita-

384 5522 645 5574 venturae
666 5520 826 5582 sunt,
844 5515 1016 5588 longe
1038 5517 1171 5570 ante
1195 5513 1384 5569 dicere
1406 5511 1609 5572 voluit.
1629 5517 1693 5566 ut
1721 5514 1883 5566 tanto
1916 5508 2047 5564 faci-
2156 5513 2233 5567 tis
2262 5513 2596 5571 testimonio
2623 5517 3116 5590 martyrii‘cruorc
3145 5517 3630 5592 sanguineaerit,
3659 5515 3813 5570 sicut

386 5600 509 5664 lius
527 5606 850 5662 tolerentur
870 5621 1005 5661 cum
1025 5602 1311 5674 venerint,
1337 5606 1558 5674 quanto
1577 5601 1648 5654 ab
1669 5602 1791 5673 ipso
1817 5598 2050 5671 longius
2160 5618 2262 5672 per
2290 5602 2509 5661 Joelem
2535 5608 2880 5680 prophetam
2912 5608 3157 5665 dicitur:
3184 5632 3213 5659 ‹‹
3236 5607 3334 5665 Sol
3365 5607 3730 5664 convertatur
3751 5600 3809 5653 in

998 4743 1301 4813 HOMILIA
1340 4742 1407 4799 Π.

736 4858 1015 4901 ὩΟΜῘΝΙΟΑ
1060 4857 1320 4899 ΘΜΠΝΒΔ
1355 4855 1671 4897 ADVENTUS.
