4018 6180
247 393 325 456 19
808 388 1217 455 HAYMONIS
1262 390 1808 453 H.~\LBERSTAT.
1855 387 2099 450 EPISC.
2148 390 2318 450 OPP.
2369 390 2566 451 PARS
2612 390 2792 451 ll.—-
2822 388 3094 451 HOMlL.

243 527 538 597 tenebras,
576 528 635 584 et
659 526 803 584 luna
847 528 907 583 in
936 528 1305 601 sanguinem,
1337 530 1652 599 antequam
1699 524 1888 581 veniat
1919 524 1975 590 Α
2006 528 2331 579 moventur.
2364 524 2509 580 Hinc
2529 541 2632 597 per
2649 524 2934 580 Joannem
2957 522 3016 579 in
3038 520 3380 596 Apocalypsi
3406 520 3655 578 dicitur:

243 618 371 683 dies
401 616 633 674 Domini
665 633 915 690 magnus
946 622 1003 673 et
1025 616 1371 673 manifestus
1400 617 1556 688 (Joel.
1589 616 1671 687 11).
1709 637 1736 665 ››
1758 612 1899 669 Stel-

244 706 436 763 larum
456 711 661 762 autem
698 706 935 762 nomine
984 706 1044 762 in
1078 706 1187 762 hoc
1230 706 1354 762 loco
1386 705 1699 778 hypocrita
1748 704 1897 759 desi-

244 800 523 868 gnantur,
545 795 647 867 qui
669 796 810 851 dum
835 795 1257 867 professionem
1291 794 1423 850 ﬁdei
1455 794 1691 861 habent,
1723 793 1779 848 in
1802 794 1903 847 Ec-

246 884 425 940 clesia
456 883 625 956 quasi
651 876 830 939 stella
861 887 919 939 et
947 889 1105 939 astra
1138 883 1380 957 fulgent.
1415 883 1524 937 Sed
1557 881 1766 937 ultima
1795 881 1897 936 tri-

245 973 546 1033 bulatione
576 972 941 1041 imminente,
995 972 1172 1028 stella
1204 973 1414 1027 cadent
1438 972 1508 1026 de
1551 970 1715 1037 coelo,
1763 971 1902 1043 quia

247 1061 486 1135 plurimi
510 1067 651 1117 tunc
674 1062 747 1117 ab
772 1048 1035 1117 Ecclesia.
1058 1062 1327 1117 recedent
1348 1061 1418 1117 de
1440 1077 1696 1132 corpore,
1722 1077 1755 1114 a
1786 1077 1903 1132 qua

248 1151 415 1225 prius
446 1155 807 1207 recesserant
836 1155 1048 1205 mente.
1098 1150 1398 1205 Permittet
1427 1149 1584 1205 enim
1616 1148 1900 1203 Dominus

247 1240 670 1296 Antichristum
695 1240 891 1296 savire
912 1239 973 1293 in
997 1239 1238 1306 sanctis,
1266 1244 1320 1294 et
1343 1256 1513 1294 suam
1538 1237 1818 1293 savitiam
1841 1237 1899 1291 in

248 1329 335 1385 eis
363 1328 618 1401 grassari
639 1327 1033 1400 pertinaciter,
1068 1333 1133 1383 ut
1164 1327 1443 1400 patientia
1462 1343 1664 1382 eorum
1695 1326 1899 1399 probe-

248 1422 363 1474 tur.
398 1417 469 1472 Ut
494 1416 807 1490 Apostolus
835 1416 976 1472 dicit
1018 1418 1107 1489 (ΙΙ.
1147 1419 1321 1472 Thess.
1356 1420 1447 1485 11):
1499 1438 1525 1465 (ι
1562 1415 1666 1482 Qui
1700 1415 1899 1469 adver-

249 1511 415 1563 satur
435 1510 490 1561 et
509 1505 802 1562 extollitur
818 1524 997 1578 supra
1009 1522 1181 1561 omne
1199 1506 1353 1577 quod
1372 1504 1588 1559 dicitur
1607 1505 1775 1573 Deus,
1799 1507 1903 1559 aut

249 1594 402 1667 quod
434 1593 661 1649 colitur.
697 1618 725 1645 »
783 1594 947 1648 Unde
993 1593 1051 1646 in
1095 1591 1440 1664 Apocalypsi
1487 1591 1737 1646 dicitur:
1774 1614 1800 1639 ‹‹
1834 1592 1903 1646 Et

200 1722 221 1741 .
247 1684 411 1739 misit
443 1684 617 1739 draco
645 1683 894 1738 caudam
928 1697 1120 1749 suam,
1144 1686 1200 1736 et
1220 1682 1395 1736 traxit
1414 1680 1643 1736 tertiam
1677 1685 1901 1753 partem

248 1772 555 1829 stellarum
590 1770 718 1826 cali
751 1772 932 1842 (Apoc.
966 1773 1088 1840 x11).
1126 1792 1153 1819 ››
1185 1769 1330 1849 Hinc
1361 1768 1584 1836 Daniel,
1616 1786 1751 1825 cum
1784 1777 1902 1823 An-

2012 635 2040 664 «
2074 614 2139 668 Et
2168 630 2326 668 mare
2348 614 2474 685 jam
2509 631 2623 669 non
2657 618 2764 669 est.
2802 637 2829 662 ››
3157 661 3160 664 .

2082 702 2906 759 «Arescenlibushominibus.
2926 726 2954 751 »
2979 701 3664 776 Spiritualiterinultima

2008 791 2384 848 tribulatione
2415 792 2684 848 homines
2721 809 2999 859 arescere,
3034 796 3121 848 est
3155 792 3431 862 rcprobos
3464 809 3496 846 a
3528 792 3663 864 pin-

2009 881 2260 953 guedine
2284 881 2483 936 ﬁdeiet
2505 881 2808 936 charitatis
2830 880 3095 936 deﬁcere.
3115 879 3280 934 Multi
3300 879 3457 935 enim
3480 880 3539 935 in
3563 879 3664 935 illa

2009 969 2383 1025 tribulatione
2420 988 2453 1025 a
2483 971 2595 1026 ﬁde
2627 974 2910 1037 arescent,
2944 969 3045 1041 qui
3076 969 3482 1041 prosperitatis
3513 974 3663 1025 tem-

2009 1076 2148 1131 pore
2182 1059 2379 1115 ﬁdeles
2411 1060 2789 1131 putabantur,
2824 1059 2974 1114 sicut
3003 1058 3288 1114 Dominus
3317 1059 3388 1113 de
3420 1058 3663 1129 jactatis

2011 1148 2336 1204 seminibus
2367 1166 2547 1220 supra
2566 1152 2791 1220 petram
2814 1147 2920 1203 ait:
2947 1170 2975 1197 ‹‹
3010 1147 3157 1211 Quia
3189 1151 3314 1202 orto
3345 1146 3466 1203 sole
3494 1165 3661 1203 arue-

2011 1241 2220 1293 runt.»
2274 1239 2432 1293 Hanc
2463 1238 2794 1292 ariditatem
2839 1238 3009 1290 fatua
3038 1234 3292 1309 virgines
3346 1235 3661 1307 patientur,

2011 1326 2245 1399 quando
2294 1326 2682 1398 prudentibus
2731 1327 2964 1381 dicent:
3000 1348 3027 1374 ‹‹
3064 1325 3206 1380 Date
3236 1324 3403 1380 nobis
3434 1325 3507 1379 de
3537 1324 3664 1381 oleo

2010 1422 2219 1482 vestro,
2244 1415 2384 1488 quia
2403 1415 2707 1487 lampades
2728 1418 2936 1470 nostra
2959 1413 3414 1487 exstinguuntur
3442 1413 3662 1485 (Matth.

2010 1504 2159 1577 xxv).
2182 1528 2206 1553 ››
2241 1506 2412 1559 Recte
2443 1510 2637 1559 autem
2670 1503 2884 1559 dicitur
2910 1519 2921 1558 :
2957 1527 2983 1553 «
3008 1504 3124 1559 Pra
3146 1503 3355 1559 timore
3378 1507 3435 1558 et
3454 1520 3665 1577 exspe-

2013 1619 2038 1645 α
2056 1594 2325 1660 ctatione,
2343 1612 2468 1665 qua
2483 1593 2894 1665 supervenient
2909 1592 3176 1648 universo
3190 1591 3336 1647 orbi.
3350 1611 3374 1643 η
3389 1591 3492 1647 Illa
3506 1593 3664 1648 enim

2011 1682 2307 1739 tribulatio
2326 1686 2623 1753 utcunque
2646 1680 2968 1736 tolerabilis
2999 1686 3108 1746 est,
3132 1684 3264 1753 post
3294 1681 3463 1752 cujus
3489 1681 3663 1737 linem

2012 1770 2293 1844 gaudium
2315 1774 2612 1842 speratur:
2640 1769 2738 1824 illa
2759 1770 2926 1835 dura,
2950 1786 3158 1840 aspera
3178 1772 3234 1824 et
3255 1768 3663 1839 intolerabilis,
3686 1816 3689 1819 ,

246 1860 500 1917 ticbristi
534 1864 795 1931 tempora
825 1859 1182 1932 praediceret,
1204 1857 1451 1914 aitinter
1474 1863 1711 1914 catera:
1741 1882 1765 1907 ‹‹
1798 1859 1904 1914 Ro-
1933 1896 1980 1960 Β
2014 1878 2139 1933 qua
2171 1877 2305 1915 cum
2354 1858 2798 1931 prasentialiter
2847 1858 3084 1925 cruciat,
3121 1857 3175 1911 in
3212 1858 3408 1914 futuro
3442 1860 3665 1931 majora

248 1950 361 2005 bur
379 1949 581 2003 datum
598 1953 687 2002 est
707 1948 757 2003 ei
781 1952 983 2003 contra
992 1947 1057 2018 ju
1066 1965 1135 2021 ge
1153 1946 1505 2003 sacriﬁcium
1526 1964 1629 2020 pro
1643 1951 1897 2020 peccato,

251 2041 311 2094 et
339 2039 742 2108 prosternatur
768 2036 982 2091 veritas
1014 2037 1073 2091 in
1099 2042 1273 2104 terra,
1294 2040 1351 2092 et
1388 2036 1560 2091 faciet
1587 2041 1644 2091 et
1664 2051 1903 2108 prospe-

251 2114 480 2181 rabitur
508 2128 675 2194 (Dan.
706 2126 849 2198 vm).
885 2149 913 2176 ››
944 2127 1013 2181 Et
1042 2126 1254 2181 iterum
1282 2142 1295 2181 :
1346 2149 1372 2175 «ι
1397 2127 1465 2181 Et
1495 2142 1681 2198 usque
1712 2126 1784 2181 ad
1820 2124 1902 2179 a1-

250 2212 564 2269 titudinem
596 2211 723 2269 cali
754 2212 1009 2269 elevatus
1038 2218 1147 2282 est,
1171 2217 1226 2268 et
1255 2212 1465 2284 dejecit
1486 2213 1543 2268 in
1568 2212 1905 2269 fortitudine

254 2304 311 2356 et
330 2302 401 2356 de
413 2299 620 2366 stellis,
643 2304 700 2356 et
720 2301 1082 2357 conculcavit
1098 2318 1216 2358 eas.
1234 2323 1260 2351 ››
1284 2331 1353 2343 —
1368 2325 1395 2351 «
1412 2301 1550 2356 Etin
1568 2302 1737 2357 terris
1752 2319 1907 2373 pres-

257 2410 285 2441 ‹‹
307 2405 445 2444 sura
464 2388 748 2461 gentium.
773 2411 801 2439 η
828 2390 952 2445 Νοῑι
976 2390 1273 2446 sufﬁcient
1288 2391 1359 2445 ad
1378 2390 1693 2445 vindictam
1717 2407 1907 2463 repro-

253 2478 464 2534 borum
493 2478 804 2534 hominum
826 2478 993 2551 signa
1015 2479 1085 2534 de
1115 2479 1278 2544 calo,
1312 2480 1412 2534 sed
1444 2479 1616 2534 etiam
1642 2479 1697 2533 in
1732 2479 1907 2534 terris

253 2583 541 2640 pressura
585 2567 849 2640 gentium
907 2572 1096 2624 erunt.
1158 2568 1431 2640 Ejusdem
1487 2571 1649 2623 terra
1700 2567 1907 2624 incolis

254 2654 502 2713 invicem
526 2672 588 2711 se
611 2656 1036 2728 prementibus,
1061 2660 1118 2712 et
1139 2656 1427 2713 invidiosa
1450 2657 1817 2713 contentione
1848 2657 1906 2712 in

256 2761 319 2801 se
351 2745 865 2817 consurgentibus,
901 2746 1058 2800 sicut
1084 2745 1370 2801 Dominus
1391 2746 1499 2800 ait:
1526 2769 1553 2795 «
1588 2746 1911 2819 Consurget

257 2836 423 2905 pater
444 2832 500 2888 in
523 2833 736 2902 ﬁlium,
757 2839 815 2890 et
835 2833 990 2890 ﬁlius
1011 2833 1071 2889 in
1095 2838 1340 2906 patrem,
1364 2838 1421 2890 et
1440 2833 1557 2889 tilia
1579 2834 1635 2888 in
1661 2839 1907 2891 matrem

258 2938 451 2987 suam,
486 2926 543 2977 et
572 2939 759 2977 nurus
791 2923 1070 2978 adversus
1110 2939 1344 2978 socrum
1378 2939 1567 2990 suam,
1602 2927 1659 2979 et
1686 2923 1913 2982 inimici

259 3009 520 3067 hominis
541 3010 845 3067 domestici
865 3012 993 3083 ejus
1018 3012 1150 3083 (Luc
1176 3014 1296 3080 χιι).
1332 3034 1360 3061 ››
1392 3011 1555 3067 Unde
1575 3011 1754 3068 Isaias
1784 3014 1866 3069 ait
1895 3031 1908 3073 :

249 3120 278 3149 ‹‹
305 3098 493 3154 Irruet
540 3098 630 3154 vir
680 3098 740 3154 in
775 3101 987 3167 virum,
1039 3099 1450 3172 unusquisque
1488 3100 1546 3154 in
1578 3100 1909 3173 proximum

243 3201 443 3248 sulm.
474 3188 961 3245 Tumultuabitur
981 3205 1128 3261 puer
1156 3193 1360 3245 contra
1382 3205 1602 3257 senem,
1629 3190 1904 3261 ignobilis

245 3281 448 3332 contra
477 3276 734 3333 nobilem
768 3280 893 3350 (Isa.
930 3258 1025 3349 ni).
1066 3301 1093 3327 »
1127 3279 1197 3332 Et
1216 3274 1462 3332 Paulus:
1499 3302 1525 3326 «
1558 3283 1623 3331 In
1655 3258 1902 3333 novissi-
1935 3258 1977 3323 (ἶ

247 3365 363 3420 mis
385 3365 594 3421 diebus
633 3365 940 3420 instabunt
968 3371 1233 3436 tempora
1256 3365 1598 3436 periculosa,
1647 3369 1704 3419 et
1733 3371 1905 3420 erunt

246 3451 517 3508 homines
541 3454 767 3524 seipsos
788 3457 1074 3519 amantes,
1108 3458 1165 3507 et
1195 3470 1230 3507 a
1256 3453 1495 3508 veritate
1526 3453 1763 3525 quidem
1798 3471 1901 3509 au-

247 3539 439 3595 ditum
470 3544 747 3607 avertent,
782 3542 852 3596 ad
899 3539 1128 3596 fabulas
1166 3545 1361 3595 autem
1406 3545 1812 3597 conveltentur
1832 3544 1908 3611 (II

251 3628 384 3684 Tim.
409 3630 514 3696 111);
552 3650 581 3677 ›ι
632 3628 795 3684 Unde
841 3628 1150 3684 Mattbaus
1200 3629 1463 3700 ejusdem
1504 3629 1903 3686 tribulationis

250 3716 720 3789 magnitudinem
751 3717 1085 3790 expressius
1107 3717 1464 3785 describens,
1500 3718 1618 3773 ait:
1644 3742 1669 3767 ‹‹
1695 3721 1765 3774 Et
1796 3719 1905 3775 erit

249 3809 391 3860 tunc
420 3803 556 3859 talis
576 3804 880 3861 tribulatio
906 3804 1097 3877 qualis
1130 3822 1245 3860 non
1282 3805 1386 3861 fuit
1425 3807 1495 3862 ab
1528 3806 1691 3863 initio
1717 3825 1903 3881 usque

252 3910 428 3961 nunc,
464 3908 652 3966 neque
682 3894 851 3949 ﬁet.»
883 3894 998 3958 Nec
1036 3893 1227 3950 solum
1264 3894 1474 3950 calum
1505 3900 1563 3951 et
1591 3900 1764 3965 terra,
1800 3899 1901 3953 sed

252 3980 428 4036 etiam
450 3997 611 4037 mare
633 3985 690 4037 et
717 3982 962 4037 ﬂumina
982 3984 1051 4038 ad
1089 3982 1369 4038 ultionem
1391 3985 1772 4056 reproborum
1804 3986 1902 4042 ho-

251 4068 480 4125 minum
514 4075 886 4143 consurgent.
914 4070 1075 4126 Unde
1105 4076 1163 4126 et
1184 4072 1482 4127 subditur:
1509 4096 1535 4122 ‹‹
1556 4074 1675 4128 Prae
1706 4075 1904 4130 confu-

250 4158 414 4214 sione
436 4157 666 4214 sonitus
688 4159 869 4214 maris
889 4163 947 4214 et
968 4159 1274 4215 fluctuum.
1303 4185 1324 4213 ι
1354 4161 1651 4230 Confusio,
1673 4161 1902 4219 sonitus

251 4246 433 4303 maris
447 4250 505 4303 et
522 4240 811 4303 ﬂuctuum
839 4248 1100 4303 nondum
1124 4265 1271 4305 nova
1290 4254 1488 4305 exorta
1508 4255 1617 4317 est,
1637 4252 1738 4306 sed
1764 4268 1898 4308 cum

248 4336 505 4393 maxima
551 4353 619 4392 ex
664 4341 828 4409 parte
888 4354 1015 4409 qua
1075 4336 1351 4409 pradicta
1403 4342 1562 4408 sunt,
1614 4339 1904 4412 completa

244 4426 562 4492 cernimus,
579 4426 649 4481 de
663 4425 926 4483 minimis
950 4443 1076 4498 qua
1100 4431 1323 4482 restant
1343 4427 1611 4484 dubitare
1633 4446 1748 4484 non
1770 4447 1899 4502 pos-

245 4528 473 4567 sumus.
496 4514 627 4569 Jam
660 4515 816 4569 enim
841 4519 1043 4588 gentes
1066 4520 1268 4571 contra
1287 4520 1543 4586 gentem,
1566 4522 1623 4572 et
1653 4534 1897 4590 regnum

2011 1948 2423 2006 comminatur.
2440 1947 2764 2018 Utrumque
2780 1946 2934 2002 enim
2953 1946 3215 2019 rcprobis
3232 1946 3290 2001 in
3309 1946 3408 2001 illa
3428 1946 3668 2004 tribula-

2010 2040 2166 2094 tione
2193 2037 2508 2110 continget,
2534 2036 2673 2108 quia
2694 2038 2748 2091 et
2769 2035 3215 2107 praesentialiter
3235 2035 3390 2091 mala
3407 2036 3668 2093 sustine-

2012 2129 2181 2197 bunt,
2211 2131 2265 2181 et
2291 2124 2345 2180 in
2368 2125 2562 2180 futuro
2586 2125 2809 2195 majora
2828 2124 3265 2195 exspectabunt,
3293 2125 3431 2196 quia
3447 2130 3504 2191 et
3524 2126 3668 2182 foris

2013 2234 2234 2290 poenas,
2263 2219 2318 2271 et
2347 2213 2509 2269 intus
2530 2214 2800 2269 timorem
2834 2213 3152 2281 habebunt,
3177 2230 3283 2268 nec
3304 2213 3373 2269 de
3396 2212 3669 2287 prasenti

2015 2323 2203 2378 neque
2219 2306 2288 2360 de
2306 2305 2499 2358 futuro
2523 2304 2890 2358 securitatem
2915 2301 3122 2356 anima
3139 2302 3353 2358 habere
3368 2307 3665 2374 poterunt.

2015 2396 2084 2449 Et
2112 2395 2241 2451 ideo
2274 2396 2424 2448 recte
2455 2392 2673 2447 dicitur
2697 2391 2873 2446 :«Pra
2916 2382 3132 2447 timore
3154 2395 3212 2446 et
3241 2391 3671 2464 exspectatione

2016 2501 2141 2556 qua
2175 2480 2585 2554 supervenient
2615 2480 2884 2535 universo
2915 2480 3061 2536 orbi.
3090 2501 3117 2529 »

2088 2595 2115 2622 ‹‹
2152 2572 2298 2627 Nam
2329 2571 2572 2625 virtutes
2594 2568 2872 2624 calorum
2906 2569 3327 2641 movebuntur;
3350 2574 3407 2625 et
3428 2575 3564 2626 tunc
3585 2571 3668 2626 vi-

2021 2684 2047 2711 ‹‹
2079 2662 2300 2717 debunt
2330 2658 2541 2714 Filium
2579 2657 2835 2727 hominis
2872 2658 3199 2713 venientem
3234 2658 3290 2712 in
3324 2658 3499 2726 nube,
3533 2677 3668 2715 cum

2020 2772 2047 2801 ‹‹
2080 2753 2366 2822 potestate
2413 2764 2627 2819 magna
2657 2753 2714 2802 et
2755 2747 3079 2818 majestate.
3114 2768 3142 2795 »
3173 2747 3418 2810 Quidam
3467 2747 3526 2803 in
3560 2748 3671 2804 hoc

2018 2840 2166 2905 loco,
2188 2838 2433 2892 virtutes
2456 2835 2752 2900 calorum,
2789 2834 3101 2907 magistros
3123 2838 3181 2890 et
3211 2839 3463 2892 rectores
3483 2836 3673 2893 Eccle-

2020 2928 2118 2984 sia
2150 2925 2472 2999 intelligere
2499 2923 2723 2980 volunt.
2757 2923 2817 2979 Si
2836 2924 3018 2991 enim,
3050 2922 3234 2992 aiunt,
3267 2923 3525 2981 Ecclesia
3555 2926 3673 2997 spi-

2020 3014 2309 3071 ritualiter
2357 3013 2566 3070 coelum
2598 3018 2707 3079 est,
2743 3016 2806 3068 ut
2833 3016 2923 3068 est
2970 3011 3155 3068 illud:
3209 3036 3236 3063 ‹‹
3268 3012 3491 3069 Caium
3522 3014 3667 3069 mihi

2020 3104 2186 3161 sedes
2216 3106 2306 3159 est
2347 3106 2475 3171 (Isa.
2511 3102 2656 3172 1.xvx)
2682 3119 2695 3169 ;
2730 3124 2750 3149 ι
2788 3104 2846 3157 et
2866 3118 2884 3155 :
2915 3124 2936 3150 α
2968 3101 3181 3156 Anima
3201 3101 3351 3172 justi
3382 3103 3549 3158 sedes
3578 3107 3669 3158 est

2018 3193 2321 3265 sapientia
2342 3192 2493 3262 (Sap.
2526 3192 2645 3261 v11),
2684 3212 2710 3238 n
2744 3206 2858 3245 non
2890 3189 3209 3262 incongrue
3229 3190 3470 3246 virtutes
3492 3190 3668 3247 coelo-

2013 3298 2144 3336 rum
2178 3286 2427 3335 rectores
2470 3278 2733 3333 Ecclesia
2764 3276 3194 3351 intelliguntur,
3226 3278 3483 3351 episcopi
3512 3279 3668 3335 scili-

2014 3373 2103 3425 cet
2153 3374 2207 3423 et
2252 3368 2604 3423 sacerdotes.
2650 3367 2718 3421 Et
2747 3367 2819 3422 de
2849 3366 2943 3421 his
2987 3366 3237 3439 intelligi
3276 3367 3480 3422 volunt
3509 3370 3667 3439 quod

2014 3458 2297 3529 scriptum
2324 3460 2414 3512 est
2442 3472 2453 3508 :
2488 3455 2689 3527 Angeli
2716 3454 3332 3528 territipurgabuntur
3367 3457 3495 3527 (lsa.
3528 3457 3665 3529 xu),

2013 3545 2351 3619 angelorum
2376 3544 2609 3601 nomine
2637 3560 2814 3616 super
2840 3545 3172 3599 sacerdotes
3194 3544 3667 3616 interpretantes,

2004 3636 2177 3706 juxta
2206 3634 2349 3689 illud
2381 3632 2704 3688 Malachia:
2733 3655 2759 3681 ‹‹
2788 3632 2967 3687 Labia
2989 3633 3307 3687 sacerdotis
3328 3634 3672 3689 custodiunt

2013 3722 2339 3789 scientiam,
2373 3728 2429 3777 et
2458 3721 2643 3793 legem
2670 3721 2974 3793 requirunt
2994 3737 3061 3776 ex
3086 3737 3184 3776 ore
3216 3722 3361 3792 ejus,
3398 3721 3539 3794 quia
3563 3739 3668 3776 an-

2012 3809 2178 3884 gelus
2209 3809 2439 3866 Domini
2470 3808 2830 3864 exercituum
2863 3814 2952 3863 est
2978 3809 3224 3879 (Malach.
3254 3812 3383 3876 11).»
3407 3813 3671 3866 Commo-

2011 3899 2129 3955 veri
2169 3904 2364 3955 autem
2400 3898 2639 3953 virtutes
2666 3896 2945 3975 calorum
2979 3896 3273 3964 dicuntur,
3308 3898 3448 3971 quia
3477 3896 3534 3952 in
3568 3898 3668 3955 illo

2011 3987 2276 4044 districto
2297 3986 2522 4059 judicio
2553 3986 2727 4042 etiam
2764 3985 3041 4057 prasules
3073 3984 3455 4041 ecclesiarum
3487 3987 3667 4041 ratio—

2012 4093 2144 4133 nem
2164 4075 2460 4132 exsolvant
2478 4092 2591 4129 non
2612 4074 2801 4129 solum
2820 4092 2921 4146 pro
2945 4074 3068 4130 suis
3091 4074 3339 4141 actibus,
3364 4075 3465 4131 sed
3487 4075 3662 4132 etiam

2011 4182 2114 4238 pro
2146 4163 2480 4220 commissis
2512 4163 2621 4218 sibi
2654 4164 2987 4229 animabus,
3035 4163 3188 4219 sicut
3233 4163 3518 4218 Dominus
3548 4163 3661 4219 ait:

2010 4253 2243 4309 Homini
2260 4252 2352 4307 cui
2376 4250 2626 4306 multum
2647 4249 3029 4306 commissum
3052 4255 3161 4319 est,
3183 4250 3434 4307 multum
3459 4252 3668 4324 quaeri-

2012 4347 2107 4398 tur
2128 4343 2198 4397 ab
2225 4358 2311 4397 eo.
2340 4342 2409 4395 Et
2433 4340 2517 4395 sic
2543 4338 2656 4394 alia
2678 4337 2980 4409 Scriptura
2999 4337 3142 4393 dicit
3169 4354 3182 4394 :
3223 4363 3243 4388 ι
3272 4339 3540 4396 Potentes
3562 4357 3664 4412 po-

2009 4436 2197 4487 tenter
2247 4433 2536 4485 tormenta
2584 4426 2893 4498 patientur.
2928 4426 3079 4498 (Sap.
3112 4431 3213 4496 v1).
3242 4450 3269 4477 »
3304 4428 3421 4483 Nos
3469 4434 3666 4485 autem

2007 4520 2252 4576 virtutes
2295 4517 2573 4572 calorum
2624 4514 2953 4587 specialiter
2992 4515 3049 4571 in
3081 4515 3189 4573 hoc
3222 4516 3368 4585 loco,
3404 4517 3663 4591 angelos,

244 4599 524 4655 adversus
539 4617 783 4673 regnum
798 4603 1139 4671 surrexisse,
1163 4608 1229 4658 ut
1247 4602 1503 4659 vidimus
1519 4608 1576 4660 et
1593 4606 1890 4675 audimus,
1925 4623 1969 4687 D
2001 4606 2406 4679 archangelos.
2439 4603 2704 4670 thronos,
2728 4604 3178 4672 dominationes,
3201 4604 3467 4675 virtutes,
3500 4604 3666 4678 prin-

239 4690 610 4743 terramotus
632 4704 735 4760 per
762 4688 889 4745 loca
910 4691 1092 4747 fuisse
1113 4690 1331 4762 experti
1354 4709 1588 4747 sumus:
1622 4692 1893 4765 pestilen-

239 4774 375 4843 tias,
408 4780 465 4831 et
493 4776 700 4845 fames,
735 4781 1100 4852 terroresque
1125 4781 1196 4835 de
1218 4779 1381 4849 ccelo,
1407 4785 1464 4835 et
1488 4781 1658 4853 signa
1680 4797 1894 4854 magna

241 4862 424 4919 fuisse
443 4881 557 4919 non
578 4865 920 4938 ignoramus
942 4885 954 4923 :
981 4868 1151 4941 signa
1172 4869 1229 4924 in
1252 4869 1371 4924 sole
1392 4874 1450 4924 et
1469 4868 1609 4924 luna
1629 4874 1685 4925 et
1704 4868 1892 4924 stellis

242 4968 277 5007 a
306 4951 663 5023 quibusdam
696 4954 1028 5025 frequenter
1057 4957 1182 5013 visa
1203 4975 1330 5015 esse
1350 4959 1681 5013 referuntur
1706 4974 1720 5012 :
1753 4974 1889 5012 con—

243 5038 393 5094 fusio
408 5045 604 5095 autem
625 5041 854 5096 sonitus
874 5044 1051 5099 maris
1071 5049 1127 5099 et
1144 5046 1320 5102 fluctu
1332 5063 1449 5111 um,
1466 5046 1602 5117 quia
1627 5046 1886 5101 nondum

241 5127 417 5195 venit,
452 5128 578 5184 sine
628 5128 804 5183 dubio
834 5146 1076 5185 ventura
1118 5135 1393 5190 creditur.
1436 5136 1699 5190 Tradunt
1729 5135 1887 5191 enim

242 5215 529 5285 nonnulli,
554 5217 710 5289 quod
749 5216 902 5273 circa
925 5218 1101 5273 ﬁnem
1123 5222 1319 5277 saculi
1352 5240 1531 5291 mare,
1561 5224 1806 5279 flumina
1834 5229 1891 5280 et

241 5303 432 5371 rivuli,
448 5305 620 5376 juxta
639 5303 978 5376 qualitatem
1006 5310 1061 5361 et
1088 5308 1473 5378 quantitatem
1497 5330 1689 5380 suam,
1722 5329 1889 5369 voces

240 5397 295 5448 et
313 5394 573 5465 mugitus
598 5394 884 5460 e'nittent,
911 5393 1211 5449 interitum
1235 5394 1781 5470 suum'quibusdam
1806 5402 1890 5457 lu-

239 5483 460 5537 ctuosis
490 5482 730 5537 vocibus
750 5481 1139 5553 deplorantes,
1173 5488 1228 5538 et
1250 5499 1353 5555 per
1372 5485 1477 5540 hoc
1506 5506 1616 5543 non
1643 5509 1884 5561 parvum

160 5638 169 5643 ἡ
239 5568 508 5626 timorem
521 5566 860 5627 hominibus
873 5570 1250 5627 audientibus
1263 5571 1883 5641 incutient.Quiaenim

239 5657 435 5716 omnia
464 5658 716 5715 ﬁnienda
748 5664 904 5727 sunt,
930 5658 1082 5716 circa
1106 5660 1280 5716 ﬁnem
1304 5661 1499 5716 saculi
1522 5664 1715 5720 omnia
1736 5684 1888 5722 com-

2002 4697 2229 4769 cipatus
2258 4699 2314 4750 et
2344 4697 2681 4765 potestates,
2717 4693 3020 4750 cherubim
3052 4699 3109 4750 et
3129 4693 3426 4766 seraphim
3451 4695 3663 4767 accipi-

2002 4800 2159 4851 mus,
2191 4783 2264 4837 de
2294 4781 2511 4854 quibus
2533 4780 2818 4854 scriptum
2841 4786 2965 4838 est:
3000 4803 3020 4830 α
3046 4782 3301 4838 Laudate
3327 4782 3659 4851 Dominum,

2000 4889 2205 4928 omnes
2220 4870 2407 4943 angeli
2429 4872 2578 4943 ejus,
2604 4870 2840 4927 laudate
2860 4887 3016 4937 eum,
3041 4886 3246 4926 omnes
3267 4871 3510 4927 virtutes
3532 4872 3660 4943 ejus

2000 4962 2168 5029 (Psal.
2201 4960 2449 5032 cx1.v111).
2479 4984 2506 5009 ››
2540 4963 2672 5026 Qua
2697 4960 2940 5014 virtutes
2962 4959 3177 5015 moveri
3200 4960 3495 5026 dicuntur,
3520 4961 3661 5033 quia

1999 5050 2189 5122 angeli
2228 5067 2343 5104 non
2368 5048 2559 5105 solum
2585 5049 2897 5103 adventum
2926 5047 3159 5103 Domini
3190 5049 3654 5117 comitabuntur,

1998 5139 2099 5194 sed
2114 5138 2290 5193 etiam
2314 5154 2601 5210 pracessu
2613 5136 2655 5189 ri
2672 5140 2831 5202 sunt,
2848 5134 2999 5190 sicut
3014 5136 3296 5194 Dominus
3313 5136 3394 5192 ait
3407 5138 3465 5192 in
3477 5138 3659 5216 Evan-

1999 5225 2149 5298 gelio
2179 5244 2192 5283 :
2218 5249 2244 5273 ‹‹
2282 5227 2471 5281 Mittet
2493 5223 2674 5279 Filius
2694 5222 2951 5279 hominis
2979 5224 3218 5298 angelos
3240 5242 3402 5298 suos,
3424 5231 3482 5283 et
3502 5226 3661 5282 colli-

1998 5320 2136 5387 gent
2165 5316 2235 5371 de
2269 5331 2444 5386 regno
2468 5314 2595 5382 ejus
2617 5311 2816 5367 omnia
2837 5314 3116 5369 scandala
3146 5315 3350 5386 (Matth.
3382 5333 3501 5371 x111.
3531 5339 3558 5365 ››
3585 5317 3655 5371 Et

1999 5402 2209 5459 iterum
2235 5421 2248 5458 :
2306 5426 2332 5453 (ι
2363 5400 2614 5456 Exibunt
2646 5400 2857 5473 angeli,
2889 5408 2945 5458 et
2974 5404 3334 5475 separabunt
3364 5402 3551 5460 malos
3581 5404 3654 5459 de

1999 5493 2188 5549 medio
2211 5493 2530 5562 justorum.
2555 5511 2580 5537 ››
2609 5489 2678 5543 Et
2700 5489 2837 5544 alibi
2868 5508 2880 5544 :
2914 5512 2939 5542 (ι
2962 5491 3246 5546 Dominus
3270 5491 3652 5563 adjudicium

1994 5582 2184 5636 veniet
2214 5594 2347 5635 cum
2382 5578 2622 5632 senibus
2655 5578 2781 5649 (Ιδιι.
2818 5583 2921 5647 111).
2962 5604 2989 5630 ››
3036 5581 3104 5635 Et
3135 5578 3443 5637 Salomon:
3477 5604 3504 5631 ‹‹
3538 5580 3653 5635 No-

1995 5670 2129 5724 bilis
2164 5669 2221 5722 in
2254 5665 2435 5739 portis
2456 5666 2545 5721 vir
2574 5668 2700 5739 ejus
2725 5669 2958 5739 quando
2980 5668 3193 5725 sederit
3214 5685 3347 5723 cum
3374 5668 3652 5727 senatori-
