4070 6190
302 376 378 436 27
862 368 1270 432 HAYMONIS
1314 367 1854 430 HALBEBSTA'I‘.
1903 366 2148 428 EPISC.
2195 367 2366 429 OPP.
2413 369 2612 432 PARS
2657 370 2735 432 II.
2770 405 2846 416 --
2875 371 3145 434 HOMIL.

3629 371 3712 432 28

301 509 471 567 saliet
505 505 658 564 sicut
713 521 918 563 cervus
963 501 1207 560 claudus
1257 501 1461 572 (Ibid).
1489 525 1516 551 ››
1548 534 1614 542 —-
1649 525 1676 551 ‹‹
1707 501 1941 574 Leprosi
1972 498 2367 572 Ajustitiam,
2403 502 2682 575 quoniam
2714 503 2825 576 ipsi
2869 503 3294 561 saturabuntur
3338 501 3538 578 (Ibid).
3575 526 3604 555 »
3641 535 3708 546 —

301 600 684 662 mundantur,
721 620 747 646 »
781 595 919 669 quia
962 595 1115 650 sicut
1165 611 1268 666 per
1314 593 1658 666 prophetam
1707 591 1947 646 dicitur:

300 712 328 741 ‹‹
364 695 494 763 Ipse
524 687 861 760 iniquitates
893 690 1125 740 nostras
1157 683 1306 748 tulit,
1332 682 1950 754 etlanguoresnostros

301 780 425 853 ipse
457 777 724 850 portavit,
758 777 927 847 cujus
959 774 1135 828 livore
1166 772 1356 828 sanati
1388 787 1595 826 sumus
1619 774 1748 841 (Isa.
1777 770 1947 840 LIII).<<

296 901 365 909 —
393 892 419 918 ‹‹
452 867 624 923 Surdi
655 865 922 930 audiunt,
959 888 985 913 ››
1023 867 1084 918 ut
1115 862 1426 934 impleatur
1453 883 1477 908 ‹‹
1512 861 1580 914 Et
1612 875 1782 914 aures
1815 876 1946 912 sur-

295 959 505 1013 dorum
539 956 821 1027 patebunt
859 959 988 1022 (Isa.
1040 953 1230 1022 xxxv).
1265 973 1291 1000 ››
1327 982 1391 990 -
1425 972 1450 998 ‹‹
1485 947 1717 1014 Mortui,
1754 965 1944 1003 resur-

294 1051 464 1118 gunt,
502 1069 528 1093 ››
564 1050 626 1100 ut
656 1043 969 1115 impleatur
999 1041 1174 1095 illud:
1211 1063 1236 1088 ‹‹
1270 1039 1476 1094 Vivent
1508 1037 1742 1106 mortui,
1765 1037 1948 1092 inter-

293 1135 428 1190 fecti
487 1133 602 1190 mei
660 1136 964 1203 resurgent
1021 1131 1144 1196 (Isa.
1207 1138 1376 1190 xxvn.
1414 1152 1441 1177 ››
1486 1160 1550 1168 -
1597 1152 1623 1177 ‹‹
1657 1129 1945 1198 Pauperes

290 1223 784 1295 evangelizantur,
820 1245 845 1269 »ι
873 1225 936 1274 ut
951 1219 1184 1273 illorum
1201 1218 1593 1273 ministerium
1609 1217 1943 1289 impleatur,

289 1315 361 1368 de
391 1314 607 1385 quibus
640 1311 880 1365 dicitur:
917 1332 943 1357 ‹‹
963 1307 1678 1362 Dominusdabitverbum
1703 1327 1945 1381 evange-

290 1403 605 1459 lizantibus
637 1400 910 1453 virtutem
963 1397 1209 1452 multam
1241 1398 1411 1465 (Psal.
1467 1397 1656 1469 van),
1693 1422 1720 1446 ››
1757 1398 1940 1471 Spiri-

287 1491 524 1547 tualiter
555 1493 748 1542 autem
793 1488 1049 1542 Joannes
1094 1487 1322 1541 vinctus
1356 1486 1412 1540 in
1467 1503 1716 1553 carcere,
1753 1488 1938 1560 legem

287 1579 580 1652 signiﬁcat
610 1577 862 1632 vinctam
896 1577 950 1630 in
969 1574 1242 1630 cordibus
1267 1575 1624 1642 Judaeorum,
1653 1594 1778 1648 quae
1799 1577 1938 1633 dum

205 1682 212 1686 '
284 1687 400 1724 non
433 1665 835 1740 Spiritualiter,
858 1665 956 1721 sed
972 1663 1748 1738 carnaliterintelligebatur,
1771 1669 1936 1738 quasi

157 1803 170 1812 .
215 1805 223 1807 μ
281 1756 578 1814 vinculata
618 1760 676 1810 et
719 1755 900 1826 ligata
941 1754 1196 1824 jacebat.
1233 1776 1259 1802 ‹‹
1295 1753 1453 1809 Misit
1501 1771 1636 1828 ergo
1683 1756 1938 1813 Joannes

2063 614 2089 639 ‹‹
2126 591 2337 646 Mortui
2371 597 2741 665 resurgunt,»
2759 592 2816 648 id
2831 592 3030 664 est,illi
3044 592 3140 665 qui
3157 591 3324 664 quasi
3338 593 3710 649 insensibiles

2062 679 2120 734 in
2152 681 2407 752 peccatis
2440 681 2654 736 mortui
2665 683 2958 752 jacebant,
2979 682 3304 737 econtrario
3324 683 3589 739 membra
3605 701 3715 740 sua

2060 770 2501 837 mortiﬁcantes,
2523 770 2904 842 spiritualitcr
2928 771 3115 826 vivere
3137 770 3446 843 incipiunt,
3467 777 3522 827 et
3547 772 3714 829 mise-

2059 860 2370 916 ricordiam
2403 877 2580 931 quam
2613 859 2671 914 in
2705 877 2766 916 se
2812 860 3030 932 experti
3079 863 3239 928 sunt,
3274 859 3405 916 aliis
3442 861 3618 917 etiam
3655 863 3712 918 in

2058 947 2354 1022 quantum
2378 949 2692 1021 praevalent
2722 948 3092 1021 impendunt,
3125 947 3424 1020 cupientes
3469 950 3712 1022 implere

2056 1038 2200 1093 illud
2233 1039 2570 1110 Scripturaz:
2608 1061 2635 1088 ‹‹
2665 1037 2938 1094 Miserere
2969 1037 3176 1092 animae
3209 1042 3320 1093 tuae
3336 1038 3574 1111 placens
3591 1040 3708 1096 Deo

2057 1129 2197 1198 (Ecc.
2248 1133 2402 1196 xxx),
2438 1150 2465 1177 ››
2499 1134 2564 1182 ut
2608 1127 2924 1199 impleatur
2971 1127 3030 1182 in
3063 1127 3173 1182 eis:
3210 1150 3237 1176 «
3272 1127 3429 1183 Beati
3481 1127 3708 1184 miseri-

2054 1219 2280 1284 cordes,
2312 1217 2590 1290 quoniam
2623 1217 2733 1289 ipsi
2764 1216 3229 1272 misericordiam
3273 1221 3710 1289 consequentur

2056 1308 2259 1379 (Matth.
2292 1308 2368 1378 ν).
2406 1330 2433 1355 ››
2465 1338 2532 1346 —-
2559 1329 2585 1357 «
2619 1306 2909 1378 Pauperes
2942 1305 3435 1378 evangelizantur,
3457 1330 3481 1354 ››
3507 1306 3562 1362 id
3598 1313 3705 1377 est,

2052 1397 2137 1452 illi
2169 1397 2268 1468 qui
2303 1395 2616 1451 virtutibus
2645 1399 2852 1450 tenues
2881 1399 3128 1450 erantet
3158 1411 3444 1466 pauperes
3474 1399 3532 1451 et
3555 1395 3708 1451 vitiis

2053 1484 2282 1558 repleti:
2346 1501 2501 1539 nunc
2555 1482 2879 1538 econtrario
2939 1488 3005 1538 ut
3047 1483 3104 1538 in
3138 1483 3280 1539 ccelo
3326 1483 3709 1540 thesaurizari

2051 1574 2299 1646 possint,
2333 1571 2683 1645 temporales
2695 1571 2927 1628 divitias
2942 1576 3346 1639 contemnunt,
3366 1575 3422 1628 et
3434 1590 3538 1645 per
3553 1591 3710 1630 com-

2052 1663 2390 1718 munionem
2424 1661 2724 1718 charitatis
2757 1667 2810 1716 et
2834 1660 3090 1732 Spiritus
3112 1661 3296 1716 sancti
3315 1661 3706 1734 gratiam,bo-

2051 1771 2191 1808 num
2225 1754 2379 1824 quod
2413 1750 2764 1816 didicerunt,
2798 1749 2929 1805 aliis
2951 1750 3299 1806 annuntiare
3314 1767 3426 1806 non
3447 1757 3702 1819 cessant,

282 1849 430 1903 duos
460 1843 783 1916 discipulos
815 1843 886 1898 ad
917 1842 1930 1916 Christum,utinterrogarenteum:
1966 1873 2012 1938 Β
2048 1847 2112 1897 ut
2141 1842 2455 1914 impleatur
2487 1841 2543 1895 in
2576 1839 2692 1895 eis:
2741 1839 2901 1894 Beati
2949 1840 3128 1911 pedes
3177 1839 3701 1912 evangelizantium

279 1938 361 1993 Tu
394 1953 456 1991 es
486 1934 585 2007 qui
617 1936 896 1988 venturus
920 1949 1091 1998 es,an
1106 1931 1284 1986 alium
1301 1935 1935 2004 exspectamus‘.’»Misit

279 2031 337 2082 et
366 2025 458 2081 lex
487 2023 716 2079 Soribas
747 2027 801 2076 et
830 2022 1174 2089 Pharisaeos,
1198 2022 1297 2094 qui
1321 2021 1932 2080 Salvatoreminterro-

280 2118 513 2187 garent:
551 2135 578 2162 «
607 2112 669 2168 Si
698 2117 763 2166 tu
797 2128 858 2166 es
888 2110 1175 2175 Christus,
1211 2109 1302 2166 dic
1331 2111 1501 2166 nobis
1531 2111 1721 2182 palam
1752 2114 1926 2185 (Joan.

279 2207 356 2272 χ).
394 2227 420 2253 ››
453 2203 521 2258 Et
544 2201 793 2266 iterum;
829 2223 856 2249 ‹‹
891 2200 992 2256 Dic
1026 2200 1194 2255 nobis
1239 2199 1296 2255 in
1329 2217 1446 2272 qua
1493 2205 1776 2272 potestate
1807 2204 1928 2260 haec

278 2292 422 2348 facis
457 2292 605 2364 (Luc.
627 2293 742 2358 xx).
779 2312 806 2338 »
837 2288 1059 2353 Quibus
1089 2306 1343 2362 congrue
1374 2307 1406 2344 a
1428 2290 1674 2346 Domino
1696 2309 1930 2364 respon-

278 2383 475 2436 detur:
511 2403 537 2429 ‹‹
566 2380 779 2434 Euntes
810 2381 1140 2433 renuntiate
1169 2377 1381 2433 Joanni
1415 2397 1542 2451 quae
1592 2381 1842 2438 audistis
1872 2387 1928 2438 et

276 2469 536 2526 vidistis:
571 2490 599 2520 »
633 2499 700 2508 --
734 2491 761 2517 ‹‹
797 2467 940 2522 Caeci
970 2466 1186 2530 vident,
1221 2471 1382 2522 etc.»
1414 2468 1519 2524 Per
1540 2469 1647 2525 has
1677 2472 1929 2528 enimin-

278 2558 584 2614 ﬁrmitates
615 2573 947 2629 corporum,
971 2555 1241 2611 debilitas
1254 2559 1582 2612 animarum
1599 2558 1926 2631 signiﬁcata

275 2648 767 2705 est.Inﬁrmorum
781 2662 912 2699 vero
927 2643 1256 2700 curationes
1271 2647 1795 2719 enumeravit,quia
1808 2667 1924 2705 non

273 2738 430 2793 venit
458 2753 662 2792 vocare
684 2737 902 2806 justos,
934 2734 1034 2789 sed
1068 2738 1398 2805 peccatores
1411 2737 1922 2808 ad,’pceniteutiam.

272 2827 365 2882 Ait
395 2825 581 2882 enim:
616 2848 643 2875 ‹‹
678 2824 820 2879 Caeci
851 2823 1066 2889 vident,
1106 2845 1132 2872 ››
1165 2840 1231 2878 ac
1262 2823 1313 2878 si
1340 2825 1496 2879 dicat
1525 2825 1656 2881 aliis
1699 2827 1918 2883 verbis:

273 2916 406 2971 Jam
436 2919 670 2986 tempus
701 2911 898 2985 gratiae
921 2928 1061 2967 meae
1076 2911 1922 2985 apparuit,quoverumlumen

273 3003 655 3077 resplendens
685 3001 744 3056 in
774 3001 1018 3068 mundo,
1041 3018 1242 3056 eorum
1256 3001 1454 3058 oculos
1468 3004 1566 3075 qui
1592 3004 1921 3076 intenebris

273 3095 330 3148 et
361 3092 417 3146 in
451 3091 660 3146 umbra
691 3089 899 3145 mortis
929 3090 1209 3146 sedebant
1241 3089 1552 3161 illuminet,
1588 3097 1644 3149 et
1673 3099 1920 3169 purgato

274 3181 488 3237 mentis
519 3178 707 3245 oculo,
746 3178 911 3233 illum
959 3179 1218 3251 aspicere
1266 3181 1570 3254 incipiant,
1620 3184 1717 3256 qui
1749 3184 1830 3240 ait
1860 3185 1917 3240 in

2045 1948 2270 2004 pacem,
2326 1928 2855 2002 evangelizantium
2914 1929 3068 1983 bona
3123 1930 3296 2001 (Rom.
3346 1931 3432 1998 x):
3485 1935 3541 1985 et
3599 1931 3698 2003 qui

2041 2025 2175 2076 ante
2197 2019 2512 2074 virtutibus
2542 2034 2829 2090 pauperes
2876 2021 3042 2072 erant
3072 2020 3130 2072 et
3159 2017 3347 2084 vacui,
3400 2035 3554 2073 nunc
3604 2020 3698 2074 in-

2040 2109 2259 2181 cipiant
2288 2125 2417 2163 esse
2448 2123 2733 2178 pauperes
2778 2105 3010 2177 spiritu,
3065 2109 3130 2160 ut
3161 2105 3218 2160 in
3251 2106 3337 2160 eis
3385 2105 3702 2178 impleatur

2039 2199 2193 2271 quod
2226 2197 2510 2253 Dominus
2542 2195 2622 2251 ait
2659 2194 2717 2248 in
2767 2194 3108 2267 Evangelio:
3149 2215 3176 2245 «
3213 2194 3370 2249 Beati
3411 2212 3700 2268 pauperes

2037 2287 2270 2360 spiritu,
2332 2284 2606 2358 quoniam
2664 2283 2929 2355 ipsorum
2974 2287 3064 2339 est
3123 2300 3368 2356 regnum
3417 2283 3696 2341 calorum

2038 2377 2246 2450 (Matth.
2281 2377 2355 2447 V).
2393 2398 2420 2425 ››

2108 2490 2134 2516 ‹‹
2164 2467 2232 2521 Et
2262 2466 2470 2520 beatus
2487 2462 2688 2534 estqui
2706 2479 2820 2518 non
2835 2461 3008 2517 fuerit
3021 2461 3525 2518 scandalizatusin
3542 2481 3690 2520 me.»

2036 2554 2344 2613 Conclusio
2375 2553 2486 2608 ista
2518 2551 2750 2607 Domini
2777 2551 2847 2606 ad
2881 2551 3397 2623 interrogationem
3447 2551 3692 2609 Joannis

2035 2646 2304 2720 pertinet.
2338 2644 2417 2698 De
2439 2645 2625 2698 morte
2638 2640 2795 2697 enim
2814 2658 2922 2697 sua
2936 2640 3277 2712 requisitus,
3294 2640 3483 2712 primo
3501 2641 3692 2714 signo-

2033 2752 2165 2790 rum
2197 2733 2440 2788 virtutes
2492 2729 2874 2796 enumeravit,
2909 2735 2964 2784 et
3015 2733 3218 2802 postea
3264 2731 3335 2786 ad
3382 2729 3491 2786 hoc
3533 2733 3689 2803 quod

2032 2823 2352 2896 inquisitus
2385 2818 3154 2891 fueratrespondit,dicens:
3190 2841 3218 2869 κ
3234 2819 3445 2874 Beatus
3461 2818 3690 2891 quinon

2032 2911 2208 2970 fuerit
2237 2909 2669 2968 scandalizatus
2703 2909 2760 2964 in
2795 2925 2908 2977 me,
2949 2931 2974 2958 »
3005 2908 3064 2963 id
3099 2913 3186 2964 est
3215 2908 3274 2964 in
3310 2925 3442 2964 mea
3482 2915 3690 2967 morte.

2028 3005 2109 3059 Ac
2141 3002 2188 3059 si
2222 3001 2463 3058 diceret:
2501 2999 2647 3056 Mira
2677 2998 2914 3070 quidem
2929 3000 3361 3070 etmagnasunt
3377 3015 3505 3069 quae
3521 2999 3688 3069 facio,

2032 3092 2172 3165 quia
2201 3090 2368 3148 caecis
2400 3088 2612 3155 visum,
2628 3086 2823 3144 surdis
2837 3086 3129 3152 auditum,
3148 3085 3373 3140 claudis
3389 3101 3685 3155 gressum,

2031 3181 2279 3238 mortuis
2309 3179 2486 3234 vitam
2522 3177 2796 3242 restituo;
2831 3175 2931 3230 sed
2966 3179 3158 3228 tamen
3191 3189 3325 3226 cum
3351 3172 3471 3225 hsce
3488 3172 3687 3228 omnia

272 3269 613 3342 Evangelio:
649 3292 676 3317 ‹‹
712 3269 825 3340 Ego
854 3285 985 3324 sum
1019 3267 1118 3323 lux
1148 3269 1354 3326 mundi
1388 3246 1564 3337 lloan.
1617 3246 1757 3340 vni),
1794 3296 1821 3323 »
1855 3278 1921 3328 ut,
1949 3246 1992 3313 Ο
2030 3269 2260 3332 faciam,
2291 3267 2360 3322 ad
2392 3265 2665 3320 ultimum
2694 3265 2937 3316 mortem
2971 3277 3074 3330 pro
3098 3258 3586 3332 humanigeneris
3602 3278 3686 3317 re-

272 3358 586 3430 impleatur
615 3357 673 3412 in
707 3357 820 3412 eis:
856 3357 1915 3431 uBeatimundocorde,quoniamipsi

271 3451 454 3501 Deum
487 3444 769 3499 videbunt
796 3444 1093 3514 (Matth.v).
1129 3467 1156 3493 ››
1207 3476 1256 3485 α-
1289 3445 1532 3501 «Claudi
1556 3446 1916 3503 ambulant.»

269 3539 388 3590 Hoc
418 3538 526 3604 est,
562 3533 648 3587 illi
679 3532 850 3604 quiin
865 3532 1506 3601 viaDeiclaudicabant,
1534 3553 1687 3590 nunc
1702 3536 1918 3591 utrius-

270 3640 384 3694 que
415 3621 776 3678 Testamenti
811 3621 1078 3675 instructi
1109 3619 1373 3687 lectione,
1409 3626 1466 3676 et
1497 3622 1919 3680 dilectioncDei

270 3718 328 3769 et
355 3710 966 3784 proximiconﬁrmati,
981 3713 1318 3782 etgressum
1336 3711 1547 3765 mentis
1571 3712 1806 3769 ﬁrmum
1823 3714 1922 3770 ha-

270 3803 495 3868 bentes,
527 3800 681 3854 viain
695 3799 1103 3853 mandatorum
1121 3797 1218 3852 Dei
1233 3803 1493 3864 currunt,
1510 3803 1565 3854 et
1586 3801 1656 3856 de
1678 3802 1922 3858 terrenis

271 3891 344 3946 ad
374 3888 668 3945 ccelestem
690 3886 939 3958 patriam
961 3886 1260 3958 pervenire
1273 3887 1574 3954 festinant,
1611 3890 1922 3962 utimplea-

271 3984 370 4034 tur
399 3978 457 4032 in
489 3978 606 4032 eis:
642 4000 669 4026 ‹‹
705 3976 863 4030 Beati
897 3975 1383 4046 mites,quoniam
1405 3975 1514 4048 ipsi
1539 3979 1926 4048 possidebunt

269 4071 488 4121 terram
517 4065 724 4129 (Matth.
759 4065 831 4134 ν).
871 4087 898 4110 ››
931 4095 999 4102 -
1022 4064 1921 4138 «Leprosimundantur,»idest,

272 4153 356 4210 illi
389 4151 676 4224 quivariis
691 4154 1062 4223 peccatorum
1078 4151 1739 4211 facinoribusimmundi
1757 4160 1812 4212 et
1825 4157 1924 4213 fce-

272 4241 394 4297 dati
425 4245 610 4307 erant,
626 4257 851 4296 necnon
870 4257 972 4312 per
984 4240 1346 4313 baptismum
1369 4246 1426 4298 et
1450 4245 1848 4315 paenitentiam
1864 4263 1926 4301 se

272 4330 568 4404 puriﬁcari
601 4329 956 4398 desiderant,
973 4333 1155 4384 etnon
1180 4329 1375 4387 solum
1389 4332 1458 4387 de
1477 4333 1783 4404 praeteritis
1801 4352 1928 4406 pec-

273 4419 418 4476 catis
451 4419 677 4491 lugent,
709 4419 808 4474 sed
840 4418 1015 4474 etiam
1049 4437 1152 4491 pro
1186 4421 1310 4474 vita:
1363 4426 1588 4476 aeternas
1636 4423 1926 4479 desiderio

275 4508 593 4580 suspirant,
628 4512 685 4563 et
713 4507 772 4562 in
805 4507 1098 4581 prosperis
1128 4508 1541 4577 humilitatem,
1575 4517 1630 4566 et
1662 4513 1928 4568 inadver-

2029 3355 2364 3427 demptione
2394 3351 2685 3407 sustinere
2717 3366 2833 3405 non
2865 3347 3165 3421 dedignor.
3200 3348 3269 3402 Et
3313 3364 3549 3404 necesse
3595 3355 3684 3406 est

2029 3442 2390 3509 hominibus,
2427 3445 2489 3495 ut
2509 3440 2609 3510 qui
2642 3439 2701 3493 in
2733 3437 3385 3509 mesignavenerantur,
3419 3439 3487 3493 ad
3504 3456 3680 3494 suum

2029 3531 2370 3590 scandalum
2405 3534 2650 3584 mortem
2685 3528 2743 3581 in
2775 3543 2866 3582 me
2917 3544 3028 3582 non
3080 3525 3424 3598 despiciant.
3478 3527 3680 3584 Plures

2030 3623 2188 3679 enim
2221 3621 2474 3684 fuerunt,
2509 3617 2607 3689 qui
2641 3635 2774 3672 cum
2808 3615 2971 3688 prius
3003 3615 3687 3673 Dominivirtutesmira-

2033 3715 2256 3778 rentur,
2291 3713 2538 3763 mortem
2574 3705 2980 3779 turpissimam
3014 3704 3204 3760 crucis
3231 3705 3288 3760 in
3321 3721 3387 3761 eo
3419 3706 3690 3778 despexe-

2032 3804 2189 3856 runt.
2220 3797 2377 3852 Visis
2408 3800 2604 3852 autem
2637 3799 2722 3851 tot
2750 3793 2936 3867 signis
2950 3794 3690 3866 tantisquevirtutibusmi-

2034 3887 2364 3944 raculorum
2408 3903 2522 3940 non
2582 3882 2964 3940 scandalizari
3022 3883 3270 3954 quisque
3314 3884 3523 3955 potuit,
3586 3885 3687 3940 sed

2034 3976 2331 4034 admirari.
2369 3975 2480 4031 Sed
2515 3991 2679 4029 mens
2728 3971 3054 4028 inﬁdelium
3110 3986 3283 4044 grave
3323 3977 3524 4027 contra
3554 3989 3689 4028 eum

2035 4062 2906 4138 sumpsitscandalum,quando
2921 4060 3423 4133 postenumeratis
3437 4061 3687 4117 miracu-

2034 4157 2225 4212 lorum
2257 4154 2465 4227 signis,
2497 4169 2632 4207 eum
2646 4148 3293 4222 comprehendi,ligari,
3316 4149 3691 4223 flagellari,et

2037 4245 2094 4300 in
2128 4242 2394 4316 sepulcro
2449 4240 2715 4296 collocari
2763 4239 3080 4310 conspexit.
3131 4239 3688 4295 Scandalizabantur

2037 4350 2270 4406 quoque
2285 4332 2520 4404 quando
2533 4346 2666 4385 eum
2704 4345 2878 4400 quem
2893 4333 3157 4384 mortuos
3173 4329 3556 4385 suscitantem
3591 4346 3685 4385 as-

2038 4425 2336 4495 pexerant,
2372 4423 2671 4475 mortuum
2703 4417 2994 4472 videbant.
3030 4417 3108 4472 De
3138 4417 3355 4488 quibus
3385 4418 3468 4473 ait
3496 4419 3684 4489 Apos-
3755 4424 3779 4446 ‘

2037 4512 2190 4568 tolus
2207 4510 2381 4565 :«Nos
2393 4505 2993 4578 autempraedicamus
3007 4505 3305 4560 Christum
3319 4505 3684 4572 cruciﬁxum,

275 4597 358 4652 sis
393 4596 732 4667 patientiam
769 4602 1020 4664 servant,
1055 4601 1119 4652 ut
1150 4597 1465 4670 impleatur
1495 4599 1551 4652 in
1571 4598 1686 4654 eis:
1716 4621 1744 4649 «
1768 4601 1924 4656 Beati

2043 4600 2254 4656 Iudaeis
2280 4594 2917 4667 scandalum‘quidem,
2951 4594 3226 4667 gentibus
3257 4598 3452 4649 autem
3493 4594 3686 4650 stulti-

275 4685 525 4758 paciﬁci,
560 4684 840 4756 quoniam
873 4685 999 4740 Filii
1032 4685 1929 4757 Deivocabuntur(lbz‘d.).»Etut

275 4773 722 4829 mundationem
755 4773 963 4829 animae
1005 4773 1260 4844 recipere
1304 4773 1554 4846 possint,
1588 4775 1647 4828 in
1698 4781 1925 4830 tantam

275 4862 690 4935 perfectionem
730 4866 1093 4927 excrescunt,
1125 4865 1190 4916 ut
1219 4879 1334 4917 non
1384 4862 1576 4920 solum
1627 4863 1782 4919 mala
1811 4882 1927 4920 non

275 4952 553 5024 irrogent,
588 4951 689 5006 sed
723 4952 896 5007 etiam
925 4951 997 5007 ab
1040 4950 1168 5006 aliis
1221 4951 1480 5024 irrogata
1527 4952 1932 5025 aequanimiter

277 5042 486 5106 ierant,
521 5045 584 5095 ut
605 5039 926 5112 impleatur
957 5040 1016 5094 in
1048 5040 1151 5096 eis.
1182 5064 1208 5089 ‹‹
1245 5041 1402 5097 Beati
1435 5041 1535 5113 qui
1568 5043 1896 5114 persecutio
1917 5073 1932 5084 -

277 5146 409 5184 nem
425 5129 729 5200 patiuntur
744 5128 1288 5200 propterjustitiam.
1302 5131 1612 5187 n—uSurdi
1625 5132 1932 5198 audiunt,»

276 5219 415 5290 quia
446 5216 525 5272 illi
559 5218 662 5289 qui
690 5216 853 5289 prius
875 5235 1045 5272 aures
1059 5216 1288 5274 clausas
1308 5219 1598 5275 habebant
1611 5221 1682 5275 ad
1698 5219 1934 5276 audien-

276 5305 417 5361 dum
459 5304 696 5360 verbum
749 5304 870 5373 Dei,
918 5310 1149 5378 apertas
1181 5307 1251 5360 ad
1303 5307 1592 5364 audienda
1639 5309 1925 5364 ludibria:

277 5411 431 5450 nunc
463 5399 698 5450 econtra
715 5395 1190 5451 obdurantaures
1203 5412 1344 5450 suas
1356 5413 1427 5451 ne
1441 5397 1683 5454 audiant
1695 5400 1927 5472 sangui-

277 5500 432 5550 nem,
466 5487 520 5537 et
552 5485 792 5539 verbum
810 5484 906 5539 Dei
922 5484 1147 5540 ardenti
1162 5482 1357 5539 animo
1375 5485 1575 5541 audire
1593 5487 1926 5544 desiderant

276 5576 333 5628 et
365 5575 430 5627 ut
459 5588 629 5643 opere
661 5572 900 5645 implere
933 5573 1182 5646 possint,
1215 5571 1673 5645 esuriuntatque
1691 5577 1918 5644 sitiunt,

276 5666 342 5719 ut
372 5659 686 5734 impleatur
717 5662 774 5718 in
806 5663 923 5720 eis:
964 5687 990 5711 ‹‹
1019 5661 1176 5719 Beati
1211 5661 1308 5734 qui
1341 5662 1609 5719 esuriant
1637 5670 1693 5719 et
1713 5665 1918 5723 sitiunt

2037 4689 2179 4744 tiam
2215 4688 2263 4760 (Ι
2296 4688 2423 4742 Cor.
2455 4686 2514 4748 ι).
2543 4707 2571 4734 ››

2107 4801 2135 4828 ‹‹
2165 4776 2288 4833 Illis
2319 4778 2514 4831 autem
2547 4772 2921 4840 abeuntibus,
2955 4770 3130 4844 cwpit
3167 4771 3340 4827 Jesus
3391 4771 3582 4828 dicere
3615 4773 3686 4827 ad

2039 4891 2066 4917 ‹‹
2101 4866 2304 4922 turbas
2335 4865 2406 4919 de
2435 4863 2688 4919 Joanne:
2743 4861 2891 4928 Quid
2934 4860 3135 4916 existis
3168 4860 3226 4915 in
3275 4860 3572 4916 desertum
3606 4861 3690 4915 vi-

2041 4979 2068 5005 ‹‹
2103 4954 2276 5010 dere?
2307 4951 2654 5008 arundinem
2687 4953 2856 5005 vento
2886 4949 3205 5021 agitatam?
3239 4951 3356 5005 nAc
3379 4949 3428 5006 si
3448 4949 3684 5005 diceret:

2041 5043 2123 5098 Ne
2154 5043 2603 5098 circumstantes
2633 5039 2815 5093 turbae
2846 5040 3121 5108 putarent
3170 5037 3688 5111 interrogationem

2041 5131 2285 5188 Joannis
2313 5131 2400 5187 vel
2427 5132 2496 5185 de
2527 5126 2764 5193 invidia,
2792 5125 2878 5181 vel
2911 5127 2981 5181 de
3004 5125 3334 5200 ignorantia
3354 5130 3575 5193 natam,
3604 5126 3689 5182 di-

2041 5221 2284 5294 scipulis
2315 5219 2475 5275 illius
2499 5214 2903 5273 recedentibus
2924 5215 3090 5270 miris
3103 5215 3688 5289 etmagnislaudibus

2043 5311 2323 5366 Dominus
2351 5310 2635 5365 Joannem
2666 5303 3125 5370 extollit,dicens
3157 5305 3226 5359 de
3259 5304 3356 5362 illo
3370 5306 3684 5361 adturbas:

2039 5423 2066 5448 ‹‹
2101 5400 2245 5466 Quid
2277 5396 2476 5455 existis
2506 5394 2565 5449 in
2598 5392 3498 5477 desertumvidere?arundinem
3522 5398 3688 5449 vento

2035 5487 2352 5562 agitatam?
2382 5507 2410 5536 ››
2443 5486 2519 5538 Ac
2552 5483 2602 5538 si
2635 5483 2880 5538 diceret:
2914 5483 3188 5555 Nunquid
3213 5483 3286 5538 ad
3317 5484 3427 5540 hoc
3452 5481 3692 5538 venistis

2032 5577 2092 5632 in
2115 5578 2431 5639 desertum,
2468 5577 2532 5628 ut
2550 5571 2825 5628 videretis
2837 5571 3134 5628 hominem
3157 5572 3381 5628 calamo
3413 5570 3690 5639 similem,

2029 5666 2129 5737 qui
2158 5664 2390 5721 levitate
2422 5661 2638 5720 mentis
2661 5663 2732 5719 de
2759 5677 2853 5718 me
2883 5661 3133 5728 dubitet,
3158 5676 3333 5732 quem
3367 5664 3539 5718 antea
3554 5678 3698 5734 pau-
