4018 6180
322 350 395 421 31
885 349 1294 413 HAYMONIS
1336 347 1881 410 HALBERSTAT.
1926 344 2171 415 EPISC.
2217 344 2390 409 OPP.
2435 348 2634 411 PARS
2678 349 2756 411 II.
2789 384 2867 395 -—
2901 348 3174 412 HOMIL.
3664 347 3747 410 32

325 488 644 567 «angelum
678 504 875 545 meum
906 489 1042 543 ante
1071 483 1277 542 faciem
1304 488 1469 541 tuam
1501 483 1602 557 qui
1625 483 1972 558 pra-parabit
1998 481 2056 549 Α
2082 503 2222 560 ergo
2242 485 2643 543 fortitudinem
2667 485 3029 545 nuntiandus
3046 491 3190 555 erat,
3215 487 3315 561 qui
3330 488 3615 547 virtutum
3639 492 3754 551 Do'

326 607 355 635 ‹‹
384 581 539 638 viam
570 583 734 636 tuam
768 581 902 635 ante
930 580 1005 641 te.
1042 599 1070 627 »
1098 576 1217 633 Hoc
1248 579 1446 632 autem
1477 573 1880 633 testimonium
1912 574 1972 629 in

324 670 615 731 Malachia
645 668 931 740 scriptum
962 669 1070 734 est,
1102 666 1160 722 in
1193 683 1443 740 persona
1474 665 1674 738 utique
1704 664 1969 723 Joannis.

325 763 471 820 Cum
486 759 643 818 enim
661 757 947 832 prepheta
958 758 1269 813 venturum
1283 756 1598 812 Dominum
1614 754 1971 827 praediceret,

324 852 503 909 etiam
567 846 941 923 prmoursoris
984 847 1112 918 ejus
1158 861 1469 917 personam
1519 844 1797 909 ostendit,
1838 859 1972 899 cum

325 940 471 997 dixit
501 956 515 995 :
551 962 579 991 «
608 939 751 995 Ecce
784 936 951 993 mitto
982 934 1257 1007 angelum
1290 951 1483 991 meum
1520 935 1766 1006 (:llalach.
1804 933 1907 1005 ιιι).
1942 956 1969 983 ››

321 1029 519 1087 Altum
552 1045 689 1103 ergo
720 1043 955 1094 nomen,
989 1025 1089 1081 sed
1123 1041 1239 1081 non
1262 1027 1349 1081 est
1376 1021 1621 1080 inferius
1671 1022 1970 1079 meritum.

322 1118 593 1192 Implevit
622 1117 838 1190 quippe
866 1114 927 1170 in
960 1130 1152 1185 opere,
1182 1113 1336 1185 quod
1368 1112 1591 1186 accepit
1622 1113 1681 1167 in
1715 1112 1970 1169 nomine.

323 1208 469 1276 Quia
498 1207 654 1264 enim
689 1205 934 1278 angelus
966 1205 1161 1259 Graeca
1188 1201 1499 1271 locutione,
1517 1202 1972 1259 Latinenuntius

322 1298 558 1365 dicitur,
583 1300 734 1351 recte
766 1309 922 1348 nunc
954 1290 1200 1365 angelus
1229 1296 1490 1358 vocatur,
1523 1291 1625 1363 qui
1655 1292 1971 1348 adventum

321 1386 551 1445 Domini
578 1388 812 1441 venerat
835 1381 1123 1449 nuntiare,
1158 1381 1361 1437 dicens
1392 1397 1405 1434 :
1442 1404 1469 1430 ‹‹
1520 1379 1727 1436 Veniet
1770 1380 1974 1437 fortior

319 1494 433 1546 me,
465 1480 595 1548 post
623 1490 735 1533 mn,
769 1473 942 1540 cuiius
966 1487 1083 1525 non
1108 1487 1251 1545 sum
1273 1469 1490 1542 dignus
1519 1468 1829 1544 corrigiam
1861 1470 1975 1526 cal-

320 1564 606 1627 ceamenti
636 1562 858 1620 solvere
887 1560 1098 1622 (Mat'h.
1131 1559 1236 1629 ιιι).
1269 1580 1297 1608 ››
1332 1559 1432 1613 Et:
1455 1580 1483 1607 «
1519 1558 1699 1629 Cujus
1731 1557 1971 1614 venula-

320 1655 493 1713 brum
524 1653 585 1709 in
617 1667 797 1707 manu
831 1666 960 1714 sua,
994 1651 1050 1704 et
1076 1646 1496 1720 permundabit
1552 1664 1748 1703 aream
1801 1664 1971 1703 suam

318 1739 895 1815 (Ibid.).»Necsolum
907 1737 1164 1795 Joannes
1176 1735 1354 1807 hujus
1366 1735 1869 1809 participationem
1882 1753 1975 1791 vo-

2084 575 2283 633 minus
2313 568 2371 633 et
2400 580 2607 649 potens
2639 577 2698 634 in
2730 576 2951 649 praelio,
2973 581 3177 635 contra
3197 580 3515 652 potestates
3542 597 3745 639 aereas

2082 666 2155 721 ad
2185 666 2339 723 bella
2366 666 2653 723 veniebat.
2688 666 2948 723 Mensem
2972 671 3166 723 autem
3202 671 3431 726 sextum
3465 669 3742 728 Martium

2081 754 2362 830 intelligo,
2413 757 2584 829 cujus
2628 756 2912 829 vigesima
2952 761 3009 814 et
3056 757 3265 830 quinta
3312 758 3405 815 die
3453 759 3743 820 Dominus

2082 851 2279 903 noster
2308 850 2367 902 et
2387 850 2703 919 conceptus
2726 844 2975 903 traditur
2996 850 3053 902 et
3073 863 3304 919 passus,
3330 847 3482 905 sicut
3500 855 3562 905 et
3583 851 3643 906 in
3665 852 3745 908 vi-

2082 934 2309 1008 gesima
2338 935 2547 1008 quinta
2566 934 2658 990 die
2681 933 2902 991 mensis
2928 936 3258 993 Decembris
3285 942 3481 995 natus.
3505 940 3664 1005 Quod
3693 942 3741 997 si

2080 1024 2169 1081 vel
2202 1025 2311 1081 hoc
2342 1025 2459 1091 die,
2489 1028 2556 1080 ut
2587 1023 2853 1081 nonnulli
2888 1024 3270 1094 arbitrantur,
3322 1028 3741 1101 aequinoctium

2081 1113 2334 1182 vernale,
2364 1112 2451 1169 vel
2486 1112 2585 1171 illo
2624 1112 2941 1170 solstitium
2976 1115 3243 1171 brumale
3272 1115 3397 1173 fieri
3445 1119 3742 1191 credatur,

2082 1203 2352 1260 convenit
2383 1204 2584 1276 utique
2615 1221 2751 1260 cum
2781 1202 2931 1260 lucis
2963 1203 3321 1261 incremento
3372 1207 3621 1282 concipi,
3649 1209 3743 1265 vel

2082 1293 2246 1349 nasci
2275 1310 2432 1361 eum,
2465 1292 2566 1364 qui
2599 1291 2898 1349 illuminat
2915 1309 3150 1349 omnem
3177 1293 3479 1351 hominem
3509 1298 3745 1353 venien-

2081 1386 2201 1439 tem
2224 1381 2283 1437 in
2315 1380 2472 1439 hunc
2497 1381 2784 1437 mundum
2815 1381 2994 1450 (Joan.
3029 1382 3091 1453 ι).
3123 1384 3195 1438 At
3224 1382 3275 1439 si
3306 1383 3439 1456 quis
3471 1389 3604 1446 ante
3635 1387 3748 1444 Do-

2083 1469 2665 1527 minicae'nativitatis
2683 1473 2742 1527 et
2759 1470 3159 1542 conoeptionis
3180 1475 3414 1545 tempus
3437 1472 3632 1531 lucem
3650 1476 3743 1534 vel

2081 1576 2360 1629 crescere,
2390 1558 2479 1616 vel
2502 1558 2782 1616 tenebras
2811 1575 3086 1631 superare
3115 1560 3450 1630 convioerit,
3485 1562 3743 1621 dicimus

2080 1653 2139 1705 et
2165 1666 2271 1705 nos
2303 1649 2441 1722 quia
2488 1652 2545 1705 et
2572 1648 2828 1705 Joannes
2875 1653 3016 1705 tunc
3054 1653 3188 1707 ante
3218 1648 3423 1706 faciem
3454 1651 3744 1710 adventus

2081 1740 2208 1811 ejus
2223 1755 2467 1811 regnum
2483 1736 2759 1793 caelorum
2780 1736 3232 1810 evangelizabat,
3254 1741 3313 1793 et
3327 1756 3485 1797 nunc
3502 1756 3742 1814 quoque

317 1831 512 1890 cabuli
545 1831 822 1893 meretur,
837 1827 937 1883 sed
971 1825 1144 1882 etiam
1177 1841 1382 1881 omnes
1409 1825 1739 1882 sacerdotes
1768 1829 1826 1881 et
1860 1826 1971 1881 mi—
2001 1856 2051 1921 Β
2081 1826 2562 1900 praedicatoribus
2587 1824 2942 1898 imperatur:
2969 1850 2997 1876 ‹‹
3025 1826 3137 1882 Iter
3158 1825 3329 1883 facite
3344 1828 3394 1883 ei
3416 1828 3517 1902 qui
3540 1846 3742 1889 ascen-

315 1919 487 1979 nistri
516 1916 806 1983 Ecclesiae,
838 1914 939 1988 qui
972 1914 1217 1971 verbum
1249 1914 1349 1971 Dei
1380 1914 1438 1969 in
1472 1913 1729 1971 Ecclesia
1754 1915 1965 1987 praedi-

314 2013 472 2075 cant,
488 2012 546 2065 et
565 2009 874 2063 venturum
888 2003 1184 2076 judicium
1207 2002 1501 2069 nuntiant,
1518 2003 1761 2078 angelici
1778 2003 1966 2060 nomi-

315 2099 412 2155 nis
441 2094 807 2155 consortium
838 2094 1238 2157 merebuntur,
1263 2093 1434 2164 juxta
1464 2091 1609 2149 illud
1644 2092 1961 2151 Malachiae:

315 2211 344 2238 ‹‹
364 2186 544 2247 Labia
567 2182 885 2242 sacerdotis
898 2182 1237 2239 custodiunt
1256 2181 1584 2249 scientiam,
1599 2184 1658 2237 et
1673 2181 1859 2256 legem
1875 2199 1963 2238 re-

313 2277 558 2351 quirunt
572 2291 642 2331 ex
651 2290 750 2333 ore
762 2273 912 2349 ejus,
928 2271 1070 2344 quia
1083 2269 1331 2344 angelus
1352 2269 1584 2326 Domini
1600 2270 1963 2328 exercituum

312 2370 402 2429 est
444 2363 706 2440 (Malach.
738 2373 820 2435 ιι).
859 2385 880 2415 ι
919 2362 989 2416 Et
1035 2377 1153 2415 non
1208 2357 1403 2415 solum
1454 2360 1808 2426 sacerdotes,
1860 2362 1961 2416 sed

310 2454 487 2513 etiam
517 2452 719 2511 fideles
747 2449 903 2516 laici,
935 2448 984 2505 si
1005 2450 1179 2521 juxta
1210 2447 1520 2509 modulum
1553 2448 1810 2505 scientiae
1842 2466 1963 2505 sua;

308 2547 533 2603 bonum
563 2542 718 2616 quod
742 2542 1045 2606 noverunt,
1060 2536 1342 2593 fratribus
1372 2536 1867 2606 annuntiaverint,
1888 2538 1961 2594 ad

310 2633 653 2707 angelorum
685 2627 1043 2687 consortium
1088 2624 1483 2699 pertinebunt.
1519 2625 1665 2691 Quia
1692 2624 1749 2680 in
1787 2643 1959 2685 orna-

310 2728 507 2794 mento
546 2717 904 2780 tabernaculi
948 2733 1064 2775 non
1111 2714 1302 2773 solum
1348 2715 1580 2788 phialae,
1628 2718 1729 2774 sed
1780 2715 1958 2774 etiam

309 2813 503 2888 cyathi
526 2809 684 2884 jussi
717 2811 858 2869 sunt
885 2805 1335 2881 ﬁeri.Quoniam
1368 2824 1482 2865 non
1511 2806 1704 2864 solum
1724 2807 1959 2866 uberior

308 2901 578 2960 doctrina
626 2899 743 2954 Deo
792 2900 1034 2969 accepta
1078 2899 1191 2962 est,
1222 2896 1324 2952 sed
1360 2894 1536 2952 etiam
1585 2900 1643 2952 et
1686 2896 1952 2967 minima,

284 2993 472 3065 ,jqu
499 2988 667 3053 illud,
698 2985 854 3059 quod
881 2984 962 3042 ait
993 2985 1053 3041 in
1082 2983 1425 3058 Apocalypsi
1455 2985 1712 3042 Joannes
1744 3003 1757 3042 :
1794 3010 1820 3037 ‹‹
1847 2987 1956 3055 Qui

310 3079 494 3146 audit,
524 3077 681 3134 dicat
707 3074 836 3132 veni
868 3074 1048 3148 (tpoc.
1084 3076 1243 3137 κιαι).
1280 3096 1308 3124 ››
1339 3074 1409 3130 Et
1434 3074 1749 3148 Apostolus
1775 3092 1788 3132 :
1814 3076 1953 3149 Spe-

242 3202 249 3205 -
310 3166 602 3237 ctaculum
636 3163 772 3222 facti
790 3180 1000 3223 sumus
1021 3163 1262 3233 mundo,
1278 3162 1499 3236 angelis
1511 3168 1687 3238 atque
1709 3163 1957 3220 homini-

2078 1916 2164 1972 dit
2195 1932 2375 1989 super
2401 1932 2675 1973 occasum
2706 1915 2876 1988 (Psal.
2913 1914 3102 1988 van).
3140 1938 3167 1965 n
3200 1919 3316 1972 Cur
3334 1921 3532 1977 autem
3559 1919 3739 1977 Joan-

2078 2022 2181 2062 nes
2212 2005 2368 2062 circa
2396 2003 2809 2076 :equinoctium
2842 2003 3185 2062 autumnale
3215 2010 3556 2080 conceptus,
3579 2009 3740 2068 circa

2077 2094 2398 2151 solstitium
2430 2093 2696 2149 aestivum
2729 2093 2809 2149 sit
2840 2096 3033 2158 natus,
3066 2094 3234 2151 docet
3259 2095 3384 2168 ipse
3415 2097 3515 2171 qui
3543 2098 3632 2157 vel
3664 2117 3740 2157 ex

2076 2201 2203 2253 sua,
2235 2182 2324 2240 vel
2353 2201 2423 2240 ex
2452 2183 2677 2240 Veteris
2710 2182 3071 2239 Testamenti
3097 2183 3183 2253 (ut
3202 2184 3374 2241 multi
3400 2190 3737 2262 autumant)

2075 2289 2326 2345 persona
2374 2271 2672 2345 loquitur:
2733 2270 2969 2328 «Illum
3019 2276 3243 2345 oportet
3301 2291 3579 2346 crescere,
3640 2294 3737 2336 me

2075 2365 2269 2418 autem
2302 2360 2488 2419 minui
2520 2360 2703 2432 (Joan.
2738 2359 2847 2432 ιιι).
2886 2383 2913 2409 ››

2147 2472 2173 2500 ‹‹
2199 2451 2285 2506 Ad
2316 2450 2626 2523 virginem;
2649 2449 3032 2522 deponsatam
3073 2448 3197 2509 viro
3225 2449 3320 2509 cui
3366 2468 3577 2513 nomen
3608 2460 3739 2513 erat

2076 2538 2374 2612 «Joseph,
2427 2539 2498 2596 de
2555 2540 2729 2595 domo
2804 2538 3007 2604 David,
3068 2542 3125 2594 et
3200 2556 3412 2597 nomen
3487 2542 3735 2616 virginis

2074 2651 2102 2681 ‹‹
2135 2628 2337 2685 Maria.
2358 2651 2385 2677 »
2408 2627 2625 2686 Multas
2644 2627 2716 2683 ob
2734 2644 2945 2684 causas
2963 2625 3229 2684 Salvator
3249 2645 3361 2684 non
3388 2629 3457 2685 de
3475 2631 3731 2705 simplici

2067 2718 2311 2792 virgine,
2332 2718 2431 2774 sed
2451 2718 2521 2775 de
2543 2717 2896 2789 desponsata
2912 2715 3094 2772 voluit
3110 2717 3295 2774 nasci.
3314 2718 3507 2775 Primo
3526 2720 3733 2778 videli-

2067 2810 2179 2874 cet,
2201 2810 2265 2863 ut
2277 2823 2384 2880 per
2396 2804 2830 2879 generationem
2851 2804 3091 2878 Joseph,
3115 2806 3286 2878 cujus
3308 2806 3491 2864 Maria
3511 2824 3728 2883 cogna-

2066 2899 2127 2952 ta
2146 2898 2290 2961 erat,
2312 2892 2503 2951 Mariae
2526 2909 2756 2966 quoque
2779 2896 3117 2951 nosceretur
3140 2894 3322 2968 origo.
3347 2895 3547 2968 Neque
3566 2897 3725 2954 enim

2066 3002 2194 3042 mos
2225 2987 2313 3040 est
2344 2982 2674 3055 Scripturae,
2709 2981 3060 3041 feminarum
3082 2982 3479 3059 genealogiam
3504 2989 3717 3043 texere.

2064 3075 2210 3131 Nam
2241 3077 2297 3130 et
2327 3073 2397 3131 de
2428 3076 2675 3147 utroque
2703 3074 2893 3149 potest
2924 3071 3195 3146 intelligi,
3228 3074 3383 3147 quod
3416 3073 3629 3135 dicitur
3648 3077 3721 3135 de

2068 3165 2242 3221 domo
2266 3161 2467 3219 David.
2491 3160 2731 3230 Deinde,
2756 3177 2827 3216 ne
2848 3159 3005 3217 velut
3020 3161 3289 3223 adultera
3308 3161 3665 3236 lapidaretur
3685 3182 3722 3223 θ.

310 3228 423 3319 bus
453 3257 499 3329 (Ι
531 3256 761 3323 CorJv).
785 3253 1042 3317 Joannes
1071 3267 1204 3307 vero
1234 3226 1388 3308 viam
1418 3226 1651 3309 Domini
1671 3270 1957 3331 praepara-
1987 3226 2029 3292 ο
2066 3251 2306 3319 Judaeis,
2342 3248 2568 3309 malens
2598 3226 2827 3321 aliquos
2858 3249 2929 3305 de
2960 3267 3065 3305 suo
3096 3253 3249 3317 ortu,
3296 3226 3470 3324 quam
3503 3253 3575 3312 de
3603 3264 3721 3327 pu-

312 3347 411 3413 vit,
436 3362 551 3401 non
581 3342 807 3416 lapides
838 3340 1233 3408 tollendo,nec
1259 3356 1465 3412 aspera
1486 3341 1839 3412 coaequando
1853 3341 1955 3397 sed

314 3436 540 3497 mentes
570 3429 880 3487 hominum
895 3426 1296 3503 praeparando,
1311 3428 1544 3499 quando
1562 3428 1954 3496 annuntiavit,

315 3522 585 3585 dicenszu
622 3516 1029 3574 Paenitentiam
1061 3514 1977 3598 agite,approquinquabiten_im.
2020 3574 2040 3592 ,

314 3625 561 3683 regnum
609 3605 886 3663 caelorum
919 3584 1136 3688 (Matth;
1155 3584 1677 3688 £11].-}E_Si¥‘o.y§ql
1699 3584 2014 3688 ᾒοωὶἐίὲ.

312 3673 675 3773 praeparavit,
690 3673 934 3768 quando
946 3673 1988 3775 βῂιῇᾖέῃοὼὶέ

308 3758 559 3874 luit:scd
590 3758 827 3874 peccata
855 3799 971 3838 non
986 3758 1213 3874 dimisit
1228 3758 1976 3874 Eilliiinpriefiguranszqui.
2005 3844 2025 3862 ο
2042 3839 2061 3874 ,

2066 3342 2205 3398 dore
2230 3338 2497 3395 dubitare
2520 3338 2799 3412 parentis.
2823 3337 3008 3395 Simul
3032 3340 3089 3393 et
3106 3337 3437 3412 virginibus
3460 3341 3722 3419 impudi-

2065 3430 2150 3489 cis
2164 3427 2531 3487 occasionem
2543 3426 2775 3494 tollens,
2798 3443 2871 3485 ne
2887 3429 3136 3485 matrem
3154 3444 3388 3501 quoque
3405 3428 3727 3489 Salvatoris

2066 3517 2329 3602 dicerent
2358 3514 2521 3572 falsis
2553 3513 2987 3587 suspicionibus
3018 3514 3381 3587 infamatam.
3415 3516 3633 3586 Tertio,
3656 3522 3727 3574 ut

2066 3601 2467 3682 inEngyptum
2499 3603 2731 3677 fugiens
2761 3607 2818 3659 et
2860 3604 3112 3673 rediens,
3156 3603 3398 3663 haberet
3444 3606 3723 3663 solatium

2064 3688 2194 3766 viii,
2228 3695 2326 3768 qui
2381 3692 2768 3768 integerrima:
2800 3692 3153 3766 virginitatis
3181 3696 3381 3753 custos
3411 3695 3629 3771 pariter
3655 3712 3725 3753 ac

2065 3781 2582 3875 tesqseysistcret.
2616 3781 2853 3848 Quarto,
2886 3798 2958 3875 ne
2987 3785 3192 3857 partus
3212 3782 3341 3854 ejus
3361 3781 3591 3847 diabolo
3618 3800 3722 3858 pa-

309 3893 426 3933 non
456 3872 650 3939 solum
681 3872 742 3928 in
774 3889 947 3944 aqua,
963 3871 1062 3969 sed
1078 3868 1254 3969 etiam
1285 3869 1591 3969 inﬁpirigtu
2056 3859 2389 3969 ἰβ-ᾦ,Ᾱυὶ
2448 3870 2496 3931 si
2527 3888 2661 3929 eum
2711 3871 2782 3928 de
2809 3870 3035 3945 virgine
3075 3873 3279 3931 natum
3324 3876 3721 3944 cognosceret,

308 3961 730 4036 baptizaturus,
763 3965 822 4017 et
1102 3946 1938 4064 ξὲἰτιξῇιξίροιξετοῇθωίὲυῆιέςε
1964 3946 1986 3990 :
2013 3946 2034 3983 ;

877 4060 1227 4158 ἰἱόίὶιιζίιί
1243 4060 1350 4157 ἰν.

592 4210 753 4251 ΡιειιιΑ
791 4207 1005 4254 QUARTA
1043 4206 1295 4253 QUATUOR
1331 4206 1671 4248 TEMPORUM.
1770 4214 1779 4217 “

380 4345 408 4373 ››
442 4322 598 4393 (an.
617 4318 681 4393 ι.)
703 4318 767 4374 Ιιι
791 4315 890 4379 illo
920 4315 1431 4389 tempore,missus
1460 4319 1549 4373 est
1577 4317 1824 4393 angelus
1846 4321 1955 4378 Ga-

306 4410 500 4468 «hriel
520 4428 555 4473 a
578 4409 693 4471 Deo
724 4408 783 4463 in
815 4405 1105 4465 civitatem
1145 4404 1414 4475 Galilaeaa,
1443 4405 1537 4461 cui
1564 4423 1739 4465 neme
1778 4407 1957 4466 Naza-

310 4523 334 4551 α
366 4500 515 4568 reth,
534 4522 555 4549 ι
572 4502 631 4555 et
650 4496 895 4568 reliqua.
913 4495 1128 4551 Idcirco
1151 4493 1341 4568 angeli
1365 4495 1606 4568 privatis
1618 4497 1959 4556 nominibus

2067 3948 2315 4021 fdrsitan
2325 3960 2493 4034 quasi
2507 3959 3075 4019 oaeterishominibus
3087 3959 3527 4020 eminentiorem
3545 3959 3722 4019 morti

2065 4051 2296 4122 tradere
2325 4050 2553 4113 timere.
2590 4048 2771 4106 Maria
2802 4053 2999 4106 autem
3031 4048 3309 4113 Hebraice
3336 4048 3493 4111 stella
3521 4049 3721 4116 moris,

2067 4139 2301 4214 Syriace
2330 4156 2463 4196 vero
2488 4138 2711 4201 domina
2739 4140 3001 4204 vocatur,
3034 4139 3092 4194 et
3120 4137 3350 4205 merito,
3379 4136 3519 4210 quia
3547 4140 3605 4194 et
3631 4140 3720 4195 to-

2066 4228 2184 4285 tius
2217 4228 2427 4285 mundi
2448 4227 2779 4296 Dominum,
2805 4229 2863 4282 et
2882 4224 3071 4283 lucem
3095 4225 3290 4287 saeculi
3315 4224 3529 4287 meruit
3551 4241 3723 4299 gene-

2054 4314 2197 4373 rare
2225 4331 2563 4390 perennem.

2139 4428 2167 4455 ‹‹
2199 4407 2270 4467 Et
2298 4406 2598 4479 ingressus
2629 4401 2874 4478 angelus
2904 4403 2977 4459 ad
3004 4420 3155 4472 eam,
3180 4392 3357 4460 dixit:
3389 4404 3503 4465 Ave
3530 4403 3726 4479 gratia

2068 4518 2096 4545 ‹‹
2124 4492 2319 4567 plena,
2351 4492 2636 4549 Dominus
2665 4496 2880 4558 tecum,
2913 4492 3222 4553 benedicta
3260 4497 3325 4555 ω
3367 4492 3426 4548 in
3459 4490 3723 4549 mulieri-

307 4591 642 4654 censeutur,
664 4590 730 4643 ut
758 4584 1021 4657 signetur
1039 4601 1144 4657 per
1168 4583 1467 4651 voeabula,
1483 4582 1660 4640 etiam
1685 4584 1743 4641 in
1757 4602 1958 4659 opera-
1990 4593 2036 4657 ι)
2067 4606 2093 4635 ‹‹
2129 4583 2259 4639 bus.
2298 4605 2326 4633 »
2357 4586 2510 4639 Bene
2556 4580 2747 4655 gratia
2774 4581 2948 4657 plena
2983 4576 3246 4648 vocatur,
3279 4598 3407 4661 qua
3440 4580 3724 4639 nimirum

305 4677 463 4737 tione
474 4675 617 4749 quid
631 4672 1078 4745 valeant.Neque
1089 4670 1239 4728 eteni
1250 4688 1304 4728 m
1317 4671 1372 4726 in
1390 4670 1490 4728 illa
1499 4678 1703 4729 sancta
1714 4672 1963 4733 civitate.

308 4781 491 4840 quam
509 4762 651 4823 visio
665 4762 765 4821 Dei
782 4760 1203 4833 omnipotentis
1214 4759 1447 4833 plenam
1459 4760 1704 4817 scientia
1716 4762 1959 4835 perficit,

305 4854 523 4911 idcirco
552 4850 786 4925 propria
815 4849 1055 4911 nomina
1083 4849 1429 4916 sortiuntur,
1445 4865 1519 4905 ne
1547 4864 1747 4906 eorum
1768 4868 1963 4924 ρει-εο-

306 4961 394 5000 na:
428 4941 554 5003 sine
580 4938 918 5003 nominibus
950 4936 1085 4996 sciri
1101 4954 1214 4993 non
1239 4935 1484 5010 possint,
1501 4937 1600 4994 sed
1616 4954 1750 4994 cum
1764 4939 1836 4996 ad
1853 4957 1960 4997 nos

309 5031 530 5103 aliquid
563 5022 951 5084 ministraturi
964 5025 1225 5095 veniunt,
1242 5026 1395 5098 apud
1412 5026 1704 5083 nosetiam
1724 5028 1962 5086 nomina

309 5140 345 5177 a
374 5116 718 5176 ministeriis
743 5115 1003 5175 trahunt.
1018 5115 1102 5171 Ad
1126 5116 1370 5173 mariam
1390 5131 1526 5188 ergo
1541 5114 1826 5190 virginem
1841 5118 1960 5176 Ga-

308 5205 455 5264 briel
481 5204 763 5273 mittitur,
796 5200 898 5275 qui
922 5203 1021 5259 Dei
1065 5204 1328 5275 fortitudo
1377 5204 1736 5261 nominatur.
1788 5205 1959 5263 Illum

309 5295 525 5368 quippe
538 5293 809 5349 nuntiare
820 5291 1108 5360 veniebat,
1124 5293 1221 5366 qui
1237 5295 1309 5349 ad
1321 5294 1696 5352 debellandas
1709 5300 1960 5368 potesta-

306 5389 403 5447 tes.
426 5399 646 5449 aereas,
678 5382 921 5440 humilis
953 5398 1233 5456 apparere
1275 5383 1551 5455 dignatus
1579 5387 1687 5441 est.
1721 5385 1801 5444 De
1842 5403 1958 5460 quo

311 5490 414 5547 per
424 5472 797 5531 Psalmistam
820 5472 1039 5528 dicitur
1052 5472 1223 5545 (Psal.
1238 5472 1397 5535 χχιιι)
1415 5489 1427 5526 :
1447 5497 1473 5523 «
1491 5473 1777 5530 Dominus
1792 5474 1959 5532 fortis

308 5566 365 5619 et
396 5564 621 5635 potens,
656 5560 895 5616 Domius
926 5565 1131 5634 potens
1162 5559 1220 5616 in
1254 5558 1470 5633 praelio.
1512 5583 1532 5610 ι
1569 5562 1639 5616 Et
1669 5578 1906 5617 rursum
1941 5579 1953 5618 :

315 5674 346 5708 ιι
370 5649 655 5718 Dominus
684 5649 965 5707 virtutum
996 5649 1122 5724 ipse
1150 5654 1241 5707 est
1282 5666 1380 5707 rex
1408 5648 1627 5724 gloriae.
1661 5672 1688 5700 »
1724 5650 1829 5709 Per
1858 5652 1959 5709 Dei

2073 4670 2322 4744 gratiam
2366 4686 2545 4745 quam
2576 4668 2738 4731 nulla
2768 4669 2885 4729 alia
2912 4674 3225 4741 fmeruerat
3272 4669 3624 4743 assequitur.
3658 4672 3728 4743 ut

2070 4759 2267 4832 ipsum
2299 4758 2565 4817 videlicet
2582 4760 2785 4839 gratiae
2802 4760 3131 4836 conciperet
3148 4764 3207 4817 et
3233 4759 3496 4839 gigneret
3524 4760 3725 4819 aucto-

2069 4864 2193 4903 rem
2202 4890 2213 4903 .

2141 4960 2170 4988 «
2198 4939 2331 5005 Qum
2353 4952 2489 4997 cum
2511 4938 2792 5007 audisset,
2826 4938 3059 5001 turbata
3088 4941 3179 4995 est
3200 4936 3259 4993 in
3280 4950 3548 5003 sermone
3569 4935 3742 5011 ejus,

2070 5048 2099 5076 «
2124 5030 2182 5085 et
2210 5028 2505 5101 cogitabat
2524 5028 2717 5104 qualis
2733 5031 2889 5085 esset
2909 5026 3023 5084 ista
3043 5024 3339 5083 salutatio.
3370 5048 3397 5081 ι
3420 5024 3589 5083 Disce
3607 5023 3729 5083 vir-.

2068 5116 2263 5189 ginem
2309 5118 2597 5192 moribus,
2630 5116 2789 5173 disce
2816 5115 3103 5190 virginem
3134 5113 3511 5187 verecundis,
3567 5112 3731 5183 disce

2065 5205 2351 5281 virginem
2396 5206 2653 5278 oraculo,
2686 5206 2844 5263 disce
2875 5204 3172 5278 mysterio.
3206 5203 3521 5279 Trepidam
3550 5201 3731 5279 virgi-

2070 5312 2211 5351 num
2239 5300 2347 5366 est,
2380 5300 2437 5351 et
2462 5297 2534 5353 ad
2566 5312 2771 5351 omnes
2802 5294 2913 5350 viri
2946 5295 3252 5370 ingressus
3273 5309 3498 5369 pavere,
3523 5305 3732 5349 omnes

2065 5383 2174 5440 viri
2206 5386 2420 5441 affatus
2447 5384 2651 5459 vereri.
2677 5384 2919 5443 Discant
2940 5383 3215 5443 mulieres
3234 5380 3601 5459 propositum
3622 5396 3735 5454 pu-

2068 5474 2249 5541 doris,
2274 5472 2492 5531 imitari
2520 5471 2707 5531 solam
2728 5474 2790 5530 in
2811 5472 3235 5547 penetralibus,
3260 5487 3437 5545 quam
3457 5483 3631 5527 nemo
3653 5466 3737 5522 vi-

2068 5579 2269 5619 rorum
2299 5561 2537 5629 videret,
2569 5561 2733 5619 solus
2752 5562 2998 5637 angelus
3033 5561 3352 5636 reperiens,
3385 5557 3569 5618 solam
3602 5556 3737 5615 sine

2071 5651 2304 5720 comite,
2338 5649 2524 5715 solam
2556 5651 2682 5709 sine
2712 5656 2881 5721 teste,
2916 5669 2987 5709 ne
3004 5658 3127 5726 quo
3158 5648 3427 5729 degeneri
3451 5648 3733 5723 depravat.-
