4018 6180
280 386 358 449 33
1510 384 1861 446 HOMILLE
1902 380 2005 445 DE
2050 380 2452 449 TEMPORE.
3607 388 3687 455 34

262 508 433 575 iretur
455 517 689 585 affectu,
714 517 790 572 ab
822 514 1027 590 angelo
1058 515 1366 573 salutatur.
1401 516 1588 585 Disce,
1621 516 1930 591 virgo,ver-
1957 516 2013 586 Α
2042 516 2098 572 in
2124 516 2350 589 judicio
2375 520 2432 572 et
2452 508 2705 589 justitia.
2723 517 2825 574 Per
2848 517 2965 574 haec
2987 516 3143 575 enim
3177 537 3416 594 regnum
3451 523 3686 595 Christi,

274 610 481 665 borum
513 606 696 663 vitare
726 606 1050 664 lasciviam.
1086 607 1270 663 Maria
1298 607 1475 664 etiam
1506 606 1922 663 salutationem

268 696 460 771 angeli
487 697 819 753 verebatur.
842 697 978 752 Erat
1005 701 1200 753 tamen
1232 696 1518 771 cogitans,
1542 696 1754 771 inquit,
1787 713 1927 769 qua-

264 786 338 844 lis
366 791 521 844 esset
542 786 660 843 ista
688 785 963 843 salutatio
987 786 1135 860 (Luc.
1155 790 1216 856 1).
1243 786 1311 842 Et
1329 785 1458 843 ideo
1480 803 1614 842 cum
1645 803 1939 842 verecun--

263 876 378 942 dia,
410 875 551 948 quia
580 875 862 948 pavebat;
884 892 1021 931 cum
1044 875 1377 949 prudentia,
1401 875 1541 949 quia
1568 875 1926 933 benedictio-

262 966 355 1022 nis
413 980 626 1021 novam
687 963 1005 1021 formulam
1052 964 1397 1034 mirabatur,
1448 980 1576 1038 qum
1627 982 1925 1037 nusquam

262 1053 410 1111 lecta
438 1057 548 1122 est,
582 1070 881 1127 nusquam
910 1050 1389 1128 ante‘comperta.

336 1167 362 1194 ‹‹
391 1144 463 1200 Et
505 1143 590 1199 ait
640 1142 933 1217 angelus:
966 1143 1050 1199 Ne
1097 1140 1327 1212 timeas,
1374 1143 1594 1212 Maria;
1650 1142 1926 1199 invenisti

268 1260 293 1283 α
316 1233 477 1290 enim
509 1233 761 1307 gratiam
794 1234 947 1305 apud
980 1232 1318 1289 Dominum.
1346 1255 1373 1282 »
1398 1234 1545 1299 Quia
1573 1229 1926 1289 salutatione

265 1322 528 1389 insolita,
562 1326 763 1396 utpote
795 1340 922 1395 qua:
954 1323 1004 1378 ei
1038 1321 1146 1378 soli
1193 1323 1553 1391 servabatur,
1588 1327 1654 1378 ut
1704 1322 1928 1378 viderat

267 1412 585 1481 turbatam,
601 1410 771 1484 quasi
787 1410 1136 1467 familiarius
1150 1416 1345 1468 notam
1360 1429 1573 1469 vocans
1585 1429 1652 1468 ex
1666 1411 1924 1478 nomine,

267 1520 333 1557 ne
358 1503 571 1558 timere
602 1501 833 1569 debeat,
857 1502 1046 1573 jubet.
1080 1501 1150 1556 Et
1181 1500 1317 1573 quia
1348 1501 1538 1575 gratia
1569 1500 1801 1573 plenam
1836 1518 1927 1556 vo-

263 1595 517 1659 caverat,
550 1590 821 1647 eamdem
851 1590 1103 1664 gratiam
1130 1596 1187 1647 et
1214 1590 1423 1647 astruit
1442 1589 1767 1664 plenius,et
1791 1590 1929 1646 ube-

262 1681 381 1738 rius
414 1680 695 1754 explicat,
731 1680 933 1736 dicens
968 1697 981 1735 :

330 1771 548 1827 «Ecce
579 1768 875 1843 concipias
926 1770 985 1825 in
1038 1773 1223 1837 utero,
1257 1773 1315 1824 et
1362 1769 1557 1843 paries
1604 1768 1817 1836 ﬁlium,
1868 1773 1927 1825 et

261 1885 288 1910 ‹‹
318 1858 565 1917 vocabis
596 1876 812 1915 nomen
843 1860 971 1929 ejus
1023 1858 1247 1916 Jesum.
1284 1880 1312 1909 ››
1342 1859 1514 1915 Jesus
1542 1858 1784 1916 salvator
1807 1858 1925 1914 sive
1960 1896 2004 1961 Ρ
2034 1871 2100 1910 ea
2130 1858 2414 1924 claritate,
2456 1872 2633 1928 quam
2667 1858 2743 1941 Ve

1986 1944 2002 1959 ‘
2040 1944 2300 2000 mundus
2332 1948 2506 2012 esset,
2541 1944 2695 2018 apud
2730 1944 2979 2003 Patrem.
3013 1945 3131 2003 Hoc
3161 1951 3270 2017 est,
3305 1954 3368 2005 ut
3397 1950 3553 2007 idem
3587 1950 3691 2007 filii

259 1949 532 2006 salutari:
555 1949 993 2021 interpretatur.
1010 1948 1191 2021 Cujus
1211 1952 1648 2005 sacramentum
1673 1947 1930 2004 nominis

261 2039 579 2112 alloquens
607 2036 826 2111 Joseph
857 2036 1124 2111 angelus,
1155 2036 1456 2110 exposuit:
1482 2038 1605 2112 ipse
1635 2036 1792 2094 enim
1826 2033 1933 2110 (in-

263 2129 503 2200 quiens)
526 2126 756 2183 salvum
782 2126 959 2183 faciet
987 2125 1269 2199 populum
1303 2143 1477 2182 suum
1504 2143 1539 2181 a
1567 2127 1821 2198 peccatis
1844 2142 1935 2182 eo-

264 2234 421 2273 rum.
459 2216 591 2272 Non
622 2215 705 2271 ait
736 2215 1021 2289 populum
1056 2212 1256 2285 Israel,
1284 2216 1385 2271 sed
1417 2214 1697 2289 populum
1732 2233 1932 2287 suum,

267 2306 372 2361 hoc
406 2309 523 2377 est,
558 2305 620 2361 in
650 2304 934 2360 unitatem
963 2304 1097 2360 fidei
1128 2321 1198 2360 ex
1227 2304 1510 2378 praeputio
1540 2308 1599 2360 et
1629 2305 1932 2360 circumci-

264 2397 437 2452 sione
460 2399 754 2451 vocatum.
775 2393 999 2461 Quibus
1018 2412 1088 2450 ex
1109 2394 1337 2451 diversa
1358 2399 1521 2467 parte
1543 2395 1932 2468 congregatis,

271 2486 445 2541 fieret
474 2501 666 2539 unum
697 2483 846 2540 ovile
872 2487 928 2540 et
955 2500 1111 2539 unus
1141 2487 1342 2555 pastor
1362 2484 1538 2551 (Joan.
1570 2484 1648 2556 Χ).

341 2599 369 2625 ι(
410 2573 521 2629 Hic
553 2572 664 2630 erit
693 2589 966 2646 magnus,
992 2576 1050 2628 et
1080 2571 1262 2628 Filius
1291 2571 1580 2629 Altismmi
1611 2572 1933 2643 vocabitur,

271 2687 298 2715 ‹‹
321 2670 381 2720 et
397 2663 634 2719 dabitei
655 2662 940 2718 Dominus
956 2662 1110 2718 Deus
1127 2662 1326 2718 sedem
1347 2662 1520 2718 David
1540 2662 1722 2735 patris
1734 2664 1882 2735 ejus.
1903 2686 1931 2715 ››

270 2752 512 2808 Dictum
545 2754 636 2806 est
675 2754 733 2805 et
778 2750 850 2805 de
895 2748 1137 2817 Joanne,
1191 2748 1330 2821 quia
1372 2749 1483 2805 erit
1529 2766 1800 2823 magnus,
1833 2749 1933 2806 sed

270 2841 445 2914 quasi
497 2839 680 2896 homo
723 2854 1024 2913 magnus:
1077 2838 1192 2904 hic,
1239 2838 1409 2911 quasi
1454 2838 1610 2895 Deus
1660 2855 1932 2912 magnus.

272 2930 370 2987 llle
404 2928 571 2986 enim
604 2945 860 3003 magnus
907 2945 1104 2985 coram
1152 2926 1421 2996 Domino,
1453 2927 1548 2983 hic
1587 2930 1782 2983 autem
1828 2927 1938 2983 erit

269 3037 555 3094 magnus,
584 3018 800 3091 inquit,
834 3023 892 3075 et
923 3018 1100 3075 Filius
1127 3016 1415 3074 Altissimi
1444 3017 1935 3073 vocabitur.Idem

269 3126 408 3183 ergo
447 3106 636 3164 Filius
661 3105 970 3175 Altissimi,
1003 3106 1105 3179 qui
1154 3105 1215 3162 in
1267 3109 1428 3162 utero
1476 3105 1749 3179 virginali
1792 3122 1935 3161 con-

2038 610 2095 661 et
2127 605 2185 660 in
2219 604 2469 680 singulis
2500 607 2835 680 quibusque
2868 607 3158 676 fidelibus,
3204 614 3261 666 et
3309 610 3367 665 in
3417 610 3689 670 universa

2034 713 2137 768 per
2166 696 2364 751 orbem
2401 696 2827 769 multiplicatur
2854 698 3071 771 pariter
3100 703 3157 755 et
3177 700 3559 757 confirmatur
3590 704 3690 761 Ec-

2032 784 2228 841 clesia.
2261 785 2511 842 Domum
2544 804 2797 860 namque
2826 788 3028 855 Jacob,
3051 792 3231 845 totam
3264 789 3585 848 Ecclesiam
3607 792 3691 848 di-

2033 873 2132 943 cit,
2166 892 2291 947 quze
2323 874 2409 931 vel
2441 876 2511 931 de
2544 876 2695 933 bona
2724 876 2919 932 radice
2952 882 3109 950 nata,
3144 878 3229 936 vel
3275 896 3410 935 cum
3442 876 3690 939 oleaster

2033 967 2209 1031 esset,
2245 965 2451 1021 merito
2484 969 2680 1021 tamen
2713 965 2845 1021 fidei
2877 965 2937 1021 in
2972 967 3185 1023 bonam
3219 972 3309 1025 est
3335 967 3555 1025 inserta
3579 966 3690 1026 oli-

2033 1069 2163 1108 vam
2200 1070 2213 1108 :
2268 1071 2444 1126 quam
2476 1058 2608 1127 post
2639 1054 3010 1127 triumphum
3041 1055 3331 1129 passionis
3380 1056 3687 1133 alloquens

2034 1141 2299 1199 Salvator
2326 1140 2407 1197 ait
2430 1159 2443 1197 :
2472 1164 2500 1193 «
2522 1142 2628 1209 Qui
2662 1142 2883 1200 timetis
2912 1143 3251 1216 Dominum,
3272 1145 3507 1204 laudate
3528 1167 3686 1219 eum,

2037 1230 2371 1287 universum
2388 1248 2585 1287 semen
2600 1231 2778 1288 Jacob
2793 1233 3163 1306 magniﬁcate
3175 1250 3307 1291 eum
3321 1239 3496 1307 (Psal.
3513 1241 3649 1310 xvr).
3660 1262 3687 1289 »

2034 1319 2160 1375 Non
2191 1324 2390 1376 autem
2414 1321 2540 1377 ideo
2564 1322 2742 1377 futuri
2774 1323 3055 1395 temporis
3083 1324 3258 1382 verbo
3290 1343 3543 1399 magnus
3572 1329 3694 1385 exi-

2033 1413 2204 1465 turus
2253 1409 2445 1477 Jesus,
2479 1408 2660 1465 Filius
2708 1408 2991 1467 Altissimi
3041 1412 3359 1483 vocandus,
3391 1420 3689 1488 sceptrum

2035 1497 2214 1553 David
2249 1504 2617 1572 accepturus,
2639 1504 2693 1554 et
2724 1500 2782 1555 in
2810 1498 2983 1555 domo
3015 1502 3189 1557 Jacob
3222 1508 3571 1577 regnaturus
3602 1522 3691 1563 as-

2035 1588 2269 1654 seritur,
2305 1589 2463 1660 quia,
2491 1589 2662 1660 juxta
2693 1589 2846 1661 quod
2879 1589 3129 1646 haeretici
3161 1592 3419 1665 sapiunt,
3451 1598 3626 1667 atque
3657 1612 3692 1654 a

2033 1676 2274 1733 veritate
2297 1676 2615 1750 desipiunt,
2632 1675 2900 1734 Christus
2918 1682 3052 1734 ante
3074 1679 3317 1737 Mariam
3340 1700 3454 1739 non
3476 1684 3688 1741 fuerit:

2033 1765 2135 1822 sed
2168 1765 2305 1838 quia
2334 1765 2509 1823 homo
2541 1772 2883 1840 assumptus
2915 1766 2973 1823 in
2998 1772 3202 1838 Deum,
3226 1769 3581 1830 clarificatus
3602 1778 3693 1830 est

2034 1871 2100 1910 ea
2130 1853 2414 1924 claritate,
2456 1872 2633 1928 quam
2667 1852 2920 1912 Verbum
2953 1855 3053 1913 Dei
3087 1856 3310 1929 habuit,
3342 1860 3687 1935 priusquam

2041 2051 2253 2090 nomen
2285 2033 2550 2090 eamdem
2583 2033 2796 2091 Christi
2830 2052 3168 2108 personam,
3199 2037 3375 2095 homo
3406 2056 3541 2096 cum
3574 2038 3691 2097 Deo

2041 2122 2250 2195 plenus
2275 2120 2463 2194 gratia
2492 2127 2551 2179 et
2577 2123 2819 2180 veritate
2850 2125 3179 2183 sortiretur.

2115 2235 2141 2261 ‹‹
2174 2210 2329 2267 Dixit
2359 2216 2553 2267 autem
2588 2211 2771 2269 Maria
2802 2215 2873 2270 ad
2906 2213 3179 2288 angelum
3212 2233 3225 2272 :
3262 2215 3563 2282 Quomodo
3598 2220 3695 2277 fiet

2043 2326 2070 2352 ‹‹
2092 2302 2268 2368 istud,
2285 2301 2562 2374 quoniam
2573 2300 2762 2358 virum
2782 2321 2895 2360 non
2915 2321 3199 2378 cognosco
3217 2305 3244 2361 '?
3267 2332 3288 2360 ι
3322 2310 3693 2381 Propositum

2043 2409 2161 2447 suae
2194 2391 2407 2447 mentis
2433 2397 2759 2449 reverenter
2786 2394 3072 2465 exposuit,
3089 2395 3266 2452 vitam
3300 2396 3565 2455 videlicet
3585 2398 3695 2455 vir-

2042 2480 2295 2553 ginalem
2329 2498 2390 2537 se
2420 2481 2633 2537 ducere
2677 2470 3018 2539 decrevisse.
3052 2483 3185 2547 Quae
3217 2486 3357 2559 quia
3384 2488 3577 2559 prima
3608 2489 3694 2545 f‘e-

2044 2569 2336 2626 minarum
2370 2574 2544 2626 tantaa
2575 2572 2839 2627 servituti
2870 2589 2932 2629 se
2954 2573 3287 2647 mancipare
3307 2577 3549 2646 curavit,
3558 2578 3695 2650 jure

2045 2658 2328 2731 singulari
2359 2678 2473 2731 pra:
2513 2660 2735 2716 caeteris
2782 2660 3014 2719 feminis
3044 2663 3317 2721 beatitate
3349 2668 3563 2722 meruit
3593 2684 3694 2724 ex-

2045 2747 2268 2805 cellere.
2305 2773 2331 2799 «
2365 2749 2689 2818 Quomodo,
2737 2750 2930 2822 inquit
2974 2749 3074 2809 fiet
3121 2752 3325 2809 istud?
3356 2778 3385 2804 »
3433 2756 3556 2811 Non
3591 2756 3691 2826 ait,

2045 2838 2201 2893 unde
2230 2837 2341 2894 hoc
2362 2838 2543 2916 sciam
2561 2838 2701 2895 ?sed
2724 2839 3039 2911 quomodo,
3054 2839 3265 2913 inquit,
3280 2841 3399 2911 ﬁet,
3415 2844 3693 2916 quoniam

2042 2926 2231 2996 virum
2278 2914 2780 3000 non'cognosco‘?
2814 2951 2842 2977 ››
2891 2927 3167 2986 Ordinem
3212 2914 3478 2990 videlicet
3526 2934 3693 2989 obse-

2044 3016 2165 3087 quii
2198 3016 2293 3072 cui
2326 3015 2634 3083 subdatur,
2678 3016 3007 3089 inquirens,
3040 3036 3158 3074 non
3209 3024 3406 3077 autem
3454 3020 3693 3095 signum

2045 3104 2138 3160 cui
2169 3104 2386 3171 credat,
2421 3103 2712 3177 ﬂagitans.
2746 3110 2945 3178 Neque
2975 3107 3132 3162 enim
3165 3108 3406 3166 decebat
3449 3109 3693 3168 electam

268 3202 482 3272 ceptus
510 3194 574 3253 et
597 3200 772 3252 natus
803 3199 914 3264 est,
933 3194 1087 3252 idem
1118 3195 1294 3252 homo
1320 3195 1384 3250 in
1414 3199 1675 3267 tempore
1705 3198 1936 3251 creatus
1969 3263 2003 3272 Δ
2043 3197 2393 3267 generatura
2418 3192 2603 3247 Deum
2633 3192 3197 3265 virginem,dubiam
3228 3197 3573 3266 diffidentia,
3591 3201 3693 3255 sed

266 3263 698 3357 ex.matre,qui
720 3283 874 3340 Deus
897 3263 985 3340 est
1006 3301 1078 3339 an
1089 3288 1141 3340 te
1163 3288 1427 3357 tempora
1447 3263 1622 3340 natus
1651 3300 1720 3339 ex
1740 3282 1924 3339 Patre.
1961 3263 2004 3330 ί]
2042 3263 2354 3356 prudentia
2381 3285 2611 3337 cautam
2645 3263 2921 3339 exsistere
2946 3299 2958 3337 :
2984 3283 3123 3356 quia
3143 3301 3246 3340 nec
3271 3285 3436 3341 facile
3467 3263 3695 3358 poterat

268 3375 325 3431 Si
357 3381 567 3432 autem
597 3373 755 3430 idem
786 3372 986 3441 homo,
1019 3373 1120 3446 qui
1152 3373 1306 3429 Deus
1336 3377 1443 3439 est,
1470 3372 1704 3429 omittat
1732 3373 1934 3429 Nesto-

267 3465 395 3521 rius
427 3467 664 3520 tantum
709 3462 1009 3518 hominem
1041 3463 1233 3518 dicere
1263 3479 1330 3518 ex
1361 3462 1585 3536 virgine
1614 3466 1840 3528 natum,
1874 3466 1934 3519 et

268 3554 434 3611 hunc
466 3573 501 3610 a
528 3553 706 3609 verbo
737 3552 839 3609 Dei
874 3570 987 3608 non
1018 3552 1079 3608 in
1110 3551 1391 3608 unitatem
1426 3569 1707 3625 personae,
1739 3552 1841 3608 sed
1871 3552 1931 3607 in

270 3644 579 3711 societate,
611 3639 1063 3715 inseparabilem
1114 3659 1244 3698 esse
1291 3647 1609 3714 receptum.
1659 3640 1934 3714 Alioquin

270 3751 387 3790 non
424 3749 612 3788 unum
645 3731 944 3787 Christum
973 3749 1175 3787 verum
1207 3731 1391 3787 Deum
1423 3736 1481 3787 et
1503 3730 1931 3802 hominem,sed

270 3823 427 3880 duos
457 3821 638 3895 (quod
669 3820 781 3877 dici
813 3820 976 3876 nefas
1007 3819 1117 3891 est)
1151 3836 1428 3889 asserere,
1458 3837 1524 3875 ac
1554 3834 1656 3893 per
1675 3819 1787 3876 hoc
1816 3837 1934 3877 non

270 3911 654 3976 Trinitatem,
688 3908 791 3965 sed
824 3909 1277 3982 quaternitatem
1308 3908 1622 3981 praedicare
1651 3908 1938 3966 convinci-

270 4003 386 4057 tur.
424 3997 731 4055 Catholica
769 4002 965 4054 autem
1015 3999 1181 4068 fides,
1233 3999 1384 4053 sicut
1426 3998 1937 4071 unumquemlibet

272 4088 581 4145 hominem
614 4103 848 4143 carnem
881 4087 931 4143 ei
963 4085 1244 4155 animam,
1277 4088 1359 4143 ita
1386 4086 1685 4143 hominem
1716 4092 1774 4144 et
1801 4087 1937 4145 Ver-

274 4179 417 4234 bum
467 4194 658 4233 unum
690 4176 987 4232 Christum
1021 4174 1351 4233 rectissime
1397 4176 1727 4233 confitetur.
1759 4175 1936 4234 Juxta

273 4264 433 4339 quod
466 4270 529 4322 et
559 4264 751 4339 angeli
782 4265 956 4321 verba
1001 4264 1357 4339 signiﬁcant,
1391 4282 1518 4338 quae
1559 4264 1815 4322 dandam
1849 4265 1934 4322 illi

273 4358 476 4413 sedem
508 4355 693 4411 David
725 4356 910 4428 patris
939 4356 1068 4428 ejus
1099 4355 1575 4420 asseverant.Qui
1598 4355 1754 4412 enim
1776 4374 1937 4413 eum-

272 4446 411 4502 dem
442 4445 643 4518 ipsum
672 4444 903 4500 Patrem
935 4444 1175 4500 haberet
1200 4444 1589 4517 David,quem
1611 4444 1823 4502 Filium
1845 4446 1939 4503 Al-

271 4534 494 4592 tissimi
527 4533 721 4590 vocari
752 4533 1110 4607 pronuntiat,
1132 4534 1192 4589 in
1212 4533 1444 4591 duabus
1464 4535 1667 4607 utique
1687 4536 1932 4606 naturis,

2039 3371 2215 3428 homo
2246 3388 2419 3428 nosse
2451 3371 2816 3444 mysterium,
2872 3373 3029 3444 quod
3081 3372 3144 3428 in
3184 3373 3298 3430 Deo
3346 3375 3624 3431 manebat
3660 3374 3695 3432 ὸ,

2042 3460 2272 3518 saeculis
2322 3458 2752 3517 absconditum.
2808 3460 2955 3527 Quia
3001 3477 3137 3535 ergo
3186 3462 3452 3536 legerat:
3488 3487 3516 3515 ‹‹
3549 3465 3695 3524 Ecce

2038 3551 2203 3624 virgo
2233 3548 2292 3606 in
2326 3554 2489 3606 utero
2525 3549 2786 3620 habebit,
2818 3554 2875 3606 et
2906 3550 3091 3625 pariet
3120 3551 3309 3609 ﬁlium
3342 3554 3472 3623 (Isa.
3504 3556 3626 3627 νη),
3660 3577 3688 3607 ››

2043 3641 2145 3697 sed
2177 3640 2470 3714 quomodo
2514 3639 2573 3696 id
2617 3639 2740 3696 fieri
2790 3645 2987 3712 posset
3038 3658 3154 3697 non
3202 3641 3443 3717 legerat,
3493 3645 3692 3701 scisci-

2042 3731 2277 3786 tabatur
2325 3731 2398 3785 ab
2450 3729 2677 3803 angelo,
2730 3730 2884 3801 quod
2934 3730 2995 3785 in
3043 3730 3326 3804 propheta
3376 3749 3491 3789 non
3534 3734 3691 3790 inve-

2045 3821 2153 3876 nit.

2115 3932 2144 3960 ‹‹
2177 3910 2245 3965 Et
2276 3909 2636 3981 respondens
2666 3907 2933 3982 angelus,
2969 3909 3115 3965 dixit
3143 3910 3193 3967 ei
3229 3928 3241 3967 :
3276 3911 3531 3985 Spiritus
3561 3930 3692 3970 san-

2044 4023 2071 4049 ‹‹
2103 4003 2232 4056 ctus
2261 3997 2629 4070 superveniet
2656 3999 2716 4053 in
2747 4003 2825 4065 te,
2859 4003 2917 4054 et
2940 4000 3127 4056 virtus
3164 3999 3453 4057 Altissimi
3483 4003 3690 4059 obum-

2046 4112 2073 4140 ‹‹
2107 4088 2300 4144 brabit
2326 4087 2453 4143 tibi.
2481 4110 2508 4137 ››
2540 4086 2662 4144 Non
2693 4087 3095 4162 virili,inquit,
3120 4091 3277 4162 quod
3310 4108 3425 4147 non
3455 4108 3693 4165 cognos-

2043 4178 2148 4246 cis,
2181 4177 2543 4245 semine,sed
2578 4176 2830 4250 Spiritus
2860 4178 3201 4251 sancti,quo
3230 4179 3693 4254 impleris,opere

2043 4266 2356 4339 concipias.
2391 4266 2513 4322 Erit
2542 4265 2601 4320 in
2629 4269 2686 4321 te
2716 4268 3035 4339 conceptio,
3066 4267 3246 4324 libido
3277 4286 3393 4325 non
3423 4270 3532 4324 erit
3560 4285 3693 4325 con-

2045 4356 2435 4429 cupiscentiae.
2470 4355 2595 4410 Non
2616 4354 2726 4409 erit
2746 4359 2945 4422 aestus,
2964 4356 3059 4411 ubi
3081 4356 3352 4411 umbram
3376 4356 3545 4412 faciet
3569 4357 3695 4429 Spi-

2045 4447 2193 4502 ritus
2224 4446 2485 4501 sanctus.
2523 4442 2739 4497 Verum
2773 4444 2833 4499 in
2881 4460 2949 4500 eo
2982 4444 3137 4516 quod
3187 4443 3267 4499 ait
3299 4460 3311 4497 :
3344 4467 3373 4519 ς(
3408 4445 3477 4500 Et
3503 4445 3693 4502 virtus

2045 4532 2331 4592 Altissimi
2362 4531 2737 4588 obumbrabit
2764 4531 2893 4601 tibi,
2918 4555 2946 4583 »
2979 4537 3169 4606 potest
3197 4534 3373 4590 etiam
3404 4534 3691 4592 incarnati

271 4641 460 4680 unam
492 4620 710 4679 Christi
740 4639 1051 4697 personam
1084 4622 1715 4698 demonstrat.Accepit
1738 4629 1934 4682 autem
1966 4637 2013 4701 ι)
2046 4621 2362 4681 Salvatoris
2394 4625 2641 4695 utraque
2662 4624 2875 4678 natura
2894 4621 3207 4695 designari.
3228 4623 3445 4680 Umbra
3475 4623 3693 4698 quippe

272 4714 480 4769 sedem
511 4711 796 4781 David,ut
825 4712 1107 4769 nimirum
1140 4714 1507 4787 gentem,cui
1541 4714 1721 4771 David
1757 4732 1939 4787 quon-

271 4803 414 4858 dam
435 4805 495 4859 et
514 4800 620 4857 filii
650 4803 780 4874 ejus
810 4800 1148 4876 temporalis
1181 4803 1341 4876 regni
1371 4802 1769 4877 gubernacula
1797 4822 1939 4878 prai-

273 4890 557 4959 buerunt,
581 4891 709 4965 ipse
734 4894 1083 4966 perpetuum
1113 4895 1345 4949 vocaret
1374 4894 1445 4949 ad
1480 4909 1749 4966 regnum,
1780 4894 1935 4967 quod

270 4981 358 5039 eis
388 4983 667 5055 paratum
700 4986 789 5037 est
820 4981 894 5037 ab
923 4981 1148 5057 origine
1175 4983 1402 5038 mundi.

345 5094 371 5122 «ι
414 5060 483 5126 Et
514 5069 783 5145 regnabit
804 5069 861 5126 in
890 5070 1061 5128 domo
1085 5070 1265 5129 Jacob
1285 5071 1344 5127 in
1368 5075 1673 5140 aeternum,
1693 5075 1750 5128 et
1772 5072 1936 5146 regni

272 5184 299 5209 α
334 5160 472 5230 eius
505 5177 620 5216 non
656 5156 769 5216 erit
797 5159 952 5218 finis.
986 5184 1012 5213 »
1044 5160 1113 5217 Et
1144 5161 1325 5219 Isaias
1356 5161 1437 5217 ait
1468 5177 1481 5216 :
1519 5185 1546 5211 «
1584 5160 1936 5235 Multiplice-

270 5248 440 5304 bitur
469 5248 600 5322 ejus
629 5249 971 5324 imperium,
997 5255 1055 5307 et
1083 5251 1246 5323 pacis
1276 5268 1392 5307 non
1423 5249 1532 5307 erit
1562 5250 1715 5307 finis.
1750 5253 1938 5326 Super

264 5338 496 5394 'solium
528 5338 729 5409 David,
750 5338 809 5396 et
829 5357 1005 5412 super
1024 5356 1268 5414 regnum
1300 5341 1428 5414 ejus
1460 5329 1705 5411 sedebit,
1720 5345 1786 5396 ut
1806 5358 1936 5398 con-

274 5426 474 5484 firmet
521 5426 691 5497 illud,
743 5431 801 5486 et
848 5429 1181 5485 corroboret
1236 5427 1295 5483 in
1331 5427 1556 5501 judicio
1608 5432 1666 5484 et
1703 5428 1938 5500 justitia

277 5516 405 5586 (13a.
439 5518 533 5591 Ix).
572 5541 602 5569 »
634 5518 763 5575 Non
796 5517 941 5574 dixit
987 5517 1047 5574 in
1095 5518 1478 5592 acquisitione
1517 5517 1733 5592 gloriae,
1766 5535 1935 5591 gaza-

274 5622 528 5680 rumque
554 5602 1085 5678 terrestrium,non
1109 5608 1169 5663 in
1190 5607 1433 5665 victoria
1458 5607 1725 5682 gentium
1757 5607 1936 5681 pluri-

276 5711 531 5769 marum,
563 5696 923 5773 urbiumque
953 5694 1342 5758 debellatione
1385 5697 1794 5776 superbarum,
1829 5698 1933 5757 sed

2047 4731 2081 4770 a
2108 4712 2331 4769 lumine
2357 4711 2505 4768 solet
2533 4716 2591 4767 et
2621 4728 2859 4784 corpore
2891 4712 3151 4781 formari,
3175 4717 3232 4768 et
3260 4712 3352 4768 cui
3385 4712 3695 4771 obumbra-

2044 4808 2161 4872 tur,
2194 4800 2415 4858 lumine
2446 4799 2681 4873 quidem
2712 4800 2799 4858 vel
2829 4801 3019 4858 calore
3046 4800 3511 4875 solis,quantum
3531 4803 3695 4858 sufﬁ-

2045 4894 2144 4963 cit,
2160 4893 2435 4959 reﬁcitur,
2454 4891 2554 4947 sed
2578 4890 2627 4947 si
2649 4890 2773 4963 ipse
2794 4890 2935 4947 solis
2957 4891 3132 4947 ardor
3154 4891 3393 4963 perferri
3419 4896 3690 4965 nequeat,

2045 4982 2393 5055 interposita
2420 4980 2505 5036 vel
2540 4980 2829 5037 nubecula
2857 4980 2987 5048 levi,
3021 4980 3281 5054 quolibet
3312 4982 3424 5039 alio
3454 4999 3693 5056 corpore

2046 5074 2423 5145 temperatur.
2460 5071 2635 5127 Beata
2676 5070 2855 5143 igitur
2896 5069 3091 5144 Virgo,
3143 5070 3281 5143 quia
3312 5073 3479 5144 quasi
3511 5089 3693 5145 purus

2045 5162 2219 5219 homo
2250 5177 2484 5217 omnem
2510 5159 2937 5233 plenitudinem
2967 5160 3290 5218 divinitatis
3318 5161 3696 5234 corporaliter

2045 5268 2250 5324 capere
2279 5249 2579 5322 nequibat,
2613 5249 2798 5327 virtus
2828 5250 2880 5306 ei
2908 5250 3197 5307 Altissimi
3227 5252 3619 5319 obumbravit,
3635 5253 3692 5308 id

2044 5346 2132 5398 est
2162 5340 2502 5412 incorporea
2530 5338 2629 5396 lux
2659 5339 3000 5407 divinitatis,
3015 5358 3227 5413 corpus
3246 5340 3306 5397 in
3337 5358 3406 5398 ea
3435 5341 3697 5415 suscepit

2043 5429 2450 5488 humanitatis.
2484 5429 2563 5485 De
2596 5447 2712 5503 quo
2741 5430 2982 5504 pulchre
3012 5431 3329 5504 propheta:
3356 5455 3383 5482 «
3409 5432 3554 5490 Ecce
3583 5432 3699 5489 Do-

2044 5520 2263 5588 minus,
2288 5519 2499 5592 inquit,
2524 5521 2799 5577 ascendet
2829 5538 3007 5595 super
3037 5523 3258 5579 nubem
3289 5522 3496 5590 levem,
3519 5526 3576 5579 et
3605 5521 3695 5579 in-

2044 5608 2340 5683 gredietur
2368 5614 2677 5684 rEgyptum
2721 5611 2844 5685 (Isa.
2879 5611 3020 5683 xxx),
3052 5634 3081 5662 »
3114 5613 3271 5684 quod
3320 5616 3411 5669 est
3453 5612 3643 5668 dicere
3676 5626 3690 5666 :

2043 5699 2186 5757 Ecce
2232 5699 2491 5759 Verbum
2536 5699 2639 5760 Dei
2670 5700 2823 5762 Patri
2869 5706 3243 5775 coaeternum,
3276 5701 3589 5777 lumenque
3619 5697 3693 5761 de
