4070 6190
343 326 418 387 35
899 322 1303 388 HAYMONIS
1351 320 1894 385 HALBERSTAT.
1941 316 2191 382 EPISC.
2239 319 2415 381 OPP.
2460 318 2663 381 PARS
2709 319 2786 380 II.
2815 353 2894 365 —
2924 316 3198 383 HOMIL.
3408 276 3415 283 ’
3689 316 3772 375 36

339 456 562 513 lumine
594 460 725 511 ante
757 455 970 512 saecula
1000 461 1224 523 natum,
1252 472 1482 512 carnem
1519 457 1577 511 in
1610 456 1725 510 fine
1756 448 1991 509 saeculo-
2020 451 2076 519 Α
2110 451 2252 517 Fiat,
2288 451 2499 523 inquit,
2535 450 2660 507 sine
2689 450 2795 506 viri
2823 450 3047 507 semine
3078 452 3396 520 conceptus
3429 448 3487 502 in
3518 446 3770 520 virgine,

340 563 493 607 rum.
511 550 685 619 atque
708 546 966 602 animam
992 546 1152 602 nullo
1177 546 1395 618 peccati
1420 546 1675 618 pondere
1696 546 1996 616 gravatam

340 633 711 708 suscipiet,et
737 635 806 690 de
839 638 1002 690 utero
1032 634 1301 708 virginali
1337 640 1619 706 tanquam
1653 648 1907 705 sponsus
1929 630 1999 685 de

340 722 600 779 thalamo
632 739 739 778 suo
771 724 1043 795 procedet
1074 722 1134 778 in
1165 723 1481 778 mundum.

410 833 438 862 ‹‹
471 812 723 882 Ideoque
754 814 810 867 et
841 812 998 883 quod
1029 815 1307 867 nascetur
1336 829 1404 867 ex
1430 815 1487 867 te
1517 811 1999 875 Sanctum,voca-

343 921 371 953 α
398 899 561 955 bitur
588 898 770 955 Filius
801 899 922 955 Dei.
949 922 976 951 »
1005 901 1088 956 Ad
1122 899 1558 956 distinctionem
1591 904 1802 953 nostrae
1834 914 1998 954 sanc-

335 988 540 1054 titatis,
575 988 749 1044 Jesus
779 988 1160 1061 singulariter
1189 991 1427 1045 sanctus
1467 988 1805 1044 nasciturus
1836 1003 1993 1042 asse-

334 1077 503 1132 ritur.
536 1077 653 1132 Nos
686 1077 903 1150 quippe
934 1081 989 1133 et
1019 1078 1068 1133 si
1101 1077 1285 1133 sancti
1320 1076 1631 1144 efficimur,
1656 1093 1771 1132 non
1794 1079 1995 1131 tamen

334 1165 637 1221 nascimur
656 1182 667 1219 :
684 1165 832 1239 .quia
852 1164 981 1238 ipsa
1001 1170 1221 1221 natura:
1243 1165 1641 1240 corruptibilis
1663 1164 1993 1220 conditione

334 1253 816 1326 constringimur,
852 1259 916 1309 ut
964 1256 1172 1312 merito
1206 1272 1339 1310 cum
1373 1255 1663 1327 Propheta
1693 1257 1992 1327 gementes

334 1343 549 1416 singuli
583 1342 886 1399 dicamus:
915 1345 1111 1399 «Ecce
1140 1344 1196 1399 in
1229 1342 1644 1417 iniquitatibus
1677 1347 1993 1415 conceptus

335 1435 559 1500 sum,ct
586 1432 643 1486 in
675 1431 901 1487 delictis
934 1432 1157 1504 peperit
1186 1449 1278 1488 me
1303 1436 1490 1489 mater
1513 1449 1641 1487 mea
1662 1432 1831 1503 (Psal.
1864 1435 1937 1501 L).
1964 1454 1990 1480 »

332 1522 432 1577 llle
460 1524 654 1578 autem
689 1521 849 1576 solus
878 1521 1159 1575 veraciter
1183 1524 1421 1575 sanctus
1452 1520 1677 1593 est,qui
1713 1520 1988 1593 utipsam

308 1604 721 1666 conditionem
757 1614 978 1663 naturce
1006 1607 1404 1680 corruptibilis
1432 1608 1714 1677 vinceret,
1733 1625 1799 1664 ex
1830 1626 1988 1665 com-

292 1689 297 1693 ’
332 1698 604 1754 mistione
636 1697 890 1753 carnalis
921 1696 1142 1769 copulae
1174 1702 1491 1769 conceptus
1525 1714 1639 1753 non
1661 1702 1768 1753 est.
1791 1721 1818 1747 ‹‹
1843 1699 1988 1753 San-

2111 543 2388 601 nascatur
2434 540 2503 594 de
2548 539 2768 612 Spiritu
2801 544 3001 595 sancto
3033 539 3262 611 integra
3294 553 3447 591 caro.
3483 537 3772 592 Sanctum

2109 630 2263 701 quod
2298 629 2561 685 nascitur
2591 630 2659 684 de
2691 628 2927 685 homine
2953 625 3299 693 matre,sine
3321 625 3558 681 homine
3580 630 3770 699 patre,

2105 723 2342 775 vocetur
2370 719 2467 774 Dei
2505 718 2706 775 Filius.
3275 712 3279 719 ⁴

2726 833 3028 890 HOMILIA
3065 834 3131 888 ν.

2400 949 2568 990 FERIA
2607 950 2780 990 SEXTA
2819 950 3087 996 QUATUOR
3122 949 3465 989 TEMPORUM.

2175 1075 2335 1141 (Luc.
2356 1078 2422 1142 1.)
2454 1098 2482 1127 «
2510 1075 2573 1131 In
2603 1074 2700 1131 illo
2733 1079 3017 1147 tempore,
3040 1091 3361 1148 exsurgens
3391 1074 3592 1139 Maria,
3621 1075 3767 1131 abiit

2104 1188 2131 1214 «
2166 1163 2223 1219 in
2257 1169 2537 1221 montana
2566 1182 2699 1220 cum
2734 1164 3104 1220 festinatione
3138 1164 3197 1218 in
3229 1163 3523 1219 civitatem
3571 1165 3759 1232 Judas,

2104 1276 2132 1302 ‹‹
2160 1259 2215 1308 et
2246 1252 2489 1326 reliqua.
2520 1277 2546 1302 ››
2572 1255 2821 1326 Accepto
2851 1253 3112 1326 Virginis
3143 1269 3454 1319 consensu,
3489 1270 3623 1308 mox
3654 1272 3761 1309 an-

2100 1342 2269 1416 gelus
2295 1342 2553 1398 cmlestia
2583 1343 2789 1415 repetit
2823 1359 2835 1399 :
2869 1341 2971 1397 illa
3012 1341 3157 1414 petit
3185 1346 3485 1409 montana,
3521 1342 3761 1399 festinat

2100 1431 2347 1487 invisere
2380 1431 2826 1500 Elisabeth,non
2860 1416 3027 1503 quasi
3063 1430 3364 1501 incredula
3397 1432 3466 1486 de
3496 1431 3752 1496 oraculo,

2099 1519 2186 1575 vel
2217 1520 2396 1575 dubia
2424 1521 2494 1576 de
2524 1520 2787 1593 exemplo
2822 1538 2834 1575 :
2870 1520 2969 1575 sed
3005 1523 3071 1575 ut
3100 1520 3230 1574 laeta
3260 1536 3363 1592 pro
3412 1525 3562 1584 voto,
3617 1520 3756 1575 reli-

2099 1610 2263 1682 giosa
2293 1627 2396 1683 pro
2428 1610 2641 1676 officio,
2694 1611 2955 1683 typicum
3007 1610 3223 1682 pariter
3273 1609 3602 1682 exemplum
3651 1610 3755 1664 tri-

2100 1698 2307 1765 buens,
2341 1699 2499 1771 quod
2546 1698 2738 1754 omnis
2771 1698 2968 1754 anima
2999 1714 3125 1770 quae
3157 1698 3399 1753 verbum
3434 1697 3529 1753 Dei
3562 1702 3756 1753 mente

329 1810 356 1839 ‹‹
383 1793 562 1855 ctum,
587 1786 801 1859 inquit,
826 1785 1129 1842 vocabitur
1160 1786 1340 1841 Filius
1376 1786 1495 1842 Dei.
1538 1808 1557 1835 ιο
1595 1786 1743 1851 Quid
1777 1787 1847 1842 ad
1880 1787 1988 1843 hoc
2018 1822 2065 1888 B
2099 1787 2443 1860 cenceperit,
2479 1786 2762 1843 virtutum
2796 1786 2950 1843 celsa
2979 1787 3179 1842 statim
3211 1787 3518 1843 cacumina
3547 1804 3754 1859 gressu

328 1876 494 1941 dicis,
512 1874 987 1947 Nestoriane,qui
1012 1874 1242 1930 beatam
1265 1876 1509 1931 Mariam
1534 1875 1633 1931 Dei
1655 1891 1833 1948 negas
1857 1893 1985 1933 esse
2018 1874 2064 1888 ”
2095 1877 2450 1932 conscendat
2479 1876 2717 1943 amoris,
2744 1879 3033 1948 quatenus
3065 1874 3352 1931 civitatem
3384 1875 3547 1931 Judaa
3581 1875 3636 1930 id
3661 1880 3751 1931 est

327 1964 689 2038 genitricem,
737 1969 931 2036 aptam
986 1963 1190 2020 niteris
1236 1964 1585 2039 impugnare
1631 1965 1984 2021 veritatem?

328 2055 472 2110 Ecce
501 2054 647 2109 dixit
682 2054 859 2109 Deum
893 2057 1408 2124 superventurum,
1430 2053 1521 2108 Dei
1551 2052 1758 2109 Filium
1791 2054 1982 2111 nasci-

326 2146 546 2198 turum.
568 2143 867 2208 Quomodo
897 2158 1034 2213 ergo
1067 2147 1169 2198 aut
1202 2143 1299 2197 Dei
1334 2142 1511 2198 Filius
1546 2147 1695 2198 Deus
1728 2160 1841 2198 non
1871 2148 1979 2211 est,

327 2238 429 2289 aut
457 2250 582 2305 quae
614 2233 798 2288 Deum
827 2232 1030 2295 edidit,
1062 2232 1354 2305 quomodo
1388 2240 1640 2301 Θεοτόκος,
1672 2233 1729 2287 id
1762 2237 1849 2288 est
1880 2232 1980 2288 Dei

329 2321 587 2377 Genitrix
618 2339 732 2377 non
766 2338 892 2377 esse
923 2323 1159 2394 potest?
1380 2386 1381 2391 η

289 2417 297 2421 ’
402 2431 429 2460 ι(
461 2411 529 2465 Et
558 2427 689 2466 ecce
723 2409 1012 2465 Elisabeth
1044 2414 1290 2483 cognata
1320 2414 1440 2476 tua,
1476 2415 1534 2466 et
1558 2410 1687 2484 ipsa
1718 2410 1981 2483 concepit

290 2506 300 2513 ’
328 2524 355 2549 ‹‹
391 2500 576 2554 filium
609 2499 667 2554 in
700 2502 996 2555 senectute
1030 2516 1156 2555 sua.
1191 2501 1261 2555 Et
1289 2499 1384 2555 hic
1413 2500 1634 2556 mensis
1665 2504 1753 2556 est
1781 2504 1980 2556 sextus

331 2610 357 2639 «
390 2588 474 2643 illi
506 2605 632 2660 quae
657 2591 896 2644 vocatur
926 2588 1163 2656 sterilis,
1186 2588 1324 2662 quia
1346 2605 1461 2644 non
1485 2589 1595 2644 erit
1616 2588 1979 2661 impossibile

328 2701 356 2728 «
390 2678 543 2750 apud
582 2683 760 2733 Deum
806 2694 977 2734 omne
1019 2678 1283 2733 verbum.
1321 2700 1348 2727 ››
1380 2678 1462 2733 Ne
1491 2679 1652 2749 virgo
1685 2695 1745 2733 se
1777 2694 1979 2751 parere

268 2792 271 2795 ν
330 2783 498 2837 posse
528 2764 775 2833 diffidat,
801 2766 1022 2838 accepit
1046 2766 1375 2840 exemplum
1410 2784 1559 2823 anus
1588 2766 1803 2822 sterilis
1825 2767 1976 2839 pari-

326 2858 571 2924 turae,ut
600 2854 787 2910 discat
815 2853 1013 2910 omnia
1041 2855 1158 2910 Deo
1184 2853 1505 2927 possibilia,
1526 2855 1701 2911 etiam
1724 2871 1851 2928 qum
1875 2872 1977 2911 na-

326 2947 471 2998 tura:
503 2943 692 2999 ordini
723 2943 997 2999 videntur
1027 2960 1153 3000 esse
1206 2942 1518 2999 contraria.
1551 2944 1609 2999 Si
1643 2961 1815 3016 quem
1846 2960 1977 3002 vero

328 3036 537 3100 movet,
571 3032 862 3105 quomodo
893 3032 1071 3087 beatae
1104 3031 1296 3088 Mariae
1328 3037 1636 3105 cognatam
1676 3034 1834 3089 dicat
1862 3033 1976 3090 Eli-

327 3121 556 3187 sabeth,
590 3136 723 3176 cum
774 3121 895 3175 haec
941 3121 1011 3177 de
1057 3122 1230 3177 domo
1278 3121 1479 3191 David,
1513 3121 1612 3178 illa
1643 3123 1713 3179 de
1744 3123 1977 3181 filiabus

326 3212 513 3265 Aaron
547 3209 833 3283 originem
866 3211 1128 3270 duxerat.
1152 3211 1579 3267 animadvertat
1610 3229 1851 3284 proavos
1883 3230 1973 3269 ea-
2008 3189 2050 3255 C

326 3317 455 3355 rum
487 3299 689 3356 liberis
732 3298 979 3354 invicem
1029 3305 1279 3372 nuptum
1313 3300 1565 3368 traditis,
1600 3305 1846 3373 utraque
1875 3303 1978 3357 tri-

316 3391 469 3444 bum
501 3388 761 3460 potuisse
792 3388 1285 3460 conjungere.Cui
1310 3390 1354 3444 si
1381 3388 1501 3444 haec
1531 3389 1811 3461 expositio
1834 3390 1980 3447 forte

328 3495 444 3533 non
476 3477 771 3532 sufficeret
790 3476 1162 3532 'contentiose
1184 3476 1503 3548 insistenti,
1520 3479 1687 3550 quasi
1712 3478 1820 3535 hoc
1842 3495 1977 3535 con-

316 3573 419 3621 tra
447 3564 819 3620 interdictum
841 3564 987 3637 legis
1012 3565 1132 3620 fieri
1157 3567 1500 3638 nequiverit,
1518 3565 1673 3640 legat
1695 3568 1975 3636 Exodum,

329 3655 429 3711 ubi
461 3655 747 3726 scriptum
780 3658 868 3709 est
901 3671 914 3709 :
949 3676 976 3703 ‹‹
1010 3655 1246 3727 Accepit
1277 3660 1472 3711 autem
1516 3658 1706 3712 Aaron
1738 3673 1978 3712 uxorem

331 3731 643 3808 Elisabeth,
698 3741 798 3798 filii
846 3743 1192 3811 Aminadab,
1238 3762 1494 3800 sororem
1547 3745 1798 3811 Naason,
1853 3763 1978 3817 quae

329 3832 552 3907 peperit
591 3830 641 3887 ei
671 3831 892 3901 Nadab,
926 3833 1092 3898 Abiu,
1126 3832 1381 3900 Eleazar,
1417 3838 1473 3888 et
1505 3834 1761 3889 Ithamar
1784 3834 1977 3903 (Exod.

328 3922 430 3993 Vi).
464 3944 490 3970 ››
522 3920 845 3993 Videatque
891 3926 1025 3977 ante
1068 3920 1325 3977 edictum
1376 3920 1522 3997 legis
1565 3939 1818 3995 superna
1848 3939 1979 3996 pro-

329 4009 550 4067 visione
572 4008 990 4065 sacerdotalem
1014 4010 1191 4083 regali
1205 4012 1329 4083 jam
1345 4011 1615 4081 junctam
1645 4010 1826 4067 fuisse
1848 4028 1981 4084 pro-

330 4098 580 4172 geniem,
596 4100 661 4152 ut
681 4096 947 4153 videlicet
970 4098 1252 4153 Dominus
1276 4098 1448 4153 Jesus
1472 4098 1866 4170 Christus,qui
1891 4116 1980 4154 se-

330 4188 589 4244 cundum
611 4203 845 4243 carnem
874 4203 1047 4241 verus
1071 4202 1168 4241 rex
1198 4190 1255 4241 et
1274 4187 1545 4242 sacerdos
1568 4191 1695 4242 erat
1726 4187 1979 4253 futurus,

329 4277 517 4350 ipsam
551 4291 783 4348 quoque
814 4291 1048 4331 carnem
1079 4275 1150 4329 de
1181 4279 1446 4347 utraque,
1466 4274 1645 4331 David
1678 4275 1898 4332 scilicet
1926 4282 1983 4334 et

329 4370 539 4434 Aaron,
569 4365 749 4437 stirpe
779 4363 1121 4436 susciperet.
1150 4362 1314 4419 Unde
1357 4368 1415 4419 et
1458 4364 1517 4420 in
1570 4364 1679 4421 hac
1732 4369 1981 4438 utraque

327 4456 484 4512 tribu
512 4454 771 4510 chrisma
789 4470 893 4527 per
912 4452 1100 4526 legem
1124 4453 1434 4527 mysticum
1454 4454 1803 4521 celebratur,
1819 4456 1978 4511 Chri-

2092 1965 2479 2021 confessionis
2510 1970 2566 2020 et
2619 1964 2833 2035 laudis,
2871 1982 3063 2021 arcem
3117 1968 3438 2037 penetrare,
3469 1968 3527 2020 et
3558 1980 3746 2035 usque

2092 2055 2163 2109 ad
2198 2054 2608 2127 perfectionem
2644 2054 2799 2119 fidei,
2839 2054 2958 2125 spei
2995 2057 3052 2109 et
3082 2053 3402 2120 charitatis,
3436 2052 3604 2126 quasi
3635 2053 3745 2107 tri-

2093 2144 2203 2199 bus
2234 2144 2291 2198 in
2328 2161 2395 2199 ea
2427 2144 2731 2199 mensibus
2763 2143 2951 2199 valeat
2981 2142 3351 2198 commorari.

2162 2256 2190 2282 «
2224 2234 2293 2288 Et
2340 2232 2580 2289 intravit
2624 2232 2684 2287 in
2732 2233 2971 2287 domum
3007 2232 3316 2298 Zachariae,
3369 2236 3426 2286 et
3469 2231 3744 2287 salutavit

2092 2344 2119 2372 ‹‹
2153 2322 2473 2378 Elisabeth.
2511 2344 2538 2371 ››
2568 2322 2757 2389 Disce,
2788 2321 2973 2395 virgo,
3005 2320 3397 2377 humilitatem
3431 2321 3644 2387 Mariae,
3678 2326 3744 2377 ut

2090 2416 2148 2467 et
2180 2427 2421 2484 corpore
2452 2414 2633 2476 casta,
2661 2414 2717 2465 et
2748 2414 2978 2483 pectore
3010 2409 3202 2483 possis
3232 2427 3359 2466 esse
3392 2411 3613 2466 devota.
3646 2410 3742 2464 Vi-

2090 2501 2227 2556 sitat
2250 2499 2457 2573 junior
2496 2499 2808 2566 seniorem,
2840 2499 3057 2555 salutat
3086 2499 3246 2573 virgo
3277 2516 3538 2556 uxorem.
3572 2499 3745 2555 Decet

2089 2590 2245 2645 enim
2277 2593 2341 2645 ut
2371 2606 2486 2662 quo
2517 2588 2732 2644 castior
2758 2588 2940 2662 virgo,
2983 2605 3049 2644 eo
3100 2587 3175 2643 sit
3205 2587 3486 2644 humilior
3515 2605 3528 2642 :
3562 2593 3619 2643 et
3647 2604 3740 2643 se-

2089 2666 2356 2734 nioribus
2387 2678 2665 2733 honorem
2698 2677 3261 2745 deferens,habitum
3293 2677 3577 2734 castitatis
3602 2694 3741 2750 prte-

2088 2768 2256 2823 conia
2313 2767 2683 2823 commendet
2738 2765 3108 2822 humilitatis.
3157 2766 3381 2823 Aliter:
3433 2767 3614 2822 Maria
3664 2767 3736 2820 ad

2087 2855 2411 2923 Elisabeth,
2444 2854 2731 2912 Dominus
2783 2856 2854 2911 ad
2898 2856 3202 2912 Joannem.
3238 2856 3388 2923 Hzee,
3425 2860 3491 2911 ut
3519 2855 3737 2928 Spiritu

2088 2950 2290 3003 sancto
2322 2944 2633 3017 repleatur,
2684 2943 2845 3001 illius
2888 2936 2951 2999 ut
2999 2946 3293 3017 baptismo
3344 2949 3732 3001 consecretur.

2088 3035 2496 3107 Majorumque
2525 3033 2876 3103 humiliatio,
2906 3034 3199 3090 minorum
3233 3038 3319 3090 est
3351 3034 3552 3105 utique
3581 3033 3736 3089 exal-

2086 3126 2248 3182 tatio.
2277 3124 2536 3195 Denique
2568 3122 2836 3194 sequitur
2868 3139 2880 3178 :
2982 3178 3006 3201 .

2161 3238 2187 3263 ‹‹
2223 3215 2293 3268 Et
2325 3213 2541 3267 factum
2575 3215 2664 3266 est
2708 3215 2775 3265 ut
2822 3209 3042 3265 audivit
3087 3209 3498 3266 salutationem
3539 3210 3735 3266 Mariae

2089 3327 2115 3352 ‹‹
2153 3300 2466 3365 Elisabeth,
2499 3297 2809 3353 exsultavit
2848 3297 3040 3353 infans
3078 3296 3138 3352 in
3170 3302 3332 3353 utero
3363 3298 3512 3369 ejus.
3546 3300 3615 3354 Et
3646 3316 3735 3355 re-

2090 3413 2117 3443 ‹‹
2151 3390 2302 3462 pleta
2331 3392 2421 3444 est
2452 3386 2671 3460 Spiritu
2705 3390 2905 3442 sancto
2935 3385 3252 3442 Elisabeth.
3296 3409 3323 3436 ››
3349 3387 3493 3443 Vide
3523 3387 3736 3444 distin-

2087 3479 2363 3542 ctionem.
2422 3475 2908 3549 singulorumque
2963 3476 3269 3532 verborum
3329 3476 3732 3549 proprietates.

2085 3569 2300 3623 Vocem
2334 3565 2493 3640 prior
2531 3564 2821 3620 Elisabeth
2856 3564 3094 3631 audivit,
3128 3566 3227 3621 sed
3273 3566 3529 3622 Joannes
3579 3565 3737 3639 prior

2087 3656 2337 3730 gratiam
2369 3653 2588 3711 sensit:
2625 3652 2725 3710 illa
2776 3658 2995 3710 natura;
3045 3654 3309 3711 ordinem
3349 3655 3590 3722 audivit,
3624 3655 3734 3711 iste

2088 3744 2397 3801 exsultavit
2426 3743 2650 3799 ratione
2680 3743 2940 3816 mysterii
2971 3761 2982 3798 :
3009 3742 3109 3799 illa
3140 3744 3334 3800 Marias
3366 3744 3473 3800 iste
3503 3744 3732 3800 Domini

2090 3834 2272 3889 sensit
2302 3834 2635 3889 adventum.
2660 3833 2788 3889 Iste
2819 3832 3069 3906 gratiam
3099 3832 3437 3906 loquuntur,
3462 3832 3546 3889 illi
3574 3834 3735 3890 intus

2089 3927 2404 3997 operantur
2431 3921 2664 3994 pietatis
2705 3922 3071 3994 mysterium,
3105 3927 3421 3994 antequam
3453 3922 3734 3979 maternis

2091 4011 2438 4069 adoriuntur
2454 4010 2829 4083 profectibus,
2846 4010 3181 4082 duplicique
3194 4010 3477 4067 miraculo
3494 4012 3737 4085 prophe-

2091 4107 2219 4158 tant
2249 4105 2466 4156 matres
2496 4099 2705 4173 spiritu
2739 4099 3132 4172 parvulorum.
3166 4099 3487 4156 Exsultavit
3516 4100 3729 4169 infans,

2089 4194 2145 4246 et
2174 4188 2393 4261 repleta
2421 4192 2510 4243 est
2539 4188 2880 4244 mater.Non
2909 4187 3065 4261 prius
3097 4193 3285 4243 mater
3313 4187 3733 4262 repleta,quam

2090 4278 2265 4334 filius.
2300 4277 2412 4333 Sed
2442 4292 2575 4331 cum
2607 4276 2763 4332 filius
2793 4281 2947 4334 esset
2976 4276 3230 4349 repletus
3263 4277 3481 4351 Spiritu
3512 4284 3732 4348 sancto,

2090 4365 2331 4440 replevit
2360 4369 2417 4421 et
2447 4368 2715 4421 matrem.

2165 4479 2191 4506 ‹‹
2223 4456 2292 4510 Et
2314 4454 2660 4511 exclamavit
2688 4472 2823 4511 voce
2853 4471 3085 4528 magna,
3120 4461 3177 4511 et
3206 4456 3350 4511 dixit
3381 4473 3393 4510 :
3428 4456 3738 4514 Benedicta

331 4545 403 4600 sti
422 4542 702 4598 nimirum
723 4542 982 4597 nominis
1002 4541 1290 4614 pariteret
1311 4544 1702 4614 generationis
1718 4561 1984 4617 praenun-
2013 4561 2058 4625 Ι)
2091 4568 2116 4593 ‹‹
2151 4548 2214 4599 tu
2248 4544 2401 4598 inter
2426 4542 2723 4610 mulieres,
2758 4548 2811 4599 et
2854 4543 3197 4599 benedictus
3249 4545 3475 4600 fructus
3516 4547 3737 4602 ventris

330 4633 516 4689 tium:
551 4634 608 4686 et
637 4631 762 4702 ipse
796 4631 968 4686 David
1003 4632 1243 4687 domum
1279 4631 1372 4686 Dei
1404 4630 1980 4705 ingrediens,panem

331 4722 601 4783 sanctum
631 4723 686 4773 et
714 4718 974 4791 gladium
1005 4720 1174 4791 quasi
1209 4736 1304 4774 rex
1347 4733 1404 4774 et
1431 4721 1702 4777 sacerdos
1737 4722 1976 4795 accepit,

330 4807 498 4863 illum
517 4805 783 4863 videlicet
798 4808 868 4862 de
884 4825 990 4862 suo
1008 4808 1231 4863 semine
1249 4813 1552 4864 venturum
1576 4810 1975 4882 praefigurans,

331 4898 433 4969 qui
464 4901 522 4952 et
552 4913 654 4968 pro
690 4900 882 4952 vestra
928 4896 1195 4953 libertate
1240 4896 1392 4969 regis
1415 4898 1550 4968 jure
1581 4903 1887 4971 pugnaret,
1921 4902 1980 4955 et

331 5002 434 5059 pro
464 4990 655 5041 vestra
681 4984 969 5041 libertatis
1000 4986 1364 5043 absolutione
1396 5003 1605 5060 panem
1637 5004 1755 5043 suae
1786 4988 1980 5044 carnis

331 5073 582 5130 offerret.

405 5187 431 5214 ‹‹
467 5162 621 5219 Dixit
650 5165 847 5218 autem
880 5162 1062 5219 Maria
1092 5180 1106 5218 :
1139 5166 1282 5223 Ecce
1330 5165 1541 5223 ancilla
1590 5166 1845 5235 Domini,
1880 5167 1981 5222 fiat

333 5274 362 5303 «
394 5250 539 5307 mihi
571 5250 892 5307 secundum
920 5252 1159 5306 verbum
1189 5257 1380 5309 tuum.
1408 5278 1435 5305 ››
1458 5255 1685 5319 Quanta
1713 5270 1847 5310 cum
1880 5256 1981 5311 de-

332 5341 560 5397 votione
589 5338 915 5407 humilitas,
966 5356 1092 5411 quae
1123 5345 1180 5395 et
1210 5341 1400 5414 angeli
1426 5343 1783 5415 promissum
1817 5349 1982 5416 optat

332 5428 584 5502 impleri,
618 5433 674 5484 et
717 5428 972 5501 seipsam
1016 5445 1143 5501 quas
1176 5433 1364 5485 mater
1393 5430 1645 5504 eligitur,
1681 5437 1984 5506 nuncupat

335 5518 1007 5589 ancillam,apertissime
1028 5518 1340 5574 insinuans
1367 5518 1506 5590 quia
1536 5520 1681 5577 nihil
1716 5521 1828 5578 sibi
1861 5538 1981 5579 me-

335 5608 431 5673 riti
459 5608 712 5668 vindicet
741 5607 799 5664 in
834 5623 921 5674 co,
941 5608 1094 5682 quod
1128 5607 1355 5665 Domini
1380 5608 1570 5685 jussis
1602 5610 1980 5673 obsecundet.

2091 4657 2118 4684 ‹‹
2152 4633 2259 4689 tui.
2286 4655 2312 4681 ››
2338 4632 2670 4688 Notandum
2693 4632 2846 4704 quod
2876 4633 3239 4703 praemissam
3263 4632 3335 4687 dc
3354 4632 3582 4689 Christo
3609 4652 3737 4707 pro-

2090 4722 2374 4795 phetiam,
2409 4738 2525 4777 non
2556 4736 2750 4777 rerum
2781 4725 3012 4777 tantum
3047 4719 3367 4790 miraculis,
3400 4722 3501 4778 sed
3535 4727 3591 4778 et
3620 4741 3738 4778 ver-

2088 4812 2298 4867 borum
2333 4810 2679 4883 proprietate
2711 4809 3136 4883 complectitur.
3167 4810 3281 4865 Iste
3311 4815 3401 4866 est
3428 4811 3582 4866 enim
3618 4812 3739 4868 fru-

2086 4904 2239 4967 ctus,
2256 4899 2355 4972 qui
2380 4897 2555 4953 David
2578 4898 2919 4971 patriarchae
2943 4899 3052 4954 sub
3077 4899 3464 4971 jurejurando
3494 4902 3738 4973 promit-

2088 4990 2235 5044 titur
2268 5006 2280 5043 :
2315 5011 2343 5038 ‹‹
2377 4987 2456 5043 De
2487 4986 2682 5043 fructu
2711 4987 2930 5042 ventris
2959 4989 3042 5042 tui
3075 5005 3292 5061 ponam
3331 5007 3509 5063 super
3537 4991 3736 5047 sedem

2086 5083 2250 5134 tuam
2283 5077 2451 5151 (Psal.
2498 5080 2772 5143 cxxxr).-»
2804 5074 3111 5148 Simulque
3159 5077 3528 5143 intuendum,
3581 5080 3737 5152 quod

2087 5167 2291 5222 eadem
2320 5182 2459 5221 voce
2490 5165 2673 5219 Maria
2704 5163 2775 5219 ab
2807 5163 3124 5231 Elisabeth,
3153 5184 3271 5239 qua
3297 5185 3330 5223 a
3360 5166 3615 5237 Gabriel,
3639 5169 3738 5224 be-

2089 5255 2399 5325 nedicitur,
2432 5257 2723 5325 quatenus
2752 5258 2809 5308 et
2840 5254 3062 5327 angelis
3093 5259 3151 5310 et
3199 5254 3538 5314 hominibus
3566 5273 3739 5313 vene.-

2090 5344 2292 5412 randa,
2326 5347 2383 5399 et
2411 5339 2638 5398 cunctis
2671 5341 2881 5402 merito
2920 5344 3153 5399 feminis
3184 5346 3543 5417 praeferenda
3572 5363 3739 5403 mon-

2091 5437 2326 5489 stretur.

2161 5544 2188 5571 ‹‹
2223 5521 2292 5576 Et
2321 5519 2476 5574 unde
2515 5517 2623 5574 hoc
2655 5520 2823 5592 mihi,
2846 5526 2909 5577 ut
2936 5523 3130 5579 veniat
3152 5527 3340 5582 mater
3367 5524 3600 5582 Domini
3625 5526 3741 5581 mei

2092 5634 2120 5663 ‹‹
2152 5609 2223 5667 ad
2257 5606 2396 5665 me?
2420 5628 2448 5655 ››
2480 5606 2606 5666 Non
2630 5610 2797 5688 quasi
2829 5612 3025 5673 nescia
3054 5613 3359 5690 perquirit,
3374 5614 3533 5688 quod
3563 5614 3741 5673 nimi-
