4070 6190
265 323 345 380 41
1501 322 1858 384 HOMILl/E

2046 323 2444 405 TEMpOBE.
2880 354 2881 357 η
3602 336 3697 401 42

262 454 421 510 viam
437 456 627 525 parat,
658 457 724 508 ut
743 453 894 510 hanc
915 454 1002 509 vis
1020 454 1219 526 gratiae
1250 459 1530 527 penetret,
1546 454 1753 519 lumen
1779 454 1918 512 veri-
1944 456 1999 521 Α
2029 422 2260 510 deserta
2284 461 2623 524 sectantem
2658 462 2714 513 et
2742 457 3071 515 inauditam
3092 460 3257 534 prius
3279 462 3703 533 paenitentiam.

258 543 401 599 tatis
430 541 706 599 illustrat.
741 542 816 598 Ut
843 547 1030 599 rectas
1077 543 1191 599 Deo
1238 543 1480 600 semitas
1533 544 1725 613 faciat,
1775 545 1917 603 dum

257 631 514 688 mandas
546 632 608 687 in
637 631 838 689 animo
867 630 1248 704 cogitationes
1268 651 1372 706 per
1392 650 1724 690 sermonem
1752 635 1916 691 bonae

255 720 689 793 pradicationis
720 722 934 779 format
953 721 980 777 ?

328 834 357 861 ‹‹
393 810 602 867 Omnis
620 809 790 867 vallis
810 810 1169 883 implebitur,
1193 817 1249 867 et
1270 813 1465 868 omnis
1489 830 1657 870 mons
1671 818 1728 869 et
1749 813 1915 871 collis

260 921 283 951 ι
308 899 740 959 humiliabitur.
758 922 786 950 »
808 901 955 968 Quid
976 900 1088 957 hoc
1109 901 1236 957 loco
1257 901 1496 958 vallium
1520 904 1777 976 nomine,
1799 903 1915 961 nisi

253 989 515 1047 humiles
534 990 561 1045 ‘?
592 989 734 1063 quid
756 990 1049 1049 montium
1067 994 1125 1046 et
1149 990 1389 1048 collium
1411 992 1524 1048 nisi
1548 993 1789 1066 superbi
1807 993 1912 1049 ho-

254 1080 448 1136 mines
481 1080 868 1152 designantur
887 1081 914 1134 ?
936 1098 997 1135 1n
1027 1080 1279 1136 adventu
1308 1081 1484 1153 igitur
1506 1082 1912 1155 Redemptoris

253 1168 434 1226 valles
454 1168 728 1241 impletae,
752 1172 982 1225 montes
1002 1185 1136 1226 vero
1154 1173 1210 1225 et
1229 1169 1406 1226 colles
1428 1170 1723 1227 humiliati
1751 1176 1910 1241 sunt,

252 1260 399 1331 quia
419 1260 586 1331 juxta
603 1259 732 1329 ejus
762 1274 961 1315 vocem
984 1280 1013 1307 «
1037 1258 1230 1314 omnis
1262 1260 1362 1331 qui
1381 1276 1444 1315 se
1463 1258 1696 1330 exaltat,
1719 1260 1912 1318 humi-

255 1347 528 1405 liabitur:
551 1353 607 1404 et
620 1347 719 1420 qui
743 1364 805 1403 se
828 1347 1123 1413 humiliat,
1143 1346 1496 1404 exaltabitur
1511 1350 1659 1422 (Luc.
1679 1350 1862 1423 xvni).
1884 1373 1904 1400 ι

252 1435 443 1491 Vallis
463 1434 673 1491 etenim
706 1434 949 1507 impleta
979 1435 1208 1501 crescit,
1242 1452 1412 1491 mons
1435 1442 1631 1491 autem
1657 1441 1714 1491 et
1744 1436 1909 1493 collis

247 1524 602 1580 humiliatus
623 1524 925 1581 decrescit.
945 1524 1092 1588 Quia
1114 1524 1395 1581 nimirum
1418 1524 1478 1579 in
1496 1524 1609 1579 ﬁde
1634 1526 1910 1582 Mediato—

244 1612 329 1669 ris
355 1613 459 1669 Dei
488 1619 545 1669 et
573 1613 904 1681 hominum,
960 1613 1215 1670 hominis
1243 1613 1384 1669 Jesu
1414 1614 1650 1680 Christi,
1682 1618 1739 1670 et
1766 1632 1908 1688 gen«

238 1701 429 1758 tilitas
477 1701 901 1774 plenitudinem
948 1703 1147 1775 gratiae
1197 1703 1440 1775 accepit,
1474 1708 1531 1758 et
1572 1704 1774 1759 Judaea
1805 1721 1908 1776 per

239 1805 501 1847 errorem
535 1791 812 1864 perﬁdia,
835 1790 949 1847 hoc
980 1792 1135 1848 unde
1157 1792 1443 1858 tumebat,
1475 1792 1748 1864 perdidit.
1786 1794 1905 1848 «Et

240 1904 269 1930 ‹‹
304 1885 481 1937 erunt
512 1897 691 1952 prava
714 1881 773 1935 in
805 1880 1045 1945 directa,
1072 1885 1130 1936 et
1158 1897 1367 1951 aspera
1386 1881 1449 1936 in
1470 1881 1591 1936 vias
1616 1880 1841 1953 planas.
1872 1905 1901 1931 »

239 1971 429 2026 Prava
448 1969 508 2027 in
530 1970 751 2026 directa
772 1970 940 2037 fiunt,
962 1986 1096 2024 cum
1115 1970 1404 2025 malorum
1427 1970 1603 2025 corda
1625 1987 1726 2043 per
1746 1969 1801 2024 in
1802 1971 1901 2041 ju-

239 2058 466 2117 stitiam
498 2059 747 2128 detorta,
779 2058 849 2113 ad
874 2058 1123 2128 justitize
1155 2057 1413 2131 regulam
1447 2059 1800 2131 diriguntur.
1834 2060 1905 2115 Et

238 2163 454 2219 aspera
484 2149 544 2203 in
568 2147 691 2203 vias
709 2147 915 2220 planas
937 2152 1262 2213 mutantur,
1286 2164 1419 2202 cum
1440 2147 1701 2203 immites
1724 2153 1900 2221 atque

239 2236 562 2293 iracundiae
594 2242 839 2306 mentes,
873 2253 976 2311 per
996 2236 1350 2293 infusionem
1383 2253 1648 2308 superna)
1675 2238 1897 2309 gratiae,

236 2326 315 2380 ad
348 2325 651 2382 lenitatem
674 2326 1144 2382 mansuetudinis
1173 2327 1436 2383 redeunt.
1470 2327 1710 2391 Quando
1740 2327 1898 2383 enim
1936 2375 1943 2381 .

234 2415 487 2470 verbum
518 2414 778 2470 veritatis
806 2416 881 2470 ab
914 2416 1195 2471 iracunda
1226 2418 1420 2471 mente
1450 2432 1566 2470 non
1599 2415 1894 2488 recipitur,

234 2503 413 2575 quasi
443 2505 729 2576 asperitas
758 2504 985 2560 itineris
1024 2519 1291 2577 gressum
1322 2504 1618 2577 pergentis
1650 2504 1894 2577 repellit.

234 2594 352 2649 Sed
371 2610 509 2649 cum
528 2594 828 2661 iracunda,
847 2610 950 2665 per
965 2598 1259 2665 acceptam
1282 2593 1750 2649 mansuetudinis
1772 2612 1901 2668 gra-

232 2683 404 2749 tiam,
426 2682 812 2754 correptionis
840 2681 924 2738 vel
953 2682 1373 2739 exhortationis
1391 2683 1634 2737 verbum
1669 2684 1893 2755 recipit,

231 2772 317 2827 ibi
347 2772 587 2845 planam
617 2771 769 2829 viam
802 2771 1145 2844 praedicator
1191 2770 1429 2835 invenit,
1465 2771 1565 2826 ubi
1596 2772 1759 2844 prius
1789 2789 1893 2843 pro

231 2861 553 2933 asperitate
568 2860 796 2917 itineris
816 2876 1078 2933 pergere,
1098 2859 1154 2915 id
1178 2865 1268 2915 est
1289 2860 1719 2933 praedicationis
1739 2877 1897 2934 gres-

227 2967 369 3007 sum
400 2966 615 3023 ponere
643 2966 765 3011 non
789 2950 1037 3006 valebat.

309 3064 335 3089 «
366 3040 435 3095 Et
454 3038 674 3096 videbit
693 3037 888 3095 omnis
910 3054 1043 3095 caro
1064 3039 1318 3095 salutare
1345 3038 1462 3094 Dei.
1483 3060 1510 3087 »
1533 3038 1678 3104 Quia
1698 3039 1892 3095 omnis

229 3146 369 3185 caro
385 3129 670 3201 accipitur
684 3127 877 3184 omnis
892 3128 1090 3193 homo,
1115 3127 1411 3185 «salutare
1438 3128 1557 3195 Dei,
1574 3150 1601 3177 ››
1623 3126 1892 3183 videlicet

228 3218 558 3283 Christum,
580 3218 639 3273 in
658 3217 767 3274 hac
783 3217 902 3273 vita
920 3217 1113 3274 omnis
1134 3218 1308 3273 homo
1330 3218 1522 3272 videre
1543 3234 1656 3272 non
1679 3216 1888 3289 potuit.
1919 3203 1961 3268 C

232 3307 343 3363 Ubi
369 3322 506 3380 ergo
518 3307 577 3362 in
597 3306 705 3362 hac
720 3305 1011 3363 sententia
1026 3306 1308 3378 propheta
1322 3306 1637 3378 prophetiae
1651 3304 1887 3362 oculum

229 3396 347 3453 nisi
368 3397 444 3452 ad
468 3401 794 3453 extremum
806 3395 1017 3467 judicii
1034 3396 1183 3452 diem
1204 3396 1430 3451 tendit?
1452 3395 1549 3451 ubi
1575 3412 1707 3451 cum
1731 3412 1892 3468 aper-

226 3484 307 3541 tis
324 3483 508 3552 cualis,
526 3482 1005 3540 ministrantibus
1019 3482 1261 3557 angelis,
1286 3484 1736 3540 consedentibus
1757 3501 1896 3557 apo-

226 3572 421 3641 stolis,
454 3573 513 3627 in
543 3572 682 3628 sede
714 3572 1045 3643 maiestatis
1084 3589 1204 3629 sua)
1234 3572 1503 3628 Christus
1532 3573 1887 3647 apparuerit,

225 3680 437 3720 omnes
466 3662 627 3718 hunc
656 3666 714 3719 et
744 3661 908 3718 electi
934 3665 990 3718 et
1014 3661 1241 3733 reprobi
1266 3663 1480 3735 pariter
1502 3663 1802 3729 videbunt,
1825 3667 1891 3718 ut

223 3758 283 3808 et
304 3753 457 3824 justi
490 3752 563 3807 de
594 3768 838 3807 munere
871 3750 1271 3808 retributionis
1292 3751 1420 3807 sine
1442 3753 1554 3807 line
1574 3753 1886 3827 gaudeant,

224 3847 284 3899 et
314 3841 523 3915 injusti
553 3841 614 3895 in
650 3840 872 3897 ultione
902 3840 1135 3913 suplicii
1159 3840 1220 3896 in
1253 3845 1597 3914 perpetuum
1628 3845 1887 3915 gemant.

625 4022 641 4059 χ
832 3984 1137 4041 HOMILIA
1174 3984 1295 4041 vn.

614 4091 890 4133 DOMINICA
931 4091 1157 4137 QUARTA
1195 4091 1449 4130 ADVENTU
1459 4092 1505 4131 So

303 4202 496 4270 (JOAN.
530 4200 596 4273 ι.)
648 4222 675 4249 ‹‹
712 4199 774 4255 In
807 4199 905 4259 illo
953 4204 1235 4272 tempore,
1285 4197 1574 4254 miserunt
1602 4199 1785 4255 Judaei
1819 4200 1892 4256 ab

233 4316 261 4339 ‹‹
298 4288 719 4362 Hierosolymis
740 4289 1070 4344 sacerdotes
1087 4293 1145 4345 et
1173 4287 1376 4343 levitas
1401 4289 1472 4343 ad
1489 4288 1796 4355 Joannem,
1829 4295 1896 4344 ut

234 4404 263 4429 ‹‹
304 4380 734 4451 interrogarent
748 4394 881 4432 eum
900 4394 913 4433 :
935 4378 1019 4432 Tu
1044 4378 1340 4450 quis,es?»
1360 4381 1416 4433 et
1434 4377 1675 4450 reliqua.
1704 4379 1897 4434 Potest

236 4484 470 4525 movere
500 4469 572 4523 ad
602 4466 1096 4540 investigandum,
1115 4482 1294 4539 quare
1323 4467 1506 4522 Judaei
1528 4468 1599 4523 ab
1628 4466 1893 4523 Hieroso-

2029 540 2086 597 in
2119 545 2525 603 remissionem
2556 551 2949 619 peccatorum,
2980 548 3071 605 vel
3101 550 3427 607 doctrinam
3468 554 3675 625 praedi-

2025 639 2277 703 cantem,
2313 636 2522 691 miram
2574 636 2991 694 abstinentiam
3039 643 3501 710 conservantem,
3534 640 3677 714 bap-

2024 720 2267 779 tismum
2299 742 2530 797 quoque
2580 743 2695 781 non
2741 724 2936 782 solum
2983 728 3308 798 docentem,
3350 729 3451 785 sed
3500 730 3699 787 etiam.

2024 814 2300 869 dantem:
2334 814 2770 871 aestimaverunt
2793 817 2949 888 apud
2982 817 3349 891 semetipsos,
3375 819 3530 890 quod
3551 819 3678 892 ipse

2024 906 2179 959 esset
2208 901 2492 971 Christus,
2546 902 2644 975 qui
2678 903 2760 959 eis
2804 904 2994 960 fuerat
3040 905 3409 976 promissus;
3442 908 3499 961 et
3545 905 3697 964 ideo.

2023 992 2313 1049 miserunt
2342 991 2413 1047 ab
2463 991 2877 1065 Hierosolymis
2907 993 3239 1050 sacerdotes
3282 999 3338 1050 et
3364 993 3701 1057 levitasiad.

2020 1081 2331 1151 Joannem,
2379 1085 2444 1135 ut
2488 1080 2915 1153 interrogarent
2958 1099 3094 1138 eum
3120 1099 3132 1138 :
3159 1105 3187 1133 ‹‹
3218 1084 3305 1139 Tu
3337 1083 3475 1156 quis
3503 1083 3611 1141 es?
3642 1106 3671 1135 »

2020 1171 2179 1236 Quod
2217 1171 2372 1225 enim
2396 1169 2503 1225 hac
2520 1168 2852 1242 suspicione
2882 1171 3150 1242 permoti,
3175 1172 3245 1227 ad
3268 1189 3405 1229 eum
3424 1172 3672 1230 interro-

2019 1261 2278 1333 gandum
2296 1258 2739 1327 miserint,alius
2753 1259 3109 1332 evangelista
3121 1261 3308 1317 Lucas
3320 1260 3543 1318 scilicet
3555 1278 3704 1330 mas,

2018 1347 2227 1405 nifeste
2254 1346 2531 1417 declarat,
2554 1347 2784 1404 dicens:
2810 1370 2837 1399 «
2862 1347 3245 1404 Existimante
3261 1352 3458 1405 autem
3484 1368 3673 1423 popu-

2016 1437 2153 1507 lo,et
2167 1437 2563 1510 cogitantibus
2575 1436 2921 1492 omnibusin
2935 1438 3211 1494 cordibus
3222 1438 3347 1494 suis
3361 1438 3430 1494 de
3446 1439 3695 1495 Joanne.

2016 1543 2089 1583 ne
2118 1526 2266 1582 forte
2292 1526 2418 1598 ipse
2450 1529 2606 1580 esset
2634 1524 2902 1580 Christus
2933 1528 3082 1597 (Luc.
3108 1527 3214 1596 ιιι).
3237 1549 3266 1576 ››

2087 1640 2115 1666 ‹‹
2152 1616 2439 1671 Miserunt
2461 1614 2534 1670 ab
2566 1613 2986 1685 Hierosolymis
3011 1615 3341 1672 sacerdotes
3362 1621 3419 1671 et
3436 1615 3674 1684 levitas,

2018 1727 2047 1756 ι(
2073 1708 2137 1760 ut
2168 1705 2593 1775 interrogarent
2621 1719 2757 1758 eum
2783 1719 2795 1757 :
2823 1703 2910 1758 Tu
2935 1702 3036 1774 qui
3067 1720 3128 1758 es
3149 1703 3176 1758 ?
3207 1725 3235 1754 »
3267 1704 3380 1760 Sed
3404 1704 3666 1761 veritatis

2016 1810 2200 1867 praeco
2229 1792 2368 1865 quid
2402 1793 2471 1848 de
2492 1808 2554 1847 se
2585 1791 2762 1855 dicat,
2795 1791 3131 1849 audiamus.
3190 1850 3195 1859 ,

2086 1906 2113 1933 ‹‹
2148 1884 2215 1939 Et
2229 1880 2536 1937 confessus
2560 1885 2666 1949 est,
2682 1885 2739 1936 et
2751 1898 2866 1936 non
2891 1881 3662 1957 negavit,etconfessus.est,

2014 1994 2042 2023 ‹‹
2075 1971 2220 2036 Quia
2246 1988 2362 2026 non
2386 1987 2517 2027 sum
2541 1986 2647 2043 ego
2677 1969 2967 2026 Christus.
2985 1992 3014 2020 ››
3036 1970 3097 2026 Si
3118 1986 3346 2043 quaeras
3366 1971 3507 2043 quid
3528 1987 3664 2026 con-

2014 2063 2205 2118 fessus
2234 2065 2343 2126 est,
2378 2064 2435 2114 et
2465 2060 2603 2131 quid
2636 2075 2751 2115 non
2780 2059 3044 2133 negavit:
3070 2060 3373 2117 confessus
3394 2065 3483 2116 est
3506 2060 3665 2132 quod
3689 2112 3693 2136 ξ

2013 2169 2127 2207 non
2150 2156 2294 2218 erat,
2321 2166 2439 2204 non
2453 2148 2684 2223 negavit
2698 2150 2852 2221 quod
2877 2152 3020 2205 erat.
3036 2148 3353 2205 Confessus
3366 2151 3458 2205 est
3472 2165 3536 2205 se
3548 2165 3664 2205 non

2010 2258 2139 2297 esse
2178 2240 2498 2311 Christum,
2549 2240 2646 2295 sed
2694 2255 2809 2294 non
2858 2237 3090 2311 negavit
3134 2255 3195 2294 se
3244 2254 3691 2311 praecursorem,

2010 2329 2245 2386 Christi.
2270 2330 2585 2386 Confessus
2614 2333 2702 2384 est
2732 2345 2795 2384 se
2824 2344 2941 2383 non
2963 2344 3091 2384 esse
3104 2327 3388 2400 judicem,
3412 2327 3516 2383 sed
3547 2344 3664 2383 non

2010 2419 2240 2492 negavit
2259 2435 2585 2491 praeconem
2609 2435 2670 2473 se
2695 2433 2824 2474 esse
2836 2417 3075 2488 judicis.
3103 2415 3417 2474 Confessus
3438 2420 3662 2473 estnon

2009 2527 2070 2565 se
2088 2527 2217 2566 esse
2239 2526 2545 2582 sponsum,
2569 2509 2671 2565 sed
2694 2525 2759 2564 se
2772 2524 2888 2564 non
2906 2507 3138 2581 negavit
3156 2506 3412 2565 amicum
3435 2507 3660 2580 sponsi.

2007 2600 2321 2656 Confessus
2351 2605 2441 2654 est
2471 2616 2587 2653 non
2631 2615 2695 2654 se
2732 2614 2861 2654 esse
2889 2597 3153 2663 verbum,
3189 2613 3304 2655 non
3336 2613 3399 2653 se
3428 2596 3662 2670 negavit

2005 2705 2133 2745 esse
2162 2705 2382 2745 vocem.
2417 2686 2603 2759 Elegit
2622 2686 2780 2742 enim
2821 2684 3002 2741 solide
3033 2685 3355 2742 subsistere
3386 2686 3444 2740 in
3474 2701 3555 2752 se,
3587 2701 3659 2742 ne

2003 2777 2262 2833 humana
2277 2777 2550 2848 opinione
2570 2774 2822 2831 inaniter
2842 2777 3144 2847 raperetur
3165 2790 3343 2846 super
3357 2790 3438 2829 se.
3469 2773 3657 2847 Magis

2002 2868 2160 2923 enim
2177 2867 2357 2923 voluit
2381 2865 2623 2921 humilis
2639 2865 2791 2920 inter
2810 2864 3078 2920 membra
3094 2862 3310 2918 Christi
3330 2862 3652 2931 numerari,

2002 2972 2178 3028 quam
2226 2957 2354 3027 ejus
2386 2972 2599 3010 nomen
2631 2953 2964 3009 immeritus
2995 2968 3300 3025 usurpare,
3332 2955 3387 3006 et
3421 2951 3493 3006 ab
3522 2950 3652 3023 ipso

2000 3060 2237 3116 corpore
2268 3042 2484 3098 Christi
2515 3042 2802 3098 abscindi.
2836 3040 2982 3107 Quia
3027 3058 3163 3096 cum
3200 3057 3336 3096 eum
3366 3055 3647 3114 magnum

1998 3134 2097 3191 alii
2128 3137 2416 3206 putarent,
2458 3132 2584 3203 ipse
2623 3147 2866 3203 parvum
2899 3146 2960 3185 se
2991 3129 3283 3184 aetimavit.
3315 3128 3461 3185 Aliis
3490 3129 3650 3184 enim

2001 3239 2216 3295 magna
2231 3223 2300 3279 de
2318 3237 2379 3277 se
2396 3217 2984 3289 :estimantibus,ipse
3002 3218 3076 3272 de
3095 3234 3156 3273 se
3182 3216 3429 3272 minima
3443 3215 3648 3283 sensit,

1999 3328 2349 3369 conservans
2398 3308 2540 3366 illud
2592 3307 2749 3381 quod
2803 3307 3105 3379 Scriptura
3132 3305 3311 3361 dicit:
3366 3306 3652 3371 «Quanto

2000 3419 2252 3475 magnus
2301 3417 2383 3467 es,
2416 3397 2667 3455 humilia
2696 3402 2752 3452 te
2780 3396 2840 3451 in
2891 3395 3191 3463 omnibus,
3222 3399 3279 3452 et
3308 3411 3505 3451 coram
3538 3398 3669 3469 Deo.

1998 3489 2256 3546 invenies
2286 3487 2533 3561 gratiam
2556 3486 2752 3555 (Eccle.
2782 3487 2888 3553 III).
2912 3505 2934 3537 ι

2072 3604 2099 3630 ‹‹
2130 3580 2197 3634 Et
2214 3579 2721 3649 interrogaverunt
2740 3590 2902 3629 eum:
2929 3571 3077 3639 Quid
3100 3572 3276 3645 ergo?
3301 3569 3454 3626 Elias
3468 3586 3529 3626 es
3550 3568 3653 3625 tu?

2002 3690 2029 3719 (ι
2061 3667 2167 3732 Qui
2188 3666 2353 3724 dicit:
2383 3666 2507 3722 Non
2531 3681 2685 3720 sum.
2715 3685 2743 3713 ››
2765 3664 2834 3718 Et
2853 3662 2923 3718 de
2946 3677 3195 3734 persona
3213 3660 3343 3716 ideo
3364 3659 3653 3717 Joannem

1998 3755 2457 3828 interrogabant,
2483 3752 2620 3826 quia
2649 3753 2707 3807 in
2740 3750 2973 3807 oraculo
3005 3747 3302 3807 Malacbiae
3334 3747 3651 3820 prophetis,

1999 3846 2134 3902 Elize
2146 3846 2460 3901 adventum
2475 3842 2835 3914 promissum
2858 3839 3173 3906 habebant,
3194 3837 3441 3894 Domino
3455 3835 3650 3892 dicen-

1999 3940 2082 3991 te:
2119 3958 2146 3985 ‹‹
2180 3935 2323 3989 Ecce
2353 3948 2459 4005 ego
2509 3930 2740 3986 mittam
2770 3928 2933 3985 vobis
2963 3926 3149 3983 Eliam
3180 3925 3520 3995 Thesbiten,
3549 3924 3650 3998 qui

2000 4026 2296 4081 convertet
2337 4022 2512 4077 corda
2544 4022 2777 4093 patrum
2807 4018 2867 4072 in
2901 4016 3073 4086 filios,
3104 4020 3163 4072 et
3191 4015 3367 4071 corda
3396 4011 3652 4097 filiorum

2003 4114 2073 4169 ad
2103 4117 2518 4186 patreseorum
2542 4109 2803 4179 (Malach.
2830 4108 2923 4171 Iv).
2949 4129 2976 4156 ››
3000 4105 3110 4161 Sed
3131 4104 3287 4177 quod
3307 4103 3376 4159 de
3397 4103 3652 4161 secundo

2002 4202 2252 4258 adventu
2300 4197 2531 4255 Domini
2589 4197 2932 4270 praedictum
2985 4197 3129 4261 erat,
3192 4192 3275 4248 illi
3333 4193 3404 4248 de
3463 4191 3653 4263 primo

2004 4291 2226 4346 dictum
2273 4288 2645 4351 arbitrantes,
2694 4285 3004 4340 confitente
3050 4284 3296 4348 Joanne,
3330 4280 3486 4351 quod
3535 4295 3654 4335 non

2004 4383 2159 4435 esset
2218 4377 2507 4440 Christus,
2569 4373 3073 4445 interrogaverunt
3138 4385 3298 4436 eum,
3354 4366 3651 4423 dicentes:

2007 4493 2034 4520 «
2070 4466 2218 4537 Quid
2269 4481 2406 4539 ergo
2427 4465 2454 4520 ?
2484 4462 2639 4519 Elias
2687 4478 2749 4517 es
2783 4466 2845 4515 tu
2871 4461 2898 4515 ?
2927 4459 3035 4524 Qui
3067 4457 3247 4513 dicit:
3282 4457 3409 4513 Non
3440 4472 3595 4511 sum.
3624 4477 3654 4506 »
3682 4536 3687 4539 ν

235 4557 417 4631 lymis
464 4557 798 4613 sacerdotes
828 4559 885 4611 et
915 4546 1120 4612 levitas
1149 4556 1445 4612 mittentes
1484 4557 1555 4612 ad
1585 4557 1894 4623 Joannem,
1928 4550 2088 4640 D’Ex
2135 4557 2306 4627 cujus
2357 4551 2735 4627 responsione
2768 4567 2900 4640 non
2949 4565 3127 4640 parva
3183 4547 3354 4640 nobis
3413 4545 3656 4640 quaestio

234 4652 361 4702 tam
393 4645 641 4703 sollicite
667 4650 725 4707 et
753 4645 1015 4701 studiose
1038 4645 1404 4717 requirerent
1423 4662 1579 4712 eum,
1603 4646 1893 4701 dicentes:

233 4759 263 4786 α
302 4736 393 4791 Tu
424 4735 559 4807 quis
589 4735 701 4790 es?
733 4758 760 4784 »
815 4736 927 4790 Sed
977 4734 1049 4790 ad
1079 4733 1201 4788 haec
1252 4733 1439 4789 facilis
1488 4738 1543 4789 et
1580 4750 1713 4790 vera
1745 4739 1903 4807 patet

234 4824 572 4897 responsio,
602 4824 740 4896 quia
758 4823 995 4896 vulgata
1016 4826 1261 4883 reserat
1287 4823 1441 4894 apud
1465 4822 1699 4879 Judmos
1720 4825 1776 4879 in
1799 4825 1905 4879 fre-

235 4911 622 4985 quentatione
652 4912 821 4984 legis,
854 4909 1079 4966 utillud
1108 4910 1321 4983 Moysi:
1348 4933 1374 4960 «
1402 4912 1746 4982 Prophetam
1772 4931 1903 4969 sus-

234 5001 452 5058 citabit
466 5001 632 5057 vobis
650 5001 805 5056 Deus
825 5001 896 5055 de
918 5000 1199 5055 fratribus
1220 5000 1449 5063 vestris,
1471 5004 1751 5072 tanquam
1776 5019 1900 5058 me:

234 5090 438 5162 ipsum
459 5089 729 5156 audietis,
744 5090 917 5159 juxta
933 5088 1132 5144 omnia
1152 5106 1279 5160 quae
1302 5087 1533 5144 locutus
1548 5090 1720 5146 fuerit
1739 5094 1904 5147 vobis

237 5181 418 5251 (Deut.
433 5178 617 5248 xvm).
635 5202 663 5228 ››
687 5178 756 5233 Et
775 5195 843 5234 ex
864 5176 1116 5234 oraculis
1128 5177 1545 5250 prophetarum
1569 5181 1904 5237 manifesta-

235 5276 389 5336 tum,
407 5271 563 5343 quod
579 5270 851 5327 Christus
867 5269 1093 5326 essetin
1118 5271 1404 5326 mundum
1417 5274 1720 5335 venturus,
1732 5274 1787 5325 et
1803 5289 1902 5325 no-

236 5375 370 5415 vam
395 5359 723 5416 doctrinam
755 5359 1205 5431 praedicaturus;
1229 5359 1426 5415 etideo
1440 5359 1580 5432 quia
1599 5360 1907 5415 audierant

233 5447 528 5507 Joannem
543 5465 646 5521 per
660 5448 1179 5522 repromissionem
1195 5447 1484 5522 anglicam
1499 5449 1571 5505 de
1587 5466 1723 5505 sene
1744 5454 1906 5529 patre

235 5540 298 5594 et
320 5537 506 5593 sterili
534 5541 720 5595 matre
739 5555 872 5596 esse
893 5541 1122 5606 natum,
1147 5538 1455 5593 audierant
1474 5538 1534 5593 in
1557 5538 1684 5610 ejus
1706 5537 1908 5594 nativi-

234 5626 659 5703 tatelinguam
689 5628 876 5702 patris
906 5627 1180 5699 solutam,
1211 5627 1604 5705 videbantque
1628 5629 1906 5705 juvenem

562 5756 827 5826 ΡΑνιιοι..
876 5755 1135 5827 GXVIII.

2008 4647 2212 4714 oritur,
2245 4644 2293 4701 si
2328 4643 2502 4700 aliam
2533 4639 2826 4714 Evangelii
2872 4637 3179 4694 lectionem
3209 4637 3283 4692 ad
3313 4634 3657 4692 memoriam

2010 4736 2381 4792 reducamus.
2417 4731 2693 4805 Legimus
2723 4728 2880 4785 enim
2929 4726 3090 4794 alibi,
3142 4722 3659 4803 quodorequisitus

2010 4824 2296 4882 Dominus
2326 4840 2359 4878 a
2389 4818 2696 4892 discipulis
2727 4819 2798 4874 de
2829 4818 3078 4873 adventu
3109 4815 3267 4881 Elite,
3319 4811 3654 4884 respondit:

2013 4938 2040 4964 «
2073 4914 2226 4971 Elias
2267 4914 2392 4984 jam
2440 4910 2618 4975 venit,
2648 4912 2707 4964 et
2744 4923 2859 4961 non
2908 4906 3305 4977 cognoverunt
3350 4918 3507 4968 eum,
3557 4899 3658 4957 sed

2012 5005 2273 5060 fecerunt
2320 5001 2382 5055 in
2426 5015 2559 5055 eum
2602 5011 2963 5069 quaecunque
2991 4993 3322 5050 voluerunt.
3356 4996 3423 5048 Et
3450 4991 3500 5047 si
3533 4989 3683 5047 val--

2010 5095 2089 5150 tis
2120 5093 2289 5159 scire,
2319 5091 2575 5146 Joannes
2605 5086 2730 5159 ipse
2773 5088 2861 5140 est
2897 5083 3054 5140 Elias
3091 5084 3309 5154 (Matth.
3340 5099 3417 5150 χι,
3444 5082 3600 5148 xvu).
3632 5101 3660 5130 »

2012 5185 2157 5240 Cum
2189 5198 2324 5253 ergo
2369 5176 2650 5234 Dominus
2681 5175 2856 5242 dicat,
2888 5174 3144 5230 Joannes
3174 5173 3302 5246 ipse
3349 5175 3438 5228 est
3482 5169 3660 5238 Elias,

2014 5288 2195 5345 quare
2223 5270 2479 5325 Joannes
2510 5266 2904 5337 interrogatus
2936 5263 3100 5330 dicit,
3132 5263 3257 5317 Non
3297 5277 3431 5318 sum
3460 5258 3618 5316 Elias
3637 5259 3665 5315 ?

2012 5360 2165 5415 Nihil
2201 5358 2388 5431 magis
2421 5356 2725 5410 dissonum
2753 5354 2936 5409 videri
2965 5357 3176 5426 potest,
3210 5366 3388 5423 quam
3428 5366 3577 5419 esse,
3610 5354 3669 5407 et

2015 5467 2129 5506 non
2153 5465 2308 5504 sum.
2336 5445 2609 5517 Nunquid
2636 5444 2793 5500 aliud
2808 5443 3024 5500 veritas
3044 5439 3240 5511 sentit,
3263 5445 3321 5499 et
3339 5440 3497 5497 aliud
3520 5457 3667 5514 pra-

2019 5555 2224 5595 cursor
2252 5541 2309 5592 et
2338 5534 2623 5608 propheta
2649 5532 2910 5590 veritatis
2932 5532 2961 5588 ?
2990 5530 3269 5606 Nunquid
3301 5530 3460 5589 aliud
3483 5530 3673 5602 judex

2016 5626 2268 5699 nuntiat,
2291 5629 2349 5686 et
2367 5623 2526 5686 aliud
2547 5640 2734 5701 praeco
2757 5622 3006 5682 clamat?
3025 5622 3171 5679 Non.
3193 5622 3280 5681 An
3302 5619 3480 5682 simul
3509 5619 3669 5679 Elius.

3308 5750 3350 5831 ἓ
