2009 3090
819 94 858 123 1"
910 103 917 115 ‘

182 182 221 211 43

179 249 208 276 et
223 248 351 275 Joannes
367 255 431 275 esse
446 246 582 282 poterat?
598 246 653 274 Sed
678 235 837 282 utrumque
862 246 1008 281 quomodo

178 300 280 320 verum
290 292 337 324 sit,
350 292 407 319 cito
419 291 634 328 cognoscimus,
648 291 671 318 si
683 291 771 319 verba
781 290 886 327 angeli,
900 289 1018 326 quibus-

181 337 217 364 ad
227 336 397 364 Zachariam
409 336 524 363 locutus
536 338 580 363 est
591 345 657 363 cum
670 336 812 363 Joannem
825 335 1008 362 nasciturum

179 381 359 417 praediceret,
370 381 405 408 ad
416 381 587 408 memoriam
597 381 781 411 reducamus.
792 379 837 407 Ait
845 380 922 407 enim
934 379 1008 406 inter

181 428 301 453 caetera:
319 436 332 450 ‹‹
350 426 415 461 Ipse
431 425 544 461 praeibit
559 427 627 453 ante
641 424 725 452 illum
742 424 770 451 in
786 424 891 460 spiritu
908 426 936 451 et
951 423 1007 450 vir-

180 472 241 497 tute
257 470 324 498 Elia;
341 470 414 506 (Luc.
432 472 464 504 1).
483 482 496 494 υ
522 470 562 497 Ex
582 470 689 505 quibus
714 469 809 496 verbis
832 468 1006 502 ostenditur,

180 515 249 550 quia
263 515 390 542 Joannes
406 515 434 542 in
458 523 582 550 persona
599 514 674 541 Elias
695 522 751 541 non
768 516 840 547 erat,
857 513 885 540 in
903 513 1008 549 spiritu

179 562 277 587 autem
291 559 367 587 Elias
376 562 447 587 erat.
465 559 536 591 Quia
547 559 624 586 sicut
635 558 711 586 Elias
722 559 879 586 adventum
891 557 1008 585 Domini

180 604 342 631 secundum
352 612 548 639 pramessurus
555 603 729 639 est,quando
736 605 876 630 venturus
885 603 942 636 estj
949 603 1010 629 udi-

180 656 246 675 care
261 648 402 675 mundum
417 656 423 675 :
441 648 482 675 sic
499 648 627 675 Joannes
643 648 799 675 adventum
816 646 932 674 Domini
949 646 1007 682 pri-

179 701 260 720 mum
277 693 437 728 prazcessit,
462 693 579 728 quando
599 692 679 719 venit
694 691 835 719 redimere
852 691 1006 718 mundum.

178 737 212 764 Et
223 737 298 764 sicut
314 736 362 764 ille
375 746 469 773 praeco
482 738 599 764 futurus
610 739 654 764 est
666 737 791 772 Judicis,
809 737 848 764 ita
866 737 919 764 iste
935 745 1007 772 prm-

179 790 281 809 cursor
290 781 384 809 factus
391 784 436 809 est
446 782 659 817 Redemptoris.
667 782 701 808 Et
709 781 772 809 ideo
779 782 856 817 quod
868 781 1009 809 Dominus

178 826 296 854 dicitde
312 826 427 862 spiritu,
453 826 507 853 hoc
530 826 657 853 Joannes
674 826 798 862 denegat
822 826 857 854 de
872 834 1006 862 persona.

179 871 214 898 Et
227 871 304 906 quod
316 871 445 898 Joannes
456 871 490 898 dc
502 879 627 906 persona
639 873 737 907 negat,
753 871 807 898 hoc
820 870 961 898 Dominus
973 870 1008 898 de

179 914 284 950 spiritu
295 915 431 942 affirmat.
443 915 581 947 Quamvis
593 914 681 950 igitur
692 917 821 950 tempore
833 914 957 942 fuissent
968 914 1009 941 di—

178 959 243 992 visi,
262 961 358 986 tamen
376 958 481 994 spiritu
499 959 615 986 fuerunt
632 959 716 986 uniti.
735 959 768 986 Et
783 959 852 994 quia
867 958 1009 986 Dominus

180 1002 386 1038 spiritualibus
401 1002 554 1039 discipulis
579 1003 763 1039 loquebatur,
785 1003 893 1039 quibus
908 1003 1009 1030 datum

180 1049 242 1074 erat
253 1056 339 1075 nosse
350 1047 523 1083 mysterium
535 1048 615 1084 regni
629 1048 690 1081 Dei,
703 1048 824 1084 dignum
836 1049 898 1075 erat
908 1050 940 1075 ut
950 1048 1009 1084 spi-

180 1091 315 1119 ritualem
332 1092 366 1119 de
381 1092 492 1120 Joanne
517 1092 690 1120 sententiam
714 1093 865 1128 proferret,
889 1092 1008 1120 dicens:

182 1147 195 1160 ι(
207 1136 335 1164 Joannes
349 1136 411 1172 ipse
423 1138 467 1164 est
478 1136 565 1164 Elias.
579 1148 592 1162 υ
605 1137 734 1164 Joannes
746 1146 811 1165 vero
823 1137 983 1173 requisitus
994 1145 1011 1164 a

179 1180 300 1212 Judaeis,
318 1181 368 1216 qui
387 1183 500 1208 tantum
518 1181 656 1214 litteram,
673 1190 730 1209 non
747 1184 845 1209 autem
861 1181 1008 1217 spiritum,

180 1233 302 1260 pensare
311 1228 459 1258 noverant,
472 1226 595 1261 dignum
606 1225 661 1253 fuit
672 1228 704 1253 ut
715 1235 772 1253 non
784 1226 819 1253 de
830 1226 947 1262 spiritu,
958 1227 1009 1254 sed

181 1270 216 1297 de
231 1278 286 1297 sua
296 1278 422 1306 persona
434 1270 556 1298 diceret:
571 1282 583 1295 ι(
597 1271 657 1298 Non
671 1279 737 1298 sum
750 1270 837 1298 Elias.
850 1281 863 1295 ››
879 1270 1010 1306 Denique

181 1314 205 1341 si
222 1314 288 1350 quis
304 1315 458 1342 amborum
469 1323 636 1351 praeconum
649 1315 792 1343 actionem
803 1314 958 1351 diligenter
969 1316 1010 1343 in-

181 1358 296 1394 spiciat,
305 1368 396 1387 Linum
404 1360 600 1395 eumdemque
610 1360 756 1396 spiritum,
767 1359 796 1387 in
803 1360 1009 1396 utrisquelope-

181 1404 289 1435 ratum,
300 1403 444 1439 intelligit.
459 1403 535 1431 Elias
546 1412 672 1440 namque
686 1404 714 1431 in
725 1405 839 1432 deserto
850 1404 916 1437 fuit,
928 1404 1009 1432 simi-

181 1447 248 1475 liter
256 1450 285 1476 et
292 1449 430 1476 Joannes.
438 1448 516 1476 Elias
523 1449 662 1485 quadragi
669 1451 717 1476 nta
725 1449 829 1477 diebus
839 1452 864 1477 et
874 1449 1009 1478 noctibus

176 1492 323 1527 jejunavit
337 1493 395 1526 (III.
414 1495 477 1527 Reg.
494 1495 562 1527 xxx),
574 1495 601 1521 et
615 1493 743 1521 Joannes
755 1490 915 1522 inauditam
927 1495 1008 1530 prius

180 1536 390 1564 abstinentiam
409 1538 517 1565 tenuit:
536 1538 605 1574 quia
619 1537 746 1566 locustas
761 1541 790 1566 et
804 1538 860 1567 mel
877 1539 1008 1568 silvestre

180 1581 306 1609 comedit
330 1582 420 1617 (Marc.
444 1584 473 1617 ι).
501 1582 575 1610 Elias
601 1591 704 1610 zonam
730 1583 881 1619 pelliceam
905 1584 1007 1612 habuit

178 1625 254 1653 circa
284 1626 400 1654 lumbos
435 1627 479 1663 (IV
501 1628 562 1662 Rrg.
593 1629 622 1661 1),
651 1628 788 1655 similiter
820 1631 849 1655 ct
877 1628 1005 1656 Joannes

175 1672 286 1704 (Matth.
303 1672 354 1706 111).
373 1671 450 1698 Elias
465 1672 622 1698 Jordanem
648 1672 768 1699 fluvium
794 1671 882 1707 pallio
907 1672 1006 1699 divisit

175 1714 219 1749 (ιν
233 1715 377 1750 Reg.x1x),
390 1717 418 1742 et
432 1715 560 1742 Joannes
572 1715 600 1742 in
613 1715 739 1742 Jordane
752 1715 837 1742 fluvio
849 1716 1006 1751 baptizavit

177 1758 265 1792 (Joan.
284 1758 313 1793 1).
342 1759 422 1786 Elias
447 1759 680 1794 persecutionem
697 1760 733 1787 ab
762 1759 860 1787 Achab
889 1769 955 1797 rege
976 1763 1005 1789 et

177 1801 354 1837 impiissima
370 1803 470 1839 regina
485 1803 599 1831 Jezabel
617 1812 722 1839 passus
739 1806 783 1831 est
795 1804 844 1838 (III
855 1805 917 1839 Reg.
935 1807 1003 1839 xxx),

176 1848 204 1874 et
229 1847 357 1874 Joannes
382 1848 417 1874 ab
434 1847 544 1875 Herode
561 1851 678 1884 propter
700 1848 890 1876 llerodiadem
911 1849 1005 1885 capite

176 1893 330 1919 truncatus
346 1894 389 1919 est
414 1892 511 1928 (.llarr.
529 1894 577 1928 v1).
597 1904 606 1917 α
627 1892 770 1928 Propheta
785 1902 816 1921 es
839 1895 869 1920 tu
881 1894 894 1921 ?
908 1894 942 1921 Et
958 1903 1004 1921 rc-

177 1935 314 1971 spondit:
332 1936 404 1963 Non.
420 1948 432 1960 n
450 1936 514 1964 Ideo
530 1940 627 1964 autem
644 1937 773 1965 Joannes
785 1938 956 1973 prophetam
974 1947 1004 1966 se

177 1988 241 2007 esse
250 1980 373 2016 negavit,
382 1980 451 2016 quia
458 1980 523 2016 plus
534 1989 623 2016 quam
631 1982 803 2017 prophetam
813 1990 843 2010 se
850 1991 913 2010 esse
923 1983 1004 2011 intel-

177 2024 256 2051 lexit.
266 2024 413 2060 Prophetze
427 2025 503 2053 enim
513 2026 641 2053 ofﬁcium
653 2029 697 2053 est
708 2029 828 2054 ventura
838 2027 1002 2063 praedicere,

178 2077 235 2096 non
259 2071 356 2096 autem
368 2070 592 2108 demonstrare.
611 2071 685 2107 Ergo
701 2071 829 2099 Joannes
847 2072 1003 2108 plusquam

176 2113 318 2150 propheta
332 2107 395 2148 fuit,
412 2115 481 2150 quia
500 2123 567 2142 eum
581 2123 668 2151 quem
690 2107 1002 2152 venturumprzedixit,

175 2159 263 2187 etiam
279 2158 392 2187 venisse
417 2159 509 2195 digito
526 2160 746 2194 demonstravit,
764 2160 883 2189 dicens:
901 2173 914 2186 ι(
932 2162 1004 2189 Ecce

173 2204 274 2240 Agnus
290 2204 348 2237 Dei,
361 2213 426 2232 ecce
439 2204 487 2240 qui
501 2204 576 2232 tollit
586 2207 705 2240 peccata
721 2205 823 2233 mundi
841 2207 928 2241 (Joan.
944 2207 974 2241 1).
990 2218 1002 2231 η

174 2248 230 2274 Sed
242 2249 407 2276 sacerdotes
422 2252 450 2276 et
464 2249 568 2283 lcvitae,
580 2249 628 2285 qui
643 2250 678 2276 ad
689 2250 831 2277 Joannem
844 2251 928 2278 missi
941 2251 1003 2278 fue-

174 2294 249 2323 rant,
268 2292 363 2319 adhuc
373 2293 542 2328 diligentius
558 2293 623 2329 quis
632 2294 670 2320 sit
681 2293 843 2329 inquirunt,
855 2295 1001 2322 dicentes:

210 2346 223 2359 u
241 2335 310 2368 Quis
323 2345 389 2372 ergo
405 2346 446 2370 es,
459 2340 490 2365 ut
502 2346 674 2373 responsum
686 2338 790 2366 demus
800 2338 846 2366 his
857 2339 905 2374 qui
918 2339 1002 2367 mise-

174 2382 269 2407 «runt
286 2381 360 2408 nos?
376 2381 445 2417 quid
463 2382 535 2410 dicis
551 2383 586 2410 de
603 2382 719 2419 teipse?
739 2394 751 2406 ι»
767 2383 822 2410 Sed
841 2382 887 2410 ille
904 2383 953 2419 qui
969 2393 1000 2412 se

173 2423 322 2452 Christum
339 2428 503 2462 negaverat,
517 2426 608 2463 quise
621 2436 714 2463 neque
725 2427 817 2455 Eliam
831 2435 924 2463 neque
935 2436 1000 2464 pro-

174 2468 292 2503 phetam
309 2478 371 2497 esse
385 2470 507 2504 dixerat,
522 2472 590 2507 quid
603 2472 638 2500 de
650 2481 680 2500 se
696 2472 812 2506 sentiat,
825 2472 917 2508 aperit
932 2481 998 2500 cum

173 2513 345 2549 subjungit:

211 2569 221 2582 ε
240 2558 298 2593 Ego
311 2551 527 2586 vox'clamantis
540 2561 568 2588 in
579 2562 703 2590 deserto.
715 2575 726 2586 η
739 2562 861 2590 Pulchre
872 2571 902 2590 se
914 2562 999 2591 Joan-

172 2609 224 2629 nes
239 2610 337 2630 vocem
354 2602 434 2636 dixit,
453 2604 522 2638 quia
537 2605 655 2633 verbum
673 2608 802 2642 prasibat.
821 2607 852 2634 In
869 2607 998 2636 humana

171 2646 250 2673 enim
262 2646 406 2674 locutione
418 2655 471 2674 vox
481 2649 626 2683 praecedit,
642 2653 666 2677 et
680 2653 865 2686 postmodum
876 2652 997 2680 verbum

170 2691 316 2727 sequitur:
330 2692 398 2727 quia
405 2692 700 2727 nonpotcritverhum
711 2695 838 2729 formari,
849 2696 903 2724 nisi
914 2697 997 2732 prius

169 2743 223 2762 vox
239 2736 379 2764 sonuerit.
397 2737 483 2764 Recte
498 2746 566 2773 ergo
578 2737 704 2765 Joannes
720 2749 750 2766 se
765 2750 863 2769 vocem
878 2742 996 2777 fatetur,

170 2780 240 2816 quia
256 2780 375 2808 verbum
392 2781 523 2817 prazibnt,
539 2781 609 2809 illud
628 2782 738 2810 scilicet
751 2785 785 2812 de
796 2794 853 2821 quo
867 2787 995 2815 Joannes

171 2825 347 2863 evangelista
354 2826 436 2855 dicit:
447 2839 461 2852 «
473 2829 503 2855 in
516 2826 658 2865 principio
669 2830 731 2856 erat
743 2829 875 2865 Verbum,
890 2834 916 2860 et
927 2831 995 2859 Vor-

778 131 832 157 ba"
866 151 878 157 τ
967 149 971 157 .

461 179 666 211 HAYMONIS
689 150 1104 233 “aggesta-Wa.
1128 177 1215 208 opp.
1239 177 1338 207 PARS
1361 177 1400 207 11.
1417 194 1455 198 —
1471 176 1607 207 HOMIL.

1856 178 1895 207 44

1023 243 1049 277 Α
1066 243 1134 271 bum
1147 246 1209 272 erat
1218 244 1295 280 apud
1306 244 1398 272 Deum
1410 242 1870 279 etDeuseratVerbum(Joan.1).
1881 254 1894 269 η

1061 289 1097 316 Et
1111 289 1233 316 iterum:
1247 289 1394 316 «Verbum
1406 297 1472 316 caro
1485 288 1593 316 factum
1605 289 1696 321 est,et
1706 287 1848 316 habitavit
1866 289 1894 317 in

1062 333 1147 361 nobis
1163 333 1265 369 (Ibid).
1280 346 1292 358 »
1311 334 1350 361 Ne
1365 333 1444 361 cnim
1457 333 1580 361 Domino
1593 334 1751 369 apparente
1761 332 1895 361 humana

1062 377 1176 405 caecitas
1189 378 1218 405 in
1230 379 1293 413 ejus
1303 378 1433 405 claritate
1444 377 1541 405 subito
1549 377 1715 410 otl‘erendet,
1726 377 1839 406 missus
1851 380 1896 406 est

1062 422 1190 451 Joannes
1197 425 1263 450 ante
1274 423 1431 450 Dominum
1439 422 1522 458 quasi
1529 422 1649 450 lucerna
1655 424 1722 450 ante
1728 422 1836 456 solem,
1842 431 1896 451 vox

1063 469 1130 494 ante
1138 467 1270 501 verbum,
1281 475 1373 502 praeco
1384 469 1450 494 ante
1459 466 1597 502 iudicem,
1605 469 1638 494 ut
1648 466 1759 494 scilicet
1767 475 1821 503 per
1831 467 1896 503 ejus

1063 511 1300 548 praedicationem
1318 512 1405 539 corda
1415 511 1568 539 hominum
1580 511 1616 539 ad
1627 511 1787 539 videndum
1803 512 1896 540 Deum

1064 558 1306 592 praapararentur,
1333 555 1409 583 sicut
1433 564 1484 591 per
1508 555 1651 583 Joannem
1680 555 1895 592 evangelistam

1063 600 1175 628 dictum
1191 603 1249 628 est:
1266 613 1279 625 ‹ι
1294 601 1359 628 Fuit
1375 601 1461 628 homo
1478 601 1587 628 missus
1603 609 1620 628 a
1634 600 1703 633 Deo,
1721 601 1767 628 cui
1785 609 1895 628 nomen

1062 645 1191 673 Joannes
1206 648 1277 673 erat.
1289 645 1340 673 llic
1356 645 1471 673 venitin
1488 645 1700 679 testimonium,
1718 648 1751 672 ut
1762 645 1897 673 testimo-

1063 690 1145 717 nium
1162 690 1327 726 perhiberct
1343 691 1378 718 de
1389 689 1510 725 lumine,
1523 692 1555 717 ut
1565 698 1667 718 omnes
1681 690 1836 718 crederent
1846 699 1898 726 per

1063 734 1157 762 illum.
1175 735 1237 762 Non
1254 738 1316 762 erat
1332 734 1380 763 ille
1395 734 1455 768 lux,
1471 734 1522 762 sed
1539 737 1571 762 ut
1585 734 1788 762 testimonium
1800 735 1898 771 perhi-

1064 779 1144 807 beret
1150 779 1184 807 de
1191 779 1312 807 lumine.
1321 780 1488 808 uClamabat
1494 779 1727 816 ergoJoannesin
1734 779 1896 813 deserto,id

1063 826 1107 852 est
1116 825 1143 851 in
1156 824 1324 852 Judzeorum
1335 824 1616 860 populo.Quiaenim
1629 824 1778 852 desertum
1785 824 1898 852 dicitur

1064 869 1234 896 derelictum
1240 891 1246 903 ,
1255 872 1331 896 recte
1337 869 1445 896 deserti
1455 870 1572 896 nomine
1581 868 1596 896 J
1602 869 1750 896 udaaorum
1758 871 1898 897 censetur

1065 912 1202 949 populus,
1219 913 1268 949 qui
1285 912 1491 950 derelinquens
1503 913 1670 948 Dominum,
1683 912 1844 941 derelictus
1855 915 1900 942 est

1066 958 1101 985 ab
1116 966 1160 991 eo,
1177 958 1253 985 sicut
1267 958 1309 985 eis
1326 958 1394 985 alibi
1415 958 1559 986 Dominus
1583 958 1746 994 exprobrat,
1773 958 1877 986 dicens
1891 966 1898 986 :

1065 1014 1079 1027 ‹‹
1096 1003 1167 1030 Ecce
1179 1002 1360 1038 relinquetur
1370 1003 1476 1030 domus
1486 1005 1583 1030 vestra
1597 1003 1713 1030 deserta
1727 1003 1871 1039 (Luc.xv).
1886 1014 1900 1028 ιο

1065 1047 1097 1074 In
1108 1047 1163 1074 hoc
1178 1055 1246 1083 ergo
1259 1047 1373 1075 deserto
1386 1047 1514 1075 Joannes
1526 1047 1681 1080 clamabat,
1694 1055 1761 1075 cum
1773 1055 1899 1083 peccan-

1064 1091 1144 1120 tibus
1159 1092 1359 1128 paenitentiam
1374 1091 1696 1129 pragdicabatkdicens:
1716 1102 1730 1117 ε
1740 1092 1900 1120 Genimina

1063 1136 1241 1172 viperarum,
1254 1137 1320 1172 quis
1329 1136 1457 1164 ostendit
1467 1136 1551 1164 vobis
1563 1136 1662 1173 fugere
1673 1145 1690 1164 a
1699 1138 1824 1164 ventura
1835 1137 1900 1166 ira?

1066 1180 1150 1208 facile
1165 1189 1233 1217 ergo
1257 1181 1370 1208 fructus
1394 1181 1499 1217 dignos
1515 1181 1692 1217 poenitentiae
1717 1182 1791 1216 (Luc.
1811 1183 1865 1215 111).
1884 1193 1898 1206 η

1026 933 1049 964 Β

1065 1225 1120 1252 Sed
1144 1225 1239 1253 adhuc
1256 1225 1325 1261 quid
1342 1225 1521 1260 clamaverit,
1538 1224 1714 1253 audiamus:
1740 1237 1753 1250 ‹‹
1772 1225 1898 1262 Dirigite

1063 1270 1140 1297 viam
1166 1269 1292 1303 Domini,
1316 1270 1392 1297 sicut
1414 1270 1487 1297 dixit
1515 1270 1605 1298 Isaias
1630 1270 1782 1306 propheta.
1801 1281 1816 1295 ι)
1841 1270 1898 1298 Via

1064 1314 1142 1341 enim
1160 1314 1276 1342 Domini
1292 1315 1329 1342 ad
1340 1323 1389 1342 cor
1401 1314 1547 1351 dirigitur,
1559 1323 1627 1342 cum
1639 1315 1674 1342 ad
1686 1316 1830 1351 precepts
1842 1314 1896 1342 Dei

1064 1359 1209 1386 audienda
1216 1368 1265 1386 cor
1273 1358 1424 1387 humiliter
1430 1359 1596 1387 inclinatur.
1606 1358 1706 1387 Aliter:
1713 1359 1767 1386 Via
1773 1359 1895 1387 Domini

1064 1403 1099 1431 ad
1108 1411 1157 1431 cor
1165 1403 1311 1440 dirigitur,
1323 1412 1390 1431 cum
1400 1404 1510 1431 bonum
1522 1404 1601 1439 quod
1612 1412 1661 1431 cor
1671 1403 1818 1440 intelligit,
1832 1412 1896 1431 ma-

1064 1457 1119 1475 nus
1135 1450 1280 1483 operatur.
1295 1448 1350 1475 Sed
1367 1448 1467 1475 doctor
1482 1447 1604 1484 quilibet
1616 1447 1646 1475 in
1661 1447 1793 1484 exemplo
1804 1448 1895 1476 Joan-

1063 1493 1109 1520 nis
1120 1492 1303 1529 dirigitviam
1313 1492 1440 1525 Domini,
1452 1492 1569 1528 quando
1582 1492 1728 1520 declinare
1738 1501 1755 1520 a
1766 1492 1894 1526 malo,et

1063 1538 1155 1565 facere
1165 1538 1272 1565 bonum
1285 1537 1451 1574 persuadet,
1464 1539 1496 1565 ut
1504 1536 1639 1565 videlicet
1652 1537 1794 1565 mundata
1809 1537 1892 1565 aditu

1062 1583 1168 1615 cordis,
1185 1582 1268 1610 illum
1289 1582 1481 1610 habitatorem
1498 1582 1604 1609 habere
1618 1582 1711 1618 possit
1732 1581 1782 1617 qui
1799 1581 1888 1610 dicit:

1021 1619 1042 1651 C
1063 1637 1075 1650 ‹‹
1093 1626 1164 1654 Ecce
1175 1635 1227 1662 ego
1238 1629 1283 1654 sto
1294 1627 1330 1654 ad
1343 1627 1452 1654 ostium
1464 1628 1492 1654 et
1502 1626 1598 1661 pulso.
1615 1626 1644 1654 Si
1660 1626 1727 1662 quis
1742 1626 1890 1662 aperuerit

1060 1670 1142 1704 mihi,
1159 1671 1273 1698 intrabo
1290 1671 1325 1698 ad
1343 1670 1438 1704 illum,
1455 1673 1483 1699 et
1498 1671 1618 1699 caanabo
1633 1679 1700 1698 cum
1716 1670 1779 1705 illo,
1794 1673 1823 1699 et
1838 1670 1889 1699 ille

1060 1723 1174 1742 mecum
1194 1716 1283 1751 (Apoc.
1301 1717 1355 1749 ιιι).
1374 1727 1387 1739 »ι
1411 1715 1520 1744 Taliter
1534 1715 1625 1751 igitur
1640 1716 1723 1743 nobis
1739 1716 1815 1743 viam
1833 1718 1888 1745 Do-

1060 1759 1131 1786 mini
1144 1759 1385 1796 praeparantibus,
1394 1760 1481 1788 Jesus
1490 1760 1526 1788 ad
1535 1768 1584 1788 cor
1592 1762 1724 1788 nostrum
1736 1769 1788 1796 per
1798 1760 1886 1789 ﬁdem

1059 1804 1155 1831 venire
1176 1804 1356 1841 dignabitur,
1373 1805 1449 1832 sicut
1464 1805 1526 1841 ipse
1542 1805 1583 1832 ait
1595 1805 1625 1832 in
1641 1804 1812 1841 Evangelio:
1830 1818 1844 1830 α
1857 1806 1889 1833 Si

1059 1847 1126 1883 quis
1140 1847 1236 1884 diligit
1245 1857 1302 1881 me,
1319 1857 1485 1876 sermonem
1497 1858 1596 1876 meum
1613 1849 1749 1881 servabit,
1765 1851 1793 1877 et
1803 1849 1889 1877 Pater

1058 1900 1142 1919 meus
1166 1892 1266 1929 diliget
1289 1901 1367 1927 eum,
1383 1896 1411 1921 et
1434 1893 1471 1921 ad
1486 1902 1553 1921 eum
1569 1893 1730 1927 veniemus,
1754 1896 1783 1921 et
1803 1902 1887 1922 man-

1058 1936 1170 1965 sionem
1187 1938 1263 1973 apud
1284 1946 1351 1965 eum
1366 1938 1507 1966 faciemus
1525 1939 1611 1967 (Joan.
1628 1939 1694 1969 x1v).
1709 1950 1722 1963 η
1739 1938 1820 1966 Unde
1836 1947 1889 1975 per

1059 1982 1245 2010 Psalmistam
1261 1982 1500 2018 praedicatoribus
1515 1983 1638 2011 dicitur:
1659 1995 1672 2008 ιι
1688 1983 1743 2011 lter
1759 1983 1845 2011 facite
1861 1984 1887 2011 ei

1058 2027 1108 2062 qui
1132 2027 1263 2055 ascendit
1287 2036 1375 2064 super
1389 2036 1545 2056 occasum:
1563 2027 1705 2056 Dominus
1721 2036 1827 2056 nomen
1845 2027 1887 2055 illi

1058 2073 1143 2106 (Psal.
1162 2074 1254 2106 1.xv11).
1271 2084 1283 2096 ιι
1301 2072 1355 2100 Sed
1372 2073 1441 2109 quia
1456 2073 1621 2101 sacerdotes
1635 2074 1663 2100 et
1683 2072 1775 2100 levita:
1791 2073 1887 2109 magis

1059 2116 1288 2152 reprehendendi
1304 2117 1400 2145 studio
1412 2126 1501 2153 quam
1517 2117 1649 2146 discendi
1660 2119 1726 2145 voto
1741 2117 1886 2145 Joannem

1058 2160 1285 2197 interrogabant,
1303 2161 1389 2189 tacite
1405 2162 1584 2198 evangelista
1599 2161 1785 2190 manifestare
1802 2171 1887 2190 cura-

1057 2205 1106 2238 vit,
1121 2214 1187 2232 cum
1203 2203 1355 2241 adjunxit‘:

1094 2260 1107 2273 ‹‹
1118 2249 1151 2276 Et
1166 2250 1216 2285 qui
1234 2250 1316 2277 missi
1328 2250 1453 2284 fuerant,
1465 2253 1548 2279 erant
1559 2259 1593 2279 ex
1603 2250 1766 2286 pharismis.
1777 2262 1790 2275 ››
1807 2251 1844 2278 Ac
1861 2252 1886 2278 si

1019 2303 1041 2335 D
1057 2294 1183 2321 diceret:
1200 2293 1244 2321 llli
1259 2294 1401 2323 Joannem
1417 2295 1452 2323 de
1472 2296 1534 2323 suis
1556 2295 1670 2323 actibus
1686 2295 1885 2331 requirebant,

1056 2338 1106 2375 qui
1115 2338 1208 2374 magis
1215 2338 1515 2368 solebantdoctrinam
1523 2340 1753 2376 invidere,quam
1763 2339 1886 2368 imitari.

1091 2395 1104 2408 ‹‹
1122 2383 1157 2410 Et
1172 2383 1423 2420 interrogaverunt
1438 2394 1504 2412 eum
1519 2388 1547 2413 et
1560 2385 1696 2413 dixerunt
1711 2385 1746 2412 ei.
1759 2397 1772 2409 ››
1785 2385 1842 2413 Sed
1854 2385 1886 2413 hi

1055 2427 1103 2463 qui
1117 2428 1199 2456 missi
1210 2429 1335 2462 fuerant,
1348 2429 1418 2465 quia
1432 2429 1467 2457 de
1481 2438 1605 2465 persona
1617 2437 1793 2465 responsum
1804 2438 1887 2457 acce-

1054 2475 1166 2509 perant,
1184 2473 1271 2501 etiam
1283 2474 1318 2501 de
1330 2474 1492 2502 ministerio
1504 2474 1725 2510 inquisitionem
1737 2473 1886 2502 faciebant

1053 2517 1202 2546 dicentes:
1221 2530 1233 2543 ‹‹
1252 2518 1323 2550 Quid
1341 2527 1408 2555 ergo
1429 2518 1569 2554 baptizas,
1587 2518 1611 2546 si
1627 2520 1659 2546 tu
1676 2527 1734 2546 non
1750 2527 1781 2546 es
1798 2518 1884 2546 Chri-

1053 2564 1138 2597 «tus,
1156 2571 1249 2599 neque
1264 2562 1352 2595 Elias,
1375 2571 1468 2599 neque
1483 2561 1672 2598 propheta?»
1697 2563 1736 2590 Ac
1752 2562 1775 2590 si
1801 2562 1884 2590 dice—

1054 2609 1132 2635 rent:
1149 2608 1239 2643 Cujus
1250 2607 1432 2635 auctoritatis
1442 2616 1484 2641 es,
1497 2610 1529 2635 ut
1539 2616 1644 2636 novam
1655 2607 1819 2635 doctrinam
1832 2616 1884 2635 au-

1053 2652 1122 2680 deas
1137 2653 1250 2685 docere,
1267 2654 1295 2679 et
1310 2651 1475 2679 inauditum
1489 2652 1571 2688 prius
1586 2652 1757 2680 hominibus
1768 2651 1882 2688 baptis-

1053 2705 1133 2724 mum
1141 2697 1289 2730 dare,cum
1298 2698 1326 2723 tu
1335 2705 1392 2724 non
1398 2697 1439 2725 sis
1445 2696 1881 2733 Christus,nequeElias,neque

1052 2741 1216 2778 propheta?
1226 2741 1260 2768 Et
1275 2741 1353 2776 quia,
1367 2742 1526 2769 secundum
1544 2741 1668 2778 apostoli
1679 2741 1756 2769 Petri
1766 2743 1881 2769 senten-

1051 2787 1121 2814 tiam
1132 2787 1157 2820 (l
1170 2786 1242 2813 Petr.
1261 2787 1311 2819 111),
1325 2787 1418 2821 parati
1443 2795 1559 2823 semper
1582 2795 1647 2815 esse
1671 2787 1823 2819 debemus,
1840 2786 1878 2814 ad

1051 2831 1228 2860 reddendam
1253 2831 1395 2861 rationem
1411 2831 1491 2860 omni
1508 2832 1651 2869 poscenti,
1668 2831 1703 2860 de
1718 2839 1751 2860 ea
1767 2839 1831 2869 quae
1847 2831 1880 2860 in
