4070 6190
240 356 310 416 45
1428 354 1785 447 HOMILUE
1829 356 1857 415 I

1973 356 2371 418 TEMPORE.
3542 360 3622 418 46

239 486 388 545 nobis
414 488 500 541 est
530 485 659 549 ﬁde,
692 476 1067 558 percontatus
1097 486 1351 543 Joannes
1384 480 1489 543 cur
1512 487 1849 571 baptizaret,
1883 488 1938 554 Α
1972 487 2046 543 tis
2080 505 2197 543 sua:
2231 494 2646 559 temporacum
2674 486 2788 544 non
2803 489 3508 561 coangustant.0uoniam
3522 491 3625 562 qui

237 575 513 648 respondit
543 574 774 630 dicens:

296 685 323 711 «ι
350 664 462 736 Ego
492 663 719 736 baptizo
752 663 811 719 in
844 680 1018 736 aqua.
1056 687 1082 715 »
1118 664 1224 719 Ubi
1257 666 1581 721 notandum
1622 666 1760 738 quia
1800 666 1857 721 in

234 770 369 825 aqua
396 769 457 808 se
486 752 768 808 bastizare
812 753 976 822 dixit,
1029 770 1146 809 non
1177 755 1237 808 in
1271 754 1514 827 Spiritu,
1568 754 1707 828 quia
1732 772 1859 811 cor-

233 858 357 916 pora
381 841 670 911 abluebat,
706 843 803 898 sed
840 847 1076 914 peccata
1107 861 1222 898 non
1257 845 1609 900 dimittebat.
1641 846 1718 900 De
1741 862 1857 917 quo

233 932 490 1003 scriptum
521 936 639 987 est:
672 952 700 981 «
736 932 872 987 Erat
899 932 1158 989 Joannes
1189 935 1249 987 in
1283 934 1511 989 deserto
1534 933 1858 1006 praedicans

229 1020 564 1093 baptismum
598 1020 950 1094 pmnitentiaa
977 1012 1160 1093 (Marc.
1177 1027 1237 1091 1).
1259 1045 1285 1071 ››
1318 1022 1383 1077 Et
1402 1022 1858 1080 iterummJoan-

230 1125 318 1165 nes
338 1110 641 1182 baptizavit
656 1126 949 1181 aqua,vos
969 1114 1165 1166 autem
1182 1110 1620 1184 baptizahimini
1637 1112 1855 1184 Spiritu

228 1202 403 1253 sancto
427 1199 445 1268 (
472 1205 571 1254 (cl.
609 1200 670 1270 ι).
702 1221 729 1247 ››
753 1198 942 1262 Quare
972 1215 1109 1272 ergo
1138 1199 1491 1272 baptizabat,
1526 1200 1575 1255 si
1622 1205 1858 1272 peccata

229 1305 325 1343 non
349 1286 720 1342 dimittebat?
746 1288 1022 1359 Nunquid
1058 1305 1160 1360 per
1183 1288 1295 1343 hoc
1320 1290 1448 1360 ejus
1488 1290 1852 1363 baptismum

227 1393 441 1432 vacuum
466 1376 813 1433 videbatur?
841 1377 988 1433 Non.
1023 1377 1312 1433 Nimirum
1347 1381 1412 1432 ut
1444 1378 1857 1450 prmcursionis

229 1483 328 1522 sua:
352 1465 614 1521 ordinem
641 1481 903 1532 servans,
937 1466 1037 1537 qui
1065 1468 1432 1521 nasciturum
1446 1467 1744 1524 Christum
1762 1486 1857 1523 na-

229 1555 410 1609 scendo
427 1558 806 1626 prevenerat,
828 1555 1260 1627 baptizaturum
1285 1572 1519 1627 quoque
1547 1556 1605 1611 in
1631 1556 1852 1628 Spiritu

228 1643 499 1715 baptizans
544 1643 609 1698 in
640 1660 797 1714 aqua
846 1645 1206 1715 praeveniret.
1259 1645 1406 1699 Nam
1437 1650 1494 1699 et
1524 1646 1853 1702 sacerdotes

227 1732 369 1787 hodie
394 1734 449 1787 in
481 1749 641 1804 aqua
670 1732 991 1804 baptizant,
1028 1733 1166 1805 quia
1195 1750 1299 1805 per
1318 1733 1570 1789 exterius
1592 1734 1853 1789 ministe-

226 1822 354 1877 rium
371 1822 794 1893 baptizatorum
810 1838 1053 1893 corpora
1066 1822 1123 1876 in
1139 1839 1293 1893 aqua
1308 1822 1409 1877 inti
1420 1823 1733 1895 ngunt.sed
1752 1822 1850 1878 ille

226 1908 359 1965 solus
383 1911 439 1965 in
472 1910 698 1982 Spiritu
732 1910 1007 1983 baptizat,
1043 1910 1143 1982 qui
1166 1910 1851 1983 perSpiritumsanctum

226 2003 428 2072 peccata
457 1999 728 2055 dimittit.
767 2000 846 2055 De
894 2016 1008 2072 quo
1055 2016 1194 2055 voce
1242 2000 1428 2055 Patris
1475 2001 1546 2055 ad
1580 2002 1851 2056 eumdem

223 2088 472 2144 Joannem
503 2088 736 2144 dictum
768 2092 885 2144 est:
905 2089 1322 2161 «Superquem
1339 2089 1851 2161 viderisSpiritum

226 2181 460 2232 sanctum
491 2177 947 2233 descendentem
971 2177 1139 2249 quasi
1158 2177 1514 2244 columbam,
1538 2182 1595 2233 et
1616 2194 1853 2233 manen-

226 2271 322 2320 tem
349 2259 517 2338 super
543 2282 706 2334 eum,
740 2266 834 2321 hic
863 2270 951 2322 est
981 2266 1081 2339 qui
1113 2266 1368 2339 baptizat
1392 2266 1452 2322 in
1476 2267 1696 2339 Spiritu
1724 2284 1854 2322 san-

227 2359 318 2409 cto.
346 2377 372 2405 ››
403 2355 912 2411 EtsicutVerbum
925 2356 1294 2428 praedicando
1308 2342 1851 2427 praeibat,itasuum

226 2443 561 2516 baptismum
596 2444 655 2499 in
686 2461 803 2515 quo
835 2447 1071 2516 peccata
1100 2460 1218 2500 non
1263 2444 1657 2511 solvebantur,
1694 2444 1854 2501 illius

229 2548 403 2587 verum
432 2534 801 2606 baptismum
822 2533 1181 2605 praeveniret,
1195 2533 1253 2589 in
1270 2551 1385 2606 quo
1397 2532 1858 2605 peccatarelaxa-

232 2625 421 2677 nentur.
452 2622 622 2678 Unde
647 2622 971 2678 secundum
995 2620 1176 2678 alium
1189 2622 1627 2695 evangelistam,
1658 2622 1856 2677 videli-

231 2715 306 2766 cet
332 2712 687 2777 Matthaeum,
722 2712 870 2767 bene
899 2712 1269 2783 respondisse
1318 2713 1573 2767 Joannes
1604 2711 1851 2768 dicitur:

233 2822 255 2849 ει
278 2798 383 2872 Ego
410 2800 651 2872 quidem
684 2817 839 2871 aqua
872 2800 1099 2872 baptizo
1143 2816 1243 2855 vos
1273 2800 1332 2854 in
1367 2800 1790 2873 pcenitentiam,
1826 2822 1853 2849 ››

231 2893 420 2961 etpost
448 2888 739 2962 pusillum
789 2888 1026 2959 adjecit:
1065 2912 1093 2938 ››
1126 2889 1255 2961 Ipse
1290 2906 1393 2945 vos
1445 2889 1763 2961 baptizabit
1793 2887 1854 2944 in

231 2976 419 3048 Spiritu
440 2983 651 3034 sancto
664 2979 1075 3051 etigni(Mauh.
1091 2982 1198 3045 ιιι).
1222 3000 1250 3028 ››
1279 2978 1437 3051 Ignis
1449 2977 1603 3034 enim
1620 2978 1856 3033 nomine

230 3066 443 3138 Spiritus
473 3071 729 3123 sanctus
760 3066 1120 3139 designatur.
1155 3067 1235 3122 De
1267 3084 1382 3138 quo
1427 3067 1694 3123 Salvator
1740 3066 1850 3122 ait:

233 3178 253 3203 ιι
284 3155 459 3228 Ignem
486 3156 624 3211 veni
657 3156 889 3212 mittere
922 3157 980 3211 in
1004 3162 1242 3221 terram,
1276 3161 1332 3211 et
1352 3155 1493 3228 quid
1507 3155 1634 3211 volo
1662 3154 1771 3210 nisi
1792 3159 1858 3209 ut

1968 580 2103 649 post
2133 594 2225 632 me
2258 582 2432 633 natus
2463 580 2551 632 est
2581 578 2651 632 de
2683 580 2870 632 matre
2900 575 3026 633 sine
3056 580 3219 649 patre
3245 581 3622 634 anteomnem

1969 669 2323 733 creaturam,
2356 666 2482 722 sine
2512 665 2630 722 ullo
2656 664 2823 722 initio
2853 666 3088 739 genitus
3103 670 3190 722 est
3219 682 3288 721 ex
3317 669 3479 738 patre
3496 665 3622 722 sine

1970 760 2176 811 matre.
2211 756 2292 811 De
2323 772 2441 828 quo
2471 754 2611 811 alibi
2641 755 2767 828 ipse
2795 755 3050 812 Joannes
3073 755 3178 811 ait:
3220 778 3247 805 ‹‹
3267 754 3358 810 Me
3391 758 3618 827 oportet

1968 844 2181 912 minui,
2212 843 2380 900 illum
2412 849 2610 900 autem
2641 861 2899 900 crescere
2929 846 3105 913 (Joan.
3140 844 3245 915 ιιι).
3281 866 3309 893 ››
3343 848 3407 899 In
3443 845 3615 916 cujus

1968 934 2423 1006 comparationis
2435 934 3047 1006 magnitudine,quam
3063 950 3125 990 se
3135 950 3381 1006 parvum
3394 934 3615 1003 credat,

1968 1022 2306 1079 manifestat
2328 1024 2683 1096 adjungens:
2723 1045 2749 1072 ‹‹
2783 1022 2964 1094 Cujus
2992 1040 3107 1078 non
3141 1039 3273 1079 sum
3306 1022 3522 1096 dignus
3552 1028 3618 1079 ut

1967 1110 2185 1167 solvam
2220 1113 2347 1183 ejus
2382 1112 2693 1184 corrigiam
2723 1110 3103 1168 calceamenti
3133 1113 3310 1184 (Joan.
3348 1112 3409 1184 ι).
3449 1134 3471 1163 ι
3506 1112 3614 1168 Ubi

1966 1199 2457 1255 considerandum
2484 1204 2591 1266 est,
2636 1199 2775 1271 quia
2808 1216 2941 1255 cum
2986 1217 3200 1273 magna
3247 1201 3326 1256 sit
3371 1200 3616 1257 Joannis

1966 1289 2269 1355 sanctitas,
2304 1305 2419 1343 non
2434 1288 2625 1343 minor
2650 1289 2777 1360 ejus
2790 1288 3616 1346 declaraturhumilitas.Cum

1964 1379 2120 1433 enim
2154 1381 2326 1433 tanta:
2360 1376 2685 1433 sanctitatis
2696 1383 2869 1445 esset,
2886 1382 2950 1433 ut
2963 1379 3198 1434 aturbis
3210 1378 3476 1435 Christus
3488 1395 3617 1435 esse

1964 1472 2288 1539 putaretur,
2320 1470 2492 1521 tantae
2524 1466 2876 1521 humilitatis
2922 1467 3049 1535 fuit,
3084 1472 3149 1522 ut
3178 1467 3249 1522 ad
3277 1466 3614 1523 solvendam

1963 1557 2090 1627 ejus
2103 1556 2411 1629 corrigiam
2427 1555 2802 1612 calceamenti
2819 1556 3129 1628 indignum
3143 1573 3205 1612 se
3224 1555 3538 1628 judicaret.
3553 1555 3615 1611 Si

1963 1644 2286 1718 spiritalem
2314 1634 2556 1701 sensum
2607 1661 2947 1717 sequamur,
2990 1648 3079 1700 est
3125 1646 3185 1700 in
3216 1644 3466 1719 corrigia
3496 1644 3613 1701 cal-

1961 1734 2268 1801 ceamenti,
2304 1733 2556 1806 ligatura
2588 1733 2869 1806 mysterii.
2899 1734 3372 1790 Calceamentum
3398 1732 3614 1806 quippe

1962 1839 2030 1877 ex
2061 1828 2293 1877 mortuo
2324 1823 2387 1877 [it
2415 1822 2723 1877 animanti.
2758 1810 2906 1888 Quia
2947 1822 3104 1878 enim
3153 1821 3613 1878 calceamentum

1963 1912 2139 1984 pedes
2169 1911 2399 1966 munire
2439 1910 2604 1977 solet,
2654 1915 2809 1966 recte
2842 1928 2945 1983 per
2989 1910 3449 1967 calceamentum
3500 1910 3614 1965 Do-

1963 2000 2128 2066 mini,
2153 2001 2281 2071 ejus
2314 1999 2701 2055 humanitatis
2732 2000 3054 2055 incarnatio
3075 1998 3436 2073 designatur.
3461 2001 3612 2065 Quo-

1964 2088 2121 2144 niam
2153 2106 2287 2144 cum
2320 2088 2629 2144 invisibilis
2661 2088 2812 2144 Deus
2845 2088 2903 2144 in
2921 2088 3177 2157 homine,
3198 2105 3373 2161 quem
3390 2105 3616 2145 assum-

1964 2178 2101 2249 psit,
2136 2178 2303 2233 nobis
2330 2176 2577 2233 visibilis
2607 2177 2761 2233 Deus
2794 2178 2850 2233 in
2882 2177 3141 2246 homine,
3175 2194 3349 2250 quem
3381 2193 3612 2234 assum-

1962 2267 2101 2338 psit,
2148 2266 2317 2322 nobis
2375 2266 2622 2321 visibilis
2672 2266 2961 2338 apparuit,
3024 2266 3193 2338 quasi
3236 2265 3493 2322 calceata
3522 2267 3610 2322 di-

1962 2356 2177 2411 vinitas
2204 2356 2276 2409 ad
2317 2373 2424 2411 nos
2479 2354 2657 2423 venit,
2691 2355 2843 2410 sicut
2900 2355 3025 2428 ipse
3084 2372 3188 2427 per
3239 2353 3611 2411 Psalmistam

1965 2443 2131 2499 dicit:
2166 2466 2192 2493 «
2228 2447 2292 2497 In
2312 2442 2584 2498 Idmaeam
2602 2442 2911 2498 extendam
2929 2441 3390 2498 calceamentum
3414 2457 3612 2497 meum

1964 2533 2135 2604 (Psal.
2170 2532 2298 2604 LIX).
2335 2554 2363 2580 ››
2396 2533 2653 2588 ldumaea
2684 2535 2904 2600 autem,
2936 2548 3063 2603 quae
3091 2532 3397 2603 sanguinea
3433 2528 3610 2585 inter-

1964 2625 2247 2693 pretatur,
2283 2620 2572 2693 signiﬁcat
2612 2620 2892 2693 gentilem
2938 2619 3243 2692 populum,
3299 2618 3401 2691 qui
3432 2617 3612 2674 variis

1963 2710 2321 2766 facinoribus
2350 2714 2720 2782 peccatorum
2751 2714 2875 2765 erat
2902 2707 3409 2782 sanguinolentus.
3435 2705 3612 2774 Quasi

1963 2801 2118 2856 enim
2134 2798 2419 2855 Dominus
2433 2799 2490 2853 in
2511 2798 2824 2853 ldumaeam
2846 2797 3309 2853 calceamentum
3327 2794 3606 2861 extendit,

1964 2889 2198 2961 quando
2216 2906 2318 2960 per
2341 2886 2760 2943 incarnationis
2771 2903 2889 2942 suae
2903 2886 3247 2958 mysterium
3261 2883 3536 2958 gentibus
3549 2898 3611 2938 se

1964 2975 2489 3032 manifestavit.Sed
2503 2976 2632 3046 ejus
2643 2974 2951 3047 corrigiam
2967 2973 3345 3030 calceamenti
3356 2972 3612 3029 Joannes

1965 3066 2184 3122 solvere
2197 3082 2311 3120 non
2342 3062 2737 3135 praesumpsit,
2770 3062 3343 3135 quiaincarnationis
3372 3064 3501 3134 ejus
3522 3078 3614 3117 se-

1964 3158 2210 3223 cretum,
2233 3152 2484 3225 qualiter
2507 3151 2898 3206 obumbrante
2929 3150 3150 3222 Spiritu
3183 3154 3406 3216 sancto,
3437 3148 3614 3220 Virgo

232 3245 404 3301 ardeat
432 3248 589 3315 (Luc.
622 3245 764 3313 xu)?
813 3246 926 3301 Nec
978 3246 1306 3318 putandum
1356 3250 1444 3301 est
1490 3244 1849 3316 baptismum
1882 3232 1937 3321 Cr
1962 3243 2312 3315 conceperit,
2345 3237 3615 3313 necipseperscrutaripraesumpsit,quieum

232 3332 441 3389 Joannis
455 3351 669 3406 parum
686 3334 980 3406 profuisse
994 3334 1360 3401 hominibus,
1374 3333 1474 3405 qui
1488 3334 1606 3389 etsi
1621 3336 1858 3405 peccata

233 3423 689 3491 nondimittebat,
712 3439 917 3479 omnes
932 3427 1129 3479 tamen
1144 3422 1243 3495 qui
1267 3424 1338 3479 ab
1367 3422 1466 3478 illo
1480 3421 1856 3494 baptizaban-

236 3515 331 3578 tur,
361 3513 465 3568 sub
495 3512 723 3585 peccati
750 3511 1360 3568 vinculozconstrictos
1390 3527 1517 3567 esse
1547 3511 1853 3566 sentiebat.

234 3599 291 3654 Et
316 3601 433 3657 ideo
446 3602 899 3674 Redemptorem
915 3606 1185 3658 nostrum
1200 3605 1257 3657 et
1269 3601 1678 3656 mundatorem
1690 3642 1703 3667 ,
1723 3617 1859 3656 mox

236 3688 315 3743 ubi
345 3690 729 3763 apparuisset,
761 3691 863 3761 qui
893 3695 1129 3763 peccata
1152 3690 1446 3745 dimittere
1468 3693 1857 3761 posset,qua2-

236 3794 338 3834 rere
382 3797 622 3836 necesse
666 3780 983 3835 habebant.
1025 3781 1105 3836 De
1149 3797 1263 3852 quo
1293 3796 1429 3835 voce
1480 3777 1860 3851 prmcursoris

237 3866 310 3920 sui
336 3868 517 3925 adhuc
549 3869 854 3924 subditur:
892 3890 920 3919 ‹‹
950 3868 1174 3925 Medius
1187 3874 1383 3924 autem
1397 3872 1653 3924 vestrum
1678 3867 1857 3935 stetit,

240 3977 261 4001 «ι
287 3972 439 4026 quem
458 3975 562 4014 vos
576 3975 691 4013 non
707 3958 892 4014 scitis.
910 3980 939 4006 »
956 3958 1212 4014 Medium
1228 3962 1423 4013 autem
1437 3956 1532 4012 hic
1545 3957 1859 4012 Dominum

239 4046 408 4100 Jesum
437 4047 742 4103 Christum
773 4047 936 4115 dicit,
968 4047 1071 4118 qui
1104 4048 1245 4102 dum
1278 4048 1357 4103 sit
1394 4046 1657 4102 excelsus
1687 4061 1864 4117 super

242 4133 425 4199 omnia,
455 4153 525 4191 ex
552 4136 774 4193 Judaeis
804 4152 1036 4192 carnem
1060 4153 1394 4203 assumens,
1414 4135 1567 4190 inter
1590 4133 1860 4189 homines

242 4225 537 4280 conversari
570 4225 850 4297 dignatus
879 4231 990 4294 est,
1033 4226 1186 4282 sicut
1238 4225 1363 4298 ipse
1391 4225 1470 4280 ait
1522 4222 1858 4295 discipulis:

244 4331 263 4355 ιι
288 4310 391 4384 Ego
418 4318 612 4369 autem
645 4313 705 4368 in
737 4313 932 4369 medio
962 4318 1220 4370 vestrum
1239 4331 1371 4369 sum
1392 4313 1546 4370 sicut
1567 4312 1665 4384 qui
1688 4311 1861 4369 mini-

242 4402 365 4454 strat
389 4403 535 4469 (Luc.
568 4402 729 4474 xxu).
760 4424 788 4450 ››
820 4402 1001 4465 Quem
1033 4403 1294 4458 medium
1326 4402 1583 4469 stetisse,
1608 4418 1723 4456 non
1757 4418 1860 4457 au-

243 4490 340 4542 tem
370 4491 664 4564 cognitum
696 4507 860 4547 essse
889 4489 1057 4546 dicit:
1102 4492 1240 4564 quia
1285 4508 1389 4563 per
1433 4490 1861 4547 humanitatem

243 4573 551 4635 hominibus
563 4578 649 4635 vel
667 4579 888 4636 Judaeis
900 4579 1147 4636 visibilis
1164 4580 1455 4652 apparuit,
1470 4580 1570 4635 sed
1592 4578 1866 4651 plurimis
1896 4601 1943 4667 Β

245 4679 331 4734 per
353 4667 711 4724 divinitatem
754 4667 1088 4741 incognitus
1134 4668 1367 4725 mansit.
1403 4668 1567 4724 Unde
1610 4668 1866 4724 Joannes

244 4755 570 4829 evangelista
587 4757 763 4813 dicit:
799 4780 827 4807 «
857 4757 921 4812 In
954 4756 1189 4830 propria
1216 4756 1555 4823 venit,etsui
1579 4774 1714 4812 eum
1747 4774 1863 4812 non

246 4852 557 4916 receperunt
587 4848 773 4918 (Joan.
806 4847 907 4918 χι).
940 4869 967 4896 ››
1001 4846 1080 4902 De
1111 4862 1225 4918 quo
1256 4847 1447 4902 adhuc
1478 4846 1776 4902 subditur:

304 4954 329 4981 κ
352 4936 475 5005 Ipse
503 4940 592 4991 est
620 4935 723 5008 qui
755 4940 891 5007 post
921 4951 1013 4990 me
1042 4939 1325 4990 venturus
1355 4939 1463 5000 est,
1497 4935 1747 5006 quiante
1775 4951 1867 4990 me

249 5040 271 5065 ι(
300 5019 473 5079 factus
500 5029 606 5080 est.
645 5046 674 5074 ››
707 5024 868 5089 Quod
885 5022 1202 5094 estdicere,
1216 5029 1450 5094 postme
1467 5028 1867 5088 venturusest,

249 5109 369 5178 quin
399 5119 524 5182 post
552 5129 647 5168 me
678 5117 854 5168 natus
883 5116 973 5168 es‘t
995 5116 1130 5185 post
1155 5129 1247 5167 me
1268 5111 1580 5185 przedicare
1611 5111 1869 5184 incipiet,

250 5197 336 5251 sed
362 5209 485 5257 ante
516 5218 610 5258 me
640 5202 853 5270 factus,
888 5202 947 5257 id
978 5206 1068 5257 est
1093 5201 1237 5257 mihi
1266 5200 1547 5274 dignitate
1571 5199 1869 5272 praelatus,

252 5282 309 5339 id
325 5292 407 5343 est
434 5290 810 5364 antepositus.
844 5290 1007 5354 Quod
1040 5294 1236 5346 autem
1260 5291 1359 5358 ait,
1392 5293 1556 5345 nante
1572 5305 1663 5345 me
1684 5289 1873 5345 factus

253 5377 346 5443 est,
376 5398 396 5425 ι
448 5381 514 5435 ad
562 5379 970 5436 excellentiam
1027 5378 1332 5453 dignitatis
1381 5377 1651 5451 pertinet,
1702 5377 1873 5447 cujus

252 5462 573 5531 prelationis
604 5486 819 5526 causas
848 5468 1004 5525 idem
1049 5469 1308 5524 Joannes
1342 5467 1481 5524 alibi
1534 5467 1740 5539 aperit,
1783 5466 1873 5520 di-

252 5564 400 5610 cens:
434 5579 457 5606 α
483 5559 625 5624 Quia
655 5559 816 5634 prior
844 5574 939 5615 me
970 5562 1095 5616 erat
1115 5559 1292 5628 (Joan.
1324 5556 1427 5630 ιιι).
1458 5580 1487 5606 ››
1528 5558 1608 5612 Ac
1640 5555 1687 5611 si
1719 5555 1875 5611 dice-

276 5644 351 5701 et:
384 5643 511 5709 inde
556 5667 650 5710 me
678 5654 813 5727 post
861 5653 1037 5708 natus
1095 5651 1354 5724 superat,
1405 5646 1544 5721 quia
1604 5644 1873 5705 nativita-

1965 3334 2023 3387 in
2037 3348 2209 3388 carne
2224 3330 2566 3387 ‘venientem
2599 3329 2775 3384 etiam
2802 3328 2985 3401 digito
3010 3326 3449 3383 demonstravit.
3484 3324 3615 3381 Alta

1964 3422 2122 3477 enim
2153 3424 2211 3476 et
2239 3417 2641 3475 inscrutabilia
2669 3421 2808 3472 sunt
2854 3420 3223 3473 sacramenta
3268 3414 3611 3481 divinitatis,

1965 3525 2071 3566 nec
2100 3526 2167 3565 ea
2197 3506 2532 3564 mortalium
2563 3506 2875 3579 quisquam
2892 3506 3219 3562 discurrere
3239 3507 3447 3577 potest,
3464 3502 3617 3559 sicut

1964 3616 2068 3670 per
2090 3597 2433 3671 prephetam
2466 3595 2708 3652 dicitur:
2743 3618 2771 3645 ‹‹
2805 3593 3249 3650 Generationem
3279 3592 3441 3648 illius
3480 3591 3616 3664 quis

1966 3685 2261 3743 enarrabit
2290 3687 2415 3759 (Isa.
2449 3685 2607 3754 Lm)?
2641 3707 2669 3733 »
2698 3684 2885 3755 Hujus
2916 3681 3358 3739 inscrutabilem
3382 3681 3619 3754 profun-

1966 3777 2209 3832 ditatem
2223 3774 2631 3831 considerabat
2646 3772 2858 3828 Paulus
2876 3771 3198 3844 apostolus,
3216 3787 3352 3827 cum
3365 3770 3613 3826 dicebat:

1969 3890 1996 3916 ‹‹
2031 3866 2075 3921 Ο
2106 3864 2354 3920 altitudo
2385 3863 2722 3918 divitiarum
2772 3860 3070 3934 sapientia:
3102 3864 3160 3916 et
3189 3860 3443 3916 scientiae
3492 3857 3617 3928 Dei,

1969 3971 2148 4027 quam
2178 3950 3341 4024 incomprehensibiliasuntjudiciaejus,
3365 3952 3423 4003 et
3438 3963 3617 4021 quam

1972 4041 2412 4115 investigabiles
2439 4042 2542 4095 viae
2576 4040 2736 4112 ejus!
2771 4038 3619 4111 Quisenimcognovitsensum

1970 4132 2241 4188 Domini?
2272 4135 2373 4186 aut
2404 4130 2536 4202 quis
2558 4128 2929 4185 consiliarius
2945 4129 3073 4199 ejus
3104 4127 3404 4199 luit(Rom.
3437 4124 3619 4191 XVI)?»

1969 4222 2039 4277 Et
2069 4220 2409 4277 Psalmista:
2440 4243 2465 4268 «
2504 4222 2686 4285 Quam
2721 4216 3096 4291 magniﬁcam
3123 4219 3262 4270 sunt
3291 4229 3467 4285 opera
3496 4216 3618 4278 tua,

1970 4308 2216 4366 Domine
2246 4309 2415 4380 (Psal.
2448 4308 2567 4378 xc)!
2605 4329 2632 4355 ››
2664 4308 2766 4361 Est
2792 4321 3026 4376 quoque
3055 4308 3112 4359 et
3142 4303 3201 4357 in
3232 4299 3481 4373 corrigia
3510 4297 3623 4354 cal-

1969 4397 2255 4455 ceamenti
2288 4396 2449 4451 aliud
2480 4395 2635 4467 quod
2668 4392 3021 4449 considerari
3068 4388 3360 4446 subtiliter
3407 4390 3618 4461 potest.

1970 4486 2342 4543 Consuetudo
2374 4484 2531 4539 enim
2556 4468 3060 4554 fuitapudveteres
3086 4477 3210 4534 utsi
3227 4477 3361 4550 quis
3382 4491 3622 4532 uxorem

1976 4576 2172 4631 fratris
2201 4573 2462 4630 defuncti
2491 4573 2751 4644 accipere
2782 4569 2979 4638 nollet,
3012 4567 3109 4624 ille
3140 4568 3269 4639 ejus
3309 4564 3623 4639 corrigiam

1978 4663 2358 4721 calceamenti
2410 4662 2679 4728 solveret,
2710 4659 2810 4733 qui
2858 4660 2926 4714 ad
2964 4658 3114 4713 hanc
3164 4654 3623 4729 propinquitatis

1966 4757 2103 4827 jure
2134 4769 2388 4827 sponsus
2435 4751 2756 4820 accederet,
2789 4752 2846 4804 et
2875 4748 2947 4803 ob
2978 4746 3129 4801 hanc
3176 4759 3416 4800 causam
3466 4741 3624 4796 illius

1976 4845 2211 4911 domus,
2252 4840 2585 4897 discalceati
2639 4838 2849 4893 domus
2897 4834 3289 4908 appellaretur
3316 4831 3377 4887 in
3425 4829 3624 4898 Israel,

1978 4934 2131 4990 sicut
2159 4930 2422 5003 eicemplo
2456 4928 2610 4984 Ruth
2644 4925 2981 4981 Moabitidis
3010 4924 3319 4980 discimus.
3361 4920 3627 4976 Christus

1979 5026 2174 5078 autem
2209 5020 2361 5075 inter
2377 5018 2646 5073 homines
2660 5018 2873 5071 sanctae
2894 5012 3159 5069 Ecclesia:
3182 5026 3437 5084 sponsus
3453 5025 3629 5082 appa-

1982 5108 2119 5178 ruit,
2155 5109 2306 5166 sicut
2338 5123 2442 5179 per
2472 5103 2768 5178 psalmum
2802 5100 3089 5158 diciturm
3120 5102 3430 5172 Tanquam
3459 5113 3631 5171 spon-

1981 5217 2083 5256 sus
2115 5197 2435 5270 procedens
2475 5195 2545 5250 de
2592 5191 2853 5247 thalamo
2903 5208 3012 5247 suo
3064 5190 3237 5261 (Psal.
3286 5187 3466 5261 xvm).
3499 5208 3529 5238 »ι
3562 5186 3633 5241 Et.

1979 5290 2134 5346 idem
2166 5289 2451 5345 Joannes:
2486 5308 2513 5335 «
2546 5282 2654 5350 Qui
2686 5282 2863 5339 habet
2892 5297 3192 5354 sponsam,
3225 5294 3481 5352 sponsus
3521 5280 3630 5333 est.

1980 5377 2219 5434 Amicus
2252 5391 2383 5431 vero
2416 5372 2639 5445 sponsi,
2675 5372 2776 5444 qui
2809 5375 2924 5427 stat
2955 5374 3011 5425 et
3039 5368 3202 5425 audit
3229 5384 3388 5436 eum,
3420 5366 3635 5441 gaudio

1981 5468 2198 5540 gaudet
2226 5468 2462 5537 propter
2491 5478 2691 5519 vocem
2724 5458 2925 5534 sponsi
2965 5461 3142 5528 (Joan.
3196 5455 3298 5524 ιιι).
3328 5478 3357 5508 ››
3391 5454 3555 5512 Unde
3578 5458 3638 5511 et

1982 5556 2107 5629 ipse
2137 5552 2423 5610 Dominus
2454 5552 2536 5608 ait
2564 5551 2624 5607 in
2656 5547 3000 5623 Evangelia:
3037 5571 3063 5599 «
3089 5545 3366 5618 Nunquid
3389 5546 3642 5629 possunt

1983 5626 2089 5705 lilii
2122 5642 2324 5723 sponsi
2347 5643 2640 5719 jejunare,
2675 5638 2938 5719 quandiu
2970 5653 3105 5701 cum
3127 5635 3345 5695 illisest
3358 5626 3642 5709 sponsus?
