4018 6180
385 376 461 435 47
948 373 1358 436 HAYMONIS
1402 370 1949 467 HALBEBSTA'I‘.
1988 366 2240 431 ,EPISC.
2288 366 2461 427 OPP.
2518 366 2720 427 PARS
2766 365 2945 427 lI.—
2973 362 3247 426 HOMIL.
3738 369 3818 428 68

381 477 605 566 (Matth.
640 509 749 576 III.)
781 528 810 557 ››
828 506 972 563 Cum
1002 513 1201 563 autem
1216 506 1377 564 mirae
1403 504 2029 564 sanctitatisJoannem
2058 503 2116 571 Α
2144 504 2236 557 est
2277 500 2336 555 in
2369 504 2533 557 utero
2585 499 2811 556 habens
2839 499 2911 555 de
2956 497 3179 572 Spiritu
3225 500 3450 569 sancto.
3500 520 3530 548 «
3564 499 3692 567 Quo
3723 515 3814 557 or-

379 597 654 653 homines
684 600 1009 659 cernerent,
1042 613 1177 653 cum
1209 596 1367 653 hunc
1397 596 1698 653 Christum
1738 595 2035 668 putarent,

388 685 561 759 quasi
590 690 805 743 sanctae
836 685 1105 743 Ecclesia:
1137 703 1426 760 sponsum
1470 686 1703 742 credere
1744 682 2040 750 volebant,

389 775 543 832 sicut
567 777 637 831 de
668 793 734 832 eo
763 775 1048 832 Dominus
1080 777 1195 832 ait:
1229 776 1346 833 Vos
1364 775 1607 832 venistis
1628 774 1700 829 ad
1729 772 2042 836 Joannem,

392 870 451 921 et
476 864 746 921 voluistis
775 865 1033 922 exultare
1065 865 1125 921 in
1178 866 1415 923 nomine
1444 865 1589 937 ejus.
1644 862 1756 920 Sed
1788 862 2046 921 Joannes

396 954 469 1010 ad
500 953 810 1029 corrigiam
841 953 1220 1011 calceamenti
1260 954 1598 1010 solvendam
1641 951 1952 1024 indignum
1981 965 2046 1004 se

397 1044 560 1112 dicit,
593 1044 733 1117 quia
761 1060 899 1101 cum
929 1060 991 1100 se
1020 1043 1339 1109 Christum,
1373 1043 1531 1115 quod
1561 1042 1882 1116 putabatur
1918 1054 2047 1095 esse

396 1133 649 1207 negavit,
680 1133 883 1207 sponsi
912 1149 1125 1190 nomen
1147 1132 1483 1189 immeritus
1506 1149 1625 1188 non
1637 1128 1962 1203 usurpavit,
1980 1143 2048 1184 ac

393 1239 499 1297 per
528 1223 636 1279 hoc
667 1240 729 1280 se
757 1239 893 1280 esse
913 1240 1201 1295 sponsum
1232 1226 1446 1279 sanctas
1476 1219 1772 1288 Ecclesiae,
1792 1216 2044 1291 negavit.

394 1314 476 1369 Ac
505 1312 554 1368 si
586 1312 830 1368 diceret:
863 1312 988 1369 Non
1019 1329 1153 1368 sum
1183 1328 1289 1385 ego
1338 1327 1615 1384 sponsus,
1674 1309 1776 1365 sed
1821 1306 2048 1362 amicus

393 1402 613 1474 sponsh

464 1513 492 1541 ‹‹
518 1491 649 1547 Hzec
680 1490 740 1546 in
774 1490 1059 1547 Bethania
1091 1492 1243 1546 tacta
1263 1486 2046 1562 sunt;t.rans.lordanem,ubi

394 1603 421 1630 «
453 1584 578 1636 erat
605 1580 864 1636 Joannes
895 1580 1222 1651 baptizans.
1260 1602 1287 1627 ››
1320 1578 1631 1636 Bethanias
1654 1578 1801 1635 duas
1821 1593 1951 1634 esse
1971 1574 2049 1633 le-

391 1670 622 1743 gimus:
656 1674 745 1726 est
776 1684 1034 1740 namque
1066 1668 1350 1725 Bethania
1380 1669 1440 1724 in
1471 1667 1653 1724 latere
1686 1666 1905 1724 montis
1929 1665 2046 1722 Oli-

391 1760 528 1827 veti,
562 1758 664 1813 ubi
696 1756 984 1812 Dominus
1018 1757 1301 1812 Lazarum
1335 1757 1664 1827 suscitavit,
1714 1756 1845 1830 ipsa
1874 1758 1961 1811 est
1993 1758 2050 1810 et

394 1847 709 1919 Betphage.
745 1846 847 1902 Est
876 1849 935 1900 et
963 1844 1380 1903 aliaBethania
1396 1850 1560 1903 trans
1581 1846 1920 1909 Jordanem,
1945 1842 2045 1900 ubi

394 1938 521 1991 erat
546 1935 807 1991 Joannes
861 1935 1187 2007 baptizans,
1248 1940 1306 1991 et
1336 1936 1434 1991 ubi
1476 1937 1599 1992 haec
1654 1937 1805 1993 facta
1861 1934 2047 1991 fuisse

394 2024 747 2080 referuntur.
782 2028 862 2080 De
895 2041 1012 2096 qua
1040 2024 1197 2081 idem
1228 2025 1487 2082 Joannes
1504 2024 1862 2098 evangelista
1891 2039 2047 2079 com-

395 2116 701 2181 memorat,
735 2112 963 2170 dicens:
998 2114 1758 2189 «EratJoannesbaptizans
1787 2114 1846 2170 in
1860 2113 2045 2169 ZEnon

385 2202 556 2272 juxta
607 2200 810 2268 Salim,
871 2219 937 2259 eo
970 2204 1121 2276 quod
1186 2208 1383 2260 essent
1436 2203 1513 2259 ibi
1546 2222 1711 2277 aquae
1761 2202 1978 2259 multae.
2016 2224 2044 2251 ν

393 2290 791 2363 Spiritualiter
820 2296 1015 2347 autem
1048 2292 1330 2350 Bethania
1358 2294 1417 2349 in
1434 2293 2045 2367 nostralinguadomus

392 2381 714 2436 obedientiw
755 2379 1191 2454 interpretatur.
1249 2381 1494 2438 Pulchre
1542 2399 1679 2456 ergo
1722 2397 2048 2456 praecursor

392 2469 623 2525 Domini
658 2469 716 2525 in
748 2470 1046 2537 Bethania,
1096 2488 1223 2543 quae
1253 2471 1445 2528 domus
1491 2473 1811 2529 obedientiw
1858 2472 2043 2531 inter-

392 2562 675 2631 pretatur,
707 2559 1002 2632 baptizare
1026 2560 1261 2628 dicitur,
1295 2562 1380 2616 uti
1414 2561 1745 2635 intelligant
1773 2562 2043 2620 homines

394 2647 534 2720 quia
556 2647 604 2703 si
633 2664 667 2704 a
695 2653 931 2721 peccato
962 2648 1252 2722 originali,
1276 2652 1431 2722 quod
1454 2668 1559 2724 per
1585 2651 2041 2709 inohedientiam

392 2736 568 2809 primi
582 2736 842 2793 hominis
864 2738 1127 2812 contigit,
1144 2738 1363 2795 absolvi
1378 2739 1730 2810 desiderant,
1747 2741 2043 2798 submisso

393 2843 631 2899 corpore
661 2831 719 2882 et
747 2827 986 2883 credulo
1019 2829 1190 2884 corde
1204 2828 1927 2901 baptismisacramentum
1943 2847 2043 2887 su-

392 2916 617 2988 scipere
642 2917 880 2972 debent.
915 2917 1199 2984 Quoniam
1233 2918 1389 2974 sicut
1426 2918 1507 2974 ait
1558 2918 1822 2976 Salvator
1869 2918 2037 2978 alibi:

392 3028 419 3055 «
452 3005 576 3061 Nisi
608 3007 744 3078 quis
776 3010 1012 3062 renatus
1044 3005 1218 3062 fuerit
1247 3024 1313 3063 ex
1329 3012 1552 3081 aquaet
1576 3004 1795 3082 Spiritu
1814 3014 2039 3081 sancto,

386 3111 503 3150 non
548 3099 739 3167 potest
797 3095 1034 3152 introire
1063 3095 1123 3151 in
1183 3112 1430 3170 regnum
1481 3097 1582 3154 Dei
1631 3098 1813 3171 (Joan.
1864 3100 2036 3173 In)»,

379 3183 655 3240 Jordanis
686 3188 881 3241 autem
907 3185 1190 3243 descensus
1217 3204 1405 3243 eorum
1423 3187 1871 3262 interpretatur:
1893 3207 2036 3262 quo-

2148 589 2306 658 dine,
2340 589 2432 646 vel
2479 590 2539 645 in
2594 607 2710 662 qua
2764 587 2995 645 civitate
3027 586 3106 644 sit
3155 586 3446 653 celebrata
3485 591 3809 663 conceptio,

2152 680 2348 745 Lucas
2375 678 2730 753 evangelista
2758 678 3122 737 sufﬁcienter
3156 675 3413 750 exponit.
3459 678 3626 745 Quod
3676 679 3815 752 quia

2151 773 2354 825 vestrae
2373 767 2666 825 sanctitati
2685 770 3053 824 constetesse
3067 765 3472 835 potissimm,
3495 767 3815 829 dicendum

2153 862 2244 914 est
2273 857 2478 930 paucis
2510 857 2581 912 de
2609 856 2704 913 his
2729 872 2857 928 quae
2890 855 3200 912 Mattheus
3214 855 3437 913 scribit.
3451 855 3815 921 Notandum-

2156 934 2275 1021 que~
2301 947 2361 1002 in
2393 946 2624 1020 primis,
2657 946 2717 1003 in
2750 963 2817 1003 eo
2849 946 3008 1019 quod
3044 945 3145 1014 ait,
3180 966 3209 996 ι(
3239 942 3563 1019 antequam
3603 964 3813 1009 convc—

2156 1036 2369 1106 nirent,
2406 1058 2434 1086 »
2467 1036 2639 1093 verbo
2662 1033 3042 1093 conveniendi
3060 1050 3178 1091 non
3194 1033 3392 1107 ipsum
3407 1036 3817 1106 concubitum,

2157 1126 2261 1184 sed
2291 1126 2654 1199 nuptiarum,
2688 1142 2817 1199 qum
2846 1124 3170 1199 praecedere
3200 1123 3410 1194 solent,
3446 1129 3691 1199 tempus
3725 1127 3814 1186 in-

2156 1216 2449 1286 sinuatur,
2482 1216 2717 1288 quando
2772 1231 2842 1272 ea
2869 1230 2997 1287 quae
3046 1213 3211 1288 prius
3267 1220 3550 1287 sponsata
3597 1217 3810 1288 fuerat,

2155 1322 2285 1363 esse
2308 1306 2522 1378 conjux
2550 1303 2777 1379 incipit.
2811 1304 2961 1379 Ergo
2988 1307 3351 1377 «antequam
3369 1306 3811 1376 convenirent,»

2158 1394 2317 1464 dicit,
2351 1398 2667 1467 antequam
2700 1393 3041 1468 nuptiarum
3072 1391 3358 1451 solemnia
3395 1394 3507 1453 rite
3552 1393 3810 1455 celebra.-

2159 1488 2306 1553 ront,
2354 1484 2653 1541 «inventa
2707 1488 2796 1541 est
2854 1484 2914 1540 in
2963 1488 3126 1541 utero
3182 1482 3407 1541 habens
3466 1485 3538 1543 de
3588 1485 3819 1559 Spiritu

2158 1577 2380 1630 sancto.
2417 1598 2444 1623 »
2477 1573 2775 1647 Siquidem
2807 1576 3131 1630 memorato
3177 1571 3382 1630 ordine
3421 1577 3624 1647 postea
3671 1593 3809 1633 con-

2156 1667 2457 1732 venerunt,
2490 1663 2724 1736 quando
2756 1662 2974 1735 Joseph
3006 1663 3077 1719 ad
3111 1666 3466 1735 praeceptum
3501 1664 3690 1738 angeli
3722 1683 3813 1723 ac-

2157 1753 2310 1826 cepit
2341 1753 2651 1826 conjugem
2681 1769 2876 1820 suam,
2908 1752 3010 1811 sed
3027 1768 3146 1808 non
3165 1753 3646 1819 concumhebant.
3663 1756 3806 1827 quia

2159 1842 2445 1915 sequitur,
2480 1866 2506 1893 «
2540 1846 2598 1900 et
2628 1859 2744 1899 non
2775 1842 3166 1916 cognoscebat
3191 1858 3345 1900 eam.
3382 1865 3411 1892 »
3442 1846 3673 1901 Iuventa
3706 1849 3802 1901 est

2155 1936 2353 1989 autem
2382 1930 2441 1987 in
2475 1936 2640 1989 utero
2665 1931 2911 1998 habens,
2936 1949 2979 1991 a
3003 1929 3165 1988 nullo
3195 1930 3312 1988 alio
3342 1947 3523 2004 quam
3557 1932 3803 2006 Joseph,

2155 2020 2257 2094 qui
2288 2019 2524 2077 licentia
2554 2020 2809 2078 maritali
2839 2021 3048 2077 futurae
3078 2020 3277 2078 uxoris
3302 2037 3450 2093 pene
3478 2022 3683 2079 omnia
3708 2039 3807 2080 nc-

2152 2114 2332 2179 verat,
2365 2110 2612 2183 ideoque
2637 2114 2963 2166 tumentem
2994 2110 3129 2182 ejus
3156 2115 3391 2167 uterum
3420 2112 3807 2170 moxcurioso

2154 2198 2539 2272 deprehendit
2564 2198 2805 2256 intuitu.
2836 2198 3141 2272 Sequitur:

2228 2311 2257 2341 «
2288 2288 2501 2361 Joseph
2549 2292 2743 2345 autem
2794 2287 2883 2344 vir
2912 2289 3061 2360 ejus,
3115 2305 3251 2346 cum
3311 2293 3467 2346 esset
3485 2291 3717 2362 justus,
3753 2295 3813 2347 et

2158 2401 2186 2429 ((
2218 2377 2399 2434 nollet
2439 2394 2569 2435 eam
2624 2378 2950 2446 traducere,
3009 2376 3199 2449 voluit
3241 2377 3466 2435 occulte
3510 2379 3809 2437 dimittere

2126 2456 2132 2464 ’
2157 2490 2183 2516 α
2215 2484 2364 2523 eam.
2402 2490 2430 2517 »
2462 2467 2678 2525 Videns
2708 2465 3150 2539 autemdoseph
3169 2483 3446 2540 sponsam
3467 2468 3811 2542 concepisse

2154 2573 2346 2624 suam,
2377 2548 2748 2629 quambene
2779 2560 3020 2613 noverat
3047 2574 3082 2612 a
3112 2555 3273 2612 nullo
3322 2556 3446 2613 viro
3495 2557 3685 2614 fuisse
3721 2564 3810 2614 at-

2152 2649 2391 2716 tactam,
2425 2662 2560 2702 cum
2590 2649 2745 2703 esset
2756 2646 2959 2717 justus
2973 2650 3030 2701 et
3032 2646 3195 2718 juste
3212 2645 3595 2704 omnia‘vellet
3613 2663 3829 2721 agam.

2152 2733 2440 2806 optimum
2469 2733 2635 2789 duxit
2659 2737 2724 2789 ut
2753 2749 2943 2806 neque
2974 2732 3084 2790 hoc
3114 2732 3248 2790 aliis
3278 2734 3569 2807 proderet,
3616 2750 3833 2808 neque!

2152 2821 2279 2895 ipse
2307 2838 2437 2880 eam
2496 2822 2785 2896 acciperet
2841 2838 3112 2891 uxorem;
3174 2824 3276 2881 sed
3308 2829 3535 2881 mutato
3580 2824 3833 2883 occulte

2152 2911 2492 2985 nuptiarum
2533 2912 2859 2985 proposito,
2904 2911 2963 2966 in
3014 2911 3349 2976 conditione
3393 2929 3525 2970 eam
3574 2930 3829 2988 sponsas:

2149 3018 2387 3059 manere
2417 3005 2731 3075 pateretur,
2766 3005 2831 3059 ut
2859 3006 3003 3058 erat.
3036 3001 3182 3058 Nam
3215 3005 3273 3058 et
3296 3000 3360 3058 in
3380 3002 3537 3059 Isaia
3562 3002 3835 3076 legerat;

2145 3092 2432 3167 virginem
2461 3092 2533 3149 de
2562 3092 2735 3149 domo
2767 3091 2945 3148 David
2977 3108 3106 3148 esse
3150 3095 3565 3163 conceptarum
3605 3097 3666 3149 et
3695 3109 3809 3166 pa.

2146 3182 2391 3238 riturum
2424 3187 2628 3249 Deum,
2661 3182 2731 3238 de
2760 3198 2877 3254 qua
2905 3181 3081 3238 etiam
3107 3181 3285 3238 domo
3321 3186 3560 3238 noverat
3608 3198 3801 3256 genus

378 3290 532 3343 rum,
567 3272 679 3329 nisi
728 3274 1197 3347 baptizatorum?
1247 3276 1416 3348 quasi
1466 3258 1623 3333 enim
1674 3277 1734 3332 in
1780 3258 2034 3334 Jord‘ane
2065 3258 2108 3324 (ἶ
2144 3271 2382 3327 άυκίεεϐ
2408 3270 2675 3337 Mariam,
2709 3275 2883 3342 atque
2911 3270 3040 3328 ideo
3072 3287 3188 3326 non
3238 3270 3609 3331 discredebat
3637 3271 3700 3327 in
3730 3289 3803 3329 ea

379 3362 755 3433 baptizantur
783 3363 1073 3432 homines,
1100 3365 1237 3435 quia
1251 3370 1567 3437 antequam
1587 3366 1658 3421 ad
1673 3365 2036 3438 baptismum

380 3450 639 3516 veniant,
673 3449 779 3505 filii
827 3452 925 3505 irae
957 3455 1014 3506 et
1043 3452 1146 3506 ﬁlii
1199 3451 1415 3509 diaboli
1446 3458 1617 3511 sunt:
1652 3456 1753 3511 sed
1802 3471 1934 3511 cum
1976 3456 2035 3511 in

383 3537 746 3610 baptismum
759 3539 1638 3607 descendunt,descendentibus
1652 3543 2035 3615 peccatisﬁlii

386 3626 548 3699 pacis
577 3631 634 3682 et
663 3626 765 3682 ﬁlii
799 3628 900 3684 Dei
932 3646 1037 3702 per
1063 3629 1433 3702 adoptionem
1466 3632 1810 3689 ascendunt.

961 3772 1269 3830 HOMILIA
1306 3773 1456 3831 VIII.

723 3878 780 3916 IN
818 3878 1043 3919 VIGILIIS
1082 3876 1428 3921 NATIVITATIS
1468 3880 1693 3923 DOMINI.

452 3985 699 4057 (Manu.
728 3987 793 4060 ι.)
824 4010 851 4038 ‹‹
889 3988 950 4044 In
984 3987 1084 4045 illo
1114 3992 1396 4062 tempore,
1433 4007 1565 4047 cum
1598 3995 1752 4049 esset
1781 3993 2033 4067 despon-

381 4099 408 4125 «
440 4079 572 4131 sata
603 4080 788 4132 mater
816 4077 955 4133 Jesu
988 4078 1173 4133 Maria
1200 4078 1441 4151 Joseph,
1474 4084 1788 4153 antequam
1820 4098 2031 4139 conve-

381 4166 653 4235 «nirent,
712 4165 946 4222 inventa
993 4170 1083 4224 est
1140 4167 1199 4222 in
1247 4172 1410 4225 utero
1462 4168 1687 4226 habens
1709 4171 1780 4226 dc
1811 4171 2030 4244 Spiritu

385 4277 407 4305 α
443 4259 766 4327 sancto,»et
778 4255 1025 4329 reliqua,
1042 4256 1184 4311 Cum
1200 4256 1564 4315 nativitatem
1579 4259 1891 4333 Domini,et
1903 4262 2031 4319 Sal-

378 4347 594 4404 vatoris
623 4346 809 4403 nostri
836 4347 975 4403 Jesu
1013 4345 1246 4417 Christi,
1263 4363 1380 4420 qua
1395 4352 1645 4406 aeternus
1662 4353 1794 4408 ante
1819 4352 2032 4410 saecula

377 4436 480 4492 Dei
537 4435 741 4506 Filius,
801 4434 1059 4492 hominis
1092 4452 1159 4493 ex
1206 4440 1468 4510 tempore
1526 4439 1684 4497 filius
1733 4443 2027 4514 apparuit.

380 4523 688 4579 Matthazus
710 4525 1072 4598 evangalista
1097 4525 1252 4582 brevi
1272 4526 1508 4598 quidem
1528 4545 1817 4598 sermone,
1835 4531 1937 4586 sed
1957 4531 2030 4587 ab

2146 3357 2515 3431 prOphetiam
2546 3358 2698 3414 hanc
2726 3358 2912 3416 fuisse
2956 3359 3384 3433 complendum.
3438 3359 3551 3416 Sed
3584 3360 3635 3419 si
3665 3377 3803 3421 eam

2144 3444 2426 3503 voluisset
2453 3445 2676 3503 occulte
2706 3446 3023 3515 dimittere,
3055 3465 3245 3520 neque
3277 3448 3541 3522 accipere
3585 3451 3800 3524 conju-

2145 3551 2299 3609 gem,
2332 3540 2391 3592 et
2418 3534 2522 3592 illa
2553 3552 2771 3609 sponsa
2799 3541 3047 3609 pareret,
3081 3536 3363 3593 nimirum
3380 3537 3551 3610 pauci
3566 3544 3800 3608 essent,

2146 3624 2244 3697 qui
2278 3641 2408 3682 eam
2438 3625 2746 3698 virginem,
2776 3629 2835 3682 et
2863 3642 2979 3682 non
3010 3624 3205 3698 potius
3244 3631 3626 3684 autumarent
3669 3640 3802 3686 esse

2145 3712 2533 3771 meretricem.
2568 3713 2731 3771 Unde
2760 3714 2977 3788 Joseph
3008 3713 3320 3772 consilium
3370 3721 3609 3788 repente
3652 3733 3799 3773 con.

2143 3803 2289 3861 silio
2307 3802 2547 3862 meliore
2576 3808 2860 3874 mutatur,
2891 3804 3321 3862 utvidelicetad
3333 3806 3802 3866 conservandam

2142 3894 2339 3950 Mariae
2370 3894 2609 3964 famam,
2644 3895 2770 3969 ipse
2800 3911 2930 3952 eam
2961 3893 3251 3951 celebrato
3279 3894 3619 3967 nuptiarum
3651 3913 3800 3954 con-

2140 3982 2309 4051 vivio,
2352 3984 2665 4056 conjugem
2722 3982 3029 4057 acciperet,
3087 3984 3189 4040 sed
3240 3987 3463 4040 castam
3511 3989 3799 4058 perpetuo

2142 4071 2484 4129 custodiret.
2516 4073 2993 4147 Maluitnamque
3006 4072 3290 4130 Dominus
3300 4073 3535 4147 aliquos
3548 4075 3796 4133 modum

2141 4162 3151 4237 suaegenerationisignorare,quam
3163 4162 3492 4220 castitatem
3505 4162 3796 4224 infamem

2138 4250 2459 4323 genitricis.
2492 4251 2639 4308 Nam
2671 4252 2966 4323 sequitur:

2212 4364 2239 4391 «
2273 4341 2404 4396 Haec
2434 4343 2631 4397 autem
2662 4357 2729 4397 eo
2759 4341 3071 4413 cogitante,
3118 4359 3251 4399 ecce
3281 4342 3528 4417 angelus
3558 4335 3813 4401 Domini-

2144 4450 2171 4483 α
2196 4428 2256 4484 in
2292 4428 2517 4485 somnis
2548 4428 2821 4503 apparuit
2848 4428 2922 4497 ei,
2956 4431 3189 4489 dicens:
3220 4432 3435 4505 Joseph
3468 4431 3552 4488 illi
3584 4433 3791 4506 David,

2143 4540 2163 4568 α
2200 4518 2318 4576 noli
2347 4519 2554 4574 timere
2610 4519 2871 4592 accipere
2928 4518 3172 4577 Mariam
3229 4523 3551 4596 conjugem‘
3598 4526 3793 4580 tuam.

378 4610 672 4666 Abraham
705 4614 975 4684 usquead
990 4614 1206 4687 Joseph
1225 4614 1415 4670 virum
1430 4615 1623 4671 Mariae
1638 4614 2026 4690 perduxisset,
2059 4633 2106 4697 ι]
2138 4631 2164 4657 ((
2201 4608 2367 4697 Ουοίξ
2395 4605 2641 4697 enim“!
2672 4626 2741 4665 ea
2788 4613 2996 4667 natum
3043 4614 3153 4678 BSt,
3193 4612 3265 4667 d6
3313 4608 3545 4685 Spiritu
3584 4618 3794 4669 εειΗοῑο

380 4714 701 4772 omnesque
729 4703 1027 4759 communi
1059 4703 1331 4759 humana:
1362 4703 1674 4761 creationis
1696 4706 1897 4764 ordine
1927 4724 2026 4783 ge-

378 4785 531 4844 nitos
560 4789 736 4846 simul
769 4796 828 4847 et
856 4796 1200 4866 generantcs
1233 4791 1604 4861 ostendisset,
1637 4811 1771 4851 mox
1799 4797 1870 4852 de
1896 4797 2027 4869 ipsa

375 4874 705 4947 locuturus,
739 4886 1025 4952 quantum
1056 4883 1183 4954 ejus
1214 4883 1510 4958 generatio
1541 4900 1575 4939 a
1603 4884 1826 4941 caeteris
1849 4885 2028 4944 dista-

375 4967 482 5030 ret,
517 4968 773 5037 aperuit:
808 4971 2021 5047 quiavidelicetcsateriperconjunctioncm

374 5054 555 5109 maris
586 5059 643 5110 ct
672 5055 899 5111 femina:
933 5058 1184 5129 solitam,
1218 5062 1343 5135 ipse
1363 5066 1556 5119 autem
1592 5079 1694 5136 per
1713 5064 2019 5137 virginem,

373 5145 575 5214 utpote
609 5143 791 5199 Filius
827 5146 920 5201 Dei
968 5154 1306 5206 nasceretur
1333 5151 1394 5206 in
1426 5153 1734 5209 mundum.
1786 5152 1857 5210 Et
1889 5156 2018 5227 qui-

373 5230 507 5287 dem
532 5232 774 5288 deccbat
804 5234 1080 5290 omnibus
1112 5239 1325 5306 modis,
1379 5246 1443 5295 ut
1474 5259 1608 5298 cum
1660 5247 1815 5299 Deus
1844 5241 2020 5300 homo

368 5324 610 5393 propter
637 5322 907 5379 homines
937 5322 1062 5380 fieri
1094 5324 1282 5395 vellet,
1318 5345 1434 5384 non
1467 5348 1535 5387 ex
1579 5332 1694 5389 alia
1742 5349 1919 5406 quam
1950 5334 2021 5391 de

368 5409 593 5483 virgine
625 5415 980 5481 nasceretur,
1014 5429 1146 5469 cum
1181 5411 1462 5485 virginem
1485 5434 1761 5490 generare
1794 5422 2019 5479 contin-

370 5503 549 5572 geret,
585 5517 700 5559 non
763 5500 967 5571 alium,
1025 5519 1201 5574 quam
1253 5502 1352 5574 qui
1395 5498 1547 5562 Deus
1602 5515 1776 5582 esset,
1829 5512 2018 5570 filium

370 5594 720 5660 procrearet.
756 5614 783 5641 «
818 5591 964 5647 Cum
995 5596 1150 5650 esset
1180 5591 1416 5665 (inquit)
1448 5593 1799 5667 desponsata
1835 5606 2021 5659 mater

368 5676 511 5742 J‘esu
542 5679 726 5741 Maria
752 5680 990 5758 Joseph,
1025 5686 1340 5760 antequam
1366 5685 1761 5759 convenirent,
1786 5690 2037 5749 inventa-

2137 4720 2165 4747 ‹‹
2197 4700 2307 4753 est.
2342 4695 2531 4753 Pariet
2555 4700 2754 4755 autem
2786 4697 2996 4767 ﬁlium,
3028 4704 3099 4756 et
3130 4699 3364 4759 vocabis
3412 4716 3626 4757 nomen
3657 4701 3795 4774 ejus

2138 4811 2164 4836 «
2197 4786 2421 4843 Jesum.
2454 4790 2586 4861 Ipse
2614 4787 2771 4845 enim
2803 4788 3030 4847 salvum
3062 4788 3234 4847 faciet
3269 4788 3557 4863 populum
3606 4806 3792 4849 suum

2136 4900 2163 4927 ‹‹
2199 4894 2233 4934 a
2261 4875 2516 4949 peccatis
2544 4895 2767 4936 eorum.
2800 4902 2829 4932 »
2860 4878 3087 4945 Quibus
3109 4879 3368 4952 profecto
3398 4878 3617 4946 verbis,
3659 4894 3789 4936 mo-

2133 4968 2245 5024 dus
2277 4966 2672 5040 conceptionis
2702 4969 2832 5039 ejus
2860 4967 3037 5024 simul
3063 4972 3122 5025 et
3151 4966 3417 5041 dignitas
3430 4972 3637 5040 partus
3650 4967 3793 5025 edo-

2132 5061 2315 5126 cetur,
2346 5058 2486 5131 quia
2510 5055 2777 5113 videlicet
2806 5060 2863 5111 et
2893 5057 2965 5113 de
2995 5057 3217 5131 Spiritu
3240 5056 3805 5130 sanctoco-nciperet:

2131 5152 2189 5204 et
2218 5147 2479 5222 paritura
2509 5145 2589 5200 sit
2628 5143 2949 5201 Christum.
3001 5146 3185 5211 Quem
3235 5146 3347 5202 etsi
3397 5150 3600 5217 aperta
3647 5144 3793 5211 veos

2129 5235 2375 5310 angelus
2405 5233 2703 5290 Christum
2747 5248 2862 5289 non
2909 5234 3141 5308 apellet,
3172 5235 3233 5291 in
3260 5251 3329 5292 eo
3377 5239 3591 5291 tamen.
3627 5236 3799 5308 quod

2128 5323 2543 5398 etymologiam
2570 5320 2828 5379 nominis
2855 5323 2995 5381 Jesu
3010 5338 3326 5398 exponens,
3339 5323 3539 5398 ipsum
3570 5322 3792 5380 salutis

2130 5414 2388 5473 ostendit
2416 5414 2734 5481 auctorem,
2768 5413 3237 5489 populorumque
3266 5414 3615 5475 salvatorem
3647 5428 3805 5470 eum

2129 5504 2450 5574 nuncupat,
2482 5499 2794 5558 manifesta
2822 5503 3064 5578 ratione,
3097 5505 3237 5577 quia
3267 5504 3346 5562 sit
3374 5503 3679 5575 Christus;
3713 5502 3791 5560 si-

2128 5578 2370 5667 gniﬁcat
2398 5593 2464 5645 ut
2493 5605 2597 5661 per
2624 5588 2746 5647 haec
2771 5596 2831 5649 et
2859 5609 2991 5665 quae
3004 5594 3310 5664 nescierat,
3332 5594 3527 5653 discat
3539 5591 3780 5666 Joseph.

2131 5688 2195 5741 ut
2223 5698 2257 5738 a
2287 5681 2556 5739 contactu
2590 5678 2687 5738 Dei
2716 5681 3015 5756 genitricis
3043 5683 3311 5744 funditus
3342 5687 3601 5745 mentem
3622 5697 3787 5742 αιτιοι
