4070 6190
284 330 388 394 39

1540 306 1894 388 ηοωιιιλε
1934 324 1957 387 1

2079 324 2479 391 TEMPORE.
3643 331 3724 411 so

306 467 457 522 vent.
489 463 676 531 Quam
708 464 905 521 tamen
936 456 1371 535 dispensatione
1393 460 1570 534 justas
1591 458 1963 518 necessitatis
1984 460 2047 531 Α
2078 466 2210 518 rent
2238 461 2483 539 Mariam
2515 467 2647 538 post
2669 467 2872 522 natum
2895 462 3212 522 Dominum
3231 467 3526 540 cognitam
3548 484 3723 527 essea

591 552 858 626 jubetur,
888 550 1012 609 solo
1038 551 1113 608 de
1143 550 1380 608 nomine
1409 552 1743 624 conjugem,
1771 567 1844 607 ne
1872 550 1962 607 vi-

286 644 520 703 .delicet
569 640 738 715 quasi
785 640 1055 699 adultera
1081 638 1444 713 lapidaretur
1472 658 1507 695 a
1534 639 1779 707 Judaeis,
1809 644 1868 696 et
1897 643 1964 696 ut

288 735 368 792 sin
399 735 713 808 Egyptum
745 730 1254 805 fugiens,haberet
1275 730 1551 787 solatium
1572 729 1842 798 masculi,
1859 729 1961 803 qui

284 822 589 881 Juniliasi
637 838 800 888 cura,
826 825 890 877 et
937 823 1136 876 custos
1182 819 1448 877 femineis
1498 818 1851 893 fragilitatis,
1904 824 1964 877 et

286 914 478 972 testis
504 913 636 985 ejus
665 914 958 984 perpetua:
987 908 1341 984 virginitatis
1368 909 1598 966 existat.
1625 908 1884 965 Produnt
1905 913 1963 965 et

280 1000 579 1061 catholici
608 999 967 1073 exposito‘res
997 997 1144 1055 alias
1172 1014 1405 1070 causas,
1437 1014 1618 1072 quare
1654 997 1769 1069 Dei:
1795 998 1959 1071 geni-

282 1093 511 1150 tricem
542 1089 760 1163 Joseph
804 1088 1065 1162 accipere
1103 1087 1306 1145 debuit
1352 1088 1684 1160 coniugem,
1719 1104 1868 1160 quas
1898 1088 1958 1143 in

278 1183 436 1240 suis
464 1180 567 1255 qui
595 1180 738 1245 vult,
770 1177 1023 1235 inveniet
1051 1175 1215 1234 locis.
1244 1177 1497 1234 Adbibet
1524 1180 1721 1234 autem
1780 1194 1959 1233 evan-

284 1271 520 1347 .‘geliSta
562 1267 755 1344 partui
800 1266 1070 1341 virginali
1096 1266 1280 1323 etiam
1308 1265 1635 1340 prophetici
1665 1266 1958 1323 sermonis

283 1359 666 1435 .exemplum,
696 1361 762 1414 ut
788 1361 966 1414 tanta:
992 1355 1344 1414 miraculum
1380 1354 1708 1429 majestatis
1738 1371 1804 1412 eo
1834 1372 1958 1412 cer-

288 1451 431 1508 rtins
452 1449 766 1515 videretur,
784 1463 919 1520 quo.
932 1445 1041 1503 hoc
1073 1462 1189 1502 non
1220 1444 1412 1502 solum
1445 1445 1570 1518 ipse
1600 1445 1820 1501 factum
1843 1461 1958 1502 cre-

284 1541 491 1606 rderet,
518 1536 834 1595 sedetiam
866 1553 902 1591 a
937 1534 1224 1609 propheta
1265 1535 1607 1608 praedictum
1656 1533 1954 1592 recoleret.

284 1629 456 1687 Nam
490 1632 551 1685 et
596 1626 734 1683 huic
782 1624 1169 1700 evangelista,
1196 1623 1255 1680 id
1298 1627 1389 1681 est
1436 1624 1727 1692 Matthaso,
1776 1624 1957 1682 moris

302 1724 396 1776 est
424 1717 625 1776 omnia
650 1734 779 1791 quae
809 1718 1010 1772 narrat
1038 1714 1216 1772 etiam
1267 1712 1622 1788 propheticis
1663 1715 1957 1772 afﬁrmare

281 1804 946 1879 :testimoniis.Scripsit
970 1820 1231 1877 namque
1259 1803 1642 1878 Evangelium
1673 1821 1849 1861 suum
1882 1805 1955 1860 ad

301 1915 510 1957 eorum
560 1896 814 1953 maxime
862 1910 1100 1951 causam
1146 1893 1249 1966 qui
1281 1894 1586 1950 exludieis
1616 1895 1950 1963 credebant,

300 1994 417 2046 nec
457 1992 656 2044 tamen
701 1985 848 2059 legis
912 1983 1280 2050 eeremoniis,
1332 1982 1602 2056 quamvis
1660 1984 1845 2040 renati
1893 1983 1955 2040 in

282 2077 560 2143 Christo,
585 2075 860 2132 valebant
884 2071 1073 2130 avelli.
1106 2074 1177 2128 Et
1202 2076 1511 2145 propterea
1540 2073 1845 2146 satagebat
1856 2090 1957 2131 eos

301 2185 344 2224 a
371 2165 589 2224 carnali
621 2163 769 2237 legis
793 2167 852 2219 et
881 2161 1301 2236 prophetarum
1337 2178 1537 2233 sensu,
1570 2163 1643 2219 ad
1678 2162 1954 2236 spiritua-

282 2255 444 2323 :lem,
469 2271 598 2329 quae
629 2255 701 2310 de
726 2252 959 2309 Christo
1000 2254 1108 2319 est,
1141 2251 1383 2324 erigere,
1416 2254 1708 2324 quatenus
1756 2269 1955 2310 sacra-

288 2348 506 2402 menta
535 2343 671 2400 ﬁdei
701 2340 1045 2399 Christiana
1075 2343 1240 2397 tanto
1264 2339 1531 2397 securius
1562 2342 1951 2416 perciperent,

280 2435 526 2508 .quanto
556 2433 680 2489 hee
710 2448 826 2488 non
858 2430 974 2488 alia
992 2446 1120 2488 esse
1148 2444 1329 2503 quam
1351 2446 1479 2503 qua:
1501 2430 1794 2505 prophetis
1817 2450 1954 2506 prai-

282 2523 592 2590 dixerant,
621 2524 1062 2595 cognoscerent.

381 2634 408 2663 α
434 2610 580 2668 Ecce
618 2611 782 2684 virgo
822 2609 1060 2683 (inquit)
1110 2610 1171 2665 in
1200 2614 1366 2667 utero
1412 2609 1652 2668 habebit
1681 2616 1740 2667 et
1767 2612 1955 2685 pariet

286 2727 327 2753 α
362 2700 575 2770 tilium,
608 2704 666 2757 et
690 2700 983 2778 vocabunt
1010 2715 1226 2757 nomen
1257 2700 1386 2771 ejus
1414 2700 1952 2775 Emmanuel,quod

294 2815 329 2843 α
370 2795 457 2847 est
487 2790 1269 2864 interpretatum,mobi.scum
1305 2794 1524 2846 Deus.»
1556 2792 1777 2847 Nomen
1823 2790 1954 2848 Sal-

290 2880 539 2947 vatoris,
571 2879 729 2953 quod
775 2877 1057 2935 nobiscum
1104 2879 1242 2935 Deus
1291 2896 1325 2933 a
1373 2877 1657 2952 propheta
1690 2884 1953 2951 vocatur,

289 2970 898 3043 utramquenaturam
929 2967 1109 3023 unius
1140 2984 1399 3040 persona:
1428 2965 1617 3041 ipsius
1638 2968 1950 3043 signiﬁcat.

277 3058 413 3126 ,θιὶ
441 3057 599 3115 enim
620 3062 754 3114 ante
780 3062 1049 3130 tempora
1063 3059 1238 3113 natus
1254 3071 1321 3112 ex
1344 3057 1510 3113 Patre
1531 3057 1687 3114 Deus
1707 3062 1814 3126 est,
1830 3058 1955 3131 ipse

274 3147 365 3205 .‘in
383 3147 1085 3221 plenitudinetemporum
1098 3144 1466 3212 Emmanuel,
1482 3146 1788 3204 nobiscum
1800 3147 1955 3205 Deus

2070 551 2388 626 Joseph,et
2414 554 2551 611 inde
2583 559 2743 613 ortOs
2773 573 2892 625 eos,
2910 573 3060 629 quos
3090 556 3298 613 fratres
3322 556 3723 615 DominiScri-

2070 644 2248 713 ptura
2279 644 2556 717 appellat,
2587 650 2895 718 assumpto
2923 650 2979 702 et
3007 646 3117 702 hoc
3147 645 3207 701 in
3239 645 3597 717 adutjorium
3628 647 3722 703 sui

2070 733 2311 802 erroris,
2344 735 2500 806 quod
2546 734 2976 809 primogenitus
3020 739 3414 808 nuncupatur.
3440 735 3725 792 Dominus

2070 821 2226 879 Deus
2258 828 2479 879 avertat
2505 824 2656 881 hanc
2687 824 3116 897 blasphemiam
3148 843 3182 881 a
3202 825 3315 881 fide
3342 825 3611 882 omnium
3623 843 3719 881 ve-

2069 914 2285 983 strum,
2306 913 2598 985 donetque
2619 913 2789 970 nobis
2819 914 3106 971 catholica
3132 913 3345 987 pietate
3376 913 3717 989 intelligere,

2069 1004 2339 1072 parentes
2368 1000 2554 1058 nostri
2585 1001 2899 1060 Salvatoris
2917 1003 3265 1059 intemerata
3295 1003 3721 1076 semperfuisse

2066 1087 2402 1162 virginitate
2430 1090 2835 1164 praeclaros,et
2863 1110 2972 1148 nos
3002 1092 3175 1161 ﬁlios,
3195 1093 3298 1149 sed
3328 1097 3609 1167 cognatos
3629 1110 3721 1149 eo-

2068 1186 2200 1234 rum
2230 1179 2439 1237 fratres
2465 1180 2697 1237 Domini
2725 1181 3159 1253 Scripturarum
3183 1197 3343 1237 more
3365 1181 3715 1254 nuncupari;

2066 1271 2124 1324 et
2145 1268 2219 1323 ob
2239 1267 2298 1325 id
2322 1268 2848 1343 evangelistam,an
2873 1275 3006 1342 post
3021 1274 3225 1325 natum
3246 1268 3458 1325 Filium
3471 1271 3573 1327 Dei
3588 1287 3715 1327 eam

2067 1359 2398 1431 cognoverit
2429 1376 2545 1416 non
2576 1359 2986 1432 curasse,quia
3017 1358 3164 1415 nulli
3185 1360 3256 1415 de
3282 1358 3390 1414 hoc
3413 1358 3714 1432 ambigen-

2066 1447 2208 1503 dum
2221 1452 2544 1520 putaverat,
2560 1451 2859 1523 conjuges,
2875 1449 3090 1521 quibus
3104 1447 3530 1521 invirginitatis
3542 1448 3715 1505 casti-

2067 1537 2265 1594 monia
2308 1537 2785 1611 permanentibus
2832 1538 2933 1595 Dei
2980 1538 3193 1594 Filium
3246 1538 3407 1594 nasci
3452 1537 3718 1611 singular

2065 1628 2255 1700 gratia
2284 1628 2490 1685 datum
2518 1632 2627 1696 est,
2647 1628 2986 1685 nullatenus
3013 1644 3081 1683 ex
3100 1645 3167 1683 eo
3191 1627 3475 1684 castitatis
3483 1628 3622 1699 jura
3638 1632 3716 1683 te-

2066 1732 2292 1773 merare
2322 1718 2955 1791 potuisse.Notandum
2988 1735 3220 1790 quoque
3250 1721 3339 1773 est
3356 1717 3510 1789 quod
3523 1716 3713 1789 primo

1986 1838 2033 1905 Β
2069 1806 2249 1879 geniti
2284 1824 2398 1863 non
2404 1808 2992 1881 juxtahaareticorum
3009 1805 3407 1879 opinationem
3428 1805 3710 1875 solisunt,

2065 1912 2214 1968 quos
2248 1896 2455 1953 fratres
2487 1901 2818 1970 sequuntur
2847 1895 2975 1953 alii:
2996 1897 3098 1952 sed
3109 1897 3277 1967 juxta
3307 1894 3711 1951 auctoritatem

2062 1985 2524 2058 Scripturarum,
2558 2004 2762 2044 omnes
2793 1986 2895 2059 qui
2927 1986 3101 2059 primi
3140 1986 3373 2042 vulvam
3423 1984 3710 2057 aperiunt,

2054 2075 2184 2132 sive
2214 2077 2422 2133 fratres
2450 2093 2553 2132 eos
2581 2075 2785 2149 aliqui,
2817 2092 2920 2132 seu
2953 2074 3098 2130 nulli
3138 2078 3480 2147 sequantur,
3500 2072 3713 2146 primo-

2064 2166 2244 2240 geniti
2274 2170 2578 2222 vocantur.
2609 2168 2881 2221 Attamen
2913 2163 3196 2220 Dominus
3225 2162 3463 2235 speciali
3493 2163 3714 2217 ratione

2063 2259 2255 2329 potest
2282 2255 2714 2329 primogenitus
2745 2254 2939 2311 dictus
2960 2252 3229 2326 intelligi,
3237 2253 3408 2324 juxta
3428 2252 3538 2307 hoc
3556 2252 3712 2324 quod

2062 2345 2124 2401 in
2152 2344 2495 2418 Apocalypsi
2526 2345 2667 2400 dicit
2693 2346 2764 2400 de
2796 2341 2896 2400 illo
2925 2343 3183 2400 Joannes
3208 2359 3221 2397 :
3251 2364 3278 2392 «
3311 2340 3419 2408 Qui
3448 2340 3713 2397 esttestis

2063 2434 2274 2503 ﬁdelis,
2300 2434 2724 2507 primogenitus
2740 2437 3129 2499 mortuorum,
3144 2434 3201 2487 et
3224 2431 3495 2504 princeps
3508 2445 3711 2502 regum

2062 2528 2227 2581 terra:
2262 2524 2438 2597 (Apoc.
2473 2526 2531 2597 1).
2568 2546 2597 2573 ››
2629 2525 2699 2579 Et
2729 2522 3027 2596 apostolus
3058 2519 3309 2576 Paulus:
3336 2543 3363 2569 ‹‹
3396 2520 3541 2575 Nam
3566 2534 3714 2591 quos

2064 2613 2353 2688 praecivit
2381 2618 2439 2670 et
2466 2611 2901 2686 praedestinavit
2932 2611 3262 2667 conformes
3283 2609 3407 2665 ﬁeri
3438 2608 3714 2683 imaginis

2063 2702 2193 2759 Filii
2224 2703 2418 2771 sui,ut
2448 2702 2525 2759 sit
2543 2701 2667 2775 ipse
2691 2699 3187 2774 primogenitusin
3210 2698 3413 2754 multis
3435 2698 3715 2755 fratribus

2060 2792 2384 2867 (Rom.11).»
2418 2789 2848 2865 Primogenitus
2866 2790 2925 2845 in
2944 2788 3148 2845 multis
3178 2787 3522 2853 fratribus,«
3543 2791 3712 2858 quot-

2062 2886 2206 2954 quot
2219 2882 2377 2938 enim
2399 2883 2909 2954 receperunteum,
2929 2878 3091 2934 dedit
3101 2878 3188 2933 eis
3200 2879 3546 2949 potestatem
3559 2875 3712 2932 filios

2064 2970 2164 3031 Dei
2197 2971 2388 3027 ﬁeri.»
2420 2973 2678 3037 Quorum
2710 2973 2861 3025 recte
2893 2991 2921 3018 «
2956 2966 3386 3041 Primogenitus
3410 2988 3436 3015 ››
3456 2964 3710 3040 appella-

2060 3064 2177 3129 tur,
2211 3060 2350 3132 quia
2378 3074 2582 3115 omnes
2611 3050 2941 3131 adoptionis
2971 3057 3142 3124 ﬁlios,
3177 3056 3354 3112 etiam
3383 3055 3516 3112 illos
3538 3054 3712 3127 quiin

2061 3146 2423 3206 enrnationis
2453 3146 2581 3220 ejus
2609 3151 2875 3220 tempora
2921 3146 3214 3201 nascendo
3262 3148 3706 3216 praecesserunt,

294 3212 564 3293 innuero
595 3235 802 3293 matris
832 3212 1021 3292 factus
1050 3235 1323 3308 eetzquia
1337 3239 1548 3292 nostra:
1580 3236 1952 3309 fragilitatem
1984 3212 2027 3279 (ἶ
2064 3238 2347 3311 dignitate
2394 3212 2795 3310 praegreditur.
2829 3234 3133 3307 Siquidem
3171 3212 3420 3305 possunt
3448 3231 3533 3286 illi
3566 3247 3699 3287 cum

278 3330 533 3383 natura
550 3324 614 3380 in
640 3325 923 3381 unitatem
946 3341 1069 3381 sua)
1091 3340 1351 3397 personae
1369 3324 1664 3397 snscipere
1679 3325 1957 3399 dignatus

286 3419 419 3479 est,
436 3413 672 3488 quando
699 3413 958 3471 Verbum
989 3430 1124 3470 caro
1153 3412 1375 3471 factum
1395 3418 1503 3482 est,
1519 3418 1575 3470 et
1594 3414 1954 3472 habitavitin

294 3503 482 3565 nobis
514 3522 528 3559 :
561 3503 778 3560 mirum
806 3501 1078 3559 videlicet
1105 3502 1164 3559 in
1215 3503 1455 3559 modum
1496 3502 1784 3577 incipiens
1829 3522 1957 3563 sese

290 3594 468 3667 quod
502 3609 615 3648 non
646 3608 878 3659 sumus,
897 3594 955 3647 et
968 3608 1085 3647 non
1105 3591 1521 3649 desinensesse
1536 3595 1691 3666 quod
1703 3598 1854 3651 erat:
1871 3595 1955 3651 sic

280 3697 622 3739 assumens
652 3685 923 3738 naturam
957 3683 1217 3738 nostram
1250 3685 1313 3736 ut
1344 3681 1497 3753 quod
1529 3686 1673 3748 erat,
1697 3682 1822 3755 ipse
1839 3700 1955 3739 non

290 3772 596 3848 perderet.

286 3876 293 3882 ‘
381 3882 409 3909 π
440 3859 775 3934 Exsurgens
803 3853 998 3916 autem
1042 3857 1260 3933 Joseph
1290 3877 1326 3915 a
1356 3870 1585 3928 Somno,
1621 3859 1757 3917 fecit
1803 3860 1957 3918 sicut

286 3973 321 3999 ‹‹
364 3952 719 4022 praceperat
748 3948 818 4027 ei
872 3947 1119 4022 angelus
1167 3947 1419 4005 Domini.
1453 3950 1524 4004 Et
1548 3950 1772 4022 accepit
1819 3968 1955 4006 con-

292 4061 326 4087 ι(
358 4039 564 4112 jugem
597 4053 788 4106 suam,
820 4042 877 4094 et
903 4055 1018 4093 non
1049 4038 1436 4111 cognoscebat
1477 4054 1627 4093 eam.
1658 4061 1687 4089 υ
1719 4040 1957 4113 Accepit

286 4124 431 4185 eam
459 4127 531 4182 ad
566 4140 779 4183 nomen
810 4125 1100 4198 conjugis,
1134 4127 1208 4181 ob
1237 4143 1488 4183 causam:
1511 4143 1657 4199 quas
1689 4128 1954 4201 prmdixi-

288 4232 502 4285 mus,»
536 4221 597 4272 et
626 4233 739 4273 non
771 4215 1161 4288 cognoscebat
1190 4228 1342 4284 eam,
1362 4215 1436 4271 ad
1468 4231 1607 4288 opes
1625 4216 1952 4291 conjugale,

291 4306 383 4363 ob
411 4320 626 4361 arcana
655 4322 791 4379 quae
816 4303 1118 4361 didicerat.
1151 4304 1315 4370 Quod
1346 4305 1395 4361 si
1429 4304 1561 4378 quis
1591 4303 1727 4361 huic
1745 4312 1955 4364 nostrae

291 4394 647 4470 expositioni
679 4394 967 4451 obsistere
983 4399 1041 4450 et
1054 4394 1403 4451 contendere
1432 4394 1702 4467 voluerit,
1724 4394 1954 4453 beatam

297 4483 410 4541 Dei
430 4484 774 4557 genitricem
797 4496 1102 4555 nunquam
1113 4483 1377 4557 aJoseph
1401 4483 1708 4541 celebratis
1734 4485 1955 4559 nuptiis

2062 3328 2287 3384 Joanne
2297 3326 2675 3383 voracissima
2691 3324 2893 3381 testari
2908 3340 2921 3379 :
2938 3346 2965 3374 ‹‹
2982 3322 3087 3389 Qui
3110 3326 3243 3394 post
3259 3338 3365 3377 nos
3376 3320 3554 3390 venit,
3569 3323 3704 3376 ante

2062 3435 2173 3474 nos
2202 3418 2393 3473 factus
2423 3420 2512 3471 est
2553 3418 2738 3484 (Joan.
2773 3414 2835 3486 1).
2872 3436 2900 3463 ››
2933 3413 2993 3468 Id
3026 3416 3115 3468 est
3143 3415 3277 3484 post
3304 3425 3412 3467 nos
3469 3407 3709 3483 quidem

2062 3506 2126 3563 in
2157 3507 2379 3562 mundo
2408 3504 2663 3578 genitus,
2682 3504 2783 3560 sed
2815 3502 3022 3559 merito
3047 3500 3280 3556 virtutis
3311 3504 3370 3555 et
3400 3497 3716 3572 regni,Pri-

2068 3596 2401 3669 mogenitus
2428 3593 2695 3651 omnium
2729 3597 2995 3649 nostrum
3001 3592 3137 3662 jure
3157 3593 3247 3645 est
3265 3592 3523 3644 vocatus.
3540 3588 3647 3654 Qui
3661 3592 3718 3643 et

2065 3685 2126 3741 in
2156 3684 2288 3759 ipsa
2316 3683 2512 3739 divina
2543 3683 2849 3739 nativitate
2879 3698 2993 3737 non
3023 3679 3496 3735 inconvenienter
3526 3680 3718 3749 potest

2067 3770 2638 3847 primogenitusdici,
2654 3770 2793 3844 quia
2806 3768 3151 3844 priusquam
3164 3763 3719 3839 creaturam,gigne-

2064 3862 2468 3935 ret,aliquam,
2490 3866 2839 3918 coaeternum
2872 3859 2984 3915 sibi
3018 3858 3184 3913 Pater
3203 3856 3408 3929 genuit
3434 3853 3715 3910 Verbum.

2065 3952 2230 4008 Unde
2255 3952 2451 4024 ipsum
2474 3951 2752 4014 Verbum,
2772 3948 2898 4019 ipse
2919 3946 3119 4014 Filius,
3134 3944 3236 4001 Dei
3258 3942 3719 3999 videlicetvirtus

2066 4045 2123 4097 et
2145 4039 2454 4114 sapientia,
2468 4038 2759 4111 loquitur:
2778 4061 2805 4085 α
2823 4037 2940 4108 Ego
2957 4052 3027 4090 ex
3047 4051 3144 4090 ore
3169 4030 3715 4104 Altissimiprodivi,

2066 4128 2491 4203 primogenitae
2522 4129 2657 4182 ante
2688 4140 2923 4182 omnem
2945 4127 3271 4179 creaturam
3289 4122 3476 4189 (Eccti'.
3491 4122 3670 4187 xx1v).
3690 4141 3718 4169 »

2065 4214 2223 4277 Deus
2253 4218 2325 4273 de
2354 4217 2469 4273 Deo
2501 4220 2676 4271 natus
2704 4216 2917 4279 erat,et
2939 4212 2997 4267 in
3022 4228 3092 4267 ea
3120 4214 3431 4265 creatusex
3446 4208 3721 4264 humani-

2064 4311 2204 4376 tate,
2229 4322 2462 4362 omnem
2494 4304 2702 4359 merito
2732 4309 3060 4357 creaturam
3092 4298 3350 4371 praeibat.
3370 4297 3481 4351 «Et
3495 4294 3720 4349 vocavit

2066 4395 2322 4470 (inquit),
2339 4410 2550 4449 nomen
2568 4393 2696 4463 ejus
2717 4391 2941 4446 Jesum.
2962 4412 2983 4438 ι»
3001 4389 3031 4445 J
3038 4404 3175 4445 esus
3195 4385 3496 4452 Hebraiee,
3514 4383 3716 4439 Latine

2064 4482 2344 4543 salutaris
2392 4481 2509 4537 sive
2563 4480 2818 4536 salvator
2865 4477 3097 4534 dicitur.
3132 4478 3313 4549 Cujus
3352 4472 3715 4530 vocationem

296 4573 366 4628 in
400 4589 611 4630 nomen
644 4572 913 4646 conjugis
932 4576 1585 4646 assumptam,exponat
1607 4573 1957 4646 ipsemelius
1989 4587 2035 4652 ι)
2068 4574 2347 4639 nominis,
2382 4570 2684 4644 prophetis
2711 4568 2893 4642 liquet
2937 4584 3065 4624 esse
3108 4564 3521 4623 certissimam.
3556 4561 3720 4619 Unde

297 4662 464 4719 hunc
522 4662 705 4718 sancti
750 4660 1046 4736 Evangelii
1076 4660 1292 4727 locum,
1326 4662 1658 4735 pariterque
1688 4665 1960 4719 ostendat

298 4751 534 4809 licitum
580 4752 950 4825 fuisse-apud
981 4752 1217 4808 Judaeos
1247 4755 1311 4807 ut
1356 4768 1583 4823 sponsae
1634 4769 1751 4808 suae
1799 4753 1959 4825 quis-

298 4856 420 4915 que
460 4840 681 4897 carnali
713 4840 923 4914 copula
953 4840 1318 4906 misceretur,
1351 4844 1407 4896 et
1436 4857 1578 4896 sano
1617 4842 1746 4913 ejus
1794 4841 1960 4898 intel-

298 4930 481 4987 lectui
531 4929 779 4986 libenter
824 4930 1126 4998 cedimus;
1169 4933 1401 4985 tantum
1444 4947 1516 4986 ne
1546 4946 1683 5003 erga
1712 4935 1961 4987 matrem

298 5014 537 5076 Domini
585 5018 912 5091 quidquam
959 5023 1214 5093 gestum,
1246 5019 1398 5093 quod
1425 5016 1660 5092 publica
1688 5019 1962 5093 Opinione

300 5108 495 5182 possit
524 5106 845 5177 infamari,
897 5108 1227 5165 credamus.
1275 5108 1434 5173 Quod
1500 5124 1634 5163 vero
1700 5109 1961 5176 additur,

302 5197 570 5254 «Donec
620 5197 846 5271 peperit
893 5196 1080 5253 ﬁlium
1131 5214 1307 5254 suum
1376 5197 1875 5271 primogenitum,
1929 5221 1956 5248 »

305 5298 478 5345 nemo
522 5286 608 5343 ita
653 5284 1101 5360 intelligendum
1161 5290 1328 5360 putet
1365 5287 1536 5359 quasi
1586 5290 1721 5360 post
1751 5292 1958 5343 natum

309 5374 494 5432 ﬁlium
526 5392 658 5431 eam
691 5375 1043 5448 cognoverit,
1064 5379 1128 5431 ut
1157 5376 1401 5448 quidam
1435 5392 1700 5448 perverse
1723 5376 1963 5450 opinan-

310 5466 599 5522 tunScire
617 5456 776 5521 enim
802 5456 1180 5530 deb.stra
1210 5464 1544 5522 fraternitas
1575 5458 1966 5538 quiafuerunt

313 5553 565 5612 bal-stici
597 5553 699 5628 qui
730 5558 968 5628 propter
998 5552 1108 5610 hoc
1137 5555 1292 5627 quod
1316 5553 1539 5609 dictum
1558 5558 1665 5622 est,
1690 5578 1715 5604 ‹‹
1736 5572 1848 5610 non
1870 5572 1964 5610 co-

312 5638 633 5719 gnoscebat
664 5655 793 5702 eam
816 5643 1256 5719 donecpeperit
1289 5642 1476 5699 ﬁlium
1510 5661 1704 5712 suum,
1731 5672 1751 5687 ι·
1772 5644 1963 5699 crede-

2068 4668 2208 4719 sunt
2238 4661 2357 4726 illa,
2391 4678 2604 4734 magno
2648 4658 2889 4714 visionis
2938 4658 3066 4728 ejus
3119 4653 3406 4711 desiderio
3437 4654 3670 4708 cantata
3698 4666 3714 4705 :

2076 4774 2103 4803 «
2116 4752 2327 4807 Anima
2353 4754 2548 4806 autem
2575 4765 2705 4805 mea
2725 4744 3107 4803 exsultabitin
3122 4742 3391 4810 Domino,
3405 4745 3462 4819 et
3478 4739 3724 4796 delecta-

2070 4842 2232 4898 bitur
2260 4841 2320 4896 in
2353 4838 2595 4896 salutari
2611 4831 3408 4914 ejus(Psal.xxx1v).»Etitem
3430 4846 3485 4885 :u
3505 4826 3721 4884 Defeeit

2074 4931 2133 4987 in
2167 4930 2410 4988 salutari
2445 4934 2545 4985 tuo
2577 4927 2775 4983 anima
2806 4941 2937 4980 mea
2961 4924 3132 4992 (Psal.
3165 4919 3380 4991 cxvm).
3417 4940 3445 4967 ››
3476 4916 3716 4972 Etalibi:

2071 5043 2099 5070 ‹‹
2124 5024 2240 5093 Ego
2252 5022 2447 5075 autem
2462 5018 2520 5073 in
2535 5015 2783 5072 Domino
2794 5012 3110 5086 gloriabor,
3123 5008 3389 5083 gaudebo
3402 5008 3463 5062 in
3478 5005 3720 5062 Domino

2069 5110 2241 5166 Jesus
2272 5125 2402 5163 meo
2435 5104 2667 5175 (Habeo.
2687 5103 2797 5173 111).
2817 5103 2927 5157 »Εἰ
2958 5100 3210 5156 maxime
3238 5093 3721 5160 illud:«Deus,in

2068 5197 2304 5254 nomine
2332 5199 2434 5250 tuo
2465 5193 2692 5249 salvum
2720 5191 3099 5264 mefac(Psal.
3118 5189 3298 5261 1.111).»
3315 5188 3393 5243 Ac
3407 5186 3717 5243 sidiceret:

2070 5285 2339 5343 Nominis
2368 5282 2455 5339 tui
2488 5281 2760 5357 gloriam,
2796 5279 2896 5352 qui
2952 5278 3206 5335 salvator
3246 5275 3492 5342 vocaris,
3522 5274 3579 5328 in
3629 5288 3721 5328 me

2072 5374 2352 5433 salvando
2383 5370 2856 5445 glorifica.Jesus
2887 5384 3023 5441 ergo
3055 5384 3267 5422 nomen
3299 5362 3725 5434 estfilii,quiex

2070 5464 2295 5538 virgine
2324 5466 2499 5517 natus
2531 5462 2619 5517 est
2631 5457 2837 5532 angelo
2860 5452 3557 5529 exponente,significans
3569 5451 3725 5525 quod

2078 5555 2201 5627 ipse
2230 5552 2414 5608 salvet
2452 5549 2736 5623 populum
2795 5563 2970 5602 suum
3002 5563 3035 5600 a
3064 5544 3316 5618 peccatis
3360 5558 3582 5597 eorum.
3620 5538 3729 5606 Qui

2078 5647 2274 5698 autem
2309 5640 2492 5697 salvat
2521 5657 2554 5694 a
2582 5636 2858 5713 peccatis,
2890 5635 2948 5690 id
2979 5638 3069 5691 est
3110 5632 3311 5705 utique
3344 5649 3377 5687 a
3407 5628 3727 5701 corruptio-
