4070 6190
349 308 423 377 51

915 307 1326 372 HAYMONIS
1370 306 1919 371 HALBEBSTAT.
1965 305 2208 368 EPISC.
2257 308 2432 369 OPP.
2477 306 2680 370 PARS
2725 307 2803 369 II.
2830 340 2905 351 —
2933 305 3205 370 HOMIL.

3693 304 3774 369 52

354 440 1262 517 nibusmentiseteorporis,quae
1276 441 1347 498 ob
1363 446 1598 516 peccata
1610 441 1999 515 contigerunt,
2031 441 2088 509 Α
2116 440 2162 495 Α
2190 431 2353 497 nullo
2385 440 2497 497 alio
2524 441 2637 497 nisi
2672 459 2706 497 a
2734 439 2970 514 Joseph,
3005 437 3107 514 qui
3140 436 3394 497 maritali
3415 437 3657 497 licentia
3674 440 3773 498 fu-

359 533 631 592 salvabit.
665 532 934 590 Christus
962 549 1095 589 vero
1126 530 1474 589 vocabulum
1501 536 1591 589 est
1628 529 2008 588 sacerdotalis

357 623 447 681 vel
480 623 650 697 regiae
683 621 1008 697 dignitatis.
1042 621 1189 677 Nam
1220 626 1277 676 et
1306 622 1636 678 sacerdotes
1666 625 1724 676 et
1752 636 1918 692 reges
1948 619 2009 675 in

361 714 487 788 lege
513 731 547 769 a
575 712 910 779 chrismate,
942 711 1002 767 id
1033 716 1122 766 est
1153 711 1427 766 unctione
1457 710 1565 768 olei
1598 709 1787 765 sancti
1818 708 2011 781 appel-

362 803 638 859 labantur
666 800 901 868 Christi,
922 800 1320 873 signiﬁcantes
1350 816 1484 854 eum
1520 800 1619 871 qui
1641 816 1812 854 verus
1844 802 2011 854 rexet

365 891 623 965 pontifex
650 891 710 946 in
743 891 964 946 mundo
995 892 1636 962 apparens,unctusest
1665 888 2009 944 oleolaetitiae

363 999 479 1054 prae
511 980 898 1053 participibus
924 972 1069 1034 suis.
1101 983 1146 1032 A
1176 995 1292 1050 qua
1325 978 1613 1043 unctione,
1643 976 1700 1032 id
1733 982 1823 1033 est
1853 976 2011 1033 chri-

367 1072 573 1139 smate,
607 1070 733 1142 ipse
763 1069 1052 1135 Christus,
1087 1071 1144 1122 et
1172 1067 1438 1138 ejusdem
1470 1066 1784 1135 unctionis,
1818 1067 1873 1122 id
1925 1071 2014 1123 est

365 1160 564 1234 gratiis
597 1158 920 1232 spiritualis
952 1156 1286 1230 participes,
1311 1160 1451 1212 sunt
1480 1156 2010 1213 Christianivocati.

367 1248 473 1315 Qui
505 1265 608 1321 per
635 1248 692 1302 id
725 1248 877 1319 quod
914 1246 1171 1319 pontifex
1199 1249 1308 1311 est,
1333 1262 1439 1301 nos
1471 1245 1720 1301 salvaret
1748 1263 1782 1300 a
1811 1262 2011 1318 pecca-

368 1338 446 1393 tis
478 1354 492 1393 :
526 1354 628 1410 per
654 1336 711 1392 id
743 1336 897 1409 quod
928 1335 1185 1407 pontifex
1213 1339 1445 1402 est,nos
1474 1335 1875 1391 reconciliaret
1897 1336 2012 1390 Deo

369 1426 538 1483 Patri.
577 1426 684 1482 Per
730 1426 787 1481 id
840 1426 995 1497 quod
1027 1440 1128 1480 rex
1173 1427 1282 1492 est,
1317 1440 1562 1496 regnum
1621 1423 1790 1479 nobis
1830 1424 2013 1496 patris

366 1515 709 1589 dignaretur
739 1518 1040 1571 internum.

444 1604 710 1660 «Christi
741 1609 937 1660 autem
960 1602 1253 1676 generatio
1285 1603 1369 1657 sic
1399 1606 1543 1658 erat.
1562 1604 1890 1670 nQuzeritur
1909 1621 2015 1661 cur

369 1712 485 1751 non
517 1695 616 1760 ait,
650 1694 791 1750 Jesu
823 1692 1061 1760 Christi,
1097 1693 1197 1747 sed
1249 1690 1618 1748 solummodo
1651 1716 1679 1743 ‹‹
1715 1692 2027 1766 Οἱη-ἰεῑὶῆ»

370 1784 525 1856 quod
559 1782 764 1855 angelo
805 1799 939 1837 mox
988 1781 1214 1837 dicturo
1261 1781 1527 1837 servavit.
1564 1804 1591 1833 ‹‹
1623 1782 1950 1849 Generatio,
1986 1807 2013 1831 υ

369 1872 497 1944 ipse
527 1871 797 1927 Christus
827 1872 885 1926 in
921 1887 1094 1926 carne
1125 1872 1548 1943 generatus.Ac
1563 1871 1610 1926 si
1644 1871 1888 1927 diceret:
1912 1872 2016 1928 Ge-

372 1960 616 2026 neratio,
649 1977 779 2032 quae
798 1964 890 2016 est
936 1959 1226 2027 Christus,
1259 1958 1343 2014 sic
1386 1963 1532 2026 erat,
1566 1959 1773 2015 bifaria
1820 1960 2016 2033 expla-

372 2050 656 2116 nandum,
688 2048 773 2104 vel
808 2050 879 2104 ad
907 2050 1162 2105 decursaa
1188 2048 1539 2121 genealogis:
1569 2048 2014 2117 locum,ubiait:

370 2138 549 2194 Jacob
578 2139 780 2211 genuit
808 2138 1022 2211 Joseph
1056 2137 1245 2193 virum
1272 2136 1572 2205 Marize,de
1597 2155 1712 2210 qua
1743 2142 2018 2195 natusest

368 2227 541 2284 Jesus
573 2227 673 2300 qui
705 2230 945 2283 vocatur
964 2226 1251 2282 Christus.
1267 2226 1482 2281 Omnes
1504 2226 1682 2298 igitur
1697 2228 2017 2299 generatio-

371 2333 474 2372 nes
505 2317 580 2371 ab
607 2314 903 2371 Abraham
934 2332 1120 2387 usque
1150 2314 1222 2369 ad
1244 2314 1864 2388 David,generationes
1878 2334 2016 2389 qua-

369 2404 714 2461 tuordecim.
747 2405 816 2460 Et
835 2422 869 2458 a
899 2404 1077 2459 David
1111 2420 1296 2476 usque
1327 2405 1398 2459 ad
1437 2404 2013 2477 transmigrationem

370 2493 696 2567 Babylonis,
730 2493 1136 2566 generationes
1166 2493 1629 2565 quatuordecim.
1662 2495 1731 2549 Et
1760 2511 1793 2549 a
1823 2498 2013 2551 trans-

367 2582 713 2655 migratione
734 2581 1045 2655 Babylonis
1059 2599 1245 2655 usque
1266 2582 1337 2637 ad
1353 2580 1671 2650 Christum,
1688 2583 2028 2656 generatio-'

367 2688 471 2728 nes
502 2671 969 2744 quatuordecim.

434 2783 462 2811 «
496 2760 711 2816 Christi
744 2765 939 2817 autem
965 2760 1260 2834 generatio
1292 2761 1377 2815 sic
1409 2759 1713 2816 erat.Cum
1745 2765 1899 2817 esset
1913 2761 2013 2817 de-

364 2873 391 2900 ‹‹
407 2854 687 2922 sponsata
707 2854 896 2905 mater
915 2849 1051 2905 Jesu
1072 2850 1256 2905 Maria
1274 2849 1513 2922 Joseph,
1527 2854 1637 2905 etc.
1655 2872 1682 2899 »
1699 2850 1792 2906 Sic
1814 2855 2009 2906 autem

363 2943 489 2994 erat
519 2938 734 2994 Christi
765 2937 1154 3012 generatio,id
1187 2943 1277 2993 est
1306 2938 1390 2993 sic
1421 2939 1492 2993 ad
1528 2938 1825 2994 Christum
1844 2940 2013 3011 perti-

364 3032 463 3083 net
492 3027 615 3084 hzec
643 3026 1004 3100 genealogia.
1037 3049 1064 3077 ‹‹
1091 3027 1236 3082 Cum
1261 3029 1417 3083 esset
1448 3028 1818 3099 desponsata.
1844 3051 1871 3079 ››
1909 3029 2011 3086 His

280 3149 303 3158 -
361 3115 556 3172 causis
586 3133 703 3171 non
734 3117 805 3171 de
839 3114 1092 3188 simplici
1129 3115 1372 3189 virgine,
1407 3117 1508 3172 sed
1542 3117 1611 3172 de
1657 3119 2012 3190 desponsata

2122 533 2264 586 turaa
2298 529 2496 586 uxoris
2525 530 2725 586 omnia
2746 536 3004 587 noverat.
3022 522 3126 586 llic
3148 531 3434 586 Mathaeus
3456 531 3773 604 prmtermi-

2120 618 2197 674 sit
2220 618 2406 674 multa
2436 622 2564 691 q'uze
2595 619 2782 674 Lucas
2816 618 3093 686 narravit,
3127 618 3328 675 dicens
3352 635 3365 673 :
3389 642 3417 670 ‹‹
3451 621 3513 676 In
3546 636 3771 689 mense,

2121 708 2335 780 inquit,
2370 713 2551 777 sexto,
2585 707 2805 764 missus
2835 712 2925 764 est
2953 708 3187 764 Gabriel
3225 708 3471 782 angelus
3496 727 3531 765 a
3560 709 3677 765 Deo
3709 710 3770 765 in

2122 797 2413 854 civitatem
2440 797 2707 864 Galilaeaa,
2738 796 2831 853 cui
2874 814 3086 853 nomen
3137 796 3441 869 Nazareth,
3474 799 3546 853 ad
3593 799 3770 873 virgi-

2122 904 2254 942 nem
2289 887 2702 960 desponsatam
2736 886 2877 954 viro,
2912 886 3004 942 cui
3036 903 3248 943 nomen
3281 890 3405 942 erat
3430 887 3670 960 Joseph,
3700 888 3773 944 de

2122 977 2295 1032 domo
2329 976 2525 1043 David,
2545 980 2603 1032 et
2632 993 2844 1032 nomen
2876 976 3120 1049 virginis
3151 976 3439 1032 Maria.Et
3466 975 3774 1049 ingressus

2122 1065 2367 1140 angelus
2398 1066 2468 1122 ad
2501 1082 2652 1135 eam,
2687 1065 2831 1120 dixit
2863 1082 2876 1119 :
2911 1066 3251 1139 Ave,gratia
3280 1064 3472 1138 plena,
3488 1065 3774 1122 Dominus

2123 1159 2509 1223 tecum,ete.»
2540 1155 2831 1210 Nimirum
2863 1155 3019 1210 enim
3052 1155 3125 1210 ad
3156 1154 3213 1210 id
3249 1171 3435 1227 usque
3466 1155 3537 1210 ad
3569 1171 3776 1228 genea-

2121 1244 2334 1319 logiam
2367 1244 2707 1315 deduxit,ut
2728 1244 2997 1313 disceret,
3016 1243 3232 1317 Joseph
3261 1243 3454 1299 virum
3486 1242 3680 1299 Maria:
3701 1243 3773 1300 de

2123 1351 2240 1408 qua
2270 1338 2444 1390 natus
2475 1339 2631 1390 esset
2660 1334 2949 1390 Christus.
2980 1334 3046 1389 Et
3076 1334 3205 1390 ideo
3245 1338 3590 1406 conceptum
3620 1335 3769 1405 ejus,

2124 1440 2299 1496 quem
2329 1424 2787 1492 transcenderat,
2804 1424 2970 1479 Lucae
3001 1424 3359 1480 narrandum
3391 1423 3646 1495 reliquit.
3663 1424 3772 1479 «In

2124 1517 2354 1569 utero.»
2370 1514 2496 1569 Non
2528 1513 2587 1568 in
2622 1518 2854 1568 uterum
2885 1513 3273 1585 accipiens,id
3296 1517 3386 1569 est
3406 1530 3520 1569 non
3535 1512 3772 1569 aliunde

2124 1602 2567 1674 acceptum,sed
2591 1601 2835 1657 interius
2862 1601 3127 1658 veniente
3156 1601 3375 1674 Spiritu
3399 1601 3773 1658 sanctohahi-

2123 1694 2273 1757 tum,
2307 1696 2374 1745 ut
2406 1690 2549 1746 illud
2576 1707 2589 1745 :
2627 1690 2868 1746 Femina
2897 1690 3287 1746 circumdabit
3314 1691 3527 1747 virum.

2199 1800 2226 1827 α
2259 1778 2339 1833 De
2372 1778 2581 1850 spiritu
2616 1782 2839 1833 sancto.
2875 1801 2905 1827 ››
2935 1778 3245 1845 Quaeritur,
3267 1779 3317 1834 si
3347 1778 3583 1835 inventa
3619 1783 3709 1836 est
3738 1796 3773 1835 a

2121 1866 2337 1939 Joseph
2368 1866 2592 1922 habens
2620 1867 2691 1921 de
2722 1867 2945 1939 Spiritu
2978 1871 3321 1935 sancto,cur
3342 1867 3772 1925 dimittereeam

2123 1955 2342 2012 voluit?
2375 1956 2507 2010 Ideo
2538 1954 2778 2023 scilicet,
2804 1956 2943 2027 quia
2973 1973 3077 2012 nec
3108 1961 3300 2013 totum
3331 1957 3515 2029 scivit,
3547 1975 3649 2013 nec
3679 1962 3770 2014 to-

2125 2049 2251 2100 tum
2281 2044 2588 2117 ignoravit.
2623 2044 2870 2100 Noverat
2899 2045 2958 2099 in
2990 2049 3154 2101 utero
3194 2045 3528 2112 habentem,
3560 2063 3675 2101 non
3698 2047 3773 2103 de

2126 2133 2345 2189 carnali
2377 2133 2712 2201 concubitu,
2734 2134 2835 2189 scd
2866 2133 3115 2206 spiritali
3146 2133 3376 2191 virtute.
3405 2135 3485 2191 De
3505 2152 3620 2208 quo
3639 2151 3774 2190 vero

2125 2223 2345 2296 Spiritu
2378 2223 2711 2294 conceperit
2730 2223 3059 2295 ignorabat,
3075 2224 3232 2295 quod
3256 2224 3306 2280 ei
3329 2223 3588 2299 aperitur
3603 2224 3774 2296 quasi

2125 2312 2404 2367 nescienti
2439 2336 2464 2361 «
2499 2312 2570 2367 de
2601 2311 2843 2383 Spiritu.
2876 2334 2903 2361 ››
2934 2313 3075 2367 dum
3110 2313 3357 2382 inducit,
3373 2337 3399 2362 ‹‹
3433 2320 3700 2379 sancto,»
3717 2317 3779 2369 et

2125 2399 2372 2473 reliqua.
2408 2401 2552 2457 Item
2581 2401 2864 2472 quaeritur
2902 2418 3009 2456 cur
3056 2402 3369 2458 Mattheus
3413 2402 3776 2476 anticipavit,

2124 2492 2277 2563 quod
2309 2508 2441 2546 mox
2471 2489 2714 2562 angelus
2745 2490 3009 2545 dicturus
3040 2497 3165 2547 erat
3197 2508 3210 2547 :
3244 2508 3348 2564 pro
3379 2491 3625 2565 spiritali
3656 2492 3775 2547 fer-

2122 2596 2274 2645 vore,
2304 2583 2360 2634 et
2386 2596 2457 2634 ne
2487 2578 2721 2635 lectoris
2753 2578 2985 2635 animus
3017 2580 3394 2652 paucissimis
3436 2580 3570 2637 licet
3599 2579 3774 2637 lineis

2123 2668 2436 2737 dubitaret,
2470 2672 2525 2723 et
2558 2671 2620 2723 ut
2650 2666 2710 2723 in
2742 2685 2840 2724 ore
2870 2669 3121 2725 duorum
3168 2668 3259 2725 vel
3304 2670 3485 2725 trium
3530 2668 3773 2725 testium

2122 2761 2235 2813 stet
2265 2774 2437 2813 omne
2466 2757 2709 2812 verbum
2746 2758 2920 2827 (Deut.
2954 2776 3046 2825 xv,
3080 2758 3160 2815 111
3186 2759 3306 2815 Cor.
3338 2759 3483 2831 x111).

2194 2870 2222 2896 «
2245 2846 2461 2919 Joseph
2493 2846 2581 2900 vir
2610 2847 2758 2919 ejus.
2780 2869 2806 2895 ››
2838 2850 2901 2901 In
2937 2847 3250 2920 scripturis
3276 2865 3511 2919 sponsae
3541 2865 3778 2917 uxores,

2122 2941 2178 2992 et
2208 2935 2408 3008 sponsi
2441 2935 2547 2990 viri
2578 2936 2664 2990 vel
2698 2952 2891 2992 mares
2924 2936 3219 2992 dicuntur.
3254 2960 3282 2987 ‹‹
3321 2937 3469 2992 Cum
3502 2939 3781 3009 essetju-

2121 3031 2314 3081 stus.»
2341 3025 2483 3080 Cum
2518 3024 2733 3080 conscii
2762 3025 3348 3091 criminum,obnoxii
3381 3025 3499 3083 sint
3524 3025 3771 3098 peccati,

2120 3131 2225 3169 cur
2243 3114 2457 3186 Joseph
2490 3131 2625 3169 cum
2652 3113 2873 3169 crimen
2906 3113 3072 3185 celet,
3080 3116 3104 3187 j
3116 3120 3283 3172 ustus
3302 3116 3582 3172 vocatur?
3607 3117 3669 3171 Id
3684 3119 3779 3172 est

359 3209 534 3261 natus
563 3209 654 3260 est
682 3204 946 3261 Christus
981 3221 994 3260 :
1030 3205 1113 3260 Ne
1137 3222 1240 3278 per
1262 3204 1561 3270 feminam,
1593 3207 1690 3262 sed
1707 3207 2008 3279 pervirum
2042 3190 2083 3255 C
2122 3208 2187 3257 ut
2212 3203 2486 3258 idoneum
2516 3204 3082 3274 cjus'testimonium
3129 3205 3516 3260 commendet.
3551 3211 3616 3260 In
3647 3204 3773 3277 ple-

348 3295 519 3366 juxta
546 3311 771 3351 morem
803 3293 1118 3366 Scriptura;
1138 3293 1480 3366 genealogia
1499 3299 1812 3363 texerctur;
1840 3313 1910 3351 ne
1932 3295 2013 3352 1a-

355 3382 658 3453 pidaretur
686 3398 721 3437 a
747 3382 967 3437 Judmis
999 3385 1063 3436 ut
1085 3381 1370 3436 adultera.
1406 3381 1478 3437 Ut
1501 3381 1559 3435 in
1588 3383 1898 3455 Egyptum
1921 3384 2009 3438 fu-

357 3469 545 3543 giens,
562 3470 801 3525 haberet
818 3469 924 3524 viri
946 3468 1253 3536 solatium;
1282 3474 1562 3541 utpartus
1584 3471 2012 3540 cjuscelaretur

358 3557 610 3628 diabolo,
641 3559 784 3613 dum
818 3561 985 3630 putat
1013 3574 1128 3613 non
1161 3559 1230 3613 de
1285 3557 1529 3632 virgine,
1560 3560 1661 3615 sed
1714 3561 1783 3616 de
1834 3578 2010 3618 uxore

362 3646 742 3721 genitum.Ne
770 3651 1063 3703 temeratae
1094 3646 1338 3720 virginis
1356 3649 1705 3705 adureretur
1733 3649 2005 3707 infamia:

362 3735 573 3793 maluit
619 3735 776 3792 enim
809 3736 1094 3791 Dominus
1127 3735 1358 3809 aliquos
1388 3738 1460 3792 de
1492 3754 1598 3794 suo
1632 3739 1826 3811 potius
1855 3744 2033 3807 ortu,-

362 3841 542 3897 quam
573 3826 644 3880 de
676 3824 880 3881 matris
910 3825 1131 3896 pudore
1164 3825 1547 3881 dubitare.Ne
1577 3827 1899 3901 virginibus
1916 3845 2008 3885 ve-

361 3913 556 3969 lamen
587 3912 983 3969 excusationis
1014 3914 1197 3980 ﬁeret,
1231 3913 1385 3985 quod
1416 3913 1702 3971 infamata
1732 3916 2010 3972 sitmater

361 4000 617 4056 Domini.
635 4000 949 4057 Nedicente
970 4001 1218 4057 Domino
1240 4018 1252 4055 :
1271 4002 1394 4057 Non
1417 4002 1546 4058 veni
1562 4004 2003 4078 solverelegem,

360 4089 461 4145 sed
475 4089 813 4163 adimplere,
829 4089 985 4146 ullus
998 4091 1290 4160 objieeret,
1308 4092 1462 4163 quod
1479 4108 1613 4147 cum
1631 4091 1776 4166 legis
1790 4094 2009 4165 injuria

362 4181 536 4233 natus
567 4177 664 4234 sit.
682 4177 934 4235 Uttestis
957 4180 1198 4251 pudoris
1224 4179 1471 4235 maritus
1492 4180 1887 4249 adhiberetur,
1904 4183 2006 4255 qui

361 4270 561 4338 posset
585 4266 777 4323 delere
807 4265 1168 4323 etvindicare
1183 4268 1585 4339 opprobrium,
1608 4270 1654 4324 si
1672 4286 1784 4325 non
1802 4287 2008 4342 agnos-

360 4360 516 4411 ceret
561 4361 1018 4412 sacramentum.
1070 4356 1152 4411 Ne
1196 4357 1491 4412 videretur
1540 4358 1723 4413 Maria
1769 4360 2004 4431 culpam

358 4444 708 4525 obumbrare
733 4444 1066 4500 mendacio:
1100 4462 1339 4501 causam
1373 4446 1528 4501 enim
1563 4447 1883 4502 mentiendi
1913 4450 2008 4503 dc-

2120 3290 2320 3365 risque
2347 3292 2719 3365 exemplariis
2751 3293 3007 3361 additur,
3023 3310 3157 3348 cum
3174 3297 3329 3350 esset
3359 3294 3772 3366 homojustus,

2121 3384 2183 3435 ut
2213 3381 2482 3436 ostendat
2514 3383 2840 3437 secundum
2886 3382 3205 3438 humanam
3232 3383 3524 3453 justitiam
3551 3383 3773 3455 Joseph

2111 3469 2344 3539 justum
2378 3469 2581 3529 fuisse.
2615 3470 2753 3541 quia
2782 3470 3218 3542 comparatione
3239 3471 3485 3541 justitiaa
3517 3472 3639 3539 Dei,
3662 3489 3772 3544 pro

2121 3557 2304 3613 nihilo
2337 3558 2587 3613 ducitur.
2625 3559 2692 3613 Et
2722 3559 2852 3614 ideo
2884 3564 3036 3615 recte
3086 3560 3353 3630 sequitur
3385 3577 3398 3615 :
3438 3581 3464 3612 α
3490 3561 3559 3616 Et
3590 3559 3776 3617 nollet

2117 3662 2269 3702 eam.
2298 3670 2325 3697 ››
2357 3648 2481 3702 Non
2514 3646 2704 3702 solum
2737 3647 2903 3713 celat,
2937 3649 3037 3704 sed
3070 3665 3175 3704 nec
3206 3650 3384 3706 audet
3433 3649 3775 3723 contingere

2120 3735 2402 3807 templum
2418 3736 2694 3791 dominici
2708 3737 2989 3809 corporis,
3006 3737 3614 3809 rectejustusjustitie
3632 3744 3775 3793 tem-

2116 3823 2282 3896 plum
2313 3841 2428 3880 non
2461 3825 2803 3896 corrumpit.
2839 3849 2865 3875 «
2892 3826 3243 3882 Traducere.
3277 3847 3306 3876 »
3340 3829 3419 3882 Ae
3449 3827 3498 3883 si
3530 3826 3768 3883 diceret:

2117 3912 2306 3969 Nollet
2331 3914 2553 3989 ducere
2575 3931 2874 3985 sponsam,
2909 3931 3087 3986 quam
3118 3915 3454 3987 suspicatus
3504 3919 3594 3971 est
3640 3931 3773 3975 esse

2116 4002 2442 4058 adulteram
2497 4006 2611 4057 Aut
2642 4003 2812 4058 aliter
2843 4020 2855 4058 :
2887 4002 3005 4059 sive
3047 4004 3353 4060 traducere
3393 4005 3464 4059 ad
3511 4021 3773 4076 poenam,

2116 4108 2293 4163 quam
2327 4091 2547 4146 sciebat
2579 4108 2689 4147 non
2723 4092 2795 4146 ab
2809 4092 3772 4165 homineconcepisse.Traductio-

2116 4179 2375 4235 nisenim
2406 4180 3139 4252 verbum,saepiusinmala
3161 4181 3413 4253 quamin
3441 4181 3773 4253 bonaparte

2114 4269 2425 4324 invenitur.
2452 4269 2614 4331 Quod
2648 4268 2826 4323 etiam
2858 4271 3091 4325 Gracus
3124 4271 3237 4325 nod
3269 4271 3524 4329 absurde
3573 4287 3767 4327 sermo

2113 4357 2410 4430 signiﬁcat
2437 4364 2893 4429 παραδειγματῐσαι,
2928 4357 2983 4411 id
3018 4361 3106 4413 est
3139 4357 3465 4431 propalare,
3500 4359 3654 4431 quod
3674 4362 3769 4416 est

2114 4445 2307 4517 palam
2342 4446 2624 4512 facere,et
2646 4445 3148 4507 omnibusnotum
3179 4448 3363 4503 facere
3393 4451 3763 4520 conceptum.

358 4537 638 4603 sponsata
668 4549 783 4588 non
812 4533 1039 4601 habuit,
1076 4551 1208 4589 cum
1242 4534 1540 4607 conjungii
1574 4536 1863 4606 premium
1882 4554 2005 4609 par—
2040 4557 2082 4621 ι)
2115 4557 2141 4584 ‹‹
2178 4532 2573 4589 Occulte.»Ne
2605 4539 2707 4589 aut
2738 4534 2986 4590 dimissa
3006 4553 3185 4592 uxore
3224 4536 3543 4602 sua,alieni
3574 4536 3766 4593 coitus

358 4625 455 4676 tus
487 4620 563 4675 sit
594 4620 968 4677 feminarum.
1001 4623 1084 4678 Ne
1115 4623 1320 4677 Herodi
1355 4627 1412 4677 et
1438 4622 1656 4678 Judzeis
1687 4627 2003 4681 excusandi

359 4708 715 4789 praeberetur
744 4709 992 4776 occasio,
1008 4710 1164 4782 quod
1196 4714 1401 4765 natum
1423 4727 1492 4766 ex
1513 4711 1799 4769 adulterio
1816 4731 2007 4785 perse-

359 4801 696 4869 querentur.
711 4797 783 4852 Ut
804 4796 1077 4854 ﬁdelibus
1107 4798 1435 4872 eonjugatis
1466 4816 1533 4854 ex
1562 4799 1686 4870 pari
1718 4818 2004 4864 consensu

359 4884 717 4940 continentia
732 4886 1145 4944 insinuaretur.
1163 4887 1234 4943 Ut
1250 4887 1361 4942 nisi
1380 4888 1836 4959 pravaricationi
1850 4896 2005 4946 esset

359 4973 1155 5043 obnoxia,qualiterhumana
1167 4975 1473 5051 progenies
1487 4976 1859 5049 multiplicari
1876 4979 2002 5037 sine

358 5060 717 5133 virginitatis
743 5063 1092 5120 detrimento
1131 5066 1439 5138 potuisset,
1475 5066 1998 5125 demonstraretur.

364 5171 405 5229 «_
425 5155 802 5222 Desponsata,
826 5151 922 5207 nid
954 5158 1043 5208 est
1072 5155 1333 5211 nondum
1349 5159 1550 5228 nupta.
1568 5179 1593 5205 «
1614 5156 1953 5229 Matcrejus.
1976 5182 2000 5208 η

360 5226 544 5295 Mater
571 5240 720 5310 ejus,
755 5240 967 5312 inquit,
1000 5260 1115 5297 non
1147 5260 1292 5299 uxor
1321 5226 1556 5317 Joseph.
1588 5246 1650 5301 In
1681 5226 2003 5318 ipsajanua

357 5327 666 5384 amborum
698 5335 997 5401 ponuntur
1028 5332 1287 5398 nomina,
1307 5350 1432 5405 quae
1456 5334 1621 5391 factis
1644 5341 1995 5407 congruunt.

355 5438 383 5465 α
416 5417 745 5490 Antequam
792 5420 1185 5476 convenirent.
1223 5443 1250 5469 ››
1284 5421 1616 5478 Proximum
1658 5425 1996 5497 nuptiarum

352 5509 587 5577 tempus
613 5508 885 5577 ostendit,
904 5527 1016 5565 non
1043 5511 1198 5582 quod
1211 5516 1553 5582 sequeretur
1576 5519 1635 5565 ut
1656 5519 1855 5583 postea
1869 5533 1999 5571 eon-

352 5594 636 5664 venirent,
670 5595 822 5653 sicut
853 5597 958 5654 hoc
990 5599 1129 5655 dicit
1159 5598 1473 5666 Helvidius,
1510 5624 1535 5650 «
1569 5607 1805 5659 Inventa
1836 5610 1943 5660 est.
1971 5630 1994 5653 ι)

2116 4626 2338 4677 reatum
2371 4638 2547 4694 super
2571 4638 2699 4678 eam
2734 4623 3058 4690 induceret,
3092 4628 3194 4679 aut
3225 4623 3471 4681 liberata
3500 4624 3765 4697 seipsum

2116 4711 2280 4783 quasi
2315 4710 2584 4766 adulterii
2612 4712 2978 4768 innocentem
2995 4712 3637 4770 liberaret.EcceAdam
3655 4729 3768 4773 cm.-

2114 4800 2280 4855 lestis
2300 4816 2445 4855 nova
2471 4801 2711 4872 opponit
2729 4801 3040 4857 veteribus.
3058 4800 3241 4856 Priori
3259 4802 3402 4871 vice,
3419 4819 3487 4859 ex
3503 4802 3627 4859 solo
3641 4802 3764 4859 viro

2112 4892 2331 4947 femina
2362 4892 2513 4946 facta
2541 4896 2629 4947 est
2659 4892 2783 4947 sine
2816 4895 3001 4947 matre
3027 4910 3040 4958 ;
3076 4893 3337 4948 secunda
3365 4910 3520 4960 vero,
3553 4892 3641 4947 vir
3691 4910 3763 4949 ex

2112 4981 2237 5036 sola
2267 4979 2511 5036 muliere
2535 4985 2708 5036 natus
2731 4985 2820 5036 est
2837 4979 2962 5035 sine
2984 4979 3203 5036 carnali
3231 4981 3502 5052 patre.Ex
3520 4981 3754 5040 feminis

2111 5070 2306 5126 decuit
2338 5087 2485 5125 nova
2514 5068 2854 5140 redemptio,
2882 5085 2915 5125 a
2935 5068 3154 5139 quibus
3187 5071 3487 5142 praecessit
3516 5070 3763 5145 antiqua

2111 5159 2527 5232 prmvarieatio.
2562 5159 2852 5213 Terrenus
2880 5158 3067 5214 Adam
3118 5159 3188 5214 de
3237 5158 3574 5231 incorrupta
3603 5164 3762 5217 terra

2110 5249 2396 5304 formatus
2427 5252 2533 5313 est,
2568 5245 2863 5302 secundus
2891 5248 3076 5303 Adam
3106 5248 3177 5304 de
3208 5247 3549 5321 incorrupta
3586 5264 3758 5305 carne

2106 5337 2348 5409 virginis
2380 5333 2570 5390 Maria:
2604 5334 2650 5405 (Ι
2679 5333 2799 5389 Cor.
2833 5336 2948 5407 xv).

2181 5448 2207 5475 ‹‹
2241 5426 2371 5480 Haec
2402 5427 2596 5477 autem
2629 5438 2696 5477 eo
2726 5423 3187 5498 cogitante‘e
3201 5423 3446 5495 angelus
3462 5425 3710 5483 Domini.
3728 5449 3757 5487 υ

2108 5515 2263 5570 Bono
2292 5512 2414 5565 viro
2446 5512 2502 5565 et
2524 5510 2709 5581 justo,
2732 5512 2883 5567 bona
2911 5515 2969 5565 et
2993 5512 3156 5582 justa
3188 5510 3464 5582 cogitanti
3499 5512 3759 5577 bonuset

2099 5606 2300 5675 justus
2332 5604 2570 5671 apparet
2602 5598 3395 5672 nuntius.ldeoqueadditur,
3418 5601 3754 5685 «Dominis?
