4018 6180
257 341 343 401 ’57
1042 338 1049 345 °
1484 333 1840 398 summa
1883 333 1987 397 DE
2010 335 2427 399 TEMPORE.
2652 292 2665 295 _
3574 326 3661 407 ss
3726 392 3733 395 .

255 471 418 530 -valde
447 470 604 527 bona
629 466 776 539 (Gen.
810 468 871 539 ι).
908 490 937 518 ››
966 467 1130 533 Quod
1162 483 1296 524 vero
1327 468 1594 541 quaedam
1628 472 1892 527 creatura
1920 470 1977 537 Α
2007 469 2111 543 qui
2143 466 2518 527 rationabiles
2546 470 2704 525 sunt.
2740 464 2899 524 Licet
2926 482 3183 539 namque
3198 464 3407 524 bestia
3431 464 3651 535 vivant,

266 560 407 619 mala
436 574 567 615 esse
596 559 840 626 videtur,
876 560 1113 631 propter
1143 561 1447 630 peceatum
1479 557 1736 615 hominis
1766 575 1899 616 con-

248 650 402 724 .tigit,
418 649 571 718 sicut
593 664 693 721 per
722 648 1038 720 quemdam
1064 647 1391 719 sapientem
1411 647 1657 704 dicitur:
1685 649 1899 708 Bestia-

263 756 385 797 rum
415 739 639 803 dentes,
672 736 885 809 scorpii
915 740 971 792 et
999 740 1324 808 serpentes,
1356 736 1554 795 omnia
1582 737 1640 792 in
1672 737 1897 793 vindic-

248 835 371 885 tam
401 832 593 883 creata
621 830 779 882 sunt.
814 827 959 881 Nam
990 830 1316 899 peccatum,
1351 827 1491 899 quia
1536 827 1897 884 subsistendi

248 922 517 974 naturam
550 933 666 972 non
697 916 895 982 habet,
928 932 1043 972 non
1075 921 1165 971 est
1194 933 1228 972 a
1257 917 1374 973 Deo
1411 922 1697 984 creatum,
1731 919 1832 974 sed
1864 935 1899 973 a

249 1005 476 1062 'diabolo
504 1004 831 1071 inventum,
865 1008 924 1060 et
966 1004 1095 1061 ideo
1140 1005 1286 1061 nihil
1326 1010 1454 1075 est;
1502 1011 1559 1062 et
1608 1006 1897 1079 quidquid

260 1110 365 1151 non
394 1093 691 1160 subsistit,
721 1093 869 1149 nihil
898 1097 1011 1161 est,
1045 1093 1198 1151 sicut
1244 1096 1315 1151 de
1343 1096 1575 1152 cultura
1605 1096 1897 1153 idolorum

260 1182 557 1257 Apostolus
590 1182 779 1239 dicit:
814 1206 843 1233 «
886 1183 1120 1241 Scimus
1163 1184 1301 1256 quia
1346 1185 1493 1240 nihil
1536 1190 1629 1241 est
1675 1185 1896 1242 idolum

261 1275 304 1346 (1
328 1274 441 1329 Car.
484 1272 632 1343 vui).
670 1295 697 1322 ››
728 1273 985 1328 Fuerunt
1033 1276 1091 1327 et
1119 1273 1213 1329 alii
1247 1274 1500 1330 haeretici
1534 1274 1657 1347 qui,
1691 1276 1898 1332 divinis

242 1367 463 1418 natura:
494 1361 894 1419 substantiam
928 1362 1208 1419 subtilius
1239 1378 1416 1436 quam
1446 1365 1725 1422 deberent
1746 1382 1901 1438 pers-

258 1453 559 1517 crutantes,
576 1449 951 1522 unigenitum
965 1450 1174 1507 Filium
1188 1452 1287 1508 Dei
1306 1452 1366 1508 in
1380 1452 1700 1509 divinitatis
1714 1455 1902 1511 forma
1944 1442 1947 1445 ’

257 1558 287 1595 a
311 1540 419 1596 Deo
448 1538 671 1595 £actum
706 1544 764 1595 et
793 1556 911 1595 non
930 1557 970 1595 a
988 1541 1155 1597 Patre
1174 1542 1437 1598 dicerent
1457 1543 1902 1616 genitum,sicut

243 1628 561 1697 'fuitArius,
576 1633 645 1683 ut
660 1645 765 1701 per
779 1629 887 1685 hoc
907 1646 1042 1686 eum
1063 1630 1345 1687 minorem
1364 1633 1533 1689 Patre
1549 1637 1907 1705 assererent,‘

242 1719 393 1792 quod
428 1735 545 1773 non
584 1735 656 1773 ex
683 1718 800 1774 Deo
829 1719 1232 1792 genitum,sed
1254 1738 1290 1775 a
1312 1721 1428 1777 Deo
1456 1722 1675 1779 factum
1696 1722 1901 1796 praedi-

2004 564 2203 616 tamen
2235 576 2351 615 non
2382 557 2813 623 illuminantur,
2841 562 2908 614 ut
2936 557 3168 631 possint
3216 556 3566 630 sapientiam
3598 561 3655 614 et

2005 649 2371 706 intellectum
2431 653 2607 720 atque
2662 647 2934 720 spiritum
2992 645 3360 703 discretionis
3416 646 3651 703 habere.

2005 738 2367 802 Quibusdam
2400 738 2558 793 enim
2589 735 2871 795 creaturis
2901 736 3108 792 tribuit
3135 736 3657 804 esse,vivere,.sen-

2006 827 2114 883 tire
2144 833 2202 883 et
2232 845 2346 884 non
2392 827 2743 893 discernere,
2776 830 2841 882 ut
2887 826 3248 882 animalibus
3276 843 3290 893 ;
3322 824 3456 881 aliis
3503 841 3652 893 esse,

2005 917 2213 982 vivere,
2247 917 2346 973 sed
2379 934 2496 972 non
2536 916 2773 981 sentire,
2819 920 2883 970 ut
2928 914 3277 982 arboribus;
3311 914 3446 970 aliis
3477 914 3655 971 etiam

2006 1023 2155 1073 esse,
2190 1022 2296 1062 nec
2323 1006 2534 1073 vivere,
2568 1022 2675 1060 nec
2701 1003 2938 1072 sentire,
2972 1008 3036 1059 ut
3072 1005 3273 1076 petris.
3308 1003 3655 1060 Hominibus

2006 1099 2201 1152 autem
2232 1094 2435 1151 tribuit
2463 1110 2610 1162 esse,
2629 1093 3065 1162 vivere,sentire
3095 1097 3271 1165 atque
3301 1093 3651 1161 discernere,

2009 1185 2163 1241 unde
2190 1185 2337 1240 bene
2363 1183 2678 1239 illuminati
2709 1186 2883 1253 sunt,.
2914 1184 3014 1255 qui
3066 1183 3140 1238 ad
3184 1182 3499 1255 imaginem
3551 1182 3653 1239 Dei

2006 1273 2183 1330 creati
2217 1277 2374 1330 sunt.
2409 1274 2520 1329 Sed
2552 1277 2608 1328 et
2653 1271 2928 1329 animalis
2966 1271 3305 1344 quicunque
3335 1275 3425 1328 est
3454 1272 3650 1340 homo,

2007 1381 2122 1419 non
2156 1363 2404 1436 percipit
2442 1380 2511 1419 ea
2559 1379 2687 1435 quas
2734 1366 2874 1417 sunt
2921 1360 3175 1433 Spiritus
3205 1361 3306 1417 Dei
3339 1362 3382 1433 (1
3414 1363 3534 1417 Cor.
3569 1361 3653 1432 ιι).

2007 1454 2118 1509 Sed
2152 1454 2292 1525 quia
2312 1450 2534 1507 nullam
2555 1450 2987 1507 excusationem
3009 1451 3080 1505 de
3103 1450 3434 1523 ignorantia
3458 1466 3658 1506 carna-

2007 1542 2140 1598 liter
2166 1542 2500 1598 viventibus
2531 1545 2746 1596 zeterna
2774 1539 2875 1596 Dei
2906 1539 3194 1612 sapientia
3223 1538 3479 1610 reliquit,
3503 1541 3654 1595 recte

2007 1631 2371 1687 subinfertur
2396 1648 2409 1685 :

2081 1744 2110 1771 «
2142 1722 2211 1777 Et
2239 1720 2340 1776 lux
2368 1721 2428 1775 in
2458 1720 2717 1776 tenebris
2760 1718 2935 1785 lucet,
2969 1723 3026 1775 et
3070 1720 3320 1775 tenebrae
3365 1735 3492 1775 eam
3538 1736 3654 1776 non

240 1808 739 1871 -carent.Quorum
757 1824 1013 1864 errorem
1032 1808 1116 1864 vel
1134 1810 1490 1866 dementiam
1510 1812 1621 1868 fide
1638 1816 1900 1868 armatus
1928 1848 1976 1912 Β
2008 1835 2037 1862 ‹‹
2070 1809 2657 1883 comprehenderunt.
2686 1832 2714 1859 ››
2738 1808 3011 1865 Tenebrae
3043 1808 3198 1864 enim
3229 1807 3500 1864 homines
3518 1812 3659 1864 sunt

254 1896 603 1969 evangelista
632 1896 937 1953 conculcat
955 1914 1090 1953 cum
1111 1897 1281 1955 dicit:
1306 1922 1333 1949 ‹‹
1353 1899 1563 1955 Omnia
1581 1917 1682 1973 per
1700 1900 1897 1973 ipsum

248 1986 390 2040 facta
418 1990 586 2041 sunt.
625 2008 652 2035 ››
683 1985 745 2041 Si
775 1986 933 2042 enim
966 1986 1163 2043 omnia
1191 2005 1296 2060 per
1323 1989 1520 2062 ipsum
1554 1990 1707 2045 facta
1735 1994 1896 2057 sunt,

251 2073 363 2147 ipse
389 2091 505 2130 non
535 2078 637 2131 est
678 2074 890 2146 factus,
918 2075 1020 2148 qui
1065 2078 1265 2133 omnia
1307 2078 1445 2134 fecit
1478 2096 1490 2133 :
1524 2083 1581 2136 et
1620 2080 1749 2137 ideo
1774 2098 1897 2137 non

252 2167 519 2229 creatura,
556 2164 667 2219 sed
698 2167 924 2220 creator
956 2181 967 2220 :
1022 2182 1137 2221 non
1170 2167 1416 2233 factura,
1449 2168 1552 2224 sed
1604 2169 1803 2237 factor,
1837 2170 1896 2225 in

251 2251 577 2325 aequalitate
607 2253 796 2308 Patris
841 2253 1169 2311 credendus
1198 2259 1306 2323 est,
1340 2257 1493 2312 sicut
1542 2257 1666 2331 ipse
1712 2258 1791 2314 ait
1838 2259 1897 2315 in

240 2340 549 2413 Evangelia
580 2356 595 2396 :
622 2365 647 2391 «
684 2341 802 2414 Ego
831 2345 887 2397 et
912 2342 1085 2399 Pater
1111 2361 1299 2400 unum
1322 2362 1533 2403 sumus
1564 2349 1738 2415 (Joan.
1772 2348 1895 2419 x).»

242 2429 311 2485 Et
328 2430 461 2502 quia
480 2429 669 2487 aliam
691 2434 1020 2487 creaturam
1043 2433 1391 2491 rationalem
1409 2435 1773 2493 rationabilis
1800 2436 1894 2493 Dei

253 2519 524 2590 sapientia
554 2519 797 2587 creavit,
830 2536 903 2576 ne
948 2525 1185 2592 putares
1221 2525 1350 2595 ejus
1379 2523 1738 2582 voluntatem
1769 2542 1899 2585 esse

255 2607 701 2675 mutabilem,ut
719 2607 914 2665 subito
940 2609 1112 2666 vellet
1144 2612 1330 2669 facere
1359 2612 1533 2670 aliam
1565 2620 1897 2673 creaturam

252 2710 413 2767 quam
446 2696 504 2753 in
544 2700 767 2752 aeterna
791 2712 900 2752 sua
928 2698 1459 2771 dispositione'non
1490 2702 1741 2773 fecisset,
1773 2723 1898 2762 rem

238 2784 640 2841 necessariam
674 2784 1028 2857 evangelista
1055 2774 1380 2858 subjunxit,
1414 2790 1614 2847 dicens
1648 2808 1661 2847 :
1780 2848 1785 2853 .

316 2894 341 2921 ‹‹
373 2873 541 2938 Quod
578 2872 801 2929 factum
835 2879 936 2930 est.
980 2874 1199 2947 In‘ipso
1235 2878 1354 2933 vita
1396 2883 1538 2935 erat.
1576 2890 1612 2929 n‘
1634 2880 1743 2947 Qui
1775 2898 1897 2937 ver-

241 2958 457 3016 siculus
484 2961 581 3016 ita
608 2961 1063 3035 distinguendae
1096 2969 1210 3033 est,
1228 2970 1291 3021 ut
1318 2967 1578 3039 primum
1609 2969 1897 3041 dicamus,

255 3072 279 3099 α
307 3049 460 3115 Quod
495 3050 725 3107 factum
758 3055 884 3120 est;
920 3074 948 3103 »
989 3051 1198 3113 deinde
1240 3055 1583 3125 inferamus,
1618 3079 1647 3109 α
1679 3057 1738 3114 in
1768 3059 1899 3131 ipso

243 3138 359 3194 vita
384 3143 534 3195 erat.
578 3162 605 3187 η
632 3140 701 3195 Et
726 3144 815 3196 est
837 3156 1047 3199 sensus
1071 3158 1084 3196 :
1117 3144 1279 3207 Quod
1312 3145 1531 3202 factum
1562 3151 1653 3203 est
1682 3148 1757 3205 ab
1778 3148 1895 3215 illo,

253 3226 304 3282 in
330 3231 595 3300 tempore
630 3228 923 3301 apparuit,
954 3229 1076 3287 sive
1107 3231 1325 3301 vivens,
1359 3234 1478 3293 sive
1506 3236 1625 3292 vita
1652 3253 1897 3305 carens;
1930 3218 1973 3284 (ἶ

251 3315 303 3371 in
332 3317 455 3389 ipso
482 3318 617 3375 vita
642 3322 785 3385 erat,
827 3317 888 3372 id
934 3324 1025 3376 est
1070 3321 1128 3376 in
1180 3323 1308 3394 ejus
1355 3326 1572 3380 aeterna
1616 3325 1903 3398 sapientia

252 3406 411 3463 etiam
443 3405 556 3462 illa
585 3421 719 3479 quin
761 3423 875 3465 non
925 3409 1146 3479 vivunt,
1196 3416 1511 3484 antequam
1544 3419 1900 3486 crearentur,

251 3495 528 3565 vivebant,
546 3495 929 3553 scilicetante
951 3498 1184 3555 initium
1207 3502 1436 3568 mundi,
1454 3503 1594 3575 quia
1617 3508 1681 3560 ut
1703 3509 1904 3578 postea

238 3584 441 3641 tierent
468 3585 833 3658 dispositum
866 3591 1009 3656 erat,
1042 3604 1109 3644 ac
1157 3606 1261 3662 per
1311 3590 1420 3647 hoc
1467 3594 1637 3665 quasi
1682 3594 1899 3651 factum

253 3678 380 3742 erat,
411 3674 565 3747 quia
591 3674 786 3732 omnis
818 3679 1086 3734 creatura
1113 3677 1172 3734 in
1223 3678 1349 3751 ipso
1380 3680 1522 3737 Filio
1554 3682 1655 3738 Dei
1687 3682 1900 3757 imagi-

256 3768 381 3818 nata
401 3768 557 3820 erat.
590 3764 753 3828 Quod
788 3768 852 3819 ut
898 3766 1268 3825 manifestius
1313 3769 1499 3842 possit
1528 3770 1796 3845 intelligi,
1829 3774 1901 3829 de

256 3853 416 3910 rebus
443 3852 786 3910 visibilibus
814 3855 1143 3929 exemplum
1166 3857 1743 3927 adhibeamus,verbi
1777 3879 1904 3935 gra-

257 3940 327 3999 tia
356 3958 368 3999 :
401 3944 592 4003 Faber
636 3942 924 4017 lignarius
963 3945 1153 4018 pergit
1184 3946 1241 4001 in
1278 3947 1510 4017 silvam,
1542 3949 1779 4023 inspicit
1808 3968 1900 4007 ar-

248 4030 461 4099 borem,
494 4033 724 4105 cogitat
750 4049 820 4089 ex
852 4032 950 4089 illa
998 4035 1185 4093 facere
1215 4052 1411 4093 arcam
1461 4038 1549 4094 vel
1600 4040 1901 4111 quodlibet

257 4135 376 4188 vas;
396 4125 615 4177 etcum
640 4122 816 4178 arbor
844 4128 1077 4181 maneat
1102 4123 1296 4181 adhuc
1327 4143 1441 4183 non
1473 4128 1679 4196 scissa,
1691 4129 1817 4200 jam
1840 4130 1899 4186 in

256 4209 372 4279 ejus
397 4210 697 4284 sapientia
718 4215 954 4285 quantae
975 4212 1366 4286 longitudinis
1386 4219 1443 4272 et
1462 4216 1901 4275 latitudinisfu-

260 4300 379 4353 tura
402 4300 481 4355 sit
510 4298 953 4369 consideratur;
987 4302 1408 4373 cujas~fabrica
1436 4305 1494 4360 in
1526 4306 1655 4378 ejus
1679 4311 1802 4364 arte
1830 4325 1902 4365 ex

257 4401 319 4441 eo
344 4387 531 4447 vivere
560 4402 691 4443 com
698 4389 945 4461 probatu
956 4407 1001 4453 r,
1016 4406 1148 4448 cum
1171 4395 1369 4449 tamen
1392 4411 1461 4450 ex
1491 4412 1553 4451 se
1584 4413 1698 4453 non
1722 4396 1896 4468 vivat,

260 4478 415 4546 quasi
445 4480 551 4533 aut
576 4481 867 4534 vetustate
898 4483 999 4535 aut
1032 4479 1165 4552 igne
1194 4488 1546 4556 consumpta
1574 4485 1769 4556 fuerit,
1800 4487 1902 4544 ite-

2006 1899 2215 1972 iniqui,
2249 1898 2574 1966 homicidas,
2609 1897 2880 1969 adulteri,
2921 1902 3204 1971 raptores,
3254 1896 3569 1965 immundi,
3600 1902 3659 1954 et

2006 1990 2103 2046 his
2130 1989 2417 2045 similium
2450 1992 2795 2061 patratores.
2829 1988 2909 2045 De
2957 1987 3176 2060 quibus
3222 2004 3327 2060 per
3370 1987 3657 2044 Joannem

2007 2079 2223 2135 dicitur
2245 2097 2258 2135 :
2283 2102 2310 2129 «
2335 2078 2539 2135 Omnis
2568 2078 2667 2151 qui
2701 2078 2826 2134 odit
2846 2078 3082 2134 fratrem
3104 2094 3302 2147 suum,
3318 2077 3377 2133 in
3399 2078 3658 2155 tenebris

1970 2170 1975 2175 ’
2006 2174 2117 2236 est,
2148 2172 2206 2224 et
2235 2168 2292 2223 in
2328 2168 2584 2225 tenebris
2617 2166 2902 2235 ambulat,
2935 2171 2990 2223 et
3021 2166 3207 2222 nescit
3236 2183 3353 2239 quo
3382 2171 3495 2235 eat,
3521 2166 3660 2240 quia

2008 2259 2258 2314 tenebrae
2315 2260 2745 2314 excecaverunt
2801 2255 3002 2313 oculos
3046 2257 3180 2328 ejus
3225 2260 3274 2325 (Ι
3315 2257 3473 2313 Joan.
3507 2259 3592 2324 ιι).
3628 2277 3658 2307 ι»

1993 2347 2172 2403 :Unde
2218 2350 2277 2403 et
2317 2346 2629 2419 Apostolus
2667 2346 3041 2402 credentibus
3072 2345 3153 2400 ait
3186 2362 3198 2400 :
3234 2369 3260 2395 «
3298 2344 3516 2402 Fuistis
3547 2344 3659 2401 ali-

1994 2436 2243 2509 quando
2265 2437 2539 2504 tenebraa,
2560 2453 2715 2492 nunc
2736 2439 2929 2492 autem
2958 2435 3058 2491 lux
3082 2436 3141 2491 in
3173 2434 3421 2492 Domino
3445 2434 3655 2507 (Ephes.

2006 2525 2084 2597 v).
2120 2548 2146 2573 η
2168 2525 2261 2581 Sic
2282 2524 2380 2580 lux
2402 2525 2461 2579 in
2484 2525 2742 2580 tenebris
2769 2524 2944 2591 lucet,
2966 2525 3104 2597 quia
3130 2523 3186 2579 hi
3220 2522 3320 2597 qui
3350 2522 3662 2580 carnaliter

2006 2614 2228 2681 vivunt,
2244 2615 2316 2670 de
2334 2613 2667 2686 ignorantia
2686 2614 3117 2670 excusationem
3142 2613 3355 2669 habere
3388 2630 3500 2668 non
3523 2629 3659 2685 pos-

1994 2708 2170 2768 sunt,
2214 2703 2447 2776 quando
2478 2703 2773 2775 sapientes
2802 2706 2942 2759 sunt
2970 2706 3037 2758 ut
3067 2702 3281 2759 faciant
3306 2701 3485 2769 mala,
3517 2703 3661 2759 bene

2009 2796 2205 2849 autem
2239 2793 2426 2848 facere
2456 2792 2751 2848 nesciunt.
2774 2792 2920 2857 Quia
2948 2791 3105 2848 enim
3135 2808 3377 2847 sensum
3408 2791 3661 2847 rationa-

2007 2881 2146 2950 lem,
2162 2899 2264 2954 per
2282 2898 2459 2955 quem
2480 2885 2538 2939 et
2558 2881 2871 2938 Dominum
2905 2885 2961 2937 et
2990 2882 3120 2953 ejus
3148 2880 3510 2937 voluntatem
3533 2896 3661 2952 pos-

2008 2976 2149 3039 sunt
2189 2987 2560 3044 cognoscere,
2594 2970 2907 3027 carnaliter
2946 2970 3207 3028 viventes
3252 2970 3658 3035 obtenebrant,

1989 3058 2106 3116 .lux
2135 3059 2196 3115 in
2229 3060 2481 3116 tenebris
2512 3060 2686 3127 lueet,
2721 3065 2777 3114 et
2806 3061 3054 3116 tenebrae
3086 3076 3215 3116 eam
3248 3077 3364 3116 non
3396 3076 3660 3132 compre-

2009 3149 2357 3205 henderunt.
2410 3147 2569 3205 Solet
2617 3152 2813 3203 autem
2863 3149 3198 3221 contingere
3236 3147 3547 3220 aliquoties
3594 3152 3661 3205 ut

2012 3238 2255 3310 majoris
2286 3254 2499 3294 sensus
2546 3237 2836 3305 acumine,
2870 3236 2931 3291 hi
2963 3237 3064 3309 qui
3096 3235 3407 3292 carnaliter
3436 3236 3657 3306 vivunt,

2010 3326 2357 3400 splendeant
2385 3344 2563 3400 quam
2593 3326 2677 3382 illi
2700 3326 2800 3399 qui
2823 3325 3189 3399 simpliciter,
3203 3325 3357 3382 sicut
3376 3324 3660 3382 Dominus

2010 3416 2094 3472 ait
2125 3417 2185 3473 in
2217 3416 2523 3489 Evangelio
2557 3434 2570 3471 :
2605 3439 2632 3462 α
2667 3415 2795 3472 Filii
2815 3416 2996 3487 hujus
3023 3413 3225 3471 seaculi
3253 3413 3661 3487 prudentiores

2012 3506 2150 3562 ﬁliis
2173 3505 2324 3565 lucis
2356 3506 2415 3561 in
2446 3506 2819 3579 generatione
2849 3522 2960 3561 sua
2988 3508 3129 3562 sunt
3153 3506 3301 3573 (Luc.
3323 3504 3460 3575 XVI).
3496 3526 3524 3552 »
3556 3503 3663 3576 Igi-

2010 3599 2108 3651 tur
2136 3595 2234 3652 lux
2268 3596 2325 3652 in
2356 3594 2613 3652 tenebris
2655 3594 2830 3662 lucet,
2863 3594 3004 3666 quia
3032 3593 3304 3666 quamvis
3335 3592 3523 3665 iniqui
3553 3592 3661 3649 ho-

2013 3685 2199 3741 mines
2249 3701 2364 3741 non
2394 3684 2626 3740 videant
2654 3683 2869 3751 lucem,
2905 3684 2962 3740 id
2995 3687 3084 3740 est
3112 3682 3431 3750 Christum,
3464 3687 3661 3739 tamen

2010 3791 2187 3847 opera
2206 3791 2408 3830 eorum
2432 3773 2586 3831 mala
2601 3774 2871 3830 videntur
2890 3790 2924 3828 a
2945 3772 3096 3839 luce,
3111 3770 3332 3828 scilicet
3350 3789 3385 3826 a
3405 3771 3659 3840 Christo,

2011 3863 2183 3934 cujus
2215 3862 2400 3918 oculis
2434 3862 2593 3919 nuda
2623 3866 2680 3917 et
2707 3866 2909 3933 aperta
2940 3864 3080 3919 sunt
3108 3861 3327 3929 omnia,
3353 3859 3664 3917 Psalmista

2010 3951 2295 4023 teste,qui
2327 3952 2442 4006 ait:
2471 3974 2497 4001 ‹‹
2517 3951 2729 4006 Vultus
2761 3954 2957 4006 autem
2989 3949 3219 4007 Domini
3251 3964 3432 4022 super
3454 3949 3664 4006 facien-

2008 4044 2096 4097 tes
2128 4039 2284 4096 mala
2315 4040 2484 4111 (Paul.
2524 4040 2662 4111 uti).
2698 4061 2719 4088 ι
2750 4038 2923 4095 Verbi
2949 4040 3156 4113 gentia,
3192 4038 3240 4094 si
3273 4042 3525 4110 ponatur
3554 4054 3660 4094 cis-

2008 4147 2114 4186 cus
2145 4130 2218 4185 ad
2244 4128 2449 4196 solem,
2483 4129 2636 4185 sicut
2665 4128 2789 4200 ipse
2817 4144 2931 4185 non
2962 4128 3119 4184 videt
3148 4128 3348 4185 lumen
3376 4126 3540 4193 solis,
3560 4127 3660 4184 sed

2007 4218 2164 4275 circa
2187 4217 2567 4275 confunditur
2590 4218 2661 4274 ab
2697 4217 2845 4290 ipso,
2861 4217 2943 4273 sic
2966 4216 3224 4289 praedicti
3248 4217 3519 4272 homines
3545 4233 3659 4271 non

2006 4307 2207 4363 vident
2248 4308 2456 4371 Deum,
2488 4308 2591 4363 sed
2642 4305 2914 4362 videntur
2962 4323 2995 4361 a
3039 4305 3153 4361 Deo
3186 4321 3200 4359 :
3234 4308 3291 4360 et
3337 4304 3469 4359 ideo
3522 4302 3661 4375 quia

2008 4396 2163 4455 Deus
2193 4396 2301 4452 bos
2328 4395 2504 4461 videt,
2525 4394 2626 4449 lux
2646 4393 2701 4448 in
2734 4393 2992 4449 tenebris
3019 4392 3192 4458 lucet,
3212 4391 3271 4447 id
3302 4391 3489 4461 est,in
3514 4390 3659 4463 ipsis

2006 4485 2385 4552 hominibus;
2417 4483 2505 4540 vel
2557 4486 2712 4539 certe
2755 4482 2815 4538 in
2862 4482 3118 4539 tenebris
3167 4480 3266 4536 lux
3314 4480 3487 4549 lucet,
3519 4481 3659 4553 quia

246 4565 677 4657 ejusdem
711 4567 1057 4639 quantitatis
1085 4573 1144 4627 et
1172 4569 1475 4642 qualitatis
1506 4573 1665 4629 rovit
1690 4591 1791 4632 vas
1823 4576 1898 4631 ta-
1928 4592 1976 4657 Ι)
2007 4576 2136 4647 ipsa
2163 4574 2452 4648 sapientia
2482 4590 2586 4646 per
2614 4588 2792 4646 quam
2824 4588 2932 4628 nos
2961 4570 3230 4628 homines
3258 4587 3388 4627 esse
3417 4587 3659 4643 cognos-

248 4650 492 4711 Ibricare.
524 4655 611 4712 Ita
641 4656 800 4712 Deus
841 4656 1213 4731 omnipotens
1259 4664 1573 4734 antequam
1606 4664 1896 4721 mundum

254 4748 825 4817 crearet,antequam
850 4746 1058 4805 mundi
1079 4750 1453 4808 creaturasin
1487 4752 1755 4824 proprias
1775 4770 1902 4827 spe-

261 4829 369 4886 cies
396 4832 695 4903 formaret,
730 4834 789 4890 in
814 4835 943 4907 ejus
975 4836 1261 4910 sapientia
1287 4856 1402 4897 non
1434 4840 1622 4899 solum
1658 4860 1787 4915 quae
1814 4843 1898 4899 vi-

248 4923 416 4990 sunt,
450 4924 548 4979 sed
580 4922 920 4996 etiamquis
950 4924 1068 4981 vita
1109 4931 1323 4996 carent,
1356 4929 1644 4987 vivebant.
1691 4931 1798 4988 Sed
1827 4948 1899 4988 ne

261 5009 570 5068 estimates
600 5029 838 5069 omnem
869 5018 1198 5072 creaturam
1229 5016 1284 5072 in
1336 5017 1445 5074 hoc
1474 5018 1689 5079 sweulo
1705 5019 1897 5078 vitam

261 5094 471 5159 habere
489 5106 549 5157 et
594 5100 989 5161 illuminatam
1036 5121 1184 5173 esse,
1218 5110 1372 5165 recte
1414 5108 1731 5171 subditur:
1771 5132 1798 5161 ‹‹
1830 5111 1899 5166 Et

260 5185 371 5243 vita
398 5195 519 5246 erat
548 5189 651 5246 lux
674 5191 1003 5249 hominum.
1042 5216 1071 5243 ››
1119 5194 1281 5257 Quod
1331 5200 1419 5251 est
1463 5201 1658 5269 aperte
1706 5198 1897 5256 dicere

258 5276 394 5347 quia
416 5278 547 5351 ipsa
576 5279 705 5335 vita
726 5285 783 5336 et
810 5281 1100 5354 sapientia
1142 5300 1244 5355 per
1289 5301 1465 5357 quam
1521 5291 1732 5343 cuncta
1760 5292 1899 5345 sunt

262 5370 463 5436 creata,
478 5374 530 5427 et
563 5369 626 5426 in
656 5386 776 5442 qua
798 5388 900 5444 per
920 5372 1239 5443 quamdam
1269 5373 1574 5444 rationem,
1593 5380 1655 5432 ut
1675 5377 1896 5434 dictum

263 5457 367 5525 est,
388 5456 572 5517 vivere
601 5458 1011 5527 dicuntur,lux
1041 5465 1129 5518 est
1160 5460 1487 5533 hominum,
1514 5465 1569 5520 id
1602 5471 1689 5522 est
1722 5468 1895 5523 ratio-

264 5544 533 5604 nabilium
587 5553 1009 5617 creaturarum,
1053 5568 1168 5607 non
1217 5551 1728 5611 irrationabilium.
1772 5556 1896 5613 Non

264 5632 637 5693 enim‘bestiaa
667 5643 725 5694 et
752 5655 979 5711 pecora,
1012 5641 1110 5696 sed
1158 5640 1426 5698 homines
1466 5642 1893 5716 illuminantur,

2007 4665 2215 4731 cimus,
2239 4668 2296 4719 ct
2326 4663 2548 4735 aliquid
2584 4663 2770 4720 tacere
2799 4658 3204 4735 intelligimus,
3228 4659 3547 4733 comparati
3572 4660 3659 4729 iu-

1996 4752 2222 4813 .mentis
2253 4752 2669 4825 insipientibus
2700 4749 3011 4806 et-similes
3042 4749 3407 4815 facti,veram
3440 4748 3652 4817 lucem,

2005 4844 2063 4899 id
2098 4848 2205 4911 est,
2228 4842 2432 4909 Deum,
2460 4858 2565 4898 nos
2594 4840 2698 4914 qui
2728 4854 2935 4896 sumus
2960 4839 3233 4905 tenebras,
3252 4854 3367 4894 non
3400 4854 3659 4911 compre-

2006 4933 2346 4989 hendimus.
2379 4931 2542 4988 Unde
2572 4930 2716 4987 bene
2747 4929 2891 4985 dicit
2922 4928 3311 5002 evangelista:
3344 4951 3372 4978 «
3404 4928 3476 4983 Et
3503 4931 3658 4984 tene-

2006 5022 2122 5079 brae
2155 5038 2283 5079 eam
2328 5037 2442 5077 non
2491 5018 3079 5092 comprehenderunt.
3113 5040 3141 5071 »
3175 5038 3204 5069 «
3237 5016 3411 5074 Nulla
3441 5017 3656 5090 quippe

2005 5109 2475 5183 participatio,ut
2495 5108 2579 5163 ait
2596 5106 3058 5180 Apostolus,luci
3090 5107 3161 5163 ad
3193 5107 3527 5174 tenebras,n
3539 5105 3657 5162 ulla

2005 5197 2309 5255 conventio
2341 5195 2551 5250 Christi
2586 5195 2654 5250 ad
2691 5193 2889 5261 Belial,
2915 5211 3019 5251 nec
3052 5211 3188 5267 pars
3219 5192 3375 5250 fideli
3407 5210 3539 5249 cum
3572 5193 3657 5247 in-

2006 5287 2162 5343 ﬁdeli
2195 5287 2241 5357 (I
2269 5286 2388 5342 Cor.
2413 5287 2516 5353 vr).
2547 5306 2574 5334 »
2608 5283 2752 5347 Quia
2780 5301 2914 5340 vero
2950 5285 3047 5340 Dei
3078 5284 3267 5340 lucem
3300 5281 3655 5340 ineffabilem

2006 5377 2266 5434 humana
2295 5390 2462 5430 mens
2489 5374 2547 5431 in
2577 5372 2836 5430 tenebris
2867 5373 3078 5446 posita,
3102 5373 3295 5431 subito
3327 5372 3653 5429 venientem

2006 5466 2295 5525 sustinere
2318 5480 2430 5519 non
2456 5467 2701 5536 poterat,
2719 5481 2791 5523 ne
2813 5463 2871 5519 in
2906 5463 2999 5518 his
3030 5462 3287 5519 tenebris
3308 5466 3654 5525 remaneret,

2007 5556 2135 5627 ipsa
2166 5554 2263 5610 lux
2292 5557 2555 5619 ventura,
2594 5555 2817 5611 mundo
2848 5551 3473 5625 praemisitjhominem
3522 5552 3655 5604 ante

2008 5662 2069 5701 se
2091 5644 2286 5717 magni
2313 5643 2686 5709 meriti,vclut
2701 5642 2999 5700 lucernam
3017 5646 3153 5701 ante
3170 5641 3324 5701 diem
3346 5638 3653 5697 luciferum
