4018 6180
332 291 425 358 '59

907 297 1317 362 HAYMONIS
1365 298 1908 398 HALBERSTAT.
1957 298 2202 362 EPISC.
2248 300 2419 362 OPP.
2469 299 2666 364 PARS
2710 300 2891 363 lI.-—
2922 299 3195 364 HOMIL.
3680 298 3766 365 60

346 433 483 488 ante
535 429 740 498 salem,
775 449 877 504 per
905 431 1076 504 cujus
1104 431 1505 490 testimonium
1537 439 1596 491 et
1627 433 1994 508 praedicatio-
2022 435 2077 500 Α
2106 439 2489 508 augmentum
2521 435 2698 508 capit,
2733 452 2837 492 nec
2867 433 3159 491 defectum
3191 432 3433 507 patitur,
3467 434 3570 492 sed
3601 451 3762 493 sem-

347 537 482 576 nem
515 521 587 575 ad
618 521 929 577 videndam
961 538 1153 577 veram
1205 522 1396 577 lucem
1445 522 1732 595 lippitudo
1782 523 1996 578 mentis

345 609 619 665 humanae
647 616 1090 683 prapararetur,
1106 615 1162 666 et
1183 616 1629 684 cognosceretur
1650 616 1801 668 Deus
1821 617 1878 668 et
1899 611 1998 667 bo-

349 716 464 753 mo.
499 698 556 754 Si
588 698 744 754 enim
791 700 1022 755 Domini
1069 699 1167 756 lux
1216 701 1409 756 subita
1453 701 1620 756 nobis
1667 705 1994 774 appareret,

348 787 536 860 magis
565 787 701 843 inde
732 805 1154 845 excmcaremur
1174 807 1350 862 quam
1374 789 1862 846 illuminaremur.
1883 791 1992 846 Sed

347 876 631 948 paulatim
682 878 964 933 Dominus
1014 897 1116 952 per
1168 879 1527 950 patriarchas
1582 883 1638 934 et
1679 879 1995 952 prophetas

347 981 523 1020 suum
553 968 865 1022 adventum
914 969 1079 1023 nobis
1113 969 1455 1024 denuntiare
1486 968 1685 1036 voluit,
1720 974 1804 1040 ut,
1836 970 1993 1025 verbi

347 1070 545 1123 causa,
579 1056 732 1111 sicut
757 1074 889 1112 cum
923 1057 980 1111 in
1013 1057 1156 1112 valle
1182 1057 1582 1129 consistimus,
1601 1059 1884 1114 orientem
1909 1076 1996 1115 so-

299 1207 316 1218 ν
345 1141 462 1199 lem
495 1162 728 1200 cernere
759 1165 870 1201 non
904 1163 1242 1218 possumus,
1275 1153 1472 1203 tamen
1507 1148 1564 1202 in
1596 1149 1724 1219 ejus
1754 1147 1996 1204 summi-

347 1239 527 1290 tatem
569 1237 968 1302 ascendentes,
1001 1235 1160 1292 illius
1200 1242 1394 1292 ortum
1437 1237 1806 1308 resplendere
1835 1239 1993 1295 vide-

347 1342 500 1391 mus,
523 1330 577 1379 et
598 1325 818 1380 scimus
852 1326 1044 1397 ipsum
1077 1326 1304 1381 radiare
1336 1326 1448 1382 cita
1473 1344 1485 1381 :
1511 1327 1592 1382 ita
1622 1332 1678 1382 et
1711 1329 1994 1386 Dominus

343 1430 445 1485 per
475 1421 708 1470 sanctos
740 1433 878 1469 suos
924 1421 1149 1470 mentes
1199 1419 1429 1470 nostras
1460 1416 1532 1470 ad
1583 1433 1750 1473 suam
1801 1417 1991 1474 lucem

342 1503 853 1576 cantemplandam
884 1505 1113 1560 trahere
1135 1503 1334 1560 valuit.
1352 1505 1430 1561 De
1452 1506 1670 1577 quibus
1694 1507 1992 1565 montibus

342 1592 453 1647 fuit
482 1591 592 1648 iste
623 1594 693 1650 de
725 1610 839 1664 qua
871 1597 926 1648 et
957 1594 1273 1650 subditur:

412 1706 438 1732 ‹‹
474 1682 603 1738 Fuit
633 1682 809 1738 homo
846 1682 1062 1738 missus
1094 1701 1127 1738 a
1157 1685 1290 1740 Dea.
1313 1709 1339 1734 ν»
1375 1685 1482 1741 Ubi
1515 1686 1573 1741 in
1607 1687 1795 1759 primo
1821 1689 1990 1745 verba

2105 541 2208 596 per
2235 523 2478 597 aequalis
2526 529 2847 597 permanet.
2881 524 2988 580 Cui
3034 523 3169 592 luci,
3205 523 3265 579 id
3303 528 3393 580 est
3420 523 3672 593 Christo,
3709 525 3764 583 si

2105 619 2518 686 comparentur
2549 615 2836 682 homines,
2871 619 2992 670 tam
3039 611 3295 669 minores
3325 630 3503 686 quam
3535 615 3762 687 perfec-

2103 703 2301 770 tiores,
2325 705 2573 760 tenebrae
2603 703 3123 775 computabuntur.
3143 703 3290 758 Nam
3322 708 3379 758 et
3410 706 3610 759 nostra
3632 705 3766 776 jus-

2104 792 2253 860 titia,
2288 793 2334 848 si
2371 791 2526 848 illius
2568 793 2804 862 iustitiae
2835 797 3226 865 comparetur,
3260 791 3554 864 injustitia
3583 811 3760 866 repu-

2104 882 2327 938 tabitur
2359 882 2778 938 llluminantur
2805 881 2960 938 enim
2993 882 3366 948 homines,ut
3393 880 3497 936 lux
3527 882 3760 950 sint,'ab

2103 970 2202 1026 illa
2233 971 2332 1045 qui
2365 973 2446 1026 ait
2467 971 2523 1026 in
2558 971 2864 1044 Evangelia
2885 989 2898 1027 :
2919 995 2944 1021 ‹‹
2967 972 3084 1044 Ego
3106 988 3239 1026 sum
3272 970 3372 1028 lux
3401 972 3762 1037 mundi.Qui
3857 1035 3870 1042 _

2103 1062 2515 1134 sequiturtme,
2550 1077 2666 1116 non
2696 1059 2962 1116 ambulat
2983 1059 3041 1114 in
3073 1059 3352 1125 tenebris,
3386 1061 3486 1116 sed
3519 1060 3765 1117 habebit

2105 1148 2302 1205 lumen
2335 1150 2468 1206 vita:
2494 1152 2669 1222 (Joan.
2703 1153 2776 1219 v).
2815 1172 2841 1197 ››
2878 1148 3078 1212 Qualis
3109 1153 3234 1204 erat
3263 1149 3375 1205 ista
3399 1149 3658 1206 Joannes
3686 1151 3764 1206 de

2102 1257 2217 1312 qua
2249 1240 2532 1296 Dominus
2560 1239 2698 1296 alibi
2730 1238 2810 1294 ait
2843 1255 2855 1294 :
2892 1262 2919 1288 «
2953 1237 3053 1294 Ille
3084 1243 3209 1294 erat
3255 1239 3496 1295 lucerna
3543 1241 3763 1297 ard-ens

2102 1333 2160 1384 et
2188 1329 2411 1386 lucens.
2445 1352 2471 1378 »
2503 1330 2726 1384 Ardeas
2756 1328 3065 1386 dilectione
3095 1333 3153 1384 et
3181 1345 3400 1396 amare,
3418 1328 3621 1385 lucens
3641 1347 3762 1386 ser-

2102 1435 2273 1474 mone
2299 1435 2310 1472 :
2339 1419 2438 1474 sed
2470 1435 2586 1474 non
2616 1434 2744 1474 esse
2773 1417 3029 1474 Joannes
3058 1415 3158 1472 lux
3179 1415 3411 1484 dicitur,
3427 1417 3499 1472 ad
3527 1433 3764 1489 campa-

2100 1507 2386 1564 rationem
2410 1525 2555 1562 verze
2578 1507 2882 1580 lueis,quae
2901 1523 3107 1562 omnes
3128 1504 3445 1572 illuminat,
3460 1509 3519 1561 et
3537 1523 3571 1562 a
3593 1505 3759 1563 nullo

2100 1597 2491 1653 illuminatur.
2541 1597 2791 1653 Tantum
2823 1595 2979 1653 enim
3011 1596 3191 1651 distat
3221 1595 3374 1651 inter
3401 1594 3590 1651 lucem
3624 1611 3756 1668 qua

2101 1686 2396 1742 illuminat
2425 1692 2481 1742 et
2511 1703 2639 1759 qua:
2671 1685 3060 1752 illuminatur,
3077 1689 3364 1759 quantum
3397 1683 3547 1740 inter
3567 1683 3755 1740 lucer-

312 1772 682 1874 obcdientim
701 1771 888 1872 virtus
911 1771 969 1826 in
989 1772 1085 1828 illo
1102 1777 1566 1843 commendatur,
1588 1777 1986 1834 cumdicitur:
2020 1810 2068 1874 Β
2101 1794 2236 1832 nam
2265 1782 2324 1833 et
2351 1777 2660 1832 luciferum
2693 1779 2750 1832 et
2773 1775 2976 1832 solem.
3001 1774 3107 1831 Illa
3137 1779 3227 1830 est
3256 1773 3440 1846 igitur
3467 1773 3756 1847 principa~

340 1885 366 1911 «
406 1862 538 1916 Fuit
567 1861 741 1916 homo
765 1862 986 1918 missus
1006 1880 1040 1918 a
1063 1863 1198 1919 Deo.
1217 1887 1244 1913 »
1267 1865 1390 1920 Non
1414 1867 1572 1922 enim
1595 1885 1629 1922 a
1649 1868 1984 1940 semetipso,

341 1950 401 2004 id
433 1954 521 2005 est
552 1968 661 2005 sua
707 1952 1164 2025 praesumptione
1210 1954 1387 2023 venit,
1422 1956 1522 2010 sed
1555 1974 1589 2010 a
1620 1956 1735 2012 Dea
1767 1957 1989 2013 missus

340 2043 446 2094 est.
480 2039 653 2095 Aliud
686 2045 773 2096 est
801 2043 959 2098 enim
991 2059 1025 2098 a
1053 2060 1114 2099 se
1145 2044 1360 2111 venire,
1389 2044 1546 2100 aliud
1579 2063 1613 2100 a
1653 2046 1768 2102 Dea
1813 2046 1989 2102 mitti.

338 2130 478 2185 A'se
508 2130 724 2203 quippe
751 2131 928 2197 venit,
949 2131 1046 2204 qui
1078 2134 1508 2207 prmaumptive,
1531 2136 1588 2191 in
1619 2153 1685 2192 eo
1717 2137 1871 2209 quod
1895 2138 1992 2193 rio-

339 2221 450 2283 cet,
467 2235 634 2274 suam
656 2219 900 2291 gloriam
923 2223 1152 2293 quaerit.
1181 2222 1343 2279 Unde
1363 2224 1433 2280 de
1463 2224 1990 2298 pseudoprophetis

339 2307 562 2363 dictum
593 2313 713 2364 est:
740 2334 766 2358 «
786 2309 909 2381 Ipsi
940 2311 1267 2378 veniebant,
1300 2317 1356 2368 et
1381 2331 1494 2368 non
1527 2314 1830 2370 mittebam
1852 2331 1985 2371 eos:

338 2396 748 2469 loquebantur,
765 2417 898 2454 cum
923 2417 1038 2455 non
1061 2418 1448 2474 prteceperam
1472 2402 1588 2458 illis
1611 2405 1739 2474 (Jer.
1763 2405 1892 2472 xxv)
1918 2428 1944 2453 ››
1971 2422 1984 2460 :

338 2503 475 2560 ergo
508 2505 622 2543 non
654 2492 778 2544 erat
807 2489 876 2544 de
907 2489 1123 2544 talibus
1145 2490 1420 2556 Joannes,
1443 2493 1543 2548 sed
1570 2493 1764 2564 potius
1786 2512 1853 2549 ex
1873 2493 1990 2551 illis

339 2581 464 2631 erat
495 2577 710 2649 quibus
743 2577 1006 2634 Salvator
1030 2579 1111 2634 ait
1131 2579 1188 2634 in
1213 2581 1554 2653 Evangelia:
1582 2586 1697 2654 Ego
1717 2600 1818 2639 vos
1839 2583 1986 2657 elegi

339 2665 410 2719 de
444 2668 684 2735 mundo,
721 2671 786 2722 ut
814 2667 982 2736 eatis,
1005 2672 1061 2724 et
1089 2669 1344 2725 fructum
1375 2671 1651 2740 ail‘eratis,
1675 2677 1732 2727 et
1766 2673 1986 2730 fruetus

335 2760 528 2811 vester
558 2762 789 2813 maneat
837 2758 1011 2830 (Joan.
1046 2759 1159 2830 xv).
1192 2761 1236 2814 A
1284 2760 1399 2816 Dea
1450 2761 1666 2833 quippe
1715 2761 1984 2831 mittitur,

339 2845 438 2916 qui
473 2845 530 2900 in
561 2863 628 2901 eo
655 2847 808 2917 quod
833 2847 1000 2902 docet
1025 2849 1120 2904 Dei
1145 2847 1380 2904 laudem
1401 2853 1457 2904 et
1471 2850 1802 2906 animarum
1826 2851 1989 2908 lucra

337 2935 563 3004 quaerit,
597 2935 788 3008 qualis
818 2941 943 2992 erat
974 2937 1221 3009 Moyses,
1249 2937 1340 2993 cui
1365 2939 1588 2994 dictum
1614 2944 1701 2996 est
1727 2957 1738 2995 :
1767 2965 1794 2989 «
1818 2940 1982 3010 Veni,

335 3027 393 3078 et
424 3023 653 3080 mittam
688 3029 740 3080 te
772 3025 830 3080 in
861 3027 1189 3099 zEgyptum,
1214 3049 1242 3076 ››
1277 3027 1467 3099 qualis
1497 3034 1619 3085 erat
1649 3028 1840 3086 Isaias
1861 3048 1989 3103 pra-

335 3112 529 3185 pheta,
549 3113 672 3186 qui,
692 3114 919 3171 dicente
947 3115 1188 3172 Domino
1215 3132 1226 3172 :
1257 3139 1284 3166 «
1308 3119 1487 3184 Quem
1508 3118 1832 3186 mittam,et
1853 3121 1986 3191 quis

2097 1865 2171 1920 lis
2202 1865 2301 1921 lux
2329 1867 2401 1922 de
2433 1883 2552 1937 qua
2577 1864 2769 1921 adhuc
2800 1865 3076 1920 subditur
3108 1881 3122 1919 :

2171 1978 2197 2004 ‹‹
2234 1956 2368 2011 Erat
2394 1954 2493 2010 lux
2521 1972 2654 2010 vera
2685 1971 2812 2026 qua:
2844 1953 3142 2009 illuminat
3165 1967 3418 2010 .omnem
3451 1952 3752 2010 hominem

2099 2068 2126 2095 «
2160 2045 2485 2102 venientem
2515 2043 2574 2098 in
2600 2043 2756 2099 hunc
2779 2043 3088 2098 mundum.
3112 2065 3139 2091 »
3158 2041 3267 2098 Ubi
3299 2059 3434 2097 cum
3463 2064 3492 2092 ‹‹
3515 2057 3752 2097 omnem

2099 2134 2397 2190 hominem
2443 2133 2770 2190 venientem
2822 2134 2881 2188 in
2941 2133 3100 2188 hunc
3153 2132 3443 2187 mundum
3475 2153 3503 2181 ››
3535 2130 3752 2204 posuit,

2097 2223 2355 2280 ostendit
2403 2224 2543 2296 quia
2581 2223 2707 2280 sine
2737 2221 3031 2295 spirituali
3083 2221 3292 2295 gratia,
3326 2221 3446 2278 sive
3497 2219 3755 2277 naturali

2099 2313 2332 2386 ingenio
2364 2311 2774 2368 illuminentur
2799 2311 3087 2378 homines,
3120 2315 3346 2382 tantum
3383 2311 3454 2368 ab
3487 2309 3586 2366 illo
3616 2326 3752 2383 pas-

2098 2408 2237 2459 sunt
2269 2403 2646 2474 illuminaria
2667 2419 2782 2474 qua
2805 2401 3064 2474 procedit
3085 2399 3277 2456 omnis
3298 2399 3752 2473 sapientia,cum

2097 2510 2213 2566 quo
2246 2492 2355 2547 fuit
2384 2509 2615 2564 semper
2645 2496 2702 2548 et
2730 2495 2819 2548 est
2849 2495 2985 2546 ante
3015 2507 3222 2546 aevum.

2170 2607 2196 2632 ‹‹
2224 2588 2289 2638 In
2321 2583 2542 2638 mundo
2564 2585 2706 2650 erat,
2724 2585 2779 2637 et
2801 2581 3060 2636 mundus
3085 2597 3188 2654 per
3206 2579 3403 2652 ipsum
3425 2579 3615 2634 factus
3636 2581 3748 2648 est,

2103 2695 2125 2722 ι
2159 2678 2216 2729 et
2267 2673 2525 2729 mundus
2571 2688 2706 2728 eum
2758 2688 2873 2727 non
2921 2669 3208 2743 cognovit.
3244 2692 3272 2718 »
3304 2668 3408 2724 Hic
3440 2667 3752 2724 manifeste

2095 2763 2449 2836 evangelista
2478 2761 2536 2816 in
2571 2761 2775 2817 mundi
2807 2758 3089 2816 vocabulo
3120 2763 3238 2814 tres
3268 2757 3629 2813 differentias
3660 2773 3754 2813 as-

2095 2851 2644 2924 tendit.Aliquanda
2666 2849 2822 2906 enim
2848 2848 3053 2905 mundi
3087 2848 3322 2904 nomine
3353 2845 3540 2902 sancti
3570 2845 3753 2919 signi-

2097 2943 2364 3009 ﬁcantur,
2390 2940 2707 3014 aliquando
2733 2938 2878 2994 situs
2909 2937 3066 2994 orbis
3097 2942 3409 3005 terrarum,
3429 2935 3749 3008 aliquando

2097 3031 2301 3088 mundi
2333 3035 2644 3088 amatores.
2665 3029 2826 3094 Quod
2850 3044 2986 3101 ergo
3018 3027 3132 3083 ait:
3163 3049 3190 3078 «
3223 3026 3285 3082 In
3317 3025 3537 3081 munda
3568 3028 3695 3082 erat
3716 3047 3746 3073 ››

2095 3123 2167 3176 ad
2201 3126 2435 3177 sanctas
2465 3119 2734 3192 pertinet,
2749 3119 2820 3174 de
2842 3117 3057 3191 quibus
3079 3115 3217 3173 alibi
3249 3115 3532 3172 Dominus
3563 3113 3746 3171 dicit:

334 3184 443 3258 ibit
474 3184 644 3260 nobis
677 3204 749 3259 ad
780 3203 1061 3277 populum
1099 3205 1324 3260 istum?
1349 3229 1376 3255 »
1402 3207 1723 3278 Respondit
1744 3184 1816 3275 ᾖα
1842 3184 1986 3264 Ecce
2016 3184 2058 3250 C
2095 3232 2123 3258 ‹‹
2157 3209 2282 3265 Non
2312 3184 2483 3263 venit.
2502 3207 2683 3263 Filius
2711 3184 2969 3262 hominis
3012 3209 3078 3261 ut
3119 3205 3385 3278 perderet
3433 3203 3751 3272 mundum,

333 3308 460 3364 ego,
496 3293 660 3348 mitte
689 3311 782 3349 me
813 3297 938 3360 (13a.
972 3297 1071 3364 VI).
1109 3316 1136 3343 »
1168 3294 1326 3349 Talis
1358 3299 1483 3350 erat
1509 3296 1765 3352 Joannes
1796 3297 1988 3368 Bapti-

337 3386 448 3445 sta,
480 3382 551 3436 de
583 3398 697 3452 quo
741 3382 956 3436 dicitur
989 3399 1002 3437 :
1040 3405 1068 3432 α
1103 3383 1234 3438 Fuit
1263 3383 1437 3438 homo
1469 3385 1688 3440 missus
1719 3403 1753 3441 a
1785 3391 1918 3442 Dea.
1952 3408 1980 3437 »

336 3468 442 3534 Qui
473 3470 790 3524 vocabatur
835 3469 1010 3525 homo
1055 3470 1170 3538 ille,
1221 3472 1487 3543 sequitur
1520 3490 1531 3528 :
1571 3497 1598 3523 «
1633 3474 1737 3530 Cui
1770 3492 1982 3532 nomen

335 3561 460 3611 erat
487 3555 764 3612 Joannes.
803 3580 830 3606 ››
859 3559 956 3613 Ad'
978 3558 1117 3631 quid
1151 3565 1346 3615 autem
1397 3561 1618 3618 missus
1649 3563 1757 3618 fuit
1783 3582 1815 3618 a
1849 3569 1982 3630 Deo,

273 3653 278 3656 ’
338 3644 750 3702 manifestatur
778 3662 914 3703 cum
946 3647 1221 3704 subditur
1247 3665 1260 3704 :

411 3759 437 3784 ‹‹
470 3733 574 3790 Hic
604 3736 761 3791 venit
791 3736 849 3791 in
883 3737 1308 3805 testimonium,
1332 3743 1396 3794 ut
1425 3739 1828 3799 testimonium
1859 3761 1985 3816 per-

334 3823 561 3880 hiberet
589 3825 660 3881 de
681 3825 971 3882 lumine.’»
996 3827 1068 3884 Ut
1091 3828 1231 3900 quid
1262 3828 1667 3886 testimonium
1691 3826 1988 3904 perhibuit

335 3913 406 3969 de
427 3913 650 3970 lumine
664 3915 692 3970 ?
713 3915 1043 3972 declaratur
1063 3934 1194 3972 cum
1219 3917 1581 3974 subinfertur
1601 3937 1613 3974 :
1637 3944 1663 3969 «
1689 3920 1762 3976 Ut
1780 3939 1872 3978 om
1883 3939 1984 3979 nes

334 4003 638 4060 crederent
668 4021 771 4077 per
803 4004 1157 4062 illum.»Nan
1181 4007 1324 4062 dixit
1352 4012 1417 4064 ut
1448 4025 1652 4065 omnes
1682 4012 1985 4068 crederent

333 4091 392 4147 in
444 4091 634 4161 illum,
689 4093 826 4166 quia
858 4118 885 4143 «
919 4095 1268 4152 maledictus
1314 4097 1488 4152 homo
1519 4097 1618 4170 qui
1650 4101 1892 4156 conlidit
1923 4102 1984 4158 in

333 4182 571 4239 homine
615 4183 830 4255 (larem.
873 4188 1030 4254 xvu),
1068 4208 1095 4234 υ
1129 4186 1227 4240 sed
1259 4208 1285 4233 «
1320 4189 1384 4241 ut
1429 4195 1634 4242 omnes
1685 4190 1985 4247 crederent

333 4296 358 4322 «
394 4289 497 4344 per
526 4272 713 4342 illum,
751 4297 778 4324 ››
812 4274 866 4329 id
901 4278 1007 4340 est,
1045 4291 1145 4346 per
1173 4275 1300 4346 ejus
1331 4276 1735 4332 testimonium
1778 4296 1982 4337 omnes

331 4362 632 4418 crederent
653 4363 709 4417 in
733 4362 1236 4419 Christum.Aliud
1257 4368 1344 4420 est
1359 4365 1514 4420 enim
1537 4367 1768 4423 credere
1790 4367 1979 4435 illum,

331 4449 492 4504 aliud
524 4469 626 4522 per
655 4452 843 4520 illum,
870 4451 1026 4508 aliud
1064 4452 1121 4507 in
1158 4452 1294 4509 illis.
1325 4454 1568 4510 Credere
1596 4455 1783 4525 illum,
1804 4461 1860 4513 et
1880 4474 1983 4529 per

2096 3299 2197 3354 sed
2227 3302 2292 3353 ut
2323 3297 2580 3354 salvetur
2607 3297 2867 3352 mundus
2898 3313 3000 3368 per
3027 3294 3223 3368 ipsum
3254 3295 3430 3363 (Joan.
3463 3294 3587 3364 xu).
3617 3316 3648 3342 υ
3681 3294 3755 3349 Et

2096 3385 2309 3443 Paulus
2342 3385 2676 3459 apostolus:
2701 3409 2728 3436 «
2767 3390 2914 3441 Deus
2944 3389 3068 3441 erat
3098 3385 3156 3440 in
3187 3383 3440 3452 Christo,
3457 3382 3752 3438 mundum

2094 3476 2480 3532 reconcilians
2511 3475 2622 3532 sibi
2655 3476 2702 3548 (I
2729 3475 2850 3531 Cor.
2875 3475 2950 3546 v).
2978 3497 3004 3524 ››
3037 3475 3202 3540 Quod
3235 3489 3366 3530 vero
3399 3471 3751 3545 subiungit:

2096 3590 2122 3614 «
2161 3567 2230 3621 Et
2261 3566 2517 3621 mundus
2551 3582 2653 3638 per
2678 3565 2875 3638 ipsum
2908 3565 3098 3620 factus
3127 3567 3236 3631 est,
3263 3586 3288 3612 υ
3311 3562 3385 3616 ad
3416 3561 3598 3616 situm
3622 3578 3753 3634 per-

2093 3656 2240 3711 tinet
2271 3654 2428 3710 orbis
2459 3659 2772 3721 terrarum,
2785 3655 2957 3726 juxta
2987 3652 3132 3708 illud
3163 3653 3320 3724 quod
3353 3649 3637 3706 Dominus
3669 3650 3752 3706 ait

2093 3745 2152 3800 in
2179 3744 2488 3818 Evangelia
2517 3743 2826 3816 discipulis
2852 3760 2864 3798 :
2902 3765 2930 3793 ‹‹
2961 3743 3180 3798 Euntes
3210 3741 3270 3797 in
3303 3741 3595 3796 mundum
3618 3740 3752 3796 uni-

2091 3851 2348 3890 versum.
2387 3855 2408 3884 ι
2455 3833 2617 3897 Quod
2667 3836 2861 3888 autem
2895 3831 3071 3888 infert
3102 3847 3116 3886 :
3151 3853 3180 3881 «
3213 3834 3270 3886 et
3301 3830 3561 3885 mundus
3609 3846 3746 3886 eum

2095 3941 2208 3978 non
2255 3923 2543 3997 cognovit,
2580 3948 2600 3974 ι
2639 3923 2710 3978 ad
2761 3920 2968 3977 mundi
3007 3919 3260 3993 pertinet
3302 3923 3614 3975 amatores.
3666 3918 3749 3974 De

2093 4014 2311 4086 quibus
2344 4012 2480 4070 alibi
2513 4011 2796 4068 Dominus
2843 4010 2925 4066 ait
2956 4027 2968 4064 :
2999 4011 3168 4067 Pater
3187 4010 3368 4082 juste,
3402 4009 3666 4064 mundus
3690 4013 3750 4063 te

2093 4120 2209 4159 non
2231 4101 2518 4175 cognovit.
2538 4103 2600 4157 ln
2623 4107 2690 4157 ea
2709 4117 2842 4156 vero
2861 4099 3016 4172 quod
3035 4099 3116 4154 ait
3141 4115 3152 4154 :
3180 4121 3207 4148 ‹‹
3233 4098 3293 4154 In
3320 4097 3538 4153 munda
3552 4100 3700 4163 erat,
3716 4119 3744 4146 ››

2093 4191 2348 4248 ostendit
2377 4208 2478 4263 per
2517 4189 2880 4245 divinitatem
2914 4205 3046 4245 eum
3079 4186 3298 4259 ubique
3327 4203 3456 4242 esse
3489 4203 3748 4258 praesen-

2092 4285 2207 4336 tem
2245 4297 2257 4334 :
2291 4279 2431 4353 quia
2461 4277 2621 4334 nulla
2669 4277 3040 4333 concluditur
3085 4277 3230 4341 loco,
3264 4275 3351 4332 vel
3392 4275 3746 4342 excluditur,

2093 4371 2193 4426 sed
2226 4370 2350 4441 ipse
2380 4372 2468 4424 est
2497 4367 2764 4439 superior
2806 4370 2864 4422 ct
2909 4366 3034 4440 ipse
3066 4365 3324 4431 inferior,
3353 4366 3476 4437 ipse
3504 4363 3752 4421 interior

2092 4463 2148 4516 et
2191 4459 2315 4530 ipse
2339 4457 2606 4514 exterior.
2642 4456 2879 4529 Legitur
2909 4479 2936 4506 «
2972 4455 3031 4511 in
3077 4455 3298 4511 mundo
3329 4458 3472 4517 erat,
3509 4477 3536 4502 ››
3567 4455 3625 4510 id
3658 4457 3754 4510 est

231 4559 244 4568 -
332 4536 522 4603 illum,
557 4540 629 4592 ad
665 4539 893 4595 fidelem
925 4541 1224 4598 hominem
1259 4542 1455 4598 referri
1489 4547 1678 4614 potest
1705 4561 1717 4612 ;
1749 4547 1983 4605 credere
2014 4556 2061 4622 D
2092 4548 2151 4604 in
2186 4549 2325 4604 orbe
2356 4550 2666 4602 terrarum.
2703 4545 2950 4614 Quidam
2981 4550 3178 4602 tamen
3211 4567 3239 4594 ‹‹
3276 4545 3333 4599 in
3365 4544 3608 4609 mundo,
3634 4566 3662 4591 »
3686 4544 3748 4600 in

331 4630 528 4680 autem
562 4627 620 4681 in
650 4625 970 4694 illum,nisi
991 4631 1062 4684 ad
1085 4647 1218 4685 eum
1253 4647 1365 4685 non
1400 4631 1668 4702 pertinet,
1684 4633 1840 4689 verbi
1860 4652 1987 4706 gra-

331 4713 413 4768 tia
449 4730 460 4768 :
495 4714 678 4770 Credo
720 4715 990 4784 Paulum,
1020 4721 1076 4773 et
1107 4735 1209 4790 per
1257 4718 1503 4774 Paulum
1534 4720 1727 4787 credo,
1763 4720 1819 4776 id
1870 4727 1978 4791 est,

330 4819 432 4874 per
460 4804 587 4874 ejus
619 4804 1108 4875 praedicationem,
1142 4811 1338 4863 tamen
1368 4825 1482 4862 non
1534 4809 1704 4864 credo
1737 4809 1793 4864 in
1830 4811 1981 4868 Pau-

329 4887 474 4952 lum,
508 4891 608 4944 sed
641 4891 701 4945 in
729 4897 910 4948 Deum
941 4911 1114 4965 quem
1147 4895 1440 4968 praedicat.

400 5000 425 5026 ‹‹
459 4977 584 5032 Non
613 4983 736 5034 erat
755 4980 852 5036 ille
873 4981 992 5048 lux,
1012 4985 1112 5038 sed
1139 4990 1201 5040 ut
1224 4984 1628 5042 testimonium
1652 4987 1982 5058 perhiberet

331 5089 358 5114 ‹‹
390 5067 460 5121 de
492 5066 731 5122 lumine.
757 5091 782 5116 ››
813 5070 1099 5132 Quaeritur
1129 5090 1307 5145 quare
1337 5075 1697 5150 evangelista
1722 5077 1879 5134 dicat
1907 5081 1979 5135 de

325 5155 550 5210 Joanne
581 5155 790 5211 dilecto
827 5156 1143 5225 Damini,et
1164 5162 1316 5218 inter
1337 5170 1506 5221 natos
1530 5164 1844 5222 mulierum
1870 5184 1990 5224 ma-

316 5231 470 5311 Jore,
505 5265 525 5292 α
561 5262 675 5299 non
707 5250 832 5300 erat
863 5245 958 5301 ille
990 5246 1109 5313 lux,
1137 5272 1163 5296 ››
1199 5268 1330 5307 cum
1365 5255 1645 5312 Dominus
1678 5255 1988 5326 discipulis

327 5334 517 5389 dicat:
541 5359 567 5384 ‹‹
587 5334 704 5392 Vas
726 5334 870 5391 estis
888 5337 988 5391 lux
1019 5338 1223 5393 mundi
1253 5340 1470 5411 (Matth.
1491 5348 1569 5411 v).
1597 5368 1624 5395 »
1648 5347 1748 5401 sed
1769 5347 1838 5401 ad
1865 5347 1984 5404 haec

329 5424 512 5498 facilis
546 5431 702 5496 patet
751 5425 1074 5500 responsio,
1113 5427 1251 5497 quia
1299 5428 1411 5483 alia
1443 5437 1530 5486 est
1561 5432 1659 5487 lux
1691 5452 1816 5507 quae
1847 5435 1980 5493 illu-

331 5513 661 5581 minat,alia
695 5533 820 5588 quae
849 5514 1232 5571 illuminatur.
1255 5517 1377 5572 Lux
1404 5522 1492 5572 est
1513 5537 1638 5591 qua:
1661 5521 1976 5597 illuminat,

333 5623 458 5681 qua:
491 5622 595 5662 nec
627 5607 859 5663 mitium
891 5606 1120 5681 accipit,
1155 5625 1257 5665 nec
1301 5609 1412 5665 line
1455 5611 1840 5687 concluditur,
1874 5633 1978 5674 nec

2096 4636 2316 4693 sanctis
2345 4635 2687 4693 hominibus
2717 4639 3035 4710 exponunt.
3071 4657 3098 4686 «
3131 4635 3385 4691 Mundus
3418 4650 3519 4706 per
3546 4632 3748 4705 ipsum

2091 4728 2282 4782 factus
2311 4731 2422 4792 est,
2458 4749 2485 4775 ››
2519 4725 2658 4799 quia
2689 4725 2880 4782 omnis
2911 4729 3178 4781 creatura
3224 4741 3327 4796 per
3353 4723 3549 4796 ipsum
3581 4727 3641 4778 et
3672 4723 3747 4779 ab

2088 4816 2216 4889 ipso
2249 4815 2402 4872 facta
2430 4820 2519 4872 est
2547 4833 2615 4872 ex
2649 4814 2848 4871 nihilo.
2885 4838 2912 4863 ‹‹
2946 4813 3014 4868 Et
3045 4813 3305 4868 mundus
3333 4828 3468 4868 eum
3499 4827 3614 4866 non
3650 4827 3749 4867 ca-

2089 4905 2308 4978 gnovit,
2330 4929 2357 4955 »
2389 4905 2447 4961 id
2469 4909 2576 4973 est,
2597 4905 2801 4962 mundi
2831 4906 3143 4960 amatores.
3163 4903 3336 4958 Recte
3361 4899 3518 4957 enim
3536 4900 3748 4956 mundi

2089 5000 2386 5052 amatores
2425 4994 2629 5051 mundi
2679 4991 2918 5050 nomine
2959 4996 3262 5057 vocantur,
3295 4989 3434 5063 quia
3465 4993 3658 5046 mente
3689 4994 3750 5046 et

2088 5085 2380 5142 desideria
2412 5084 2702 5140 mundum
2733 5080 3016 5137 incolunt.
3035 5080 3363 5137 Visibiliter
3389 5083 3586 5136 autem
3608 5095 3748 5135 eum

2099 5175 2267 5248 signa
2299 5175 2624 5239 facientem,
2659 5169 2879 5226 scilicet
2906 5171 3114 5241 Judaei,
3145 5169 3440 5235 viderunt,
3461 5173 3519 5224 et
3547 5169 3748 5241 ipsum

2086 5251 2211 5322 non
2244 5264 2657 5336 cognoverunt.
2681 5260 2827 5316 Nam
2857 5259 3066 5316 caelum
3099 5260 3389 5333 cognovit,
3411 5258 3647 5331 quando
3679 5274 3748 5314 eo

2096 5358 2231 5410 nato
2263 5368 2472 5409 novam
2503 5349 2732 5406 stellam
2766 5349 2963 5418 misit;
2999 5366 3160 5405 mare
3189 5347 3478 5422 cognovit,
3507 5346 3747 5421 quando

2093 5443 2202 5499 sub
2237 5440 2450 5514 plantis
2481 5439 2609 5509 ejus
2639 5455 2700 5494 se
2732 5437 3007 5495 calcabile
3039 5439 3326 5512 praebuit;
3354 5442 3508 5494 terra
3536 5452 3749 5508 cogno-

2089 5533 2192 5600 vit,
2223 5529 2457 5602 quando
2488 5544 2552 5584 eo
2586 5527 2870 5585 moriente
2913 5528 3304 5598 contremuit;
3333 5527 3419 5584 sal
3451 5525 3744 5600 cognovit,

2091 5621 2231 5692 quia
2263 5619 2457 5676 radios
2489 5634 2628 5677 suos
2673 5617 2732 5676 in
2773 5619 2899 5690 ejus
2931 5624 3116 5677 morte
3146 5617 3474 5678 abscondit.
3509 5615 3646 5684 Sed,
3680 5618 3749 5672 ut
