4070 6190
297 333 372 394 61
1540 332 1894 395 HOMILIIE
1937 333 2038 394 DE

293 467 572 536 diximus,
609 464 816 522 mundi
847 456 1158 537 amatores,
1210 464 1432 522 scilicet
1468 466 1675 538 Judaei,
1709 483 1825 522 non
1856 483 1952 523 co-
1984 467 2037 534 Α

293 559 644 631 gnoverunt.
677 556 758 612 De
789 555 1003 628 quibus
1031 556 1222 612 adhuc
1253 557 1660 630 subjungitur:

367 671 394 696 «
430 647 492 702 In
531 646 766 718 propria
791 646 972 714 venit,
1005 650 1062 701 et
1092 646 1183 701 sui
1208 663 1344 701 eum
1380 663 1495 700 non
1528 649 1888 719 receperunt.
1926 667 1954 696 ››

290 735 356 791 In
392 735 627 808 propria
661 734 878 807 quippe
906 734 1080 802 venit,
1134 734 1273 806 quia
1306 751 1420 790 non
1454 735 1647 792 solum
1678 753 1746 791 ex
1778 737 1959 807 stirpe

289 825 636 881 Judaeorum
667 841 901 879 carnem
935 825 1278 898 assumpsit,
1330 826 1430 880 sed
1471 826 1648 880 etiam
1681 825 1832 881 inter
1860 843 1958 881 eos

291 914 521 980 docuit,
553 913 906 986 praedicavit,
939 913 1110 986 signa
1155 919 1212 969 et
1261 913 1504 970 virtutes
1536 914 1960 971 inenarrabiles

287 1004 572 1059 ostendit.
608 1027 634 1052 ‹‹
661 1003 772 1059 Sed
791 1003 881 1058 sui
916 1019 1051 1059 cum
1069 1020 1184 1058 non
1210 1009 1578 1077 receperunt,
1610 1028 1638 1054 »
1663 1005 1720 1060 id
1745 1010 1832 1060 est
1852 1005 1960 1060 Ju-

287 1092 424 1158 daei,
439 1110 586 1164 quos
604 1091 715 1148 sibi
731 1091 1101 1164 peculiariter
1113 1094 1413 1166 prioribus
1427 1094 1791 1166 temporibus
1805 1093 1963 1164 velut

286 1181 562 1255 proprios
608 1181 912 1248 asciverat,
959 1199 1106 1254 quos
1148 1182 1210 1238 in
1261 1187 1414 1239 terra
1463 1182 1961 1256 repromissionis,

289 1271 498 1341 ejectis
519 1270 808 1338 hostibus,
844 1269 1105 1327 habitare
1128 1271 1358 1340 fecerat,
1394 1272 1610 1344 quibus
1637 1272 1783 1345 legis
1805 1271 1954 1328 noti-

290 1360 438 1415 tiam
471 1360 732 1426 dederat,
765 1365 822 1416 et
847 1361 916 1415 ad
950 1378 1202 1432 quorum
1226 1361 1621 1418 eruditionem
1647 1363 1961 1434 prophetas

291 1449 560 1517 miserat,
589 1454 646 1505 et
670 1466 738 1504 ex
768 1449 982 1522 quibus
1007 1450 1169 1506 nasci
1191 1450 1466 1524 elegerat.
1502 1451 1629 1508 Sive
1663 1456 1815 1508 certe
1847 1476 1873 1502 ‹‹
1901 1452 1959 1506 in

289 1539 534 1610 propria
566 1539 742 1604 venit,
769 1561 796 1587 ››
829 1538 970 1611 quia
999 1539 1058 1594 in
1080 1541 1301 1596 mundo
1325 1541 1597 1612 apparuit
1627 1559 1731 1613 per
1751 1541 1963 1598 huma-

290 1627 567 1694 nitatem,
628 1645 803 1701 quem
859 1629 1074 1684 fecerat
1144 1646 1246 1702 per
1307 1628 1692 1686 divinitatem.
1754 1631 1963 1687 Venire

288 1717 515 1790 quippe
547 1722 603 1772 et
634 1717 812 1786 abire,
848 1717 1236 1776 humanitatis
1261 1725 1349 1775 est
1377 1737 1388 1775 :
1445 1738 1680 1776 manere
1710 1725 1766 1776 et
1810 1738 1958 1782 esse,

286 1805 640 1862 divinitatis.
672 1829 698 1856 ‹‹
730 1807 842 1862 Sed
871 1807 960 1862 sui
991 1825 1125 1863 cum
1160 1825 1274 1864 non
1312 1815 1675 1881 receperunt.
1703 1834 1729 1858 ››
1756 1811 1817 1865 Id
1851 1813 1957 1875 est,
1999 1847 2041 1912 Β

287 1894 569 1951 homines
599 1913 746 1967 quos
768 1897 841 1952 ad
872 1895 1190 1968 imaginem
1225 1903 1280 1953 et
1305 1898 1758 1954 similitudinem
1795 1917 1964 1954 suam

284 1985 532 2052 fecerat,
567 2002 784 2057 magna
815 2003 882 2041 ex
911 1990 1075 2058 parte
1105 1986 1164 2041 in
1196 2005 1331 2044 eum
1356 1989 1593 2044 credere
1627 1988 1962 2044 noluerunt-

285 2075 407 2128 Sed
442 2074 712 2146 nunquid
747 2092 952 2130 omnes
975 2077 1046 2130 ab
1082 2077 1213 2147 ejus
1245 2077 1451 2132 notitia
1471 2077 1643 2134 alieni
1666 2095 1962 2134 remanse-

287 2169 436 2218 runt
457 2165 485 2218 ἰ)
515 2164 660 2219 Non.
696 2164 845 2220 Nam
876 2167 1177 2238 sequitur:

375 2275 401 2300 «
432 2251 726 2324 Quotquot
743 2256 940 2308 autem
963 2259 1472 2326 receperuntcum.
1499 2277 1523 2303 ››
1544 2253 1630 2308 Illi
1656 2271 1789 2309 eum
1813 2271 1961 2310 rece-

287 2345 539 2412 perunt,
560 2340 660 2412 qui
684 2358 818 2396 eum
847 2342 1058 2398 aPatre
1080 2343 1331 2400 missum
1355 2342 1567 2400 Filium
1591 2343 1688 2399 Dei
1710 2344 1963 2399 credide-

289 2433 461 2484 runt.
481 2430 589 2485 Sed
605 2429 742 2500 quid
765 2431 850 2487 eis
863 2432 1245 2503 profuitquod
1261 2449 1394 2488 eum
1410 2433 1779 2505 receperunt?
1811 2455 1830 2483 α
1855 2438 1960 2488 De-

292 2542 324 2568 ει
365 2517 453 2572 dit
485 2518 589 2583 eis,
624 2519 838 2591 inquit,
871 2524 1214 2592 potestatem
1247 2521 1398 2577 filios
1426 2521 1526 2577 Dei
1558 2521 1700 2588 fieri,
1737 2521 1828 2578 his
1859 2523 1960 2594 qui

291 2629 323 2656 (ι
369 2607 617 2663 credunt
646 2608 704 2662 in
739 2609 977 2664 nomine
1005 2610 1154 2680 ejus.
1183 2633 1210 2658 ››
1241 2610 1348 2666 Ubi
1372 2609 1536 2682 larga
1561 2609 1961 2666 misericordia

287 2695 402 2751 Dei
434 2696 785 2764 ostenditur,
821 2699 1055 2769 quando
1086 2699 1187 2770 qui
1209 2699 1356 2754 servi
1390 2717 1505 2755 non
1541 2700 1768 2755 fuerant
1797 2699 1959 2773 digni

288 2784 481 2840 etiam
512 2784 618 2840 filii
650 2791 962 2842 vocantur:
998 2804 1114 2843 non
1146 2804 1248 2860 per
1277 2792 1570 2860 naturam,
1605 2792 1706 2847 sed
1739 2807 1840 2862 per
1865 2791 1960 2846 ad-

287 2873 560 2947 optionis
593 2875 865 2946 gratiam,
902 2879 965 2931 ut
996 2876 1091 2931 hic
1121 2877 1381 2934 haeredes
1413 2878 1510 2933 Dei
1542 2896 1644 2951 per
1686 2881 1859 2935 fidem
1893 2898 1958 2937 eo

284 2963 562 3019 haeredes
595 2964 925 3020 efﬁciamur
953 2965 1168 3022 Christi
1193 2984 1296 3039 per
1315 2967 1774 3039 gratiam,juxta
1803 2971 1957 3041 quod

279 3053 454 3108 idem
487 3053 746 3110 Joannes
764 3055 824 3108 in
846 3055 962 3110 fine
985 3055 1277 3128 Evangelii
1307 3057 1398 3111 sui
1431 3057 1684 3129 scripsit,
1719 3057 1917 3113 dicens
1943 3075 1955 3112 :

285 3164 318 3194 ι
357 3141 493 3197 Haec
521 3147 720 3198 autem
754 3144 974 3216 scripta
1004 3148 1143 3200 sunt
1175 3148 1237 3199 ut
1264 3146 1535 3213 credatis,
1562 3147 1839 3217 quoniam
1870 3147 1961 3203 Je-

281 3249 404 3288 sus
435 3237 522 3287 est
558 3231 739 3288 Filius
771 3232 892 3300 Dei,
927 3237 985 3288 et
1017 3239 1100 3300 ut,
1135 3234 1458 3302 credentes,
1491 3234 1666 3291 vitam
1692 3235 1958 3293 habeatis
1991 3217 2033 3284 C

281 3319 354 3373 in
405 3318 644 3374 nomine
693 3321 822 3391 ejus
856 3319 1029 3392 (Joan.
1063 3322 1179 3393 xx).
1216 3344 1244 3370 »
1279 3321 1425 3387 Quid
1458 3339 1593 3395 ergo
1624 3324 1955 3397 benignius,

281 3407 440 3480 quid
475 3407 935 3476 misericordius,
972 3427 1148 3482 quam
1173 3411 1384 3467 unicus
1405 3412 1586 3467 Filius
1614 3413 1728 3481 Dei,
1757 3413 1959 3472 nolens

283 3513 536 3552 manere
548 3496 1203 3565 solus,nostracarnesu
1216 3505 1511 3572 mpta,nos
1525 3503 1658 3557 fecit
1671 3503 1768 3558 Dei
1785 3503 1956 3572 ﬁlios,

279 3591 345 3642 et
373 3585 485 3641 sibi
510 3587 814 3659 adoptavit
836 3587 896 3642 in
921 3588 1147 3656 fratres,
1174 3593 1236 3644 ut
1259 3591 1412 3662 quod
1432 3591 1555 3663 ipse
1577 3591 1829 3648 habebat
1857 3611 1960 3664 per

282 3679 598 3743 naturam,
633 3692 740 3730 nos
788 3675 1139 3734 haberemus
1168 3695 1271 3749 per
1299 3679 1550 3751 gratiam
1573 3681 1600 3735 ?
1635 3681 1714 3736 De
1745 3681 1958 3753 quibus

280 3765 420 3836 ipse
442 3764 586 3819 dicit
615 3764 674 3820 in
709 3765 1062 3838 Evangelio:
1101 3789 1128 3816 ‹‹
1153 3767 1497 3842 Quicunque
1529 3769 1726 3824 fecerit
1757 3769 1958 3826 volun-

279 3857 472 3908 tatem
497 3853 686 3909 Patris
708 3855 844 3923 mei,
874 3856 972 3927 qui
996 3855 1056 3910 in
1088 3856 1248 3913 caelis
1271 3862 1379 3927 est,
1414 3857 1538 3930 ipse
1570 3875 1736 3914 meus
1761 3859 1954 3916 frater:

281 3959 458 3998 soror
488 3946 548 3997 et
596 3947 784 4000 mater
829 3948 917 3999 est
949 3944 1153 4017 (Matth.
1189 3949 1313 4016 vn).
1350 3968 1379 3996 ››
1413 3947 1478 4002 Et
1527 3953 1658 4020 post
1700 3966 1955 4004 resurre-

284 4032 552 4088 ctionem
603 4031 922 4104 discipulos
971 4033 1181 4089 fratres
1233 4051 1436 4091 vocare
1485 4036 1780 4107 dignatus,
1835 4037 1953 4094 ait:

286 4143 313 4167 ιι
357 4119 461 4185 Ite,
485 4120 752 4176 nuntiate
773 4120 1052 4177 fratribus
1076 4121 1240 4178 meis.
1264 4146 1291 4171 ››
1309 4123 1391 4177 Ad
1416 4123 1566 4178 hanc
1584 4124 1955 4197 adoptionem

289 4225 414 4264 non
445 4208 628 4276 venit,
661 4208 773 4265 nisi
809 4209 910 4282 qui
941 4211 1055 4265 ﬁde
1099 4211 1409 4266 crediderit
1445 4211 1504 4266 in
1539 4213 1774 4269 nomine
1804 4215 1952 4286 ejus,

286 4298 582 4370 quoniam
611 4298 764 4354 sicut
795 4299 1080 4371 scriptum
1114 4304 1231 4356 est:
1267 4301 1526 4357 «Justus
1550 4319 1618 4358 ex
1647 4302 1761 4358 fide
1792 4303 1950 4369 vivit,

285 4386 423 4442 sine
455 4404 573 4458 qua
601 4386 970 4460 impossibile
996 4393 1082 4444 est
1101 4389 1330 4462 placere
1353 4391 1672 4462 Deo(R0m.
1709 4410 1722 4446 ι
1747 4409 1759 4447 ;
1793 4394 1952 4449 Hebr.

283 4476 396 4546 ιι).
427 4495 455 4527 ι
496 4476 565 4531 Et
595 4494 666 4532 ne
697 4481 933 4548 putares
952 4478 1103 4534 hanc
1137 4477 1493 4535 nativitatem
1512 4480 1804 4538 carnalem
1829 4499 1956 4538 esse

284 4571 348 4620 et
381 4582 500 4620 non
532 4565 921 4637 spiritualcm,
955 4572 1108 4624 recte
1137 4569 1555 4641 subjungitur:

365 4677 398 4704 α
430 4655 539 4718 Qui
575 4672 690 4710 non
733 4672 801 4711 ex
849 4657 1261 4730 sanguinibus,
1308 4675 1498 4730 neque
1545 4676 1613 4715 ex
1657 4660 1954 4718 voluntate

283 4769 312 4792 ς(
356 4742 576 4810 carnis,
614 4761 802 4817 neque
833 4761 902 4801 ex
950 4746 1247 4802 voluntate
1303 4748 1432 4802 viri.
1470 4771 1497 4798 ››
1559 4749 1620 4803 In
1667 4766 1782 4822 quo
1831 4751 1956 4807 loco

283 4849 431 4886 cum
468 4855 495 4880 α
528 4849 597 4887 ex
626 4833 1020 4906 sanguinibus
1044 4859 1070 4885 ››
1103 4835 1320 4908 posuit,
1344 4842 1547 4893 contra
1577 4838 1837 4912 regulam
1869 4857 1958 4895 ar-

282 4920 367 4976 tis
403 4923 804 4992 grammaticaa
839 4923 992 4990 fecit,
1026 4924 1164 4996 quia
1193 4926 1349 4997 apud
1379 4927 1795 4998 grammaticos
1827 4946 1957 4985 san-

281 5009 427 5083 guis
460 5027 694 5083 semper
751 5012 1149 5086 singulariter,
1199 5019 1256 5070 et
1300 5033 1604 5088 nunquam
1654 5016 1960 5089 pluraliter

282 5099 642 5156 enuntiatur
670 5103 998 5162 secundum
1030 5102 1318 5176 regulam.
1373 5105 1485 5160 Sed
1519 5122 1635 5160 non
1666 5124 1816 5162 curae
1850 5108 1957 5163 fuit

281 5189 664 5260 evangelista:
697 5191 1005 5247 observare
1037 5192 1300 5264 regulam
1349 5193 1494 5248 artis
1535 5197 1952 5266 grammaticae,

285 5281 356 5331 ut
382 5279 700 5350 perfectius
732 5296 973 5336 sensum
999 5280 1285 5352 explicare
1307 5287 1524 5354 posset.
1549 5284 1605 5337 Si
1628 5285 1785 5340 enim
1810 5284 1956 5341 dice-

286 5371 383 5422 ret
412 5383 480 5423 ex
510 5368 821 5442 sanguine,
868 5369 979 5425 viri
1007 5374 1238 5426 tantum
1282 5369 1579 5427 videretur
1625 5373 1955 5446 significare

288 5472 520 5524 semen,
551 5463 608 5514 et
627 5476 744 5514 non
769 5459 1020 5532 pleniter
1044 5461 1196 5532 quod
1222 5459 1394 5516 vellet
1416 5463 1790 5534 exprimeret:
1817 5482 1950 5520 cum

285 5560 425 5600 vero
454 5547 598 5603 dicit
628 5572 656 5598 «
692 5565 761 5604 ex
792 5550 1201 5623 sanguinibus,
1240 5572 1267 5599 »
1299 5550 1403 5604 viri
1438 5552 1656 5623 pariter
1686 5558 1742 5609 et
1787 5555 1950 5610 femi-

283 5651 381 5689 nae
411 5639 883 5708 conjunctionem
916 5639 1190 5696 ostendit.
1227 5639 1390 5696 Unde
1422 5658 1493 5697 ne
1535 5643 1666 5713 quis
1701 5644 1945 5700 interro-

1987 4593 2031 4657 D

2083 331 2489 394 TEMPOltE.
3629 326 3722 400 ,62

2067 469 2230 540 garet
2259 481 2438 539 quare
2465 485 2492 516 κ
2519 481 2588 521 ex
2618 461 3008 539 sanguinibus
3035 485 3062 513 ››
3087 461 3348 531 dixisset,
3381 463 3720 536 exponendo

2069 555 2390 626 ubjunxit,
2425 555 2664 610 (licens:
2700 578 2726 604 «
2761 555 2958 626 Neque
2991 571 3058 609 ex
3105 552 3402 608 voluntate
3453 551 3578 620 viri,
3621 570 3720 610 ne-

2069 662 2180 716 que
2211 662 2276 700 ex
2307 644 2603 700 voluntate
2653 644 2867 699 carnis.
2905 666 2932 692 »
2977 643 3222 698 Carnem
3257 659 3361 714 pro
3411 658 3588 696 uxore
3619 659 3720 714 po-

2070 735 2205 799 suit,
2250 735 2422 805 juxta
2469 734 2610 789 illud
2662 735 2815 805 quod
2867 732 3150 804 scriptum
3182 737 3304 788 est:
3355 732 3533 787 «Hoc
3568 749 3724 788 nunc

2069 842 2134 879 os
2164 841 2231 879 ex
2280 824 2513 880 ossibus
2554 823 2721 889 meis,
2754 827 2811 878 et
2843 840 2974 878 caro
3027 823 3097 876 de
3146 838 3318 877 carne
3369 838 3517 876 mea.
3551 842 3576 872 ιο
3615 822 3756 877 Etz'

2071 936 2098 961 ι(
2126 912 2306 968 Erunt
2353 913 2466 968 duo
2522 913 2580 967 in
2622 929 2794 967 carne
2842 929 2958 966 una
3007 911 3161 979 (Gen.
3196 911 3282 981 ιι).
3320 933 3346 960 ››
3378 911 3448 966 Et
3476 913 3724 982 Aposto-

2071 1000 2202 1056 lus:
2239 1026 2265 1050 α
2302 1002 2482 1057 Nemo
2517 1019 2775 1073 unquam
2826 1018 3059 1056 carnem
3113 1017 3280 1055 suam
3312 998 3443 1055 odio
3494 999 3721 1070 habuit,

2071 1089 2172 1146 sed
2207 1089 2388 1144 nutrit
2418 1107 2545 1146 eam
2573 1096 2628 1145 et
2662 1090 2809 1145 fovet
2839 1091 3052 1161 (Ephes.
3087 1089 3164 1160 v).
3205 1115 3225 1137 ν
3259 1087 3364 1145 Vel
3395 1106 3463 1145 ex
3493 1089 3728 1162 sangui-

2072 1178 2267 1245 nibus,
2299 1175 2358 1234 id
2390 1183 2496 1247 est,
2530 1179 2687 1235 vitiis
2736 1183 2792 1234 et
2831 1180 3104 1252 peccatis,
3140 1177 3291 1235 sicut
3322 1195 3424 1250 per
3474 1177 3723 1234 Psalmi-

2072 1273 2224 1323 stam
2275 1268 2524 1324 dicitur:
2580 1293 2607 1317 ‹‹
2645 1268 2852 1323 Libera
2883 1285 2974 1323 me
3007 1268 3076 1324 de
3103 1267 3512 1339 sanguinibus,
3548 1268 3722 1336 Deus,

2072 1358 2225 1413 Deus
2239 1356 2449 1413 salutis
2465 1375 2603 1413 mea:
2632 1358 2804 1426 (Psal.
2823 1359 2894 1425 ι).
2923 1376 2947 1407 n
2979 1381 3005 1405 ‹‹
3024 1357 3133 1412 Sed
3157 1374 3226 1412 ex
3246 1356 3361 1411 Deo
3376 1356 3492 1412 nati
3515 1360 3674 1412 sunt.
3698 1379 3725 1406 η

2073 1446 2329 1510 Qualiter
2349 1445 2434 1502 vel
2459 1447 2750 1519 quomodo
2771 1462 2839 1501 ex
2861 1446 2976 1502 Deo
2996 1448 3316 1500 nascantur
3343 1445 3635 1510 homines,
3664 1449 3727 1500 ut

2074 1535 2176 1590 ﬁlii
2211 1536 2306 1592 Dei
2341 1535 2459 1591 sint
2494 1553 2597 1607 per
2626 1535 3018 1606 adoptionem,
3055 1534 3335 1589 Dominus
3365 1533 3504 1588 alibi
3536 1533 3722 1589 mani-

2073 1625 2268 1692 festat,
2297 1625 2497 1681 dicens
2522 1643 2534 1679 :
2572 1649 2599 1675 ‹‹
2635 1623 2757 1680 Nisi
2790 1624 2922 1696 quis
2945 1628 3182 1679 renatus
3213 1623 3385 1680 fuerit
3408 1640 3476 1678 ex
3497 1639 3650 1695 aqua
3671 1628 3727 1678 et

2073 1714 2292 1787 Spiritu
2325 1718 2546 1782 sancto,
2582 1731 2695 1768 non
2738 1717 2928 1785 potest
2959 1712 3197 1767 introire
3237 1711 3296 1766 in
3333 1728 3574 1784 regnum
3624 1712 3724 1768 Dei

2073 1805 2232 1872 (Joun
2268 1805 2368 1875 ιιι).
2408 1827 2432 1852 n
2483 1804 2552 1858 Et
2603 1803 2810 1859 iterum
2841 1821 2851 1858 :
2888 1826 2913 1852 «
2948 1802 3110 1866 Quod
3156 1805 3360 1856 natum
3407 1805 3498 1856 est
3528 1816 3721 1865 carne,

2076 1909 2208 1949 caro
2239 1897 2360 1950 est:
2394 1896 2450 1948 et
2470 1893 2625 1964 quod
2659 1897 2862 1948 natum
2895 1896 2983 1947 est
3013 1908 3077 1947 ex
3111 1890 3340 1963 spiritu,
3374 1889 3618 1961 spiritus
3639 1893 3728 1945 est

2076 1982 2283 2054 (Ibid)
2323 2005 2349 2031 ››
2385 1983 2510 2038 Una
2538 1986 2626 2038 est
2655 1982 2810 2036 enim
2844 1985 3056 2036 natura
3086 1978 3357 2046 carnalis,
3393 1978 3576 2034 altera
3606 1978 3727 2050 spi-

2075 2071 2322 2127 ritualis.
2359 2072 2484 2127 Una
2513 2070 2786 2136 visibilis,
2821 2069 2936 2126 alia
2967 2069 3296 2126 invisibilis.

2144 2185 2171 2211 «
2210 2162 2274 2216 Et
2303 2161 2558 2217 Verbum
2591 2178 2724 2216 caro
2753 2162 2972 2216 factum
3003 2163 3111 2225 est,
3143 2161 3199 2214 et
3221 2156 3502 2214 habitavit
3531 2157 3590 2211 in
3624 2173 3726 2214 no-

2076 2273 2103 2301 ‹‹
2135 2252 2246 2306 his.
2281 2274 2306 2301 »
2339 2250 2679 2306 Versiculus
2711 2251 2816 2305 iste
2850 2267 2916 2304 ex
2947 2247 3347 2321 superioribus
3378 2247 3630 2318 pendet;
3659 2264 3726 2302 ac

2071 2341 2117 2396 si
2155 2341 2367 2397 diceret
2399 2339 2765 2412 Evangelista
2789 2356 2800 2393 :
2829 2339 2901 2393 Ut
2930 2338 3200 2394 homines
3223 2354 3324 2409 per
3355 2335 3725 2408 adoptionem

2072 2429 2175 2484 filii
2227 2430 2327 2484 Dei
2360 2429 2484 2484 fieri
2533 2433 2792 2501 possent,
2847 2426 2991 2482 illud
3025 2426 3282 2482 Verbum
3328 2425 3482 2497 quod
3514 2423 3725 2480 eratin

2071 2519 2378 2591 principio,
2406 2523 2553 2573 Deus
2579 2518 2732 2590 apud
2757 2521 2958 2584 Deum,
2986 2515 3152 2582 illud,
3179 2515 3444 2586 inquam,
3467 2513 3724 2570 Verbum

2071 2608 2289 2663 factum
2323 2612 2409 2662 est
2439 2624 2592 2674 caro,
2625 2607 2682 2662 id
2715 2611 2803 2662 est
2832 2611 2984 2662 Deus
3033 2605 3221 2660 factus
3252 2608 3340 2660 est
3379 2603 3574 2669 homo,
3608 2621 3725 2660 non

2070 2701 2264 2752 tamen
2300 2696 2358 2752 in
2390 2713 2560 2752 carne
2578 2713 2911 2764 conversus,
2933 2710 3242 2750 assumens
3263 2693 3418 2766 quod
3441 2710 3556 2749 non
3579 2696 3722 2759 erat,

2070 2803 2174 2841 nec
2207 2786 2481 2842 desinens
2517 2803 2644 2840 esse
2689 2785 2843 2857 quod
2875 2788 3016 2850 erat,
3049 2799 3400 2854 permanens
3433 2786 3604 2848 Deus,
3640 2781 3724 2836 fa-

2070 2880 2197 2930 ctus
2227 2878 2316 2931 est
2346 2874 2539 2930 homo.
2566 2874 2672 2940 Qui
2695 2878 2904 2928 cuncta
2935 2871 3069 2928 fecit
3091 2871 3148 2925 in
3178 2871 3364 2926 forma
3390 2869 3507 2939 Dei,
3534 2870 3592 2924 id
3613 2873 3721 2938 est,

2069 2982 2203 3020 cum
2235 2969 2389 3020 esset
2418 2969 2591 3032 Deus,
2627 2964 2812 3018 factus
2835 2969 2923 3018 est
2946 2962 3002 3016 in
3027 2963 3215 3017 forma
3236 2960 3405 3028 servi,
3432 2960 3618 3015 factus
3635 2963 3726 3016 est

2069 3054 2169 3126 qui
2202 3054 2435 3121 fecerat,
2472 3057 2534 3107 ut
2583 3052 2940 3107 inveniretur
2970 3051 3066 3123 qui
3120 3050 3386 3122 perierat.
3435 3049 3544 3105 Sed
3589 3065 3724 3104 cum

2069 3143 2241 3199 dicit:
2307 3143 2620 3197 «Verbum
2675 3158 2807 3196 caro
2865 3139 3083 3194 factum
3123 3143 3229 3206 est,
3274 3161 3301 3188 ››
3362 3137 3555 3192 carnis
3616 3155 3725 3192 no-

2073 3233 2227 3287 mine
2259 3232 2574 3304 perfectum
2599 3230 2898 3286 hominem
2921 3228 3233 3301 significat,
3268 3226 3367 3298 qui
3396 3229 3626 3281 constat
3656 3243 3724 3280 ex

2071 3322 2269 3376 anima
2298 3319 2562 3375 rationali
2597 3323 2654 3374 et
2682 3335 2874 3374 carne.
2923 3318 3076 3374 Usus
3108 3332 3362 3388 namque
3411 3314 3722 3386 Scriptura:

2069 3415 2157 3466 est
2187 3409 2501 3482 aliquando
2524 3425 2627 3480 per
2652 3407 2837 3464 solam
2861 3407 3140 3472 animam,
3166 3405 3479 3477 aliquando
3506 3420 3609 3476 per
3629 3421 3721 3460 so-

2067 3498 2185 3554 lam
2215 3515 2447 3554 carnem
2467 3501 2654 3552 totum
2676 3495 2976 3551 hominem
2999 3494 3350 3566 signiﬁcare.
3375 3493 3596 3548 Animae
3619 3510 3722 3549 n0-

2069 3587 2225 3642 mine
2259 3571 2414 3643 totus
2447 3586 2620 3642 homo
2651 3585 3035 3658 significatur,
3071 3584 3225 3639 sicut
3255 3582 3543 3655 scriptum
3593 3587 3719 3638 est:

2072 3698 2099 3728 ‹‹
2129 3675 2630 3732 DescenditJacob
2650 3674 2712 3730 in
2737 3676 3044 3747 Aigyptum
3067 3673 3126 3728 in
3150 3672 3461 3727 animabus
3487 3675 3722 3744 septua-

2066 3765 2226 3839 ginta
2246 3766 2398 3838 (Gen.
2418 3765 2588 3837 XLVI).
2609 3787 2636 3812 »
2657 3764 2873 3820 Iterum
2895 3762 3090 3818 carnis
3115 3764 3348 3817 nomine
3367 3765 3524 3817 totus
3545 3760 3720 3817 homo

2067 3854 2608 3930 signiﬁcatur,sicut
2621 3853 2903 3924 scriptum
2919 3847 3723 3922 estinProphetazuEtvidebit

2069 3945 2261 4000 omnis
2284 3961 2415 3999 caro
2441 3943 2694 3998 salutare
2712 3941 2808 3997 Dei
2833 3944 2983 4010 (Luc.
3010 3944 3116 4009 Ill).
3140 3963 3167 3990 »
3186 3939 3310 3995 Non
3335 3937 3491 3994 enim
3513 3937 3719 3993 animae

2067 4033 2194 4089 sine
2214 4032 2555 4106 corporibus
2577 4033 2637 4087 in
2661 4033 2966 4104 rEgyptum
2985 4030 3434 4097 descenderunt,
3462 4045 3565 4084 nec
3587 4045 3720 4085 caro

2067 4124 2192 4179 sine
2224 4123 2421 4178 anima
2443 4121 2697 4177 salutare
2723 4120 2818 4176 Dei
2840 4121 3059 4176 videret
3084 4119 3315 4192 poterit,
3345 4118 3446 4174 sed
3469 4117 3628 4187 alibi,
3657 4122 3722 4174 ut

2066 4213 2344 4279 diximus,
2369 4229 2470 4284 per
2493 4211 2678 4267 solam
2697 4211 2978 4277 animam,
2999 4209 3136 4264 alibi
3162 4226 3263 4280 per
3281 4206 3464 4263 solam
3483 4223 3718 4262 carnem

2067 4306 2223 4357 totus
2246 4301 2420 4356 homo
2444 4301 2828 4374 significatur.
2854 4303 2941 4353 Ita
2962 4315 3096 4370 ergo
3115 4297 3300 4352 ethoc
3325 4296 3382 4351 in
3415 4297 3561 4365 loco,
3584 4312 3718 4351 cum

2066 4391 2242 4446 dicit:
2278 4413 2305 4439 ‹‹
2338 4390 2594 4444 Verbum
2627 4405 2760 4443 caro
2795 4388 3013 4442 factum
3047 4390 3154 4453 est,
3191 4408 3218 4434 ››
3255 4401 3368 4439 non
3421 4383 3578 4438 aliud
3630 4389 3721 4439 est

2067 4481 2254 4535 dicere
2285 4495 2461 4550 quam
2493 4483 2643 4534 Deus
2674 4477 2849 4532 homo
2881 4475 3067 4530 factus
3099 4478 3189 4530 est
3219 4491 3286 4530 ex
3317 4472 3512 4528 anima
3543 4472 3720 4528 ratio-

2066 4568 2204 4636 nali,
2241 4571 2305 4623 ut
2336 4566 2611 4634 diximus,
2659 4571 2714 4622 et
2746 4582 2938 4620 carne.
2976 4565 3234 4620 Fuerunt
3262 4562 3416 4619 enim
3448 4561 3714 4618 nonnulli

2065 4657 2319 4714 haeretici
2377 4658 2476 4730 qui
2525 4656 2795 4712 dixerunt
2852 4653 3164 4709 Dominum
3224 4669 3456 4708 carnem
3496 4652 3719 4723 absque

2065 4749 2262 4804 anima
2279 4747 2631 4819 suscepisse.
2657 4745 2714 4802 Si
2738 4744 2896 4801 enim
2919 4745 3074 4817 quod
3100 4743 3295 4798 minus
3318 4745 3407 4797 est
3429 4741 3580 4810 fecit,
3605 4741 3719 4796 uti-

2067 4854 2177 4910 que
2207 4839 2262 4892 et
2294 4837 2445 4909 quod
2471 4837 2663 4906 majus
2691 4837 2779 4889 est
2807 4833 3086 4905 suscepit.
3112 4831 3218 4896 Qui
3252 4830 3407 4886 enim
3441 4847 3543 4902 pro
3571 4829 3718 4885 libe-

2066 4925 2266 4982 randis
2300 4925 2608 4980 animabus
2646 4940 2880 4980 carnem
2914 4921 3191 4993 suscepit,
3241 4920 3366 4975 sine
3397 4919 3573 4975 dubio
3604 4919 3718 4974 hu-

2067 5032 2302 5071 manam
2355 5015 2614 5070 animam
2669 5011 2948 5084 suscepit.
3001 5015 3074 5066 De
3107 5026 3225 5083 qua
3264 5009 3388 5082 ipse
3418 5007 3714 5080 loquitur:

2068 5130 2092 5155 ‹‹
2130 5107 2480 5160 Potestatem
2515 5103 2700 5157 habeo
2726 5101 2979 5173 ponendi
3014 5100 3274 5156 animam
3299 5115 3510 5165 meam,
3536 5103 3588 5153 et
3621 5096 3720 5153 ite-

2067 5211 2196 5250 rum
2229 5193 2498 5248 sumendi
2531 5208 2660 5247 eam
2698 5191 2871 5263 (Joan.
2905 5190 3044 5261 xw).
3081 5214 3107 5240 ››
3141 5190 3211 5244 Et
3242 5189 3492 5244 iterum:
3528 5211 3556 5236 ‹‹
3590 5188 3716 5242 Tri-

2066 5284 2175 5340 stis
2233 5287 2320 5338 est
2378 5283 2576 5337 anima
2632 5297 2761 5336 mea
2818 5297 3004 5353 usque
3058 5280 3129 5336 ad
3192 5281 3438 5334 mortem
3511 5275 3713 5347 (Matth.

2063 5373 2236 5443 xxvx).
2273 5395 2298 5419 »
2332 5372 2492 5437 Quod
2523 5387 2655 5425 vero
2688 5370 2996 5426 subditur:
3033 5394 3060 5420 «
3094 5369 3160 5424 Et
3203 5365 3482 5423 habitavit
3524 5365 3581 5418 in
3614 5383 3715 5420 no-

2065 5463 2172 5526 bis,
2204 5484 2227 5510 ››
2261 5460 2330 5515 ad
2356 5459 2487 5515 illos
2509 5458 2834 5531 specialiter
2862 5458 3130 5530 pertinet,
3165 5456 3380 5527 quibus
3413 5451 3718 5508 visibiliter

2063 5550 2353 5623 apparuit,
2405 5553 2461 5604 et
2502 5566 2635 5604 cum
2670 5549 2887 5622 quibus
2918 5545 3296 5618 corporaliter
3339 5545 3715 5598 conversatus

2063 5645 2169 5698 est.
2203 5638 2320 5694 Vel--
2335 5639 2522 5706 aliter,
2556 5664 2582 5688 ‹‹
2618 5638 2904 5696 habitavit
2935 5637 2989 5693 in
3041 5636 3233 5701 nobis,
3269 5657 3294 5683 υ
3328 5637 3392 5689 ut
3421 5630 3711 5688 habitarc~
