4070 6190
316 340 429 423 £83
908 339 1321 410 HAYMONIS
1366 347 1903 411 HALBERSTAT.
1942 347 2194 411 EPlSC.
2242 346 2416 410 OPP.
2464 347 2665 410 PARS
2709 345 2788 410 II.
2819 379 2897 392 —
2925 342 3197 410 HOMIL.
3549 380 3557 388 κ
3686 347 3767 411 61

335 491 482 532 ~mus
502 472 561 532 in
585 463 733 549 ipso,
755 474 984 535 habitat
1003 477 1063 536 in
1079 479 1249 537 nobis
1265 482 1643 556 protegendo,
1661 480 1998 541 habitamus
2026 480 2081 549 Α
2112 504 2139 531 ‹‹
2176 479 2275 548 tis,
2309 502 2339 530 »
2368 478 2654 555 singulari
2686 477 2903 553 (gratia.
2923 477 3031 536 Dei
3057 476 3203 536 Filio
3232 477 3295 535 in
3321 476 3562 545 homine
3583 495 3764 555 quem

345 568 403 623 et
431 583 539 622 nos
561 566 620 622 in
653 566 781 639 ipso
800 571 865 623 ut
889 574 1264 642 protegamur
1291 571 1364 627 ab
1386 571 1505 627 illo.
1528 571 1604 629 Ut
1621 575 1818 628 autem
1848 570 2002 627 inter
2109 569 2434 643 assumpsit
2461 570 2667 626 datum
2686 572 2786 630 est
2815 586 2852 625 a
2876 570 3069 635 Patre,
3090 574 3169 625 .ut
3192 585 3264 627 ex
3294 584 3411 642 quo
3438 567 3766 629 homoesse

345 672 452 712 nos
480 655 745 714 habitare
777 662 994 729 posset,
1038 682 1061 714 α
1081 677 1216 716 cum
1246 665 1401 717 esset
1429 662 1487 716 in
1510 661 1698 717 forma
1727 659 1848 728 Dei,
1882 677 2000 719 non
2107 658 2411 733 inciperet,
2444 659 2737 732 perfectus
2766 661 2925 714 esset
2950 658 3447 731 Deus,perfeetus
3468 662 3535 715 et
3564 659 3763 717 homo.

346 744 612 818 rapinam
662 745 977 803 arbitratus
1026 752 1117 805 est
1146 767 1275 807 esse
1306 768 1369 806 se
1396 749 1678 823 aequalem
1727 754 1863 819 Deo,
1897 750 1997 806 sed

344 833 727 908 semeptisum
776 837 1096 893 exinanivit
1132 839 1379 895 formam
1412 839 1560 896 servi
1590 838 1903 912 accipiens,
1936 839 1998 895 in

345 924 796 981 similitudinem
826 926 1135 984 hominum
1169 930 1377 996 factus,
1409 934 1467 984 et
1493 928 1696 985 habitu
1726 930 1997 986 inventus

345 1008 407 1070 ut
438 1012 614 1070 homo
658 1015 826 1083 (Phil.
862 1016 944 1086 ιι).
983 1040 1010 1067 ››
1061 1042 1087 1067 ‹‹
1118 1019 1184 1074 Et
1241 1018 1497 1076 vidimus
1554 1018 1798 1092 gloriam
1845 1019 1994 1090 ejus,

344 1102 591 1177 gloriam
640 1106 810 1177 quasi
857 1106 1151 1186 Unigcniti
1205 1125 1240 1164 a
1272 1108 1512 1164 Patre.»
1562 1108 1819 1165 Gloriam
1868 1110 1996 1181 ejus

344 1193 614 1248 viderunt
671 1194 728 1249 in
796 1194 1185 1263 humanitate,
1245 1198 1344 1269 qui
1404 1198 1600 1255 videre
1657 1215 1774 1253 non
1833 1203 1996 1271 pote-

345 1284 474 1338 rant
526 1282 584 1337 in
638 1282 956 1354 divinitate,
1017 1287 1156 1358 quia
1213 1304 1388 1360 quam
1449 1291 1584 1343 ante
1642 1287 1995 1344 incarnatio-

344 1389 475 1428 nem
502 1372 695 1429 videre
717 1391 829 1430 non
857 1379 1144 1446 poterant,
1177 1377 1371 1432 videre
1392 1381 1706 1449 postquam
1736 1376 1995 1433 Verbum

342 1477 475 1517 caro
508 1461 724 1518 factum
756 1464 1157 1521 est.‘Gl0riam
1189 1466 1373 1538 igitur
1402 1466 1501 1521 Dei
1531 1465 1769 1522 latentis
1798 1465 1859 1522 in
1891 1467 1993 1523 ho-

342 1548 519 1618 mine,
551 1550 638 1606 illi
667 1553 1001 1625 specialiter
1044 1554 1335 1632 viderunt,
1366 1555 1468 1628 qui
1506 1572 1641 1611 eum
1692 1556 1994 1614 miraculis

342 1645 746 1697 coruscantem
770 1643 1106 1716 conspicere
1128 1649 1485 1700 meruerunt.
1508 1644 1596 1701 Illi
1616 1662 1850 1719 quoque
1866 1648 1995 1718 ejus

330 1727 587 1804 gloriam
637 1731 1004 1788 manifestius
1053 1739 1499 1807 conspexerunt,
1553 1736 1654 1807 qui
1696 1752 1831 1792 eum
1860 1740 1994 1793 ante

328 1818 674 1891 ipassionem
732 1821 1213 1895 transfiguratum
1246 1823 1327 1879 in
1380 1828 1576 1880 monte
1613 1825 1989 1898 contemplati
2012 1859 2071 1925 ,Β

343 1912 501 1975 sunt,
535 1908 840 1965 audientes
871 1911 1123 1984 desuper
1147 1929 1347 1969 vocem
1378 1913 1565 1970 Patris
1596 1914 1988 1971 intonantem:

342 2017 372 2047 α
395 1995 497 2051 Hic
518 1999 605 2052 est
636 1996 818 2055 Filius
837 2016 1004 2056 meus
1024 2000 1292 2071 dilectus,
1330 2002 1389 2057 in
1413 2019 1528 2074 quo
1560 2002 1703 2059 mihi
1733 2002 1991 2077 compla-

344 2085 433 2140 cui
468 2086 671 2157 (Matth.
702 2088 806 2156 ιιι).
836 2110 862 2138 υ
894 2089 973 2146 De
1004 2090 1219 2163 quibus
1240 2109 1393 2148 unus
1431 2092 1542 2147 fuit
1570 2093 1679 2150 iste
1710 2093 1991 2162 Joannes,

344 2174 416 2231 de
452 2192 568 2248 quo
597 2176 739 2232 talia
767 2177 1016 2235 revelata
1044 2182 1291 2249 sunt,'et
1320 2198 1424 2254 per
1451 2199 1623 2256 quem
1656 2181 1798 2239 talia
1822 2182 1993 2256 signa

343 2267 483 2320 sunt
506 2270 851 2336 monstrata,
880 2285 1005 2341 quae
1036 2269 1233 2327 nullus
1266 2271 1453 2327 facere
1492 2274 1709 2344 posset,
1743 2272 1857 2329 nisi
1889 2272 1991 2345 qui

331 2352 691 2428 'Unigenitus
707 2356 896 2413 Patris
916 2364 1090 2416 esset.
1114 2361 1260 2418 Nam
1281 2365 1338 2417 et
1359 2365 1489 2434 post
1506 2361 1991 2419 resurrectionem

328 2442 596 2516 “Spiritus
612 2450 853 2503 sanctus
864 2449 1098 2505 eosdem
1116 2448 1436 2524 discipulos
1452 2451 1804 2508 obumbrare
1816 2455 1992 2525 atque

342 2532 563 2607 replere
593 2534 870 2611 dignatus
891 2542 999 2606 est,
1033 2542 1099 2594 ut
1121 2542 1224 2612 per
1251 2539 1371 2595 haec
1403 2543 1460 2596 et
1488 2540 1857 2614 unigenitum
1888 2541 1991 2597 Dei

343 2628 758 2696 cognoscerent
814 2625 1049 2697 Filium,
1083 2633 1142 2684 et
1169 2646 1237 2685 ex
1275 2633 1462 2685 matre
1510 2629 1988 2704 primogenitum.

326 2712 455 2768 'Sed
487 2717 575 2769 est
604 2713 929 2772 differentia
960 2717 1113 2774 inter
1142 2718 1515 2792 unigenitum
1547 2724 1606 2774 et
1633 2719 1990 2793 primogeni-

340 2805 494 2872 tum,
516 2803 780 2878 quianon
802 2822 1005 2864 omnes
1026 2807 1397 2882 primogeniti
1417 2807 1723 2882 unigeniti,
1746 2810 1847 2865 sed
1872 2826 1992 2866 om-

342 2907 447 2947 nes
478 2891 762 2966 unigeniti
796 2895 1168 2969 primogeniti
1197 2902 1497 2953 vocantur.
1532 2897 1991 2971 Primogenitum

342 2981 499 3036 enim
530 2981 805 3052 dicimus,
835 3001 951 3041 non
983 2985 1174 3042 solum
1197 3002 1371 3060 quem
1398 2986 1495 3043 alii
1514 2991 1865 3061 sequuntur,
1891 2988 1990 3045 sed

341 3068 518 3126 etiam
549 3088 725 3143 quem
756 3072 955 3129 nullus
1012 3075 1303 3148 praecedit.
1355 3077 1432 3132 Ex
1477 3092 1544 3132 eo
1587 3080 1783 3132 autem
1834 3077 1990 3149 quod

340 3160 695 3235 evangelista
744 3162 1053 3220 Matthacus
1102 3166 1222 3222 ait:
1254 3190 1280 3216 α
1312 3166 1500 3223 Donec
1548 3166 1775 3239 peperit
1803 3165 1990 3222 ﬁlium

2105 748 2220 805 Nec
2239 749 2508 807 eamdem
2534 747 2784 822 gratiam
2815 749 2887 804 ad
2914 764 3258 807 mensuram
3289 747 3613 821 accepit-ut
3634 749 3765 823 puri

2106 838 2396 906 homines,
2438 839 2541 894 sed
2569 839 2758 894 factus
2782 838 2964 895 homo
2992 837 3202 911 plenus
3227 837 3419 911 gratia
3445 836 3580 905 fuit,
3610 838 3766 896 sicut

2104 927 2248 984 dicit
2282 926 2629 1001 Apostolus:
2682 950 2711 979 «
2744 927 2807 983 In
2839 943 2955 1000 quo
2985 926 3212 984 habitat
3238 925 3762 1000 omnisplenitudb

2106 1017 2429 1074 divinitatis
2459 1017 2837 1090 corporaliter
2854 1017 3053 1087 (Calva.
3085 1020 3175 1087 ιι).
3210 1038 3239 1069 ››
3272 1016 3343 1072 Et
3365 1016 3624 1074 Joannes
3653 1017 3760 1074 Ba-

2103 1107 2285 1180 ptista
2302 1115 2327 1161 :‘
2343 1108 2414 1162 Et
2438 1107 2510 1163 de
2531 1106 2896 1180 plenitudine
2916 1106 3053 1179 ejus
3065 1123 3175 1163 nos
3197 1122 3407 1163 omnes
3423 1107 3762 1180 accepimus

2096 1196 2355 1271 gratiam
2386 1211 2489 1269 pro
2514 1194 2724 1270 gratia.
2768 1200 2846 1252 De
2877 1212 2996 1268 qua
3035 1195 3401 1268 plenitudine
3428 1195 3628 1269 gratias
3657 1212 3763 1269 per

2100 1285 2418 1342 Psalmista
2445 1283 2659 1342 dicitur
2680 1303 2697 1341 :
2720 1308 2749 1336 ‹‹
2782 1286 2956 1344 Unxit
2984 1282 3251 1353 teDeus,
3280 1289 3434 1341 Deus
3461 1288 3602 1341 tuus
3634 1285 3760 1343 oleo

2103 1374 2313 1435 latitia:
2343 1376 2863 1448 praeconsortibus
2893 1375 3014 1432 tuis
3043 1375 3215 1447 (Psal.
3241 1375 3416 1447 ων).
3451 1396 3481 1425 ››
3501 1374 3761 1431 -Veritate

2100 1481 2339 1538 quoque
2370 1464 2598 1539 .Aplenus
2638 1464 2774 1532 mit,
2806 1463 2962 1520 sicut
2986 1464 3116 1538 ipse
3144 1463 3207 1519 in
3230 1461 3549 1538 Evangelia
3578 1462 3756 1520 dicit:

2106 1576 2133 1605 «
2170 1555 2287 1629 Ego
2315 1554 2592 1620 sumvia,
2624 1554 2839 1613 veritas
2868 1557 2925 1610 et
2951 1552 3277 1625 vita.(loan.
3309 1555 3443 1624 xxv).
3481 1575 3510 1604 »

2664 1774 2669 1779 ἡ
2710 1697 3025 1755 τιιοΜιιλιΑ
3070 1698 3135 1753 x.

2340 1804 2413 1843 DE
2446 1803 2664 1849 SANCTO
2704 1803 2996 1847 STEPHANO
3036 1803 3513 1852 PROTOMABTYRE.

2175 1913 2417 1985 (Manu.
2458 1911 2640 1984 xxiii).
2706 1934 2728 1961 ι
2778 1910 2844 1967 In
2893 1910 2992 1967 illo
3042 1914 3325 1984 tempore,
3378 1911 3532 1970 dixit
3582 1910 3758 1969 Jesus

2102 2025 2130 2053 ‹‹
2163 2002 2361 2058 turbis
2379 2001 2717 2058 Judissrum
2738 2017 2752 2056 :
2776 2001 3056 2074 Ecce‘ego
3083 2000 3254 2057 mitto
3283 2000 3360 2057 ad
3383 2015 3486 2057 vos
3505 2000 3757 2073 prophe-

2090 2115 2131 2143 »‹‹
2163 2095 2255 2148 tas
2280 2095 2340 2149 et
2364 2090 2680 2164 sapientes,
2707 2095 2764 2147 et
2792 2088 3037 2157 scribas,
3061 2094 3119 2146 et
3146 2105 3216 2145 ex
3244 2088 3364 2146 illis
3381 2090 3667 2147 inacidatis
3696 2093 3759 2146 et

2101 2204 2130 2231 ‹‹
2164 2181 2537 2253 cruciﬁgetis,
2561 2185 2618 2237 et
2636 2197 2705 2236 ex
2728 2179 2815 2236 eis
2834 2178 3204 2254 ﬂagellabitis
3238 2178 3298 2234 in
3318 2178 3636 2253 synagogis
3659 2196 3756 2235 ve-

2101 2294 2129 2321 ‹‹
2162 2270 2291 2339 tris,
2318 2292 2346 2321 »
2377 2273 2437 2325 et
2464 2269 2709 2343 reliqua.
2733 2269 2945 2327 Narrat
2960 2267 3229 2341 superior
3246 2270 3441 2324 textus
3461 2267 3755 2343 Evangelii

2101 2359 2354 2433 qualiter
2382 2358 2690 2425 Dominus,
2721 2357 3058 2415 conflictum
3083 2357 3314 2414 habens
3344 2374 3481 2414 cum
3508 2357 3754 2428 Judaeis,

2100 2448 2415 2507 convicerit
2440 2465 2540 2507 eos
2561 2447 2887 2505 homicidas
2903 2451 2962 2504 et
2986 2447 3419 2511 homicidarum
3451 2444 3621 2514 ﬁlios,
3655 2446 3758 2521 qui

2098 2555 2236 2597 cum
2263 2534 2616 2595 aedificarent
2644 2536 2914 2611 sepulcra
2936 2539 3377 2611 prophetarum,
3398 2542 3458 2593 et
3478 2540 3761 2594 ornarent

2098 2632 2485 2686 monumenta
2495 2628 2820 2701 justorum,
2835 2626 3124 2684 dicentes:
3141 2626 3351 2693 Quia'si
3363 2625 3684 2682 fuissemus
3695 2625 3756 2682 in

2094 2718 2307 2776 diebus
2328 2723 2561 2792 patrum
2581 2723 2943 2785 nostrorum,
2962 2733 3078 2773 non
3096 2730 3369 2777 essemus
3386 2715 3534 2772 socii
3548 2732 3755 2773 eorum

2099 2807 2159 2864 in
2193 2809 2481 2882 sanguine
2526 2805 2965 2881 prophetarum.
3011 2810 3078 2861 In
3127 2805 3329 2862 hocse
3366 2803 3524 2862 ﬁlios
3548 2818 3756 2862 eorum

2090 2898 2501 2966 ostendebant,
2554 2896 2655 2969 qui
2704 2895 3021 2971 prophetas
3050 2895 3401 2964 occiderant,
3434 2895 3589 2967 quod
3621 2894 3757 2955 ani-

2093 3003 2263 3047 mum
2297 2985 2538 3060 plenum
2568 2985 2851 3043 habentes
2882 2983 3144 3052 invidiae,
3176 2982 3476 3040 Christum
3508 2982 3756 3057 ejusque

2092 3076 2420 3149 discipulos
2436 3075 2957 3148 persequebantur.
2983 3068 3149 3131 Unde
3166 3077 3229 3130 et
3243 3072 3529 3130 Dominus
3544 3073 3757 3145 adjun-

2090 3164 2203 3239 ‘git,
2233 3165 2472 3222 dicens:
2509 3156 3081 3236 Itaque'testimonio
3098 3162 3255 3219 estis
3282 3162 3749 3235 Avobismetipsis,

328 3264 513 3304 suum
546 3250 999 3326 primogenitum
1049 3254 1255 3326 (Matth.
1289 3258 1374 3324 ιι),
1410 3278 1438 3305 ››
1470 3236 1836 3312 occasionem
1865 3259 1989 3310 tra-
2014 3236 2063 3303 Ε
2100 3236 2257 3326 quod
2280 3253 2385 3309 ﬁlii
2411 3254 2553 3310 estis
2584 3268 2787 3310 eorum
2819 3252 2919 3326 qui
2954 3246 3271 3327 prophetas
3300 3250 3664 3321 occiderunt,
3691 3255 3754 3307 et

337 3336 477 3395 here
504 3339 813 3397 voluerunt
842 3341 1117 3410 heretici,
1144 3345 1326 3400 beatae
1357 3343 1550 3400 Mariae
1594 3344 1988 3417 virginitatem

338 3425 621 3485 infamare
649 3430 973 3502 cupientes.
1012 3432 1289 3488 Dixerunt
1316 3433 1473 3488 enim
1500 3450 1630 3489 eam
1661 3433 1807 3489 alios
1837 3433 1989 3489 filios

322 3520 471 3586 post
493 3516 808 3574 Dominum
832 3537 899 3576 ex
913 3519 1130 3594 Joseph
1151 3520 1449 3594 habuisse,
1472 3527 1530 3578 et
1559 3522 1719 3595 ipsos
1736 3537 1865 3579 esse
1890 3540 1988 3579 vo-

334 3602 573 3661 luerunt
594 3607 694 3679 qui
712 3608 771 3662 in
793 3608 1102 3683 Evangelio
1120 3610 1334 3666 fratres
1354 3611 1579 3667 Domini
1597 3611 1985 3684 appellantur,

337 3708 453 3749 non
485 3695 924 3756 considerantes
953 3699 1089 3772 quia
1119 3698 1327 3756 fratres
1358 3700 1417 3755 in
1465 3700 1781 3773 Scripturis
1810 3701 1988 3757 variis

337 3783 528 3841 modis
557 3791 855 3843 vocantur.
888 3788 1214 3861 Aliquando
1235 3789 1387 3845 enim
1424 3789 1871 3847 natura-fratres
1900 3790 1987 3846 di-

335 3877 568 3941 cuntur,
591 3875 905 3949 aliquando
927 3879 1289 3952 cognatione,
1323 3878 1636 3952 aliquando
1657 3884 1847 3952 gente,
1882 3880 1985 3936 ali-

335 3966 570 4036 quando
597 3967 773 4022 etiam
795 3967 1121 4026 dilectione.
1152 3970 1394 4039 Natura,
1417 3969 1567 4026 sicut
1586 3969 1727 4025 Cain
1744 3973 1798 4025 et
1821 3969 1983 4039 Abel,

328 4052 486 4109 Esau
517 4057 573 4109 et
600 4055 801 4125 Jacob,
853 4056 1057 4114 Petrus
1088 4062 1144 4114 et
1179 4059 1461 4115 Andreas.
1514 4057 1889 4133 Cognatione,
1923 4063 1988 4115 ut

330 4141 733 4229 Abraham'et
780 4146 915 4215 Lot,
948 4147 1119 4219 juxta
1163 4148 1319 4220 quod
1365 4148 1490 4221 ipse
1536 4147 1836 4203 Abraham
1865 4147 1981 4203 ait:

333 4254 360 4281 ‹‹
394 4231 496 4297 Ne,
530 4250 747 4306 quaeso,
772 4234 850 4291 sit
860 4235 1126 4310 jurgium
1146 4236 1300 4293 inter
1318 4254 1413 4293 me
1434 4240 1489 4294 et
1520 4242 1596 4305 te,
1621 4241 1679 4292 et
1696 4237 1853 4292 inter
1880 4254 1983 4311 pa-

330 4326 517 4376 stores
547 4339 709 4378 meos
739 4328 797 4380 et
826 4329 1089 4397 pastores
1119 4330 1275 4394 tuos,
1309 4327 1518 4382 fratres
1567 4326 1723 4382 enim
1774 4343 1983 4382 sumus

330 4409 484 4479 (Gen.
536 4414 677 4477 xm).
714 4433 742 4463 »
811 4411 1093 4470 Similiter
1144 4414 1323 4471 Jacob
1383 4420 1442 4472 et
1499 4416 1719 4482 Laban,
1777 4416 1980 4472 eodem

330 4499 527 4555 Laban
559 4500 819 4557 dicente:
849 4526 876 4551 ‹‹
901 4503 1054 4559 Num
1087 4503 1225 4576 quia
1254 4504 1436 4560 frater
1471 4519 1641 4560 meus
1670 4520 1753 4573 es,
1798 4504 1981 4577 gratis

2096 3358 2199 3398 vos
2231 3343 2468 3419 implete
2488 3358 2828 3398 mensuram
2852 3346 3083 3415 patrum
3100 3345 3453 3403 laetiorum.
3483 3342 3564 3398 Ac
3586 3340 3637 3397 si
3667 3340 3754 3396 di-

2096 3436 2283 3488 ceret:
2339 3432 2502 3498 Quod
2543 3430 2659 3488 illis
2700 3430 2908 3500 defuit,
2957 3447 3059 3487 vos
3110 3430 3359 3504 implere
3388 3429 3624 3504 cupitis.
3658 3428 3751 3487 Illi

2090 3520 2439 3577 occiderunt
2485 3521 2769 3587 membra,
2815 3536 2919 3577 vos
2970 3518 3631 3593 caput-persequimini:
3664 3517 3753 3573 illi

2095 3608 2431 3682 prophetas,
2464 3608 2791 3682 vos-ipsum
2824 3609 3139 3665 Dominum
3171 3600 3611 3682 prophetarum,
3647 3606 3754 3679 qui

2088 3698 2169 3754 ab
2200 3698 2285 3756 eis
2330 3697 2647 3771 praedictus
2676 3701 2786 3766 est,
2829 3696 3092 3753 occidere
3140 3687 3505 3765 desideratis,
3544 3700 3608 3752 et
3650 3696 3755 3752 me

2094 3800 2376 3859 meosque
2417 3786 2760 3860 discipulos,
2792 3803 2945 3858 quos
2975 3786 3060 3841 illi
3099 3785 3230 3843 ideo
3262 3785 3402 3859 quia
3447 3797 3563 3842 non
3586 3784 3754 3843 vide-

2096 3880 2254 3944 runt,
2289 3890 2405 3932 non
2438 3876 2805 3933 occiderunt:
2838 3880 2941 3931 Vos
2962 3866 3251 3942 videntes,
3268 3874 3505 3939 illorum
3523 3874 3758 3931 deside-

2090 3963 2248 4021 rium
2288 3965 2540 4036 -implere
2593 3964 2960 4021 desideratis.
2994 3964 3227 4029 Oxiibus
3270 3960 3555 4038 congruit
3592 3963 3752 4036 quod

2090 4054 2398 4110 subditur:
2420 4055 2751 4127 Serpentes,
2764 4053 3066 4126 genimina
3080 4042 3437 4126 viperarum,
3457 4053 3755 4127 quomodo

2094 4142 2329 4218 fugietis
2367 4161 2401 4199 a
2423 4141 2651 4215 judicio
2681 4141 2961 4216 gehennae
2980 4142 3010 4197 ‘I
3039 4142 3213 4199 Recte
3232 4138 3393 4216 ergo
3414 4141 3753 4214 viperarum

2093 4232 2331 4289 nomine
2347 4224 2455 4288 isti
2489 4236 2791 4300 vocantur,
2825 4230 2964 4304 quia
2992 4231 3150 4287 sicut
3174 4246 3247 4289 ex
3270 4220 3493 4303 viperis
3516 4230 3747 4303 viperae,

2091 4325 2150 4377 et
2179 4338 2248 4377 ex
2276 4320 2649 4393 serpentibus
2697 4322 2999 4392 serpentes
3028 4322 3373 4389 nascuntur,
3421 4317 3508 4375 sic
3549 4317 3648 4374 isti
3679 4332 3751 4374 ex

2090 4408 2389 4466 venenatis
2410 4408 2753 4481 parentibus
2773 4402 3411 4466 venenatumianimum
3424 4406 3749 4475 trahentes,

2086 4498 2387 4554 Christum
2409 4497 2654 4569 ejusque
2680 4495 3004 4569 discipulos
3035 4495 3307 4578 persequi
3326 4493 3745 4557 moliebantur.

328 4588 545 4677 servies
577 4588 721 4644 mihi
742 4590 770 4645 ?
802 4613 829 4639 ››
860 4594 1062 4656 Gente.
1111 4592 1265 4648 sicut
1311 4607 1514 4647 omnes
1556 4591 1739 4646 Judaei
1775 4594 1980 4649 fratres
2010 4607 2058 4677 θ
2088 4586 2367 4645 Convenit
2391 4589 2585 4677 autem
2608 4585 2758 4655 istis,
2793 4587 2949 4660 quod
2979 4584 3310 4677 viperarum
3336 4587 3548 4677 natura
3566 4580 3749 4638 tradi-

328 4676 466 4746 dicti
490 4681 646 4747 sunt,
681 4679 904 4736 dicente
940 4680 1069 4755 ipso
1092 4679 1275 4737 latore
1306 4678 1451 4752 legis
1483 4679 1714 4753 Moyse:
1750 4681 1809 4737 Si
1842 4696 1980 4737 con-

327 4767 622 4824 stituendo
645 4763 1019 4828 cbnstitueris
1047 4787 1224 4843 super
1253 4773 1308 4824 te
1339 4784 1554 4841 regem,
1587 4784 1701 4823 non
1734 4768 1978 4826 habebis

328 4858 671 4927 potestatem
713 4857 840 4915 alite
879 4860 1070 4933 gentis
1115 4856 1415 4912 hominem
1469 4855 1841 4925 constituere,
1875 4859 1977 4914 sed

326 4961 460 5000 eum
505 4945 605 5018 qui
639 4944 714 5002 sit
754 4947 935 5002 frater
961 4951 1121 5011 tuus,
1156 4945 1217 5000 id
1248 4947 1337 5000 est
1365 4943 1436 4998 de
1466 4949 1637 5017 gente
1668 4948 1790 5000 tua.
1823 4945 1977 5001 Dile-

326 5033 535 5104 ctione,
558 5034 712 5091 sicut
731 5052 936 5091 omnes
956 5032 1271 5089 Christiani
1290 5033 1502 5089 fratres
1530 5037 1831 5103 vocantur,
1868 5038 1977 5090 Do-

327 5123 487 5180 mino
518 5123 823 5197 discipulis
852 5123 1112 5179 dicente:
1147 5145 1176 5172 «
1200 5122 1417 5179 Omnes
1448 5122 1604 5179 enim
1635 5138 1736 5178 vos
1768 5122 1977 5179 fratres

325 5215 468 5269 estis
517 5213 720 5285 (Matth.
754 5212 907 5283 xxu).
949 5233 977 5261 »
1010 5211 1222 5267 Eodem
1269 5213 1445 5268 modo
1494 5213 1703 5268 fratres
1744 5212 1977 5268 Domini

324 5303 668 5377 cognatione
694 5301 834 5357 dicti
865 5304 1024 5368 sunt,
1053 5300 1192 5372 quia
1220 5302 1291 5359 de
1311 5293 1471 5357 illius
1497 5305 1663 5358 erant
1678 5301 1974 5375 progenie.

323 5394 473 5464 Ergo
506 5391 786 5457 Dominus
808 5408 925 5446 non
949 5389 1138 5447 solum
1160 5389 1521 5464 unigenitus,
1545 5391 1647 5448 sed
1666 5390 1840 5448 etiam
1865 5391 1978 5465 pri-

325 5479 656 5551 mogenitus
705 5478 939 5547 dicitur,
991 5479 1145 5552 quod
1180 5495 1292 5534 non
1344 5480 1535 5535 solum
1566 5480 1664 5536 alii
1696 5498 1763 5536 ex
1796 5482 1980 5539 Maria

325 5572 457 5639 post
486 5583 618 5622 eum
644 5566 763 5622 nati
794 5584 908 5623 non
941 5572 1099 5636 sunt,
1134 5568 1235 5625 sed
1267 5567 1406 5640 quia
1431 5571 1564 5624 ante
1584 5585 1719 5625 eum
1753 5569 1972 5627 nullus.

325 5657 486 5725 Quod
519 5656 1128 5731 autemsuhjungitur,
1165 5682 1191 5707 ‹‹
1216 5655 1452 5731 plenum
1468 5656 1667 5730 gratiae
1700 5662 1757 5715 et
1776 5659 1979 5718 verita-

2086 4682 2185 4733 tur
2210 4693 2359 4744 esse,
2396 4675 2551 4731 utin
2581 4677 2960 4750 conceptione
2986 4675 3274 4735 moriatur
3302 4678 3486 4746 pater,
3520 4673 3580 4728 in
3611 4687 3747 4746 par-

2085 4750 2365 4823 turitione
2396 4765 2908 4833 mntem-Quamvis
2938 4765 3094 4822 enim
3127 4765 3357 4821 diversa
3387 4762 3750 4836 sint‘genera

2083 4855 2415 4928 viperarum
2446 4856 2914 4927 etserpentium,
2948 4857 3192 4911 tradunt
3226 4860 3435 4915 tamen
3466 4856 3749 4908 tantum-

2084 4945 2260 5001 modo
2276 4945 2573 5001 duasesse
2589 4943 2821 5017 viperas
2833 4943 3179 5014 in-partibus
3196 4942 3445 5008 Arabia),
3462 4941 3563 4998 ubi
3578 4936 3751 4999 nulla

2082 5032 2375 5089 habitatio
2400 5032 2713 5091 hominum
2726 5031 3019 5100 consistit,
3045 5031 3186 5105 quia
3206 5046 3325 5087 non
3347 5030 3540 5093 solum
3564 5030 3750 5086 homo

2085 5122 2136 5177 si
2165 5122 2492 5191 accesserit,
2523 5138 2725 5178 verum
2743 5119 3005 5177 etiamsi
3030 5121 3427 5194 avisdesuper
3444 5116 3746 5186 volaverit,

2086 5229 2121 5268 a
2150 5212 2292 5267 ﬂatu
2320 5227 2524 5268 earum
2550 5209 2929 5267 interimitur.
2958 5211 3221 5277 Quarum
3242 5206 3548 5283 conceptio
3578 5206 3748 5265 tarde

2084 5301 2297 5367 evenit,
2327 5300 2429 5356 sed
2480 5298 2955 5374 quotiescunque
3009 5300 3286 5368 evenerit,
3346 5300 3432 5356 ita
3476 5296 3747 5357 ﬁtutin

2084 5389 2461 5464 conceptione
2490 5387 2777 5445 moriatur
2804 5394 2988 5464 pater,
3012 5394 3087 5446 nt
3113 5389 3399 5454 diximus,
3420 5391 3483 5444 et
3510 5386 3581 5443 in
3596 5401 3745 5460 par-

2084 5479 2360 5537 turitione
2382 5480 2587 5531 mater.
2606 5477 2752 5533 Nam
2768 5482 3036 5551 tempore
3054 5476 3479 5549 consolationis;
3497 5488 3745 5533 massa-

2086 5573 2193 5641 put
2223 5568 2281 5622 in
2325 5582 2427 5621 ora
2456 5565 2685 5623 feminae
2714 5565 2917 5635 mittit,
2951 5572 3012 5623 at
3036 5564 3138 5623 ilia
3165 5580 3283 5639 prta
3326 5562 3511 5620 nimio
3540 5578 3743 5621 amere

2086 5656 2385 5728 stringens
2414 5657 2590 5728 caput
2617 5653 2782 5715 illius
2811 5653 3122 5715 abscindit.
3164 5655 3313 5713 Cum
3340 5668 3477 5713 vero
3492 5659 3741 5729 tempus
