4018 6180
228 366 314 425 es
1481 360 1834 425 uoulLizE
1878 365 1977 424 DE
2023 363 2417 426 TEMPORE.
3569 379 3646 437 66

225 496 647 574 parturitionis
681 495 888 564 evenit,
922 495 1214 553 scinditur
1237 500 1436 554 venter
1469 497 1696 564 matris,
1729 501 1788 553 et
1807 496 1890 554 sic
1922 499 1974 565 Α
2004 497 2283 554 invidiam
2316 499 2546 554 occisus
2577 499 3346 577 sit,nullaestambiguitas.
3370 509 3528 572 Quod
3550 529 3649 567 au-

224 587 354 644 ﬁlii
368 587 776 661 egrediuntur,
791 591 848 643 et
876 585 958 641 ita
988 586 1200 642 fitutin
1217 585 1594 658 conceptione
1606 585 1890 642 moriatur

221 681 420 750 pater,
443 681 501 732 et
521 675 581 732 in
597 674 983 748 parturitione
994 681 1201 732 mater.
1219 675 1380 732 Unde
1395 675 1592 748 vipera
1613 675 1768 731 dicta
1779 679 1887 743 est,

226 767 392 840 quod
424 766 478 821 vi
496 764 784 839 pariatvel
797 764 848 820 vi
866 765 1052 838 perire
1065 765 1258 821 faciat.
1275 764 1445 821 Tales
1459 782 1594 838 ergo
1617 782 1718 837 per
1729 764 1890 821 simi-

217 855 541 912 litud‘inem
573 855 815 911 fuerunt
840 854 1048 926 Judzei,
1101 854 1242 926 quia
1290 854 1612 922 Christum,
1659 854 1759 928 qui
1791 871 1890 911 eos

220 943 620 1018 spiritualiter
631 960 910 1018 generare
927 949 1181 1013 venerat,
1203 943 1394 1000 crucis
1411 943 1672 1018 patibulo
1689 961 1891 1000 cruen-

217 1034 306 1090 tis
339 1034 617 1089 manibus
647 1033 1034 1101 tradiderunt,
1067 1033 1360 1090 dicentes:
1387 1058 1414 1085 «
1439 1033 1744 1107 Cruciﬁge,
1768 1049 1892 1089 cru-

222 1124 403 1197 ciﬁge
434 1123 622 1179 illum.
656 1122 716 1179 Si
748 1121 906 1178 hunc
936 1122 1207 1192 dimittis,
1233 1141 1347 1180 non
1375 1141 1436 1179 es
1459 1124 1686 1180 amicus
1703 1124 1889 1179 Caesa-

223 1213 313 1269 ris
345 1213 567 1288 (Matth.
598 1210 796 1283 xxvu).
833 1233 859 1261 »
892 1211 1209 1269 Ecclesiam
1239 1230 1492 1286 quoque,
1539 1230 1666 1286 qua
1715 1213 1890 1288 spiri-

225 1301 417 1359 tualis
446 1305 635 1358 mater
661 1306 788 1356 erat.
817 1317 1019 1357 eorum
1051 1301 1267 1368 futura,
1301 1303 1588 1375 persecuti
1615 1307 1755 1358 sunt
1781 1303 1893 1376 pri-

225 1409 399 1448 mum
429 1391 491 1446 in
523 1389 818 1464 apostolis,
852 1408 956 1463 per
983 1408 1130 1463 quos
1147 1397 1351 1448 sancta
1369 1392 1628 1448 Ecclesia
1658 1395 1893 1466 regeba-

223 1489 348 1549 tur,
380 1481 593 1536 deinde
626 1480 684 1536 in
708 1496 907 1546 eorum
929 1481 1388 1549 successoribus,
1409 1481 1479 1536 de
1497 1483 1713 1554 quibus
1735 1500 1889 1538 nunc

221 1573 476 1627 dicitur:
516 1594 535 1620 ι
573 1571 714 1626 Ecce
745 1586 853 1643 ego
872 1570 1038 1626 mitto
1073 1571 1143 1626 ad
1159 1569 1893 1644 vosprophetasetsapien.

220 1668 317 1718 tes
347 1665 408 1716 et
438 1660 682 1716 scribas.
719 1683 747 1708 ››
781 1659 888 1715 Sed
909 1658 967 1713 in
986 1659 1222 1716 exordio
1236 1658 1890 1732 hujuslectionishere-

218 1750 482 1806 tieorum
501 1749 715 1822 dogma
733 1748 1076 1816 destruitur,
1095 1748 1192 1820 qui
1211 1749 1481 1804 dixerunt
1507 1748 1688 1805 alium
1707 1755 1888 1805 Deum

220 1856 357 1895 esse
387 1837 614 1894 Veteris
647 1837 1006 1894 Testamenti
1037 1842 1094 1893 et
1125 1836 1307 1893 alium
1341 1837 1504 1906 Novi,
1532 1855 1665 1894 cum
1718 1839 1886 1896 dicit:

224 1953 254 1978 ε(
290 1927 436 1984 Ecce
464 1943 571 2001 ego
597 1926 765 1982 mitto
794 1927 866 1982 ad
900 1943 1000 1982 vos
1045 1927 1362 2000 prophetas
1410 1933 1468 1984 et
1511 1928 1803 2001 sapientes
1835 1934 1893 1985 et

225 2019 478 2074 scribas.
512 2040 538 2066 ››
570 2019 642 2073 Ac
673 2015 724 2072 si
754 2017 999 2072 diceret:
1033 2017 1150 2090 Ego
1199 2017 1301 2088 qui
1349 2018 1646 2090 quondam
1681 2019 1751 2073 ad
1788 2019 1892 2074 Pa-

225 2113 351 2164 tres
381 2112 610 2162 vestros
639 2105 774 2161 misi
806 2105 1121 2178 prophetas
1151 2110 1208 2160 et
1238 2105 1532 2179 sapientes
1558 2112 1615 2162 et
1645 2108 1889 2176 scribas,

228 2197 391 2253 idem
423 2196 548 2269 ipse
577 2200 634 2252 et
673 2213 789 2251 non
837 2194 988 2251 alius
1038 2195 1206 2251 mitto
1255 2213 1409 2251 nunc
1460 2197 1792 2269 prophetas,
1837 2202 1895 2253 et

226 2286 552 2360 sapientes,
585 2288 643 2341 et
671 2285 919 2344 scribas.
949 2285 1210 2340 Fuerunt
1228 2285 1384 2340 enim
1418 2286 1476 2340 in
1493 2285 1893 2342 Veteri'l‘esta-

228 2381 434 2432 mento
467 2374 784 2448 prephetze,
819 2374 1131 2446 sapientes,
1166 2379 1222 2430 et
1252 2375 1483 2430 scribas:
1518 2375 1892 2432 fueruntetin

227 2465 414 2522 Novo.
441 2463 506 2520 In
519 2463 708 2520 Veteri
721 2465 1096 2520 Testamento
1107 2463 1348 2519 fuerunt
1360 2463 1672 2536 prophetas:
1692 2465 1891 2532 Isaias,

227 2554 542 2622 Jeremias,
573 2557 629 2609 et
661 2552 834 2609 multi
864 2551 990 2621 alii;
1025 2553 1266 2608 fuerunt
1287 2553 1610 2626 sapientes:
1631 2553 1894 2611 sicutSa—

231 2645 436 2700 lomon
470 2647 529 2698 et
558 2642 817 2711 Samuel,
851 2647 908 2698 et
934 2641 1133 2714 plures
1165 2641 1294 2709 alii;
1319 2643 1560 2699 fuerunt
1579 2648 1637 2698 et
1667 2645 1890 2700 scribae:

233 2733 434 2806 qualis
466 2732 580 2788 fuit
613 2732 862 2804 Moyses,
895 2731 995 2802 qui
1028 2731 1216 2803 legem
1230 2732 1486 2804 scripsit,
1507 2737 1562 2788 et
1579 2733 1772 2802 Ezras,
1793 2733 1895 2805 qui

234 2829 370 2895 post
401 2821 796 2894 captivitatem
832 2820 1177 2893 Babyloniae,
1212 2821 1468 2876 incensis
1504 2821 1892 2891 biblioihccis,

235 2913 427 2986 legem
460 2910 842 2984 recuperavit.
877 2913 954 2965 De
985 2918 1102 2981 quo
1132 2908 1415 2981 scriptum
1447 2914 1566 2966 est:
1609 2930 1630 2959 ι
1680 2912 1896 2968 Ascen-

236 3003 324 3057 dit
353 3001 532 3056 Ezras
563 3001 638 3055 de
669 2998 979 3071 Babylone,
1013 3003 1070 3054 et
1099 2999 1224 3070 ipse
1263 3000 1374 3055 fuit
1419 3001 1614 3056 scriba
1643 2999 1805 3057 velox
1837 3002 1894 3057 in

236 3091 366 3164 lege
398 3089 583 3162 Moysi
617 3089 665 3161 (Ι
687 3089 852 3144 Eutr.
886 3089 1006 3158 νὴ).
1043 3110 1072 3138 ››
1107 3089 1728 3145 lnNovoTestamento
1762 3089 1898 3160 legi-

1996 591 2114 643 tem
2138 588 2339 658 justus
2373 588 2566 659 fuerit,
2601 607 2715 646 non
2739 589 2928 646 solum
2963 591 3020 647 in
3055 594 3513 669 Genesilegitur,
3548 602 3646 656 ubi

1999 678 2126 749 ejus
2157 695 2404 734 munera
2433 679 2544 734 Deo
2575 685 2810 752 accepta
2841 699 2966 738 esse
3000 690 3421 752 memorantur,
3463 694 3520 743 et
3552 691 3662 745 ubi

1998 768 2240 838 sanguis
2269 768 2396 839 ejus
2423 769 2492 824 ad
2515 769 2824 825 Dominum
2841 771 3354 844 clamasseidicitur
3385 777 3533 848 (Gen.
3554 778 3656 850 1v),

1999 858 2098 912 sed
2131 857 2306 913 etiam
2358 875 2513 915 nunc
2562 859 2961 916 testimonium
3004 863 3053 917 ei
3088 864 3372 936 perhibet,
3419 866 3648 923 dicens:

2001 968 2028 993 ‹‹
2060 946 2105 999 Α
2136 946 2421 1019 sanguine
2453 947 2586 1003 Abel
2609 949 2780 1020 justi.
2816 973 2841 998 »
2869 950 3153 1016 Quarritur
3173 958 3366 1010 autem
3392 955 3653 1027 quisiste

2001 1034 2308 1091 Zacharias
2341 1035 2532 1104 fuerit,
2565 1037 2703 1108 quia
2735 1038 2950 1095 multos
2979 1038 3230 1114 legimus
3247 1043 3655 1114 Zacharias,et

2000 1139 2072 1178 ne
2103 1123 2377 1196 cuiquam
2412 1125 2642 1181 errandi
2674 1127 2970 1183 tribuatur
3000 1130 3269 1199 facultas,
3303 1134 3651 1205 adjunctum

2000 1217 2090 1268 est
2125 1236 2144 1262 α
2183 1229 2355 1284 quem
2388 1215 2684 1270 occidistis
2716 1215 2866 1271 inter
2893 1218 3176 1290 templum
3200 1226 3256 1276 et
3285 1221 3486 1278 altare:
3515 1249 3533 1271 ιι
3556 1225 3652 1279 Di-

1998 1318 2164 1357 versa
2195 1302 2350 1358 enim
2384 1303 2454 1358 de
2486 1303 2594 1360 hoc
2624 1305 2832 1361 diversi
2858 1314 3186 1364 senserunt.
3205 1311 3478 1367 Nonnulli
3500 1315 3655 1370 dixe-

2000 1396 2139 1445 runt
2182 1391 2339 1446 hunc
2373 1393 2708 1449 Zachariam
2761 1395 2960 1463 fuisse,
2995 1399 3094 1470 qui
3145 1399 3295 1456 inter
3342 1399 3651 1458 duodecim

2000 1481 2316 1552 prophetas
2330 1482 2585 1537 minores
2601 1484 2942 1539 undecimus
2958 1489 3455 1558 ponitur,nomine
3469 1492 3653 1563 patris

1998 1571 2049 1625 ei
2083 1571 2500 1638 consentiente,
2535 1589 2601 1627 eo
2632 1573 2785 1644 quod
2820 1573 3518 1649 Filiust'ueritBarachim,
3548 1582 3650 1636 sed

2001 1660 2311 1716 occisionis
2343 1660 2505 1715 locus
2536 1661 2779 1717 minime
2809 1666 3142 1734 concordat,
3177 1667 3315 1738 quia
3356 1671 3652 1740 quomodo

2002 1746 2155 1802 inter
2188 1745 2469 1820 templum
2502 1747 2996 1806 etaltareoccisus
3014 1752 3183 1808 fuerit
3215 1772 3326 1810 non
3344 1758 3650 1828 reperitur.

2002 1837 2255 1892 maxime
2285 1854 2419 1892 cum
2451 1855 2558 1892 suo
2592 1842 2852 1910 tempore
2883 1840 3166 1912 templum
3202 1844 3273 1900 ab
3320 1844 3414 1900 his
3446 1847 3546 1917 qui
3581 1847 3653 1902 de

2003 1925 2334 1997 captivitate
2367 1927 2748 1982 ascenderant
2780 1930 3247 2000 rezedificaretur,
3281 1939 3339 1988 et
3369 1934 3520 1990 idem
3550 1936 3652 1990 Za-

2002 2013 2252 2080 charias,
2285 2015 2424 2087 quia
2455 2033 2733 2088 prospera
2765 2017 2892 2089 ejus
2923 2020 3313 2092 prophetaret,
3350 2022 3408 2078 in
3442 2040 3656 2096 magna

2000 2103 2369 2160 veneratione
2402 2123 2435 2159 a
2465 2106 2678 2177 populo
2701 2105 3043 2163 habebatur.
3068 2108 3179 2164 Alii
3203 2111 3474 2167 dixerunt
3499 2113 3656 2168 hunc

2000 2193 2336 2248 Zachariam
2373 2193 2551 2250 fuisse
2582 2199 2803 2267 patrem
2835 2196 3078 2252 Joannis
3109 2198 3399 2272 Baptistae,
3431 2206 3489 2256 et
3518 2220 3656 2273 pro-

2003 2287 2198 2355 pterea
2229 2285 2383 2355 quod
2416 2283 2727 2340 adventum
2766 2286 2989 2341 Domini
3014 2293 3351 2358 venturum,
3382 2291 3656 2362 praedica-

2005 2376 2109 2439 ret,
2144 2390 2179 2428 a
2208 2373 2420 2445 populo
2453 2373 2530 2429 sit
2561 2373 2926 2431 interfectus:
2963 2378 3061 2432 sed
3095 2377 3215 2434 haec
3239 2379 3434 2452 opinio
3467 2381 3655 2453 magis

2003 2479 2072 2516 ex
2101 2462 2568 2536 apocryphorum
2588 2464 2836 2520 somniis
2859 2470 2916 2520 et
2931 2466 3334 2524 deliramentis
3356 2471 3657 2526 descendit

2005 2568 2184 2622 quam
2214 2569 2282 2606 ex
2311 2552 2572 2608 veritate.
2606 2554 2717 2608 Sed
2750 2571 2881 2609 cum
2925 2555 2998 2610 ab
3029 2555 3120 2612 his
3147 2558 3532 2627 excludimur,
3566 2577 3655 2615 re-

2005 2641 2186 2695 currit
2218 2657 2383 2696 mens
2414 2642 2484 2696 ad
2527 2642 2862 2715 Regnorum
2913 2644 3113 2713 libros,
3161 2646 3218 2701 in
3269 2648 3486 2718 quibus
3515 2648 3656 2721 legi-

2005 2746 2139 2785 mus
2196 2731 2353 2801 quia,
2401 2730 2538 2786 Ozia
2586 2748 2719 2803 rege
2768 2738 3020 2802 mortuo,
3067 2751 3200 2790 cum
3260 2737 3490 2792 Athalia
3540 2737 3656 2792 im-

2004 2817 2270 2889 piissima
2301 2819 2504 2890 regina
2550 2819 2740 2876 locum
2785 2823 2913 2892 ejus
2960 2825 3335 2895 suscepisset,
3389 2831 3445 2880 et
3475 2827 3655 2880 inter-

2004 2907 2199 2963 ﬁceret
2229 2925 2402 2963 omne
2429 2925 2626 2964 semen
2679 2909 2924 2982 regium,
2977 2911 3112 2967 tulit
3139 2912 3346 2969 Joiada
3396 2915 3658 2986 pontifex

2006 3013 2190 3050 unum
2225 2997 2293 3051 de
2321 2995 2459 3052 ﬁliis
2489 2999 2663 3070 regis,
2689 2999 2788 3070 qui
2821 3005 2944 3055 erat
2975 3001 3165 3057 minor
3196 3007 3356 3072 natu,
3390 3003 3526 3059 Joas
3559 3022 3656 3060 no-

2007 3084 2184 3150 mine,
2217 3090 2273 3139 et
2301 3086 2606 3141 abscondit
2630 3088 2837 3141 eumin
2853 3089 3066 3160 templo
3088 3091 3314 3146 Domini
3343 3109 3441 3148 sex
3461 3093 3654 3148 annis.

239 3197 372 3235 mus
403 3179 674 3252 Agabum
701 3177 1098 3250 prophetasse,
1132 3181 1453 3249 etquatuor
1468 3177 1620 3234 ﬁlias
1642 3177 1895 3250 Philippi
1942 3195 1954 3253 ς
2006 3173 2264 3245 Septimo
2294 3180 2488 3229 autem
2515 3192 2667 3230 anno
2697 3176 2862 3230 unxit
2889 3193 3022 3232 eum
3055 3179 3113 3232 in
3147 3195 3363 3250 regem,
3411 3181 3657 3253 iniitque

235 3271 369 3339 (Act.
395 3285 434 3324 11
466 3251 520 3324 et
547 3268 684 3339 χχι).
717 3267 787 3322 Et
811 3265 1005 3322 omnis
1034 3266 1135 3337 qui
1170 3266 1367 3321 futura
1389 3265 1544 3322 mala
1564 3283 1764 3322 cavere
1779 3284 1896 3323 mo-
1927 3251 1970 3319 C
2009 3281 2142 3318 cum
2176 3279 2243 3318 eo
2273 3262 2460 3319 fcsdus
2484 3268 2541 3319 et
2573 3281 2704 3318 cum
2737 3265 2898 3318 omni
2930 3265 3166 3336 populo,
3215 3272 3278 3320 ut
3306 3268 3362 3322 in
3398 3268 3523 3340 lege
3555 3251 3652 3324 Dei

238 3366 357 3428 net,
391 3363 450 3414 et
480 3359 634 3414 bona
663 3355 928 3429 diligere,
953 3356 1238 3428 propheta
1252 3365 1358 3412 est.
1381 3357 1638 3412 Fuerunt
1669 3357 1895 3430 sapien-

236 3454 345 3516 tes,
381 3448 538 3503 sicut
567 3445 836 3520 apostoli,
870 3445 1024 3501 sicut
1051 3444 1442 3518 evangelista,
1475 3446 1574 3518 qui
1606 3446 1763 3502 dicta
1804 3445 1890 3501 vel

237 3538 394 3594 facta
425 3536 729 3593 Dominiea
762 3535 928 3592 nobis
959 3534 1571 3608 scriptareliquerunt.
1593 3536 1894 3608 Dequibus

238 3628 526 3684 Dominus
557 3626 616 3682 in
665 3623 1002 3698 Evangelio:
1039 3647 1066 3674 «
1100 3623 1309 3680 Omnis
1358 3624 1552 3679 scriba
1595 3625 1802 3680 doetus
1834 3625 1896 3680 in

237 3734 420 3791 regno
448 3715 752 3783 calorum,
777 3712 1093 3770 similisest
1107 3712 1330 3769 homini
1349 3712 1778 3786 patrifamilias,
1794 3715 1895 3788 qui

239 3807 457 3880 profert
488 3806 560 3861 de
588 3803 865 3862 thesauro
896 3819 1003 3858 suo
1034 3818 1182 3858 nova
1204 3807 1261 3857 et
1281 3809 1473 3858 vetera
1487 3804 1690 3872 (Matth.
1711 3810 1891 3873 1111).»

240 3893 583 3968 Sed'patres
614 3907 815 3949 eorum
848 3908 917 3947 ex
948 3891 1068 3947 illis
1097 3891 1435 3947 occiderunt
1463 3893 1698 3965 Isaiam,
1731 3893 1895 3949 Jere-

243 3986 442 4051 miam,
476 3988 535 4039 et
565 3980 787 4038 multos
814 3981 988 4036 alios:
1022 3980 1119 4035 isti
1146 3985 1338 4036 autem
1369 3979 1650 4037 Jacobum
1663 3982 1894 4052 justum

243 4075 311 4129 de
341 4073 660 4146 pinnaculo
699 4069 903 4143 templi
952 4068 1476 4142 prmcipitaverunt,
1530 4071 1892 4142 Stephanum

247 4162 686 4235 quoque(eujus
717 4157 1168 4215 hodie'colimus
1199 4157 1652 4230 solemnitatem)
1678 4158 1897 4232 lapida-

247 4257 466 4319 verunt,
503 4251 740 4306 Petrum
773 4254 829 4306 et
857 4248 1148 4304 Andream
1181 4247 1620 4315 cruciﬁxerunt,
1662 4254 1718 4304 et
1749 4249 1896 4305 Pau-

249 4339 364 4396 lum
393 4339 850 4397 decollaverunt.
885 4338 1046 4404 Quod
1076 4340 1272 4392 autem
1303 4337 1363 4392 in
1415 4337 1729 4411 synagog‘is
1771 4339 1900 4396 suis

253 4429 682 4504 flagell‘averunt
703 4430 762 4484 et
787 4425 1077 4500 persecuti
1108 4441 1207 4482 eos
1240 4425 1475 4482 fuerunt
1504 4426 1576 4481 de
1591 4426 1894 4484 civitatein

256 4515 556 4587 civitatem,
577 4517 989 4573 liberActuum
1004 4513 1400 4588 apostolorum
1417 4513 1665 4587 pleniter
1677 4521 1893 4584 narrat,

2003 3349 2353 3419 ambularet,
2389 3354 2541 3424 quod
2574 3357 2629 3408 et
2651 3352 2784 3408 fecit
2801 3355 3030 3409 cunctis
3051 3355 3258 3410 diebus
3285 3357 3501 3428 quibus
3514 3357 3658 3412 vixit

2002 3441 2226 3497 Joiada.
2261 3441 2487 3498 Mortuo
2520 3447 2712 3497 autem
2732 3441 2958 3506 Joiada,
2982 3429 3267 3499 succesSit
3283 3444 3332 3500 ei
3354 3445 3411 3500 in
3438 3445 3658 3502 honore

2004 3536 2061 3587 et
2090 3531 2292 3587 ordine
2323 3531 2666 3587 sacerdotali
2703 3530 2860 3587 filius
2899 3533 3030 3602 ejus
3057 3533 3364 3590 Zacharias
3395 3536 3654 3603 nomine,

2003 3621 2090 3676 vir
2115 3621 2304 3676 bonus
2335 3625 2390 3675 et
2413 3621 2636 3691 justus.
2661 3620 3074 3693 CumqueJoas
3087 3621 3666 3696 declinarecoepisset

2006 3729 2040 3765 a
2068 3711 2194 3784 lege
2227 3709 2479 3776 Domini,
2515 3710 2847 3782 frequenter
2895 3711 3091 3784 arguit
3140 3729 3275 3767 eum
3328 3713 3659 3776 Zacharias.

2006 3800 2245 3870 Propter
2273 3800 2425 3871 quod
2458 3799 2657 3854 odium
2691 3800 3654 3872 regisincurrit,intantumutuna

2007 3888 2098 3943 die
2127 3905 2262 3944 cum
2293 3887 2533 3967 publice
2555 3894 2823 3961 argueret
2852 3907 3006 3959 eum,
3039 3889 3224 3948 iratus
3265 3909 3365 3947 rex
3385 3893 3665 3964 jussisset

2005 3994 2138 4034 eum
2171 3977 2430 4050 lapidare
2467 3978 2524 4032 in
2561 3977 2783 4050 porticu
2833 3979 3044 4035 domus
3093 3980 3344 4052 Domini,
3383 3981 3484 4053 qui
3527 3999 3660 4038 cum

2007 4074 2330 4123 moreretur
2381 4067 2534 4122 inter
2585 4067 2828 4138 lapides,
2886 4069 2992 4123 ait:
3055 4093 3081 4118 ‹‹
3134 4069 3338 4126 Videat
3397 4077 3551 4126 Deus
3604 4077 3661 4128 et

1997 4157 2244 4229 judicet,
2274 4180 2299 4205 ››
2331 4160 2388 4211 et
2417 4157 2570 4211 sicut
2597 4157 2725 4228 ipsa
2749 4157 3357 4230 Scripturaadjungit:
3387 4183 3413 4209 «
3436 4158 3666 4215 Nonest

2006 4247 2343 4304 recordatus
2373 4245 2510 4300 Joas
2541 4263 2666 4316 quae
2698 4250 2862 4316 pater
2889 4247 3018 4316 ejus
3050 4247 3343 4302 fecissetei
3370 4250 3540 4315 bona,
3560 4249 3661 4303 sed

2005 4335 2213 4393 occidit
2245 4333 2668 4390 collactaneum
2688 4349 2863 4387 suum
2888 4333 3072 4388 ﬁlium
3089 4334 3216 4403 eius
3231 4334 3329 4404 qui
3362 4351 3424 4389 se
3439 4334 3661 4390 nutrie-

2007 4430 2095 4481 rat
2117 4425 2207 4496 (IV
2235 4423 2361 4490 Reg.
2399 4424 2480 4488 11).
2509 4439 2534 4470 ιι
2575 4419 2676 4474 Hic
2699 4424 2788 4474 est
2819 4437 2956 4492 ergo
2989 4421 3318 4490 Zacharias,
3375 4421 3474 4492 qui
3505 4423 3656 4476 occi-

2005 4531 2107 4571 sus
2132 4515 2219 4568 est
2250 4527 2284 4565 a
2311 4509 2450 4564 Joas
2479 4525 2631 4582 rege,
2656 4509 3374 4579 cujusjustitianominus
3399 4509 3667 4566 testimo-

259 4621 377 4664 ωσι
399 4608 569 4664 dicit:
611 4627 634 4656 ε
669 4605 808 4679 quia
838 4605 1004 4661 ibant
1031 4603 1304 4676 discipuli
1338 4621 1372 4658 a
1403 4610 1715 4677 conspectu
1756 4622 1897 4662 con-
1936 4623 1980 4687 ι)
2009 4604 2172 4658 nium
2218 4598 2504 4672 perhibet,
2551 4597 2780 4652 dicens:
2812 4620 2844 4687 ξ‹
2877 4598 2931 4687 Ar
2971 4597 3261 4687 sanguine
3307 4597 3448 4687 Abel
3490 4598 3662 4676 justi,

259 4695 366 4750 citii
396 4695 750 4771 gaudentds,
780 4694 1062 4767 quoniam
1094 4692 1256 4766 digni
1287 4693 1471 4748 habiti
1498 4698 1665 4750 erant
1685 4711 1787 4767 pro
1811 4711 1906 4749 no-

260 4785 398 4840 mine
426 4782 567 4841 Jesu
599 4783 1020 4840 contumeliam
1054 4783 1172 4856 pati
1205 4783 1338 4855 (Act.
1372 4783 1448 4854 v).
1487 4806 1514 4831 ››

331 4892 351 4920 ε
381 4874 452 4930 Ut
480 4875 678 4930 veniat
729 4889 909 4944 super
955 4888 1059 4928 vos
1104 4871 1295 4927 omnis
1342 4871 1586 4945 sanguis
1616 4874 1838 4943 justus.
1876 4895 1904 4922 ››

265 4958 534 5024 Quaeritur
561 4963 860 5036 quomod'o
890 4961 1082 5018 omnis
1117 4961 1361 5033 sanguis
1371 4962 1574 5032 justus
1592 4978 1769 5033 super
1783 4978 1904 5027 eos,

203 5107 219 5117 ,
266 5053 460 5122 quibus
475 5053 598 5110 haec
614 5049 1482 5122 Dominusloquebatur,venire
1502 5050 1754 5118 dicatur“,
1768 5066 1904 5106 cum

266 5156 363 5196 non
393 5143 502 5216 ipsi
541 5125 782 5199 omnem
816 5140 1164 5213 sanguinem
1212 5141 1445 5211 justum
1497 5138 1792 5194 fuderint?
1820 5139 1906 5194 Ad

269 5233 402 5300 quod
437 5231 916 5305 respondendum
938 5229 1094 5302 quod
1116 5227 1405 5285 malorum
1429 5228 1787 5300 generationi
1802 5245 1906 5300 per

267 5314 635 5377 imitationem
668 5335 731 5376 se
763 5320 1152 5388 seciaverunt',
1184 5317 1313 5374 ideo
1345 5321 1401 5374 et
1430 5317 1490 5372 in
1523 5316 1906 5373 retributione

268 5401 514 5466 vindicta;
544 5410 861 5484 participes
895 5424 1098 5465 eorum
1129 5423 1259 5464 esse
1302 5407 1597 5463 dicuntur.
1633 5428 1662 5458 «
1694 5408 1741 5462 A
1771 5422 1904 5461 san.

269 5517 297 5544 κ
321 5496 488 5570 guine
512 5495 666 5556 Abel-
682 5497 836 5572 justi
869 5507 1056 5571 usque
1086 5498 1158 5554 ad
1213 5497 1567 5571 sanguinem
1617 5495 1904 5553 Zacharias

269 5606 290 5633 α
319 5587 412 5644 ﬁlii
444 5589 759 5656 Baraeh'ie,
793 5580 968 5663 quem
1017 5586 1283 5644 occidisti
1328 5585 1482 5643 inter
1530 5584 1819 5659 templum
1849 5589 1908 5642 et

265 5699 288 5726 ιι
318 5677 507 5738 altare.
549 5705 570 5726 -
607 5677 856 5738 De'Abel
889 5677 990 5756 qui
1021 5677 1213 5749 fuerit,
1243 5675 1331 5734 vel
1365 5677 1576 5753 quoda
1601 5676 1779 5735 fratre
1804 5692 1910 5751 per

2015 4706 2203 4763 usque
2232 4689 2302 4744 ad
2337 4687 2681 4758 sanguinem
2699 4685 3007 4754 Zachariae,
3043 4686 3665 4758 filiiBarachiae,quem

2015 4779 2316 4836 occidistis
2347 4777 2498 4832 inter
2544 4774 2830 4847 templum
2885 4779 2941 4830 et
2990 4774 3190 4842 altare,
3227 4798 3253 4824 ››
3291 4775 3345 4829 id
3378 4780 3467 4830 est
3515 4775 3668 4830 inter

2014 4870 2194 4925 eadem
2227 4865 2429 4937 templi
2480 4871 2537 4920 et
2585 4865 2766 4920 altare
2814 4863 3055 4919 incensi.
3110 4864 3344 4919 Fecerat
3391 4863 3665 4920 Salomon

2015 4958 2195 5015 altare
2226 4972 2474 5024 wneum,
2509 4959 2573 5011 ut
2605 4956 2828 5027 Regum
2853 4959 3052 5008 narrat
3067 4953 3333 5021 historia,
3357 4959 3490 5010 ante
3513 4954 3667 5010 fores

2015 5048 2227 5103 domus
2260 5043 2509 5102 Domini.
2544 5043 2602 5097 in
2618 5042 2841 5114 porticu
2860 5042 3083 5114 templi,
3105 5044 3500 5099 utoﬂ'erentur
3521 5045 3580 5098 in
3599 5062 3666 5099 eo

2016 5135 2305 5194 sacriﬁcia
2364 5131 2621 5205 quotidie
2670 5148 2842 5187 mane
2899 5137 2956 5187 et
2982 5148 3250 5204 vespere:
3306 5131 3671 5205 quia'altare

2015 5242 2257 5282 aureum
2290 5222 2444 5294 quod
2477 5226 2610 5302 erat
2631 5220 2689 5275 in
2719 5221 2890 5275 domo
2907 5220 3157 5286 Domini,
3180 5238 3294 5276 non
3311 5227 3672 5292 poteratsus-

2015 5316 2198 5372 tinere
2231 5311 2430 5368 omnia
2462 5307 2801 5365 holocausta
2851 5326 2977 5380 quae
3027 5311 3434 5365 offerebantur.
3490 5309 3670 5366 Juxta

2015 5404 2198 5460 altare
2227 5418 2360 5458 vero
2402 5415 2620 5454 meum
2641 5397 2768 5454 fons
2785 5397 2939 5454 Siloe
2953 5402 3095 5466 erat,
3119 5399 3216 5454 ubi
3246 5397 3421 5454 etiam
3445 5397 3668 5470 lapides

2015 5492 2175 5549 rubri
2225 5493 2526 5564 apparent,
2574 5488 2731 5544 unde
2759 5491 2817 5542 et
2847 5504 2880 5543 a
2928 5487 3297 5560 simplicibus
3346 5487 3672 5543 aestimatur

2016 5583 2169 5656 quod
2205 5579 2496 5651 sunguine
2525 5578 2705 5650 hujus
2727 5578 2875 5649 justi
2892 5577 2998 5634 viri
3023 5577 3142 5633 sint
3162 5576 3380 5632 foedati.
3399 5577 3510 5632 Sed
3534 5592 3668 5630 cum

2017 5670 2355 5730 Zachariam
2390 5668 2699 5736 habemus,
2733 5665 3113 5726 etoccisionis
3128 5665 3448 5726 consentiat
3482 5663 3670 5736 locus,
