4070 6190
343 383 435 445 67

913 379 1319 442 HAYMONIS
1368 377 1913 439 HALBERSTAT.
1962 375 2204 436 EPISC.
2252 376 2423 438 OPP.
2473 378 2671 438 PARS
2713 378 2790 439 ΙΙ.
2825 377 3199 438 -HOMIL.

3686 379 3777 440 68"

344 530 552 571 nomen
590 513 771 586 patris
802 512 1134 568 discordare
1154 510 1400 577 videtur,
1427 509 1565 577 quia
1596 508 1676 565 ibi
1706 508 1998 580 lcgiturti-
2028 508 2083 574 Α
2116 507 2335 563 neratio
2368 525 2546 580 pravu
2581 512 2639 563 et
2670 506 3757 582 adulterasignum‘qua-ritﬂlatth.11).»

343 602 461 659 lius
485 602 723 670 Joiadte,
755 601 851 658 hic
869 600 1083 657 dicitur
1105 598 1262 655 filius
1275 597 1585 654 Barachize'
1606 596 1714 652 Ubi
1730 593 1997 668 quamvis

340 692 531 766 possit
561 692 818 765 prudens
851 689 1032 745 lector
1062 688 1431 762 respondere,
1451 687 1609 742 hunc
1643 685 1822 741 fuisse
1828 685 1999 756 juxta

340 785 593 839 veterem
628 779 1111 836 consuetudinem
1143 778 1386 833 fortasse
1415 774 1767 843 binomium,
1789 772 1996 830 etalibi

340 872 629 937 Joiadam,
655 873 712 926 et
741 869 879 926 alibi
910 867 1251 924 Barachiam
1270 866 1454 922 fuisse
1479 864 1997 931 nominatum,nos

341 966 539 1017 tamen
571 960 848 1030 dicimus,
881 959 1021 1031 quia
1068 957 1403 1029 ubicunque
1453 955 1511 1010 in
1544 954 1751 1010 Latina
1794 954 1995 1027 lingua

341 1050 643 1123 Scriptura
668 1049 889 1113 deﬁcit,
922 1046 1343 1104 recurrendum
1374 1049 1464 1101 est
1494 1045 1566 1100 ad
1597 1044 1856 1099 Grecam
1905 1042 1993 1099 vel

339 1137 681 1195 Hebraicam
696 1137 1130 1209 proprietatem,
1146 1152 1214 1192 ex
1227 1134 1442 1206 quibus
1455 1134 1659 1189 eadem
1691 1132 1995 1204 Scriptura

339 1230 673 1300 sumpserat
701 1225 1009 1298 originem,
1042 1227 1107 1278 ut
1134 1240 1236 1296 per
1265 1220 1801 1294 interpretationem
1849 1237 1992 1276 con-

339 1334 547 1390 gruam
577 1314 925 1371 conveniens
959 1317 1254 1386 appareat,
1270 1312 1426 1385 quod
1439 1311 1510 1366 ad
1523 1310 1772 1366 litteram
1798 1309 1993 1365 incon-

338 1406 576 1462 veniens
608 1407 797 1460 sonat.
828 1403 1035 1459 Joiada
1064 1419 1200 1475 ergo
1231 1402 1646 1473 interpretatur
1665 1400 1882 1471 justitia
1895 1401 2007 1455 Do-'

333 1497 495 1562 mini,
529 1492 844 1549 Barachias
873 1494 1136 1548 memoria
1177 1492 1417 1556 Domini,
1468 1488 1779 1545 Zacharias
1827 1489 1989 1545 bene-

334 1584 509 1640 dictus
538 1584 778 1640 Domini.
813 1582 955 1647 Quia
987 1597 1122 1653 ergo
1155 1580 1226 1634 de
1263 1577 1499 1650 justitia
1547 1578 1797 1646 Domini,
1832 1581 1889 1634 et
1917 1578 1988 1634 de

334 1673 619 1729 memoria
648 1671 877 1727 Domini
914 1669 1172 1725 nascitur
1202 1666 1527 1724 benedictio
1562 1667 1988 1739 Domini,juxta

333 1779 653 1835 congruam
680 1756 1221 1830 interpretationem
1244 1755 1392 1811 nihil
1416 1756 1749 1813 discordare
1762 1756 1988 1811 videtur

333 1856 532 1907 utrum
563 1848 856 1905 Barachize
887 1864 957 1900 an
991 1845 1209 1902 Joiadaa
1238 1845 1396 1902 {ilius
1443 1844 1689 1918 legatur.
1744 1845 1889 1900 Nam
1923 1844 1982 1899 in

331 1937 640 2013 Evangelio
669 1954 781 2010 quo
812 1934 1065 1993 Nazaraai
1096 1939 1360 2003 utuntur,
1394 1952 1498 2007 pro
1532 1934 1648 1990 tilio
1666 1932 1979 2001 Barachiae,

332 2028 491 2084 ﬁlius
520 2027 735 2083 Joiadze
767 2025 1001 2082 dicitur.
1038 2025 1162 2080 Non
1195 2028 1390 2080 autem
1424 2023 1550 2080 sine
1577 2040 1756 2079 causa
1778 2026 1983 2095 putan-

332 2117 474 2173 dum
505 2121 593 2173 est
624 2115 779 2189 quod
809 2114 1094 2170 Dominus
1126 2115 1429 2169 beatorum
1460 2117 1785 2186 martyrum
1819 2128 1979 2169 men-

330 2208 546 2263 tionem
565 2204 915 2273 faciens,hos
930 2205 1078 2260 duos
1090 2202 1420 2276 specialiter
1439 2202 1743 2258 nominare
1778 2200 1979 2268 voluit,

328 2296 469 2355 Abel
501 2295 720 2354 scilicet
764 2301 821 2350 et
867 2293 1227 2357 Zachariam,
1283 2309 1415 2349 cum
1462 2293 1534 2348 ab
1564 2292 1732 2348 initio
1782 2291 1980 2348 saeculi

329 2386 499 2443 multi
534 2384 632 2441 alii
664 2401 768 2457 pro
798 2385 925 2456 ejus
944 2383 1179 2439 nomine
1193 2380 1828 2438 fuissentoccisi.Tales
1841 2398 1979 2455 ergo

328 2479 536 2550 ponete
562 2473 766 2541 voluit,
800 2490 903 2546 per
933 2489 1182 2546 quorum
1196 2471 1543 2544 martyrium
1564 2470 1827 2527 omnium
1849 2489 1979 2544 pas-

327 2566 523 2625 siones
556 2563 1046 2638 signiﬁcarentur,
1083 2562 1181 2635 qui
1214 2579 1318 2634 pro
1368 2562 1497 2633 ejus
1530 2560 1767 2616 nomine
1815 2560 1976 2633 passi

326 2656 578 2722 fuerant,
611 2651 697 2709 vel
731 2651 963 2725 passuri
994 2656 1179 2708 erant.
1213 2652 1319 2707 Per
1346 2649 1486 2705 Abel
1518 2666 1668 2717 vero,
1730 2650 1829 2721 qui
1860 2666 1975 2705 non

326 2748 563 2818 propter
611 2741 1103 2815 praedicationem,
1158 2740 1260 2795 sed
1309 2744 1548 2811 propter
1592 2737 1873 2793 invidiam
1913 2739 1974 2795 in

326 2850 465 2907 agro
497 2832 747 2902 occisus,
798 2848 914 2887 non
964 2828 1287 2885 reluctasse
1343 2828 1557 2883 dicitur
1603 2826 1690 2882 vel
1739 2827 1972 2901 legitur,

324 2922 409 2978 illi
440 2920 848 2995 signiﬁcantur
878 2918 976 2992 qui
992 2917 1291 2990 simplices
1302 2915 1515 2972 suntin
1529 2916 1973 2986 doctrinaﬁrmi

323 3015 521 3067 tamen
554 3010 610 3065 in
646 3009 777 3076 ﬁde,
811 3007 1419 3080 quiscientestantum
1434 3005 1731 3061 Christum
1746 3006 1974 3062 ethunc

323 3100 690 3165 crucifixum,
723 3097 912 3170 magis
940 3095 1165 3170 eligunt
1209 3112 1310 3168 pro
1357 3096 1487 3167 ejus
1535 3095 1771 3152 nomine
1802 3095 1970 3162 mori,

322 3206 497 3262 quam
533 3189 661 3259 ejus
693 3187 868 3245 ﬁdem
899 3201 1131 3259 negare.
1166 3186 1272 3241 Per
1301 3184 1640 3240 Zachariam
1671 3200 1826 3251 vero,
1870 3185 1970 3257 qui

2108 600 2323 653 Omnes
2356 613 2491 671 ergo
2539 601 2942 669 persecutores
2992 597 3275 664 fidelium,
3320 615 3354 653 a
3384 597 3574 670 primo
3621 598 3760 655 Cain

2108 702 2295 759 usque
2326 688 2398 742 ad
2431 687 2707 743 ultimum
2741 686 3336 759 quiventuruseshin
3369 704 3489 743 una
3518 704 3759 762 genera-

2106 776 2263 832 tione
2285 780 2722 849 computantur,
2739 776 3016 848 quoniam
3031 776 3137 832 etsi
3152 775 3364 833 divulsi
3387 781 3526 834 sunt
3546 778 3605 832 in
3618 782 3761 834 tem-

2104 882 2263 938 pore,
2297 864 2446 921 uniti
2477 870 2621 955 su‘nt
2650 865 2708 921 in
2743 865 2899 922 mala
2926 865 3247 922 voluntate.
3278 866 3562 924 Similiter
3589 871 3644 923 et
3674 866 3758 923 illi

2105 955 2205 1028 qui
2237 961 2341 1028 per
2369 956 2522 1011 bona
2550 972 2725 1028 opera
2753 955 3108 1030 generationi
3125 960 3416 1012 rectorum
3435 956 3757 1025 adhaerent,

2102 1044 2163 1101 in
2196 1045 2392 1101 futuro
2423 1044 2734 1118 prmmium
2760 1062 2894 1101 cum
2925 1045 3010 1101 eis
3041 1044 3345 1117 accipient.

2180 1158 2199 1185 ιι
2234 1133 2582 1203 Jerusalem,
2603 1134 2953 1199 Jerusalem,
2974 1150 3102 1205 quae
3120 1132 3338 1189 occidis
3350 1133 3686 1206 prophetas,
3702 1140 3762 1191 et

2107 1248 2127 1274 ι
2161 1223 2393 1297 lapides
2423 1241 2521 1280 eos
2552 1224 2653 1296 qui
2686 1223 2757 1279 ad
2772 1221 3008 1279 temissi
3022 1225 3182 1290 sunt,
3208 1223 3761 1295 quotiesvoluicon-

2101 1335 2129 1383 (ς
2162 1328 2403 1386 gregare
2435 1311 2586 1368 filios
2615 1316 2749 1368 tuos
2776 1311 3273 1384 quemadmodum
3288 1310 3757 1387 gallinacongre-

2100 1427 2126 1453 «
2164 1407 2263 1476 gat
2292 1403 2485 1476 pullos
2518 1418 2657 1458 suos
2689 1402 2797 1457 sub
2830 1399 2974 1465 alas,
3007 1404 3063 1457 et
3091 1399 3373 1457 noluisti?
3404 1425 3432 1451 ››
3464 1402 3607 1457 Cum
3640 1403 3755 1458 Do-

2101 1492 2299 1548 minus
2357 1492 2429 1547 ad
2487 1489 2813 1547 Jerusalem
2871 1488 3152 1562 loquitur,
3213 1506 3331 1546 non
3362 1491 3433 1546 ad
3480 1508 3620 1547 saxa
3663 1492 3752 1548 vel

2097 1581 2343 1637 aediﬁcia
2397 1581 2696 1654 putandus
2754 1582 2845 1635 est
2873 1578 3054 1651 loqui,
3088 1579 3189 1635 sed
3250 1579 3645 1653 metaphorice
3676 1583 3748 1637 ad

2097 1670 2256 1742 ipsos
2287 1669 2580 1738 homines,
2612 1673 2678 1725 ut
2708 1665 3753 1742 perinhabitatumhabitantesintel-

2094 1760 2261 1834 ligas.
2296 1760 2451 1824 Quos
2480 1764 2723 1832 paterno
2752 1758 2977 1831 planxit
3008 1758 3237 1831 affectu,
3268 1758 3406 1831 quia
3435 1775 3635 1816 eorum
3666 1761 3752 1816 in-

2094 1850 2332 1907 teritum
2366 1850 2481 1905 cito
2514 1848 2857 1921 praesciebat
2887 1864 3016 1904 esse
3044 1851 3382 1914 venturum,
3397 1849 3568 1920 juxta
3590 1850 3745 1922 quod

2094 1940 2233 1996 alibi
2265 1939 2545 2012 legimus:
2578 1961 2605 1988 «
2641 1939 2919 2011 quoniam
2950 1954 3085 1993 cum
3114 1937 3359 1993 vidisset
3386 1937 3558 1994 Jesus
3601 1938 3747 1994 civi-

2064 2026 2296 2095 ‘tatem,
2328 2028 2486 2085 ﬂevit
2516 2045 2693 2100 super
2726 2027 2906 2096 illam,
2966 2028 3195 2084 dicens:
3256 2027 3404 2095 Quia
3450 2028 3497 2083 si
3530 2045 3742 2100 cogno-

2091 2118 2275 2175 visses
2306 2122 2362 2174 et
2388 2122 2474 2174 tu.
2516 2142 2534 2167 η
2569 2119 2712 2173 Cum
2745 2122 2941 2173 autem
2975 2116 3262 2188 adjunxit,
3297 2141 3325 2168 ‹‹
3359 2134 3487 2189 ῳιτε
3524 2116 3743 2173 occidis

2091 2208 2405 2282 prophetas
2435 2212 2493 2263 et
2522 2206 2749 2279 lepidas
2780 2223 2846 2262 eo
2871 2206 2973 2279 qui
3005 2206 3075 2262 ad
3100 2211 3156 2262 te
3184 2207 3350 2263 missi
3381 2210 3539 2279 sunt,
3588 2228 3615 2258 ››
3647 2223 3743 2262 os-

2091 2298 2279 2356 tendit
2309 2295 2615 2369 praeteritis
2645 2295 3009 2368 temporibus
3042 2295 3355 2368 prophetas
3386 2296 3457 2351 ad
3487 2295 3738 2352 salutem

2088 2388 2353 2461 ejusdem
2386 2384 2587 2458 populi
2618 2402 2745 2441 esse
2777 2384 3011 2441 missos.
3045 2386 3332 2450 Quaeritur
3362 2388 3559 2441 autem
3591 2401 3736 2457 quo-

2088 2478 2262 2535 modo
2294 2475 2579 2532 Dominus
2611 2474 2797 2531 dicat:
2836 2496 2863 2526 «
2894 2473 3128 2538 Quoties
3176 2473 3331 2530 volui
3382 2490 3739 2546 congregare

2087 2567 2240 2624 ﬁlios
2270 2571 2423 2635 tuos,
2451 2564 2948 2638 quemadmodum
2967 2563 3186 2637 gallina
3199 2567 3512 2636 congregat
3526 2562 3736 2635 pullos

2082 2674 2226 2715 suos
2259 2657 2370 2712 sub
2401 2653 2530 2724 alis,
2563 2658 2620 2709 et
2650 2652 2912 2721 noluisti,
2948 2676 2976 2703 ››
2999 2670 3135 2709 cum
3162 2652 3299 2709 alibi
3329 2652 3615 2724 scriptum
3634 2652 3732 2707 sit:

2086 2772 2114 2799 ‹‹
2148 2745 2361 2802 Omnia
2391 2760 2755 2818 quaecunque
2784 2741 2987 2811 voluit,
3022 2742 3309 2798 Dominus
3340 2741 3473 2798 fecit
3500 2740 3559 2796 in
3592 2740 3736 2797 coelo

2085 2841 2144 2894 et
2175 2836 2233 2891 in
2264 2838 2441 2900 terra,
2473 2833 2532 2888 in
2575 2832 2718 2888 mari
2770 2835 2826 2888 et
2854 2830 2916 2886 in
2947 2831 3224 2888 omnibus
3277 2830 3505 2904 abyssis
3556 2830 3733 2903 (Psal.

2084 2923 2328 2996 CXXXIV).
2366 2946 2393 2973 »
2422 2920 2566 2990 Quia
2594 2921 2751 2978 enim
2782 2919 3737 2994 omniaqurevultfacit,quomodo

2082 3015 2235 3072 ﬁlios
2246 3011 2572 3070 Jerusalem
2595 3028 2947 3085 congregare
2968 3010 3170 3078 voluit,
3202 3014 3260 3066 et
3280 3026 3397 3065 non
3421 3023 3736 3081 congrega-

2081 3105 2276 3161 vit?Ad
2294 3104 2448 3176 quod
2464 3102 2763 3158 dicentum
2791 3104 2881 3156 est
2895 3099 3033 3173 quia
3048 3092 3432 3172 'omnipotcns
3457 3097 3607 3154 Deus
3630 3096 3738 3153 ho-

2083 3194 2312 3250 minum
2327 3191 2562 3247 servitia
2573 3206 2689 3245 non
2703 3188 3049 3245 vulthabere
3062 3192 3282 3257 coacta,
3297 3187 3397 3244 sed
3412 3191 3739 3259 spontanee

321 3279 594 3335 sacerdos
626 3276 735 3333 fuit
765 3276 823 3331 in
856 3258 1059 3331 ordine
1090 3272 1429 3346 pontiﬁcali,
1463 3277 1519 3328 et
1550 3289 1664 3327 non
1714 3272 1774 3327 in
1805 3290 1965 3345 agro,

2086 3288 2142 3339 et
2158 3280 2505 3349 voluntaria,
2537 3283 2602 3335 ut
2634 3278 2888 3334 inveniat
2928 3277 2985 3333 in
3027 3281 3228 3333 nostra
3258 3278 3410 3333 bona
3438 3258 3737 3332 voluntate

319 3369 418 3424 sed
454 3372 688 3440 propter
719 3364 1189 3437 pradicationem
1221 3362 1374 3417 inter
1402 3360 1682 3432 templum
1708 3365 1763 3416 et
1791 3361 1972 3417 altare

319 3460 410 3512 est
436 3456 688 3523 occisus,
720 3452 806 3508 illi
838 3452 1249 3524 signiﬁcantur
1279 3449 1379 3523 qui
1411 3449 1676 3523 magistri
1693 3453 1751 3505 et
1781 3450 1972 3506 docto-

318 3562 411 3601 res
437 3542 706 3601 Ecclesiae
740 3545 900 3607 sunt,
934 3544 991 3595 et
1021 3542 1258 3612 propter
1286 3538 1680 3594 constantiam
1723 3556 1968 3612 evange-

316 3632 553 3703 lizandi,
583 3631 671 3688 vel
703 3635 939 3704 propter
958 3628 1381 3701 correptionem
1396 3628 1969 3700 reproborum,mar-

315 3724 532 3797 tyrium
566 3724 967 3793 sumpserunt.
1000 3721 1257 3784 Quorum
1289 3717 1516 3790 primus
1557 3722 1687 3790 post
1738 3718 1969 3774 Domini

317 3812 652 3886 passionem
681 3810 790 3866 fuit
820 3810 1025 3864 beatus
1056 3806 1391 3880 Stephanus
1424 3806 1639 3875 Levita,
1671 3809 1841 3879 cujus
1871 3808 1971 3864 ho-

317 3903 409 3959 die
440 3900 814 3958 festivitatem
845 3897 1228 3963 celebramus,
1261 3895 1399 3968 quia
1427 3896 1498 3951 ad
1533 3896 1968 3969 praedicandum

317 3992 621 4048 ordinatus
653 3990 725 4045 ab
757 3987 1057 4060 apostolis,
1092 4002 1226 4042 cum
1257 4002 1325 4041 ex
1374 3971 1718 4042 auctoritate
1759 3985 1966 4043 divinae

314 4079 461 4154 legis
486 4079 783 4135 Christum
815 4077 914 4133 Dei
950 4075 1159 4132 Filium
1184 4076 1968 4147 doceret,reproborumma-

317 4170 492 4227 nibus
522 4173 610 4225 est
635 4168 950 4240 lapidatus.
984 4166 1101 4220 Nec
1130 4170 1326 4221 tamen
1357 4163 1507 4220 inter
1527 4163 1751 4237 lapides
1768 4166 1968 4221 amisit

314 4259 679 4333 patientiam,
698 4257 798 4313 sed
812 4255 872 4311 in
888 4253 1149 4311 oratione
1166 4271 1374 4327 puram
1391 4253 1655 4310 exhibuit
1674 4255 1969 4311 conscien-

312 4350 476 4417 tiam,
492 4346 834 4420 supplicans
847 4344 1364 4417 prolapidantibus
1378 4343 1645 4400 etdicens
1666 4343 1967 4413 ;«Domine

310 4437 472 4504 Jesu,
506 4454 577 4493 ne
608 4440 835 4493 statuas
866 4433 984 4490 illis
1014 4433 1124 4490 hoc
1156 4438 1482 4506 peccatum,
1517 4432 1654 4504 quia
1696 4432 1968 4488 nesciunt

313 4526 455 4600 quid
489 4526 708 4581 faciunt
738 4524 875 4595 (Act.
909 4526 1028 4593 νει).
1062 4546 1089 4575 ››

2081 3372 2236 3444 quod
2256 3372 2587 3427 remuneret
2603 3385 2670 3425 ex
2686 3385 2795 3424 sua
2806 3365 3360 3441 gratuitalargitate;
3384 3370 3443 3422 et
3458 3365 3586 3421 ideo
3600 3363 3735 3437 pius

2078 3465 2134 3518 et
2147 3460 2516 3532 omnipotens
2529 3458 2702 3527 Deus,
2728 3456 2829 3529 qui
2845 3474 2960 3512 non
2973 3454 3097 3511 vult
3113 3459 3361 3511 mortem
3385 3452 3732 3527 peccatoris,

2079 3550 2179 3606 sed
2210 3553 2276 3604 ut
2304 3551 2676 3604 convertatur
2707 3551 2765 3602 et
2792 3546 2964 3614 vivat,
2998 3563 3114 3601 non
3154 3547 3461 3617 propterea
3496 3541 3737 3614 reliquit

2080 3638 2231 3696 ﬁlios
2261 3636 2587 3694 Jerusalem
2630 3637 2769 3709 quia
2816 3650 3169 3709 congregare
3220 3650 3334 3690 non
3385 3631 3596 3706 potuit,
3629 3631 3733 3687 sed

2079 3728 2217 3800 quia
2232 3728 2364 3783 illos
2379 3726 2641 3783 nolentes
2654 3731 2901 3798 spontan
2910 3740 3039 3780 eam
3055 3723 3419 3779 uoluntatem
3438 3720 3730 3788 exhibere,

2078 3835 2430 3891 congregare
2460 3815 2669 3871 noluit.
2702 3814 2864 3878 Quod
2915 3830 3048 3869 vero
3080 3812 3188 3868 ait:
3245 3834 3270 3865 α
3301 3811 3535 3875 Quoties
3558 3808 3734 3865 -volui

2079 3923 2429 3981 congregare
2462 3904 2613 3961 filios
2644 3907 2796 3971 tuos,
2829 3900 3417 3974 »etreliqua,taleest
3438 3916 3504 3955 ac
3521 3896 3734 3955 sidice-

2078 4001 2190 4053 ret:
2225 3996 2344 4068 Ego
2374 3993 2556 4061 volui,
2588 3994 2689 4050 sed
2723 3998 2782 4047 tu
2817 3990 3089 4059 noluisti;
3123 4007 3228 4064 ego
3259 3990 3414 4062 quod
3435 3989 3735 4044 meumest

2078 4086 2206 4152 feci,
2240 4084 2343 4141 sed
2374 4089 2437 4140 tu
2473 4083 2627 4154 quod
2656 4086 2826 4137 tuum
2860 4085 3003 4146 erat,
3055 4096 3171 4135 non
3202 4078 3423 4145 fecisti;
3471 4094 3576 4150 ego
3626 4092 3733 4148 pro

2077 4179 2179 4231 tua
2210 4173 2399 4229 salute
2429 4173 2501 4228 ad
2533 4176 2588 4227 te
2621 4171 2935 4244 prophetas
2976 4168 3135 4225 misi.
3171 4168 3270 4224 sed
3305 4171 3365 4221 tu
3416 4183 3514 4223 eos
3547 4166 3732 4220 inter-

2077 4262 2296 4331 fecisti;
2329 4278 2433 4334 ego
2464 4261 2534 4315 ad
2569 4264 2623 4316 te
2655 4259 2780 4330 ipse
2809 4258 2961 4326 veni,
3018 4262 3075 4314 et
3106 4261 3169 4312 tu
3202 4273 3295 4312 me
3341 4254 3594 4327 recipere
3626 4270 3731 4309 no-

2075 4352 2259 4408 luisti.
2290 4349 2429 4405 Vult
2458 4349 2616 4405 enim
2650 4348 2804 4404 Deus
2837 4346 3209 4419 omnipotens
3226 4361 3431 4402 omnes
3461 4342 3733 4398 homines

2076 4441 2268 4498 salvos
2298 4439 2444 4505 ﬁeri,
2477 4442 2536 4492 et
2563 4440 2759 4492 tamen
2793 4453 2910 4491 non
2943 4452 3148 4492 omnes
3179 4434 3501 4499 salvantur,
3519 4429 3730 4504 quiain

1998 4536 2001 4539 '
2075 4527 2293 4600 duritia
2323 4525 2515 4581 cordis
2546 4525 2979 4599 impaenitentes
3008 4526 3403 4596 perseverant.
3448 4519 3563 4576 Nec
3594 4517 3731 4575 abs-

387 4638 414 4666 ‹‹
448 4617 630 4671 Amen
661 4613 791 4669 dico
821 4612 1006 4683 vobis,
1039 4612 1273 4669 venient
1301 4612 1423 4668 haec
1454 4610 1650 4665 omnia
1680 4627 1856 4683 super
1873 4627 1967 4684 ge~
1994 4633 2043 4696 D
2077 4634 2187 4690 que
2216 4613 2685 4671 consideratione
2703 4613 3175 4687 praetereundum
3193 4616 3285 4669 est
3315 4610 3469 4683 Quod
3496 4606 3762 4682 gallinae.

319 4727 340 4755 ι
376 4706 738 4762 nerationem
772 4704 967 4760 istam.
1005 4726 1032 4753 ν
1065 4704 1123 4759 Si
1146 4718 1321 4774 quem
1335 4699 1963 4771 τηονθιςυοηιοάοὶιεεο
2073 4723 2135 4763 se
2168 4703 2525 4776 comparavit
2553 4720 2687 4759 cum
2717 4702 2875 4772 ﬁliis,
2910 4719 3046 4758 cum
3074 4701 3226 4758 filios
3246 4697 3570 4756 Jerusalem
3596 4711 3731 4751 con-

311 4794 511 4852 omnia
542 4810 721 4867 super
750 4792 1185 4867 generationem
1221 4804 1396 4844 unam
1428 4787 1623 4843 venire
1668 4788 1957 4855 dicantur,

310 4900 443 4941 cum
471 4900 577 4940 nec
606 4882 745 4939 Abel
780 4899 883 4938 nec
914 4879 1252 4937 Zachariam
1283 4875 1395 4949 ipsi
1427 4875 1764 4941 occiderint,
1790 4877 1957 4933 intel-

309 4972 454 5047 ligat
485 4972 622 5046 quia
643 4972 962 5028 auctoritas
975 4984 1150 5024 sacrae
1165 4965 1479 5038 Scriptura:
1494 4969 1603 5036 est,
1628 4966 1776 5021 duas
1793 4983 1961 5039 gene-

307 5063 562 5119 rationes
595 5073 1074 5122 commemorare,
1109 5055 1397 5138 bonorum
1429 5054 1653 5135 scilicet
1681 5060 1739 5111 et
1770 5056 1960 5113 malo--

307 5169 459 5208 rum.
522 5152 602 5207 De
661 5148 832 5205 bonis
891 5146 1172 5218 legimus:
1237 5132 1617 5201 «(Generatio
1663 5149 1955 5202 rectorum

306 5241 686 5298 benedicatur
743 5236 915 5297 (Psal.
973 5232 1103 5305 cm).
1145 5257 1165 5281 υ
1205 5233 1272 5288 Et
1320 5233 1567 5290 iterum:
1621 5258 1646 5284 ‹‹
1684 5235 1815 5291 Haec
1871 5240 1963 5292 est

306 5328 602 5404 generatio
614 5324 1001 5399 quaerentium
1016 5322 1353 5391 Dominum,
1370 5327 1733 5394 quaerentum
1753 5325 1960 5382 faciem

305 5417 403 5472 Dei
435 5415 614 5472 Jacob
647 5414 816 5486 (Psal.
851 5416 1035 5483 XXIII).
1072 5436 1099 5461 ››
1133 5411 1212 5467 De
1243 5410 1419 5467 malis
1447 5429 1604 5481 vero,
1655 5414 1959 5471 Generatio

303 5521 483 5578 prava
511 5507 566 5559 et
596 5519 887 5576 perversa.
920 5503 992 5558 Et
1037 5501 1281 5557 iterum:
1335 5499 1640 5559 Generatio
1683 5520 1811 5576 quae
1843 5521 1957 5560 non

303 5591 514 5650 direxit
542 5608 643 5648 cor
673 5607 871 5647 suum.
904 5592 975 5648 Et
1005 5608 1149 5665 gens
1180 5590 1404 5662 absque
1433 5591 1698 5659 consilio,
1747 5597 1803 5648 et
1834 5595 1960 5651 sine

303 5683 635 5767 prudentia.
670 5680 833 5741 Unde
862 5688 919 5740 et
949 5680 1233 5742 Dominus
1266 5679 1326 5738 in
1349 5678 1657 5755 Evangelia
1676 5681 1788 5743 ait:
1811 5704 1837 5739 α
1857 5685 1960 5745 Ge.

2069 4808 2310 4868 gregare
2341 4809 2403 4848 se
2459 4791 2605 4848 velle
2661 4791 2824 4847 dixit.
2886 4788 3116 4847 Gallina
3171 4788 3328 4845 enim
3382 4784 3633 4858 simplex
3668 4788 3731 4839 et

2069 4882 2387 4939 mitissima
2416 4884 2505 4937 est
2533 4882 2675 4951 avis,
2708 4899 2836 4953 quae
2867 4881 3010 4936 dum
3042 4878 3235 4952 pullos
3260 4878 3411 4933 fovet
3431 4892 3497 4932 ac
3515 4872 3728 4957 nutrit,

2069 4973 2303 5047 plumas
2332 4971 2526 5045 erigit,
2559 4974 2616 5027 et
2648 4974 2825 5026 totam
2876 4984 2937 5025 se
2988 4968 3285 5040 hispidam
3335 4964 3549 5033 reddit,
3601 4960 3730 5017 alas

2067 5060 2324 5135 deponit,
2356 5078 2556 5116 vocem
2589 5062 2873 5125 attenuat,
2906 5062 2962 5114 et
2991 5061 3173 5113 totam
3189 5056 3559 5113 seinﬁrmam
3573 5048 3732 5108 exhi-

2067 5152 2183 5219 bet,
2217 5154 2283 5206 ut
2313 5148 2506 5222 pullos
2536 5147 2804 5204 fortiores
2835 5146 3062 5214 reddat,
3092 5144 3355 5201 bestiolis
3404 5156 3638 5215 quoque
3669 5141 3730 5194 et

2074 5239 2281 5296 avibus
2303 5236 2724 5294 insidiantibus
2750 5252 2853 5307 pro
2886 5234 3075 5291 salute
3105 5233 3404 5306 pullorum
3436 5243 3622 5302 usque
3653 5226 3757 5283 ad.

2073 5323 2331 5385 mortem.
2353 5343 2415 5383 se
2446 5324 2707 5398 opponit.
2739 5323 2917 5380 Juxta
2945 5340 3082 5397 ergo
3103 5322 3256 5379 hanc
3273 5317 3729 5377 similitudinem

2027 5398 2033 5405 ’
2072 5419 2357 5474 Dominus
2386 5414 2617 5487 gallina:
2648 5430 2711 5469 se
2741 5411 3116 5485 comparavit,
3140 5411 3280 5484 quia
3309 5414 3376 5466 ut
3395 5425 3503 5465 nos
3533 5407 3608 5464 de
3636 5404 3758 5462 in-v

2070 5507 2260 5563 firmis
2291 5504 2491 5559 firmos
2522 5501 2756 5567 faceret,
2789 5502 2927 5559 etde
2942 5501 3189 5558 terrenis
3212 5500 3284 5556 ad
3297 5495 3558 5553 ccelestia
3584 5494 3731 5550 sub-

2068 5596 2303 5659 levaret,
2327 5590 2495 5664 quasi
2515 5590 3046 5648 inﬁrmisexhibuis
3068 5586 3471 5652 seinﬁrmum,
3487 5582 3728 5656 quando

2068 5685 2139 5744 de
2168 5682 2307 5743 coelo
2337 5679 2638 5739 descendit
2667 5680 2727 5739 in
2759 5684 2969 5751 terras,
3011 5677 3204 5737 sciens
3251 5673 3394 5751 quia
3424 5695 3453 5727 «
3486 5688 3606 5731 non
3637 5675 3731 5732 est
