4070 6190
373 382 451 441 ’15
932 380 1336 444 HAYMONIS
1379 379 1923 442 HALBERSTAT.
1966 372 2213 438 EPISC.
2261 375 2435 442 OPP.
2479 379 2681 443 PARS
2728 383 2805 443 II.
2832 414 2912 427 —
2942 381 3213 444 HOMIL.
3702 379 3783 441 76

316 564 325 571 .
376 511 1895 587 oni,etcaeteriﬁliidiaboli,quosipseinEpistolasua
1908 510 2018 566 An-
2046 508 2103 577 Α
2130 507 2310 579 tione,
2325 512 2605 571 sanctitas
2636 514 2813 570 simul
2844 518 2901 570 et
2920 514 3232 587 prudentia
3245 512 3458 587 Joseph
3483 529 3779 571 commen-

372 601 670 659 tichristos
681 601 954 674 appellat,
973 604 1219 659 diversis
1231 603 1606 677 dogmatibus
1618 618 1745 657 eam
1759 600 2024 656 scindere

369 692 560 748 conati
598 695 765 761 sunt,
802 692 1060 749 dicentes
1089 692 1389 749 Christum
1429 697 1561 747 ante
1615 689 1859 746 Mariam
1908 705 2026 745 non

368 781 572 837 fuisse.
599 781 806 837 Postea
834 799 1141 853 vero,cum
1173 782 1542 855 permittente
1570 781 1725 836 Neva
1756 778 2024 852 piissimo

368 887 520 943 rege,
546 870 620 926 de
655 869 858 926 exsilio
888 888 1158 929 reversus
1189 871 1400 943 Ephesi
1425 873 1771 935 moraretur,
1787 872 2025 942 rogatus

369 958 585 1016 dicitur
616 960 688 1016 ab
727 960 1004 1016 omnibus
1024 960 1171 1016 Asiae
1201 958 1491 1031 episcopis
1543 963 1599 1014 et
1649 956 2022 1031 presbyteris,

371 1049 511 1122 quia
522 1049 547 1120 j
558 1065 652 1104 am
686 1048 748 1104 in
772 1050 960 1105 tribus
983 1048 1474 1121 evangelistarum
1496 1045 2026 1103 lihrisdehumani-

377 1142 499 1194 tate
530 1136 846 1195 Salvatoris
877 1138 1023 1194 satis
1054 1137 1337 1210 scriptum
1372 1137 1687 1204 habebant,
1713 1140 1777 1190 ut
1822 1135 1905 1190 eis
1955 1135 2026 1191 de

373 1225 675 1282 divinitate
707 1242 1038 1282 sermonem
1073 1226 1306 1295 faceret,
1340 1230 1514 1298 atque
1555 1226 1628 1281 ad
1678 1223 2023 1280 memoriam

303 1366 315 1379 ,
374 1315 706 1370 futurorum
729 1314 1013 1387 scriptum
1041 1314 1415 1387 relinqueret,
1433 1315 1687 1369 maxime
1702 1313 1770 1368 ad
1794 1311 2026 1368 convin-

374 1405 617 1459 cendam
638 1402 875 1460 illorum
897 1403 1188 1470 haeresim,
1204 1403 1307 1476 qui
1329 1404 1555 1459 dicebat
1576 1402 1875 1458 Christum
1888 1407 2023 1457 ante

373 1492 616 1551 Mariam
646 1509 764 1549 non
794 1493 975 1549 fuisse
1007 1510 1018 1549 :
1052 1494 1207 1565 quod
1240 1492 1496 1564 primum
1520 1508 1582 1547 se
1604 1491 2025 1565 negavitfactu-

374 1598 527 1649 rum,
562 1582 663 1638 sed
694 1581 813 1636 illis
844 1581 902 1636 in
935 1598 1103 1653 prece
1131 1580 1660 1653 perseverantibus,
1684 1597 1800 1636 non
1858 1580 2025 1636 aliter

375 1670 810 1744 acquievit,nisi
842 1686 1048 1725 omnes
1080 1669 1352 1725 triduano
1374 1669 1602 1742 jejunio
1636 1668 2021 1725 Dominumin

374 1775 686 1817 commune
714 1762 1111 1830 precarentur.
1143 1759 1305 1823 Quod
1354 1776 1488 1814 cum
1536 1759 1829 1827 fecissent,
1860 1762 2025 1815 tanta

375 1846 827 1921 gratiaSpiritus
839 1848 1025 1903 sancti
1042 1847 1256 1903 dicitur
1269 1846 1450 1904 fuisse
1463 1846 1741 1921 repletus,
1755 1852 1821 1903 ut
1835 1864 2023 1920 usque
2053 1882 2100 1947 B

376 1936 448 1991 ad
480 1935 988 2008 contemplandam
1011 1936 1198 1991 Patris
1219 1941 1275 1992 et
1296 1936 1427 1993 Filii
1447 1937 1828 2010 ejusdemque
1841 1935 2024 2009 Spiri-

377 2023 525 2080 ritus
570 2025 754 2080 sancti
806 2024 1171 2082 divinitatem
1217 2029 1410 2081 mente
1476 2032 1798 2098 raperetur,
1850 2030 1907 2082 et
1954 2026 2024 2081 de

377 2117 601 2173 aeternae
636 2114 763 2168 vita
814 2114 1133 2186 purissimo
1179 2115 1335 2171 fonte
1380 2119 1627 2187 potaret,
1660 2116 1817 2188 quod
1856 2115 2023 2171 nobis

378 2202 716 2259 sitientibus
746 2198 1098 2275 propinaret.
1122 2203 1286 2260 Unde
1307 2209 1363 2259 et
1388 2205 1683 2277 Evangelii
1703 2206 1792 2261 sui
1812 2205 1925 2261 tale
1938 2209 2027 2260 est

380 2291 680 2347 exordium
715 2309 729 2346 ε
765 2314 792 2342 ι(
824 2293 886 2347 In
920 2292 1205 2365 principio
1235 2297 1359 2348 erat
1387 2293 1668 2360 Verbum,
1691 2299 1748 2349 et
1767 2294 2024 2349 Verbum

380 2385 507 2437 erat
536 2381 688 2453 apud
722 2385 924 2448 Deum,
957 2386 1014 2437 et
1038 2382 1194 2438 Deus
1224 2385 1347 2437 erat
1374 2381 1652 2451 Verbum,
1690 2406 1718 2433 »
1743 2387 1800 2439 et
1816 2382 1899 2438 sic
1925 2400 2028 2455 per

378 2473 568 2525 totum
598 2470 890 2543 Evangelii
925 2470 1017 2526 sui
1038 2476 1279 2538 textum,
1297 2488 1483 2542 pauca
1502 2473 1572 2528 de
1594 2472 1872 2528 humanis
1885 2472 2024 2528 acti-

379 2558 492 2615 bus
512 2559 907 2632 interponens,
924 2560 1281 2616 sufficienter
1302 2560 1371 2616 de
1395 2561 1697 2618 divinitate
1709 2561 2026 2618 Salvatoris

381 2647 599 2720 scripta
629 2647 884 2720 reliquit.
901 2650 1085 2715 Quam
1111 2650 1359 2706 firmiter
1379 2654 1571 2706 autem
1596 2654 1653 2706 et
1672 2651 1894 2723 absque
1906 2649 2028 2706 ulla

382 2736 766 2819 ambiguitate
798 2738 1089 2794 credenda
1118 2743 1258 2795 sunt
1287 2756 1414 2811 quae
1464 2739 1720 2796 Joannes
1768 2739 2023 2813 scripsit,

379 2826 505 2899 ipse
535 2826 877 2883 manifestat
906 2844 1040 2883 cum
1073 2829 1407 2901 subjungit:
1431 2828 2029 2901 «Etscimusquiave-

383 2938 412 2966 «
445 2932 578 2971 rum
609 2919 698 2971 est
724 2916 1131 2972 testimonium
1162 2918 1364 2989 ejus.»
1392 2918 1461 2973 Et
1490 2935 1597 2974 nos
1628 2933 1765 2991 ergo
1779 2935 1914 2974 cum
1927 2935 2029 2973 caa-

378 3004 518 3061 teris
549 3004 816 3061 fidelibus
843 3022 979 3061 vera
998 3007 1298 3063 credentes
1320 3024 1445 3080 quae
1459 3007 1714 3080 scripsit,
1728 3023 2028 3063 servemus

381 3110 509 3166 quae
541 3094 760 3163 docuit,
777 3097 843 3150 ut
870 3096 1282 3167 perveniamus
1312 3097 1384 3152 ad
1416 3096 1525 3152 hoc
1555 3098 1709 3169 quod
1735 3097 2025 3169 promisit,

382 3184 536 3256 quod
572 3183 696 3256 ipse
725 3187 999 3256 praestare
1034 3184 1332 3258 dignetur,
1365 3186 1464 3259 qui
1496 3202 1629 3241 cum
1664 3186 1850 3255 Patre,
1878 3190 1988 3243 etc.

951 3327 1254 3384 HOMILIA
1289 3329 1410 3384 XII.

794 3432 864 3471 DE
903 3432 1132 3471 SANCTIS
1171 3433 1608 3473 INNOCENTIBUS.

457 3538 704 3608 (MA’I‘TR.
722 3538 850 3611 11.)«
866 3540 930 3593 In
962 3538 1060 3595 illo
1081 3543 1363 3613 tempore,
1379 3542 1648 3614 apparuit
1663 3542 1906 3615 angelus
1920 3548 2027 3599 Do-

390 3651 416 3677 «
454 3627 598 3682 mini
620 3627 679 3683 in
702 3627 950 3684 sommis
968 3627 1205 3701 Joseph,
1223 3653 1249 3680 ‹‹
1268 3630 1808 3706 etrelqua.H33rent
1821 3632 1930 3688 sibi
1946 3633 2029 3688 di-

384 3713 911 3781 vinaalectioncs,et
933 3716 1264 3790 frequenter
1284 3736 1400 3775 una
1425 3721 1638 3791 pendet
1649 3737 1717 3776 ex
1728 3720 1929 3789 altera,
1947 3721 2030 3778 ita

385 3809 451 3860 ut
467 3821 891 3877 nonnunquam
915 3806 1151 3861 exordia
1168 3808 1604 3880 subsequentis,
1623 3809 1850 3867 facilius
1865 3811 2029 3867 intel-

381 3893 641 3967 ligantur
668 3910 738 3949 ex
757 3892 1219 3950 consideratione
1239 3897 1638 3968 praecedentis,
1659 3899 1813 3970 quod
1844 3898 1904 3954 in
1918 3898 2027 3954 hac

377 3980 624 4037 lectione
644 3980 813 4037 facile
832 3982 1211 4051 advertimus,
1228 3983 1277 4039 si
1297 3984 1455 4041 illius
1476 3986 1779 4058 superiora
1795 4004 2028 4058 parum-

376 4087 481 4143 per
491 4071 873 4126 attendimus.
890 4070 1081 4144 Supra
1100 4073 1256 4128 enim
1269 4073 1468 4130 retulit
1492 4074 2023 4148 evangelicalectio,

375 4158 515 4231 quia
543 4175 679 4214 cum
702 4176 907 4232 magos
937 4161 1009 4216 ab
1026 4160 1259 4217 Oriente
1286 4162 1686 4236 Hierosolyma
1704 4165 2022 4235 venientes,

372 4247 628 4304 Herodes
658 4246 999 4304 Bethlehem
1030 4247 1741 4318 misisset,dixiteis:«lte
1762 4257 1819 4310 et
1841 4253 2028 4325 inqui-

375 4336 483 4392 rite
509 4335 823 4410 diligenter
852 4337 923 4393 de
953 4354 1153 4410 puero,
1170 4342 1227 4395 et
1257 4356 1389 4395 cum
1424 4339 1783 4411 inveneritis,
1817 4358 2029 4397 renun-

373 4426 514 4482 tiate
542 4424 707 4495 mihi,
740 4429 806 4482 ut
836 4432 894 4482 et
922 4443 1028 4500 ego
1059 4428 1296 4484 veniens
1345 4430 1583 4486 adorem
1628 4447 1763 4485 eum
1817 4432 2023 4504 (Matth.

376 4516 473 4583 11).,
496 4536 524 4563 ››
557 4514 666 4569 Sed
700 4514 841 4586 quia
871 4515 1221 4588 disponebat
1245 4517 1529 4586 occidere,
1563 4534 1737 4589 quem
1786 4536 1848 4574 se
1892 4536 2023 4591 pro-

2132 599 2307 656 datur
2339 618 2352 656 :
2388 605 2652 673 pastores
2683 602 2861 669 enim,
2886 602 3025 675 quia
3054 603 3230 659 rudes
3256 607 3442 671 erant,
3464 606 3665 675 utpote
3682 620 3780 676 pa-

2134 695 2413 759 stores,et
2443 691 2638 747 divina
2668 691 2946 764 mysteria
2975 692 3315 764 dignoscere
3343 708 3458 748 non
3488 696 3778 763 poterant,

2133 798 2371 838 necesse
2404 780 2513 835 fuit
2542 786 2608 836 ut
2629 780 2745 836 illis
2767 778 3013 853 angelus
3041 779 3349 836 visibiliter
3378 784 3706 852 appareret,
3724 785 3783 838 et

2134 870 2429 926 occultum
2473 869 2818 943 mysterium
2867 868 3175 926 manifeste
3231 870 3529 942 panderet.
3561 869 3778 943 Joseph

2132 976 2287 1029 vero,
2318 959 2458 1031 quia
2482 975 2599 1014 non
2632 957 2823 1015 solum
2856 963 3116 1026 sanctus,
3151 958 3252 1014 sed
3292 958 3470 1014 etiam
3520 959 3781 1032 prudens

2133 1053 2279 1117 erat,
2312 1064 2428 1103 non
2459 1064 2695 1104 necesse
2725 1047 2835 1103 fuit
2860 1047 3122 1122 vigilanti
3173 1064 3471 1120 apparere,
3494 1049 3596 1104 sed
3646 1052 3780 1105 tan-

2132 1142 2261 1193 tum
2292 1137 2350 1192 in
2374 1137 2631 1206 somnis;
2656 1136 2956 1209 quoniam,
2972 1135 3129 1192 utait
3142 1135 3780 1210 Apostolus,linguzein

2133 1226 2371 1298 signum
2403 1230 2562 1295 sunt,
2592 1243 2708 1282 non
2757 1225 3049 1294 fidelibus,
3086 1225 3189 1281 sed
3236 1224 3625 1298 infidelibus(l
3652 1227 3776 1283 Cor.

2130 1319 2267 1385 xw).
2301 1316 2373 1371 Et
2404 1315 2540 1387 quia
2579 1313 2743 1370 illam
2783 1313 3108 1387 angelicam
3132 1314 3416 1371 visionem
3449 1315 3779 1373 discernere

2133 1405 2451 1478 prudenter
2481 1402 2730 1470 valebat,
2764 1402 2924 1459 illius
2946 1402 3165 1476 Joseph
3193 1420 3308 1459 non
3340 1402 3532 1460 solum
3581 1406 3780 1462 carnis

2132 1495 2373 1569 origine,
2408 1494 2509 1550 sed
2540 1492 2714 1549 etiam
2747 1491 3004 1549 nominis
3035 1491 3325 1549 consortio
3354 1493 3780 1567 particeps,qui

2131 1603 2194 1641 se
2224 1584 2452 1641 somnio
2475 1582 2900 1655 praeferendum
2920 1581 3199 1637 fratribus
3220 1581 3460 1649 viderat,
3474 1587 3531 1639 et
3548 1583 3783 1641 somnia

2132 1674 2449 1746 prudenter
2502 1671 2963 1744 interpretando,
3007 1670 3282 1743 praelatus
3346 1670 3436 1726 vel
3498 1673 3780 1730 dominus

2131 1762 2361 1836 Egypti
2393 1761 2750 1817 constitutus
2779 1760 2970 1816 fuerat
3000 1759 3150 1833 (Gen.
3180 1777 3292 1816 xu.
3325 1759 3621 1825 Quantum
3671 1778 3780 1818 au-

2131 1856 2249 1908 tem
2280 1852 2352 1908 ad
2384 1850 2665 1907 moralem
2688 1865 2927 1905 sensum
2941 1848 3210 1922 pertinet,
3230 1847 3473 1921 angelus
3487 1849 3703 1924 Joseph
3719 1851 3782 1906 in

2135 1940 2361 1997 somnis
2391 1939 2683 2011 apparuit,
2705 1941 2769 1993 ut
2796 1938 3129 1994 ostenderet
3157 1938 3297 2009 quia
3323 1937 3408 1993 illi
3440 1939 3523 1994 ad'
3542 1939 3779 2013 angelo-

2134 2014 2266 2085 rum
2299 2028 2657 2083 consortium
2684 2032 2824 2082 sunt
2851 2026 3206 2099 perventuri,
3233 2026 3332 2099 qui
3364 2044 3398 2082 a
3427 2028 3627 2084 mundi
3659 2029 3777 2084 im-

2134 2117 2489 2192 pedimentis
2506 2133 2571 2172 ac
2584 2115 2920 2172 carnalibus
2936 2115 3093 2171 curis
3105 2115 3260 2171 velut
3273 2116 3627 2174 dormientes
3639 2122 3782 2175 sunt

2135 2208 2327 2264 alieni.
2362 2205 2537 2270 Quasi
2567 2223 2704 2279 ergo
2737 2205 3033 2262 dormiens
3062 2203 3282 2279 vigilat,
3316 2206 3417 2278 qui
3448 2208 3655 2263 mundi
3686 2225 3783 2264 su-

2135 2297 2389 2370 perfluas
2405 2294 2829 2352 sollicitudines
2844 2297 3224 2366 postponens,
3239 2293 3472 2350 oculum
3486 2296 3702 2353 mentis
3718 2296 3781 2352 in

2136 2402 2397 2441 amorem
2438 2383 2537 2439 Dei
2587 2382 2773 2455 aperit
2827 2382 2981 2438 sicut
3027 2381 3296 2438 Ecclesia:
3344 2400 3481 2439 voce
3513 2384 3776 2441 dicitur:

2137 2498 2164 2525 ‹‹
2197 2476 2317 2547 Ego
2350 2473 2672 2540 dormio,et
2693 2488 2793 2527 cor
2812 2487 3011 2527 meum
3041 2470 3243 2543 vigilat
3262 2475 3440 2541 (Cant.
3456 2472 3534 2545 v).
3553 2472 3779 2537 Quiau-

2135 2567 2253 2619 tem
2284 2564 2343 2617 in
2376 2560 2601 2617 somnis
2631 2558 2876 2633 angelus
2904 2576 3191 2632 apparens
3218 2559 3394 2629 dicat,
3426 2561 3777 2619 audiamus:

2137 2675 2165 2701 ‹‹
2198 2653 2382 2724 Surge
2411 2654 2467 2706 et
2498 2649 2694 2722 accipe
2726 2664 2998 2721 puerum,
3022 2651 3080 2704 et
3109 2652 3356 2704 matrem
3388 2649 3537 2720 ejus,
3568 2654 3626 2706 et
3647 2651 3783 2724 fuge

2138 2765 2164 2792 ‹‹
2199 2741 2258 2795 in
2290 2740 2622 2812 Egyptum,
2655 2742 2713 2793 et
2740 2741 2862 2793 esto
2893 2736 2973 2792 ibi
3005 2737 3333 2810 usquedum
3364 2738 3555 2793 dicam
3584 2739 3713 2794 tibi.
3748 2761 3779 2790 ››

2136 2829 2245 2887 Ubi
2276 2828 2624 2896 notandum,
2650 2825 2790 2899 quia
2818 2843 2935 2881 non
2966 2825 3355 2899 dixit,Accipe
3384 2824 3572 2882 filium
3586 2831 3781 2895 tuum,

2136 2924 2202 2975 ut
2232 2917 2378 2974 falso
2408 2915 2594 2972 Judaei
2624 2914 2813 2971 dicere
2841 2914 3172 2986 voluerunt,
3205 2915 3330 2982 sed,
3355 2937 3383 2964 «
3415 2915 3625 2987 Accipe
3639 2931 3783 2988 pue-

2137 3025 2337 3076 rum,»
2369 3006 2427 3061 id
2456 3010 2546 3061 est
2575 3004 2772 3076 accipe
2805 3004 2976 3076 quasi
2998 3002 3234 3074 bajulus
3259 3008 3316 3059 et
3345 3004 3784 3070 nutritius,non

2137 3096 2305 3170 quasi
2355 3098 2520 3169 pater
2561 3092 2851 3166 proprius.
2900 3093 3025 3148 Non
3075 3090 3238 3162 dixit,
3298 3092 3494 3164 accipe
3541 3108 3785 3148 uxorem

2135 3190 2320 3253 tuam,
2356 3187 2422 3239 ut
2450 3180 2782 3239 Photiniani
2815 3180 3004 3237 dicere
3036 3179 3368 3250 voluerunt,
3402 3180 3672 3253 quamvis
3720 3184 3787 3237 et

2058 3253 2100 3319 (ἶ
2139 3290 2368 3347 sponsae
2389 3286 2600 3327 uxores
2621 3269 2736 3326 dici
2755 3269 3005 3342 possint,
3024 3268 3126 3325 sed
3147 3268 3343 3341 accipe
3366 3272 3611 3326 matrem
3624 3269 3783 3341 ejus,

2136 3363 2195 3419 id
2228 3366 2338 3429 est,
2372 3359 2567 3433 accipe
2597 3357 2766 3431 quasi
2788 3361 2987 3415 custos
3018 3357 3304 3414 castitatis
3331 3362 3387 3414 et
3424 3360 3789 3414 sustentator

2136 3449 2489 3525 fragilitatis,
2505 3465 2622 3505 non
2652 3451 2719 3503 ut
2734 3446 2982 3504 violator
2998 3446 3370 3520 virginitatis.
3390 3446 3559 3520 Fugit
3582 3449 3785 3503 autem

2136 3556 2282 3614 puer
2307 3539 2479 3595 Jesus
2508 3542 2642 3594 ante
2670 3535 3133 3610 persecutionem
3167 3534 3454 3605 Herodiis,
3475 3551 3591 3591 non
3625 3534 3786 3606 quod

2137 3635 2385 3686 mortem
2414 3626 2666 3694 timeret,
2700 3626 2799 3699 qui
2832 3642 2936 3698 pro
2969 3624 3312 3681 hominibus
3339 3622 3489 3679 mori
3524 3627 3786 3690 venerat,

2136 3721 2236 3779 sed
2271 3724 2336 3776 ut
2364 3723 2624 3788 tempore
2654 3731 2932 3787 congruo,
2960 3730 3077 3769 non
3121 3729 3300 3785 quam
3329 3715 3666 3784 persecutor
3692 3709 3787 3779 in-

2136 3810 2285 3866 ferre
2313 3806 2563 3873 volebat,
2579 3805 2681 3860 sed
2713 3820 2891 3876 quam
2924 3803 3047 3875 ipse
3065 3802 3452 3874 disposuerat,
3470 3799 3793 3856 sustineret

2136 3902 2407 3963 mortem,
2431 3893 2745 3951 ostendens
2774 3894 3126 3964 potestatem
3158 3907 3219 3945 se
3267 3889 3481 3944 habere
3531 3886 3791 3960 ponendi

2136 3987 2394 4043 animam
2444 3994 2635 4052 suam,
2670 3985 2727 4037 et
2774 3980 2989 4036 iterum
3042 3977 3308 4034 samendi
3336 3994 3465 4034 eam
3495 3978 3671 4047 (Joan.
3703 3974 3788 4048 x).

2136 4076 2289 4132 Ordo
2306 4073 2462 4131 enim
2494 4088 2689 4129 rerum
2705 4068 3070 4126 necessarius
3082 4071 3229 4139 erat,
3243 4070 3307 4122 ut
3321 4066 3487 4138 prius
3499 4062 3792 4123 miracula

2135 4164 2400 4220 faciendo
2434 4179 2496 4218 se
2528 4166 2705 4216 Deum
2738 4151 3612 4229 innotesceret,etpostmodum
3627 4168 3791 4208 mor-

2133 4259 2251 4309 tem
2267 4269 2371 4326 pro
2385 4253 2585 4308 nostra
2596 4246 2995 4319 redemptione
3008 4244 3154 4301 susti
3164 4246 3367 4309 meret,
3380 4240 3648 4298 videlicet
3659 4244 3789 4296 tur-

2135 4341 2444 4416 pissimam
2472 4334 2986 4400 crucis.Quoniam
3012 4332 3255 4406 dignum
3278 4333 3421 4399 erat,
3443 4332 3508 4385 ut
3521 4327 3660 4401 quia
3672 4329 3790 4402 pri-

2136 4447 2270 4486 mus
2302 4429 2477 4484 homo
2510 4442 2612 4499 per
2640 4424 2868 4498 lignum
2897 4421 3142 4480 vetitum
3165 4419 3458 4494 peccando
3471 4418 3786 4486 ceciderat,

2134 4536 2239 4592 per
2282 4518 2509 4591 lignum
2558 4518 2773 4571 sanctae
2817 4512 3010 4568 crucis
3052 4512 3499 4566 restauraretur.
3534 4506 3595 4563 Si
3625 4504 3788 4561 enim

377 4601 645 4656 mittebat
675 4603 1035 4671 adorare,illi
1068 4604 1139 4659 ab
1172 4604 1378 4677 angelo
1408 4621 1689 4676 responso
1715 4608 2022 4679 acceptoin
2056 4625 2106 4688 ι)
2134 4613 2275 4663 tunc
2305 4605 2684 4672 occideretur,
2709 4600 2843 4674 quis
2873 4616 3008 4657 eum
3030 4598 3344 4654 Dominum
3382 4598 3786 4669 cognosceret,

378 4689 604 4744 somnis
635 4705 707 4744 ne
736 4690 991 4747 redirent
1020 4693 1091 4748 ad
1120 4692 1428 4761 Herodem,
1446 4710 1550 4765 per
1567 4692 1747 4749 aliam
1767 4694 1920 4750 viam
1935 4712 2023 4751 re-

373 4776 525 4834 versi
555 4779 773 4834 suntin
796 4780 1091 4853 regionem
1115 4798 1304 4837 suam.
1321 4781 1649 4853 Statimque
1669 4783 2027 4854 evangelista

376 4866 662 4937 adjunxit,
695 4868 930 4925 dicens:
969 4890 997 4919 «
1028 4869 1137 4936 Qui
1168 4886 1303 4925 cum
1334 4870 1735 4936 recessissent,
1764 4887 1896 4927 ecce
1914 4889 2023 4927 an-

376 4977 404 5005 «
436 4956 603 5027 gelus
648 4956 879 5013 Domini
929 4959 1202 5030 apparuit
1241 4959 1299 5014 in
1332 4958 1557 5014 somnis
1586 4958 1822 5031 Joseph.
1851 4982 1879 5010 ››
1913 4959 2021 5016 Ubi

373 5043 1059 5117 considerandum,quod
1092 5048 1362 5103 minister
1389 5047 1638 5103 ccelestis
1661 5047 2022 5121 angelus,in-

372 5129 554 5185 sidias
585 5129 828 5187 Herodis
859 5134 1420 5203 pravenit,monens
1452 5152 1587 5191 cum
1618 5153 1797 5209 puero
1820 5137 2020 5209 fugere

289 5235 293 5239 ’
369 5216 430 5272 in
463 5218 794 5292 Egyptum,
830 5236 902 5275 ne
935 5221 1157 5276 rabiem
1194 5223 1287 5278 sui
1332 5225 1546 5281 furoris
1575 5226 2021 5295 Herodes,sicut

370 5305 430 5360 in
461 5310 715 5376 cateros,
750 5308 811 5363 in
858 5325 1105 5380 puerum
1137 5309 1337 5367 Jesum
1385 5314 1615 5386 explere
1653 5318 1871 5386 posset.
1906 5314 2016 5370 Sed

2134 4698 2370 4767 excepto
2419 4691 2624 4758 Maria,
2654 4700 2713 4746 et
2758 4687 2995 4760 Joseph,
3030 4692 3088 4744 et
3134 4684 3453 4750 Elizabeth,
3487 4688 3543 4740 et
3579 4682 3788 4756 paucis

2135 4784 2266 4840 aliis
2297 4782 2514 4855 quibus
2545 4779 2800 4852 Spiritus
2830 4781 3071 4834 sanctus
3101 4773 3455 4831 revelaverat
3474 4771 3503 4827 ?
3536 4771 3621 4827 Ab
3652 4769 3790 4827 aliis

2132 4872 2288 4929 enim
2321 4870 2421 4944 qui
2453 4886 2589 4926 eum
2617 4869 2915 4934 noverant,
2949 4864 3228 4922 omnibus
3262 4861 3418 4917 filius
3438 4859 3657 4933 Joseph
3681 4876 3792 4932 pu-

2130 4961 2448 5028 tabatur,et
2479 4959 2607 5015 ideo
2639 4954 2869 5011 distulit
2898 4957 3173 5020 mortem,
3191 4967 3305 5007 non
3327 4948 3547 5015 timuit,
3563 4952 3656 5004 ost
3680 4964 3789 5003 en-

2130 5049 2275 5105 dens
2308 5047 2581 5104 ﬁdelibus
2612 5045 2758 5114 suis,
2792 5043 2873 5098 idi
2928 5041 3155 5098 rabiem
3202 5041 3642 5113 persecutotum
3664 5052 3788 5092 non

2130 5155 2258 5194 esse
2286 5133 3011 5201 timendam,ubimortem
3033 5146 3204 5187 suam
3235 5128 3308 5183 ad
3340 5124 3786 5183 aliorumvitam

2126 5226 2379 5282 viderint
2391 5224 2668 5298 proficere
2684 5238 2696 5275 :
2712 5219 2792 5275 ibi
2805 5224 3001 5298 autem
3016 5235 3144 5276 esse
3156 5220 3405 5273 mortem
3420 5213 3784 5287 fugiendam.

2130 5314 2228 5370 ubi
2260 5295 2488 5370 eamvad
2521 5308 2744 5365 nullius
2777 5295 3102 5380 profectum
3154 5304 3409 5362 viderint
3456 5300 3784 5375 provenire,

368 5394 515 5450 forte
546 5396 2017 5475 quaeretaliquis,quareangelusJosephinsommis
2116 5404 2288 5475 juxta
2318 5401 2461 5456 illud
2495 5398 2651 5471 quod
2685 5396 2966 5453 Dominus
2997 5395 3135 5452 alibi
3168 5395 3278 5451 ait:
3300 5415 3328 5443 «
3361 5396 3503 5447 Cum
3530 5407 3633 5448 vos
3654 5407 3788 5464 pcr-

370 5482 661 5554 apparuit,
677 5498 811 5538 cum
832 5484 1062 5558 legatur
1073 5486 1409 5559 pastoribus
1438 5490 1813 5562 vigilantibus
1835 5508 2015 5564 appa-

2125 5491 2308 5549 sccuti
2343 5488 2560 5545 fuerint
2591 5486 2650 5541 in
2681 5503 2799 5542 una
2822 5482 3272 5557 civitate,fugite
3294 5483 3355 5537 in
3378 5480 3556 5536 aliam
3573 5479 3787 5561 (Matth.

369 5570 579 5637 ruisse,
602 5574 659 5626 et
679 5572 908 5628 Domini
941 5575 1305 5630 nativitatem
1331 5577 1633 5634 nuntiasse
1653 5584 1675 5635 Ξ)
1695 5581 1804 5636 Sed
1819 5581 1888 5635 ad
1904 5580 2014 5637 hoc
2122 5582 2199 5654 Χ).
2229 5604 2254 5629 ›;
2281 5582 2467 5645 Quare
2494 5581 2692 5632 autem
2723 5579 2841 5630 tam
2875 5574 3120 5630 sollicite
3151 5588 3286 5629 cum
3318 5586 3499 5644 puero
3520 5572 3577 5625 et
3595 5576 3790 5632 matre

365 5659 704 5745 dicendum,
728 5662 867 5740 quia
892 5662 954 5721 in
984 5663 1093 5724 hac
1135 5662 1474 5743 angelorum
1515 5667 1742 5725 diversa
1781 5669 2011 5744 appari-

2125 5671 2254 5746 ejus
2286 5668 2483 5743 fugere
2515 5664 2761 5743 angelus
2800 5664 2860 5721 in
2911 5664 3223 5740 Egyptum
3252 5663 3537 5734 moneret,
3588 5664 3787 5725 mani.
