4070 6190
266 389 324 448 77
1468 386 1824 449 HOMILUE
1866 386 1966 447 DE
2012 388 2413 451 TEMPORE.
3570 398 3649 455 '78

260 519 403 576 festat
431 536 569 574 cum
617 492 757 575 dicit
790 538 803 575 :
837 544 864 571 «
900 521 1186 576 Futurum
1236 525 1325 576 est
1371 520 1552 587 enim,
1585 524 1651 575 ut
1700 519 1880 575 Hero-
1914 520 1970 587 Α
1999 519 2261 591 lemasus,
2282 522 2381 594 qui
2415 523 2590 580 unius
2622 524 2723 581 Dei
2754 525 2941 581 cultor
2970 525 3293 592 videbatur,
3324 525 3649 585 trinitatem

264 632 284 658 ι
306 610 387 665 des
410 611 635 682 quaerat
652 626 900 682 puerum
926 610 997 665 ad
1023 610 1388 682 perdendum
1408 626 1563 665 eum.
1588 632 1615 658 »
1638 611 1885 677 Quaeret,

222 702 225 705 ⁷
256 698 445 771 inquit,
479 699 549 754 ad
582 699 969 771 perdendum,
1006 699 1106 755 sed
1139 717 1253 755 non
1286 698 1541 754 inveniet
1571 699 1640 753 ad
1670 697 1889 753 interﬁ-

257 787 526 843 ciendum.
579 790 805 854 Quanto
853 793 1047 843 autem
1100 787 1293 844 studio
1335 787 1549 860 Joseph
1582 791 1639 843 et
1669 786 1885 843 sollici-

254 875 433 932 tudine
464 880 706 950 paratus
755 880 909 933 esset
952 876 1232 949 angelicis
1278 877 1512 933 obedire
1559 875 1885 949 praeceptis,

142 965 152 978 '
255 966 641 1022 manifestatur
669 982 805 1021 cum
838 966 1220 1040 subjungitur
1252 982 1264 1020 :

317 1078 339 1105 ‹‹
368 1054 469 1118 Qui
492 1071 854 1128 consurgens
882 1054 1105 1128 accepit
1127 1071 1374 1127 puerum
1408 1059 1466 1110 et
1486 1060 1734 1111 matrem
1758 1056 1885 1127 ejus

255 1164 281 1192 ‹‹
308 1147 554 1210 nocte,et
586 1144 829 1199 secessit
859 1144 918 1198 in
945 1145 1275 1217 .‘Egyptum.
1297 1166 1323 1193 »
1361 1144 1485 1201 Non
1517 1144 1674 1199 enim
1700 1145 1887 1200 noctis

251 1233 501 1289 tenebras
532 1236 822 1301 metuens,
856 1232 1048 1288 lucem
1096 1233 1470 1305 exspectavit,
1503 1250 1619 1289 non
1651 1234 1884 1306 perfida:

249 1322 420 1395 gentis
452 1321 860 1378 crudelitatem
892 1339 1132 1395 pavens,
1166 1322 1225 1377 in
1258 1321 1502 1377 alteram
1536 1328 1761 1394 partem
1793 1324 1887 1379 de-

245 1409 482 1479 clinavit,
516 1412 615 1467 sed
651 1429 1093 1484 «consurgens,
1127 1410 1352 1483 accepit
1382 1428 1628 1483 puerum
1671 1418 1728 1466 et
1759 1429 1883 1466 ma—

244 1504 379 1555 trem
409 1501 537 1571 ejus
570 1505 757 1568 nocte,
789 1505 845 1557 et
875 1500 1117 1557 secessit
1147 1500 1205 1555 in
1249 1501 1576 1573 lEgyptum.
1613 1523 1640 1550 ››
1675 1500 1886 1574 Magna

245 1590 491 1661 potentia
521 1589 774 1658 Domini,
796 1590 894 1646 sed
918 1607 1035 1645 non
1068 1590 1261 1645 minor
1291 1590 1418 1661 ejus
1449 1589 1629 1645 claret
1650 1589 1885 1645 humili-

242 1684 341 1733 tas.
358 1679 454 1734 llle
479 1678 636 1734 enim
659 1683 793 1735 ante
816 1678 1024 1741 faciem
1047 1677 1438 1750 persecutoris
1460 1679 1659 1750 fugere
1682 1678 1880 1743 voluit.

239 1767 324 1822 cui
352 1766 543 1839 angeli
574 1767 933 1823 ministrant.
966 1768 1135 1839 Fugit
1164 1766 1447 1822 Dominus
1477 1766 1538 1822 in
1574 1768 1879 1840 Egyptum

237 1855 398 1911 idolis
436 1856 694 1929 plenam,
727 1855 1023 1912 cunabula
1051 1857 1264 1912 Judaaae
1297 1856 1490 1929 gentis
1520 1855 1879 1928 relinquens,

238 1944 398 2001 etiam
416 1943 544 2017 ipso
562 1945 680 2001 situ
698 1945 958 2017 corporis
979 1946 1315 2012 ostendens,
1333 1946 1486 2017 quod
1507 1946 1880 2017 postmodum

237 2032 489 2090 dicturus
520 2037 683 2089 erat:
723 2055 749 2087 α
774 2034 901 2090 Non
930 2033 1062 2088 veni
1091 2050 1297 2090 vocare
1321 2035 1654 2105 justos,sed
1686 2051 1882 2106 pecca-

234 2128 378 2179 tores
409 2124 482 2179 ad
513 2123 919 2197 pmnitentiam
954 2123 1137 2196 (Marc.
1170 2124 1268 2194 ιχ).
1303 2144 1331 2173 ››

195 2226 199 2234 ’
299 2237 325 2261 ε(
355 2214 424 2269 Et
457 2217 581 2271 erat
612 2214 717 2279 ibi,
749 2230 938 2285 usque
970 2213 1042 2268 ad
1091 2212 1316 2268 obitum
1359 2212 1620 2268 Herodis.
1658 2235 1684 2261 »
1716 2213 1877 2276 Quod

230 2302 491 2358 nonnulli
521 2306 657 2375 post
687 2301 1059 2375 quadriennii
1094 2301 1464 2374 tempus,alii
1496 2306 1628 2374 post
1658 2302 1878 2358 biennii

230 2392 439 2447 factum
470 2407 602 2447 esse
633 2388 1526 2463 commemorant.Spiritualiter
1546 2394 1740 2445 autem
1764 2391 1879 2446 Ma-

228 2478 310 2535 ria
356 2484 413 2536 et
459 2480 702 2553 Joseph,
753 2479 942 2554 legem
991 2480 1478 2553 Synagogamquo
1523 2479 1876 2551 signiﬁcant.

224 2575 507 2644 Egyptus
538 2586 794 2643 quoque,
828 2586 955 2641 quae
988 2570 1227 2626 tenebrae
1254 2567 1342 2624 vel
1367 2585 1563 2624 maeror
1590 2567 1878 2640 interpre-

224 2664 399 2728 tatur,
430 2660 721 2714 mundum
755 2658 1069 2731 signiﬁcat,
1121 2658 1221 2730 qui
1256 2662 1389 2730 post
1422 2657 1647 2712 Domini
1691 2658 1879 2712 incar-

222 2750 521 2804 nationem
553 2749 611 2803 in
642 2746 898 2803 tenebris
928 2746 1292 2820 ignorantiae,
1325 2750 1381 2803 et
1427 2747 1638 2802 umbra
1670 2747 1878 2801 mortis

216 2838 304 2894 vel
338 2837 604 2893 maeroris
634 2842 691 2893 et
722 2837 1009 2909 angustiae
1032 2836 1260 2908 positus
1284 2837 1542 2904 sedebat,
1568 2836 1718 2891 sicut
1736 2837 1881 2907 Apo-

214 2927 408 2982 stolus
437 2927 612 2982 dicit:
634 2951 661 2977 ‹‹
683 2926 1007 2982 Tribulatio
1030 2930 1087 2982 et
1110 2925 1386 2999 angustia
1414 2925 1471 2980 in
1504 2942 1737 2981 omnem
1761 2925 1881 2980 ani-

215 3032 378 3070 mam
411 3013 671 3070 hominis
701 3014 998 3087 operantis
1042 3014 1284 3083 malum,
1318 3014 1502 3069 Judaei
1536 3014 1791 3086 primum
1823 3017 1881 3069 et

214 3104 399 3159 Graeci
433 3105 608 3176 (Rom.
635 3107 719 3172 ιι).
750 3126 778 3153 ››
810 3103 985 3167 Quasi
1017 3103 1171 3159 enim
1204 3103 1389 3159 Maria
1419 3107 1475 3158 et
1502 3102 1718 3175 Joseph
1753 3119 1881 3174 por-

212 3193 507 3261 tantibus,
542 3193 829 3249 Dominus
872 3194 1181 3265 lEgyptum
1214 3191 1371 3247 venit
1404 3192 1637 3264 quando
1670 3190 1794 3266 lege
1823 3196 1881 3247 et

212 3282 533 3354 Synagoga
554 3262 1037 3354 praecedentibus,
1056 3282 1343 3337 mundum
1365 3262 1705 3336 intenebris
1726 3262 1876 3336 erro-
1906 3262 1948 3328 (ἶ

211 3371 294 3425 ris
328 3369 617 3442 positum,
637 3387 746 3425 sua
774 3371 1105 3427 visitatione
1138 3368 1725 3442 illustravit,impleta
1755 3387 1882 3443 pro-

212 3457 422 3530 phetia
469 3457 655 3527 Isaiae,
703 3459 997 3515 dicentis:
1039 3479 1060 3508 ι
1094 3461 1237 3515 Ecce
1286 3459 1570 3515 Dominus
1618 3459 1881 3514 ascendit

214 3564 399 3619 super
430 3548 649 3604 nubem
682 3547 958 3617 levem,et
979 3549 1344 3622 ingredietur
1372 3552 1763 3621 Egyptum,et
1782 3565 1897 3604 cor'

214 3637 447 3710 IEgypti
480 3638 741 3693 tabescet
771 3637 829 3693 in
864 3638 1055 3693 medio
1085 3639 1234 3709 ejus,
1269 3641 1325 3693 et
1356 3638 1880 3693 commovebuntur

216 3724 540 3781 simulacra
569 3727 817 3799 Egypti,
852 3749 881 3776 n
914 3732 970 3782 et
999 3731 1206 3782 caetera
1235 3744 1365 3798 qum
1395 3729 1741 3798 sequuntur.
1766 3726 1882 3785 Nu-

218 3812 319 3869 bes
351 3814 519 3881 levis,
549 3815 712 3889 virgo
745 3820 832 3872 est
864 3816 1067 3885 Maria,
1101 3834 1229 3888 quae
1258 3833 1375 3871 non
1406 3820 1495 3871 est
1520 3820 1758 3889 gravata
1790 3832 1878 3871 se-

218 3902 379 3958 mine
409 3903 585 3969 virili,
618 3909 674 3960 et
720 3905 891 3977 quasi
925 3921 1103 3977 super
1131 3906 1348 3960 nubem
1381 3903 1564 3960 levem
1594 3905 1880 3960 Dominus

220 3994 566 4060 ascendens,
597 3994 909 4067 [Egyptum
965 3994 1223 4065 intravlt,
1257 3994 1512 4066 quando,
1546 4010 1781 4049 carnem
1812 4010 1881 4049 ex

218 4078 441 4152 Virgine
478 4099 816 4152 assumens,
870 4084 1091 4140 mundo
1137 4083 1387 4139 visibilis
1419 4082 1709 4156 apparuit.
1746 4106 1773 4132 «
1808 4081 1882 4138 Ut

227 4188 254 4215 ες
295 4169 714 4244 adimpleretur
743 4174 898 4245 quod
931 4173 1151 4228 dictum
1185 4176 1275 4228 est
1305 4188 1408 4245 per
1428 4172 1775 4245 prophetam
1799 4171 1882 4227 di-

230 4275 257 4302 α
288 4263 508 4315 centem
543 4278 557 4315 :
590 4261 675 4316 Ex
703 4262 946 4335 [Egypto
976 4263 1169 4318 vocavi
1203 4261 1390 4316 filium
1424 4278 1642 4317 meum.
1672 4284 1699 4311 ››
1732 4261 1879 4317 Con-

226 4347 472 4404 suetudo
501 4354 593 4406 est
623 4350 762 4406 huic
792 4350 1181 4424 evangelista,
1200 4350 1467 4406 videlicet
1499 4350 1794 4420 Matthzeo,
1817 4353 1882 4405 ut

225 4431 557 4506 frequenter
576 4456 749 4496 suam
769 4439 1166 4496 narrationem
1191 4438 1441 4494 oraculis
1462 4438 1880 4511 prophetarum

226 4524 549 4593 conﬁrmet.
611 4526 759 4593 Quia
808 4528 966 4584 enim
1022 4528 1274 4583 llebrzeis
1322 4527 1560 4583 Hebrzeo
1612 4544 1882 4583 sermone

1997 627 2112 666 non
2157 612 2552 685 intelligendo,
2588 614 2645 668 in
2690 614 2883 671 varios
2932 615 3069 671 deos
3117 613 3445 671 incideret:
3496 617 3652 673 unde

1997 699 2168 772 plura
2193 701 2251 756 in
2282 701 2499 757 nostris
2531 702 2834 760 codicibus
2866 704 3160 777 leguntur,
3181 721 3307 777 quae
3329 704 3389 759 in
3413 705 3654 777 Septua-

1996 788 2159 860 ginta
2206 789 2627 863 interpretibus
2675 809 2791 847 non
2843 793 3153 861 habentur,
3209 792 3363 849 sicut
3406 797 3496 850 est
3540 793 3653 850 hoc

1997 878 2193 949 (ludio.
2210 882 2370 948 xm):
2398 902 2425 929 «
2455 880 2536 935 Ex
2565 880 2808 954 Egypto
2837 882 3035 938 vocavi
3066 881 3254 938 ﬁlium
3276 899 3496 938 meum.
3522 904 3549 933 ››
3583 883 3655 939 Et

1996 965 2140 1023 illud
2170 985 2182 1022 :
2212 991 2239 1017 «
2266 968 2550 1031 Quoniam
2572 969 2880 1027 Nazarzeus
2901 971 3222 1028 vocabitur.
3252 993 3279 1020 »
3303 972 3371 1027 Et
3397 987 3410 1026 :
3437 994 3465 1022 «
3489 971 3655 1028 Vide-

1996 1052 2143 1111 bunt
2172 1056 2231 1110 in
2266 1073 2439 1129 quem
2474 1059 2920 1116 transﬁxerunt.
2947 1080 2973 1112 ι)
3012 1059 3287 1116 Nonnulli
3319 1063 3514 1116 autem
3545 1060 3657 1116 hoc

1996 1145 2398 1200 testimonium
2430 1147 2501 1202 de
2532 1148 2923 1204 Numerorum
2956 1148 3104 1204 libro
3128 1152 3433 1221 sumptum
3465 1149 3655 1204 volue-

1995 1238 2133 1289 runt
2166 1234 2471 1302 esse,illud
2491 1236 2712 1293 scilicet
2732 1238 2967 1294 Balaam
3000 1237 3204 1305 divini,
3238 1238 3337 1293 ubi
3362 1238 3650 1310 scriptum

1994 1328 2083 1379 est
2114 1340 2126 1378 :
2168 1346 2194 1374 ί(
2229 1328 2377 1380 Deus
2409 1341 2477 1379 ex
2506 1326 2747 1398 [Egypto
2778 1326 3003 1382 vocavit
3032 1343 3192 1395 eum,
3222 1330 3279 1381 et
3302 1325 3490 1399 gloria
3521 1328 3649 1398 ejus

1994 1412 2163 1484 quasi
2197 1414 2495 1469 unicornis
2527 1414 2666 1486 (03¢.
2691 1416 2791 1485 x1).
2815 1438 2842 1465 ››
2877 1416 3037 1479 Quod
3064 1415 3334 1487 quamvis
3355 1416 3426 1471 de
3454 1416 3647 1472 Juda-

1994 1518 2162 1556 orum
2195 1501 2411 1574 populo
2441 1502 2627 1575 possit
2655 1502 3036 1575 intelligi,qui
3062 1504 3132 1559 de
3162 1505 3403 1576 Egypto
3436 1504 3508 1559 ad
3542 1507 3651 1559 ter-

1994 1606 2119 1644 ram
2152 1590 2623 1662 repromissionis
2667 1595 2907 1647 vocatus
2953 1595 3060 1659 est,
3094 1595 3286 1664 potest
3315 1595 3371 1647 et
3399 1593 3472 1647 de
3502 1591 3648 1650 Filio

1992 1677 2093 1733 Dei
2125 1677 2330 1750 accipi,
2366 1678 2488 1751 qui,
2521 1683 2656 1751 post
2685 1680 2913 1735 obitum
2962 1679 3227 1749 Herodis,
3277 1679 3490 1736 iterum
3523 1697 3647 1736 mo-

1994 1771 2167 1822 nente
2196 1766 2424 1841 angelo,
2458 1769 2530 1823 ad
2562 1773 2778 1824 terram
2812 1768 2991 1824 Israel
3020 1772 3111 1825 est
3147 1784 3433 1824 reversus.
3663 1754 3667 1761 ’

2064 1880 2091 1907 ‹‹
2126 1858 2289 1912 Tunc
2318 1856 2595 1923 Herodes,
2628 1856 2834 1913 videns
2879 1857 3160 1930 quoniam
3190 1855 3404 1913 illusus
3432 1861 3588 1913 esset
3616 1874 3652 1913 a

1996 1967 2023 1995 ‹‹
2056 1944 2265 2018 magis,
2299 1944 2541 2001 mittens
2590 1945 2801 2001 occidit
2846 1961 3052 2001 omnes
3082 1962 3319 2018 pueros,
3350 1944 3452 2017 qui
3484 1949 3652 2002 erant

1992 2058 2019 2085 ‹‹
2045 2034 2104 2089 in
2128 2033 2467 2090 Bethlehem
2493 2038 2552 2090 ct
2576 2034 2634 2089 in
2657 2034 2933 2093 omnibus
2956 2034 3176 2090 ﬁnibus
3199 2035 3350 2107 ejus,
3367 2051 3401 2089 a
3422 2034 3649 2090 bimatu

1993 2127 2107 2178 «et
2139 2123 2310 2190 infra,
2361 2124 2688 2179 secundum
2741 2127 2974 2196 tempus
3023 2123 3180 2196 quod
3232 2121 3651 2194 exquisierata

1993 2233 2021 2260 «
2054 2211 2262 2283 magis.
2290 2234 2317 2261 n
2345 2211 2507 2275 Quod
2540 2216 2735 2268 autem
2771 2213 2873 2281 ait,
2894 2236 2923 2263 «
2956 2214 3120 2269 Tunc
3158 2213 3413 2268 llerodes
3441 2212 3647 2269 videns

1991 2300 2266 2372 quoniam
2291 2300 2504 2357 illusus
2526 2306 2681 2358 esset
2701 2319 2735 2357 a
2757 2302 2967 2376 magis,
2989 2325 3016 2352 »
3043 2302 3115 2358 ad
3138 2301 3442 2376 superiora
3466 2302 3648 2357 Evan-

1989 2387 2125 2461 gelii
2154 2388 2409 2462 respicit,
2445 2391 2545 2445 ubi
2596 2390 2819 2446 dictum
2868 2396 2977 2459 est,
3013 2390 3153 2463 quia
3203 2407 3339 2447 cum
3389 2390 3646 2446 Herodes

1990 2477 2250 2533 mitteret
2280 2495 2484 2552 magos
2515 2480 2572 2535 in
2609 2479 2968 2548 Bethlehem,
2994 2480 3140 2536 dixit
3170 2497 3182 2537 :
3218 2503 3247 2531 «
3272 2481 3357 2536 Ite
3388 2483 3445 2536 et
3472 2478 3649 2536 inter-

1990 2570 2187 2640 rogate
2219 2567 2530 2640 diligenter
2561 2569 2631 2625 de
2680 2587 2859 2641 puero
2891 2569 3103 2639 (Matth.
3132 2574 3217 2638 ιι),
3252 2592 3280 2619 ››
3312 2573 3371 2625 et
3397 2568 3644 2641 reliqua.

1989 2656 2100 2711 Sed
2134 2655 2273 2728 quia
2299 2673 2579 2729 responso
2612 2663 2847 2730 accepto
2889 2659 2949 2713 in
3002 2657 3227 2714 somnis
3268 2675 3342 2713 ne
3390 2658 3648 2714 redirent

1989 2745 2061 2799 ad
2092 2746 2400 2813 Herodem,
2435 2763 2537 2818 per
2567 2746 2744 2803 aliam
2774 2747 2927 2803 viam
2959 2747 3173 2804 reversi
3205 2750 3345 2803 sunt
3375 2747 3432 2801 in
3463 2746 3647 2819 regio-

1989 2851 2121 2889 nem
2154 2836 2566 2903 suam,videns
2597 2853 2736 2893 suas
2764 2836 3011 2892 insidias
3032 2854 3161 2893 esse
3191 2836 3645 2904 frustratas,ira-

1988 2926 2086 2978 tus
2116 2927 2208 2978 est
2252 2923 2437 2990 valde,
2492 2925 2770 2997 quoniam
2824 2924 3037 2982 illusus
3083 2929 3238 2982 esset
3271 2942 3305 2981 a
3333 2924 3543 2998 magis.
3571 2925 3643 2980 Et

1988 3011 2125 3083 quia
2154 3010 2378 3066 occulte
2409 3014 2648 3084 perdere
2680 3031 2927 3085 puerum
2960 3031 3077 3070 non
3117 3016 3326 3086 potuit,
3360 3014 3419 3070 in
3452 3013 3644 3069 mani-

1989 3100 2195 3155 festam
2220 3101 2683 3172 persecutionem
2706 3102 2985 3157 continuo
3008 3103 3242 3158 exarsit.
3259 3124 3286 3152 ‹‹
3311 3103 3381 3158 Et
3400 3102 3647 3157 mittens

1987 3189 2198 3245 occidit
2229 3206 2433 3245 omnes
2466 3207 2678 3261 pueros
2708 3190 2807 3262 qui
2837 3195 3003 3246 erant
3023 3190 3082 3245 in
3113 3190 3472 3257 Bethlehem,
3493 3194 3552 3245 et
3581 3190 3642 3245 in

1988 3278 2263 3333 omnibus
2284 3278 2502 3335 finibus
2519 3280 2710 3351 ejus.»
2733 3280 2980 3336 Putabat
2999 3279 3176 3347 enim,
3192 3279 3346 3352 quod
3368 3279 3415 3336 si
3438 3294 3644 3335 omnes

1987 3369 2153 3440 pueri
2199 3368 2621 3434 occiderentur,
2655 3386 2811 3424 unus
2860 3384 3036 3440 quem
3077 3368 3377 3441 quaerebat
3402 3368 3645 3423 evadere

1989 3473 2106 3512 non
2154 3460 2372 3528 posset,
2425 3473 2542 3512 non
2593 3457 2912 3527 mstimans,
2948 3456 3169 3524 infelix,
3202 3456 3342 3529 quia
3388 3473 3503 3512 non
3557 3459 3647 3512 est

1988 3544 2324 3612 consilium,
2361 3563 2476 3602 non
2530 3549 2620 3601 est
2674 3546 2983 3619 sapientia,
3033 3563 3150 3601 non
3197 3549 3287 3601 est
3333 3546 3647 3618 prudentia

1988 3638 2193 3690 contra
2234 3639 2438 3690 Deum.
2492 3634 2655 3691 Unde
2691 3657 2718 3685 «
2751 3652 2785 3691 a
2813 3635 3040 3691 bimatu
3089 3639 3148 3691 et
3188 3634 3341 3691 infra
3372 3657 3400 3685 »
3432 3651 3646 3707 pueros

1980 3724 2165 3795 jussit
2203 3723 2483 3791 occidere,
2505 3724 2614 3779 hoc
2654 3728 2761 3792 est,
2789 3741 2822 3779 a
2861 3741 3040 3797 puero
3061 3725 3312 3779 duorum
3334 3740 3645 3797 annorum,

1988 3830 2176 3885 usque
2209 3813 2281 3868 ad
2318 3830 2568 3885 puerum
2601 3812 2778 3869 unius
2809 3814 3014 3870 noctis.
3036 3814 3199 3880 Quod
3229 3830 3364 3870 vero
3396 3813 3645 3869 dicitur:

1990 3925 2017 3953 «
2043 3902 2379 3958 Secundum
2403 3905 2636 3974 tempus
2663 3903 2816 3974 quod
2836 3902 3191 3975 exquisierat
3206 3920 3240 3958 a
3260 3902 3468 3975 magis,
3485 3924 3512 3953 »
3539 3907 3654 3958 tra-

1991 3991 2137 4046 dunt
2155 3989 2411 4047 historia:
2433 3990 2673 4063 Josephi
2698 3996 2755 4048 et
2776 3991 3107 4065 Hegesippi,
3127 3991 3280 4064 quod
3305 4008 3371 4047 eo
3394 3996 3655 4064 tempore

1992 4078 2231 4151 quando
2264 4083 2467 4134 natum
2500 4096 2697 4153 regem
2722 4080 3062 4136 Judazorum
3093 4098 3127 4136 a
3153 4080 3344 4153 magis
3367 4080 3652 4149 audierat,

1990 4168 2409 4224 accusantibus
2457 4169 2829 4238 adversariis,
2867 4173 3109 4226 vocatus
3159 4169 3232 4224 ab
3278 4168 3650 4240 imperatore.

1990 4258 2237 4313 Romam
2266 4256 2425 4313 venit
2448 4274 2461 4313 :
2486 4261 2543 4313 et
2559 4274 2693 4313 cum
2715 4258 2969 4314 venisset
2984 4261 3117 4313 ante
3140 4257 3425 4312 Caesarem
3449 4260 3506 4311 et
3526 4254 3652 4310 uni-

1985 4363 2222 4403 versum
2246 4350 2540 4416 senatum,
2562 4349 2626 4400 ut
2648 4349 2772 4402 erat
2793 4345 3044 4401 callidus
3075 4345 3275 4401 animo
3306 4349 3364 4401 et
3392 4344 3653 4417 prudens

1988 4434 2239 4508 eloquio,
2260 4434 2668 4506 potentissime
2697 4439 2755 4491 et
2775 4434 3190 4491 honestissime
3211 4433 3481 4508 purgavit
3504 4449 3655 4505 quaa-

1988 4540 2220 4595 cunque
2253 4522 2367 4578 sibi
2400 4524 2633 4579 fuerant
2663 4524 2911 4596 objecta.
2944 4523 3211 4596 Cumque
3242 4523 3411 4579 aliter
3436 4522 3509 4578 ab
3542 4521 3653 4577 iui-

226 4624 408 4668 suum
436 4615 797 4688 evangelium
844 4616 1073 4690 primus
1117 4615 1373 4688 scripsit,
1407 4615 1745 4688 ubicunque
1771 4615 1879 4671 loci
1910 4633 1957 4697 D
1991 4612 2159 4667 micis
2190 4615 2516 4683 putaretur,
2552 4612 2761 4685 majori
2811 4610 2996 4684 gloria
3044 4613 3117 4668 ab
3166 4612 3515 4685 imperatore
3564 4614 3657 4667 est

225 4704 632 4771 opportunitas
660 4722 724 4761 se
755 4705 933 4773 dedit,
960 4723 1128 4761 suam
1162 4704 1555 4760 narrationem
1581 4722 1647 4761 ex
1675 4722 1880 4761 eorum

226 4782 394 4846 libris
424 4793 767 4849 conﬁrmare
799 4794 1047 4864 studuit,
1066 4793 1221 4848 unde
1251 4810 1386 4848 cum
1418 4792 1662 4849 dixisset
1692 4793 1881 4848 Domi-

226 4890 371 4933 num
420 4886 691 4938 monente
740 4882 945 4955 angelo
999 4899 1034 4937 a
1082 4882 1425 4954 parentibus
1478 4882 1537 4936 in
1571 4882 1881 4954 Egyptum

227 4960 409 5023 fuisse
438 4969 829 5042 deportatum,
862 4970 1078 5041 adjecit
1109 4971 1390 5026 continuo
1422 4970 1725 5025 oraculum
1758 4988 1886 5042 pro-

227 5051 549 5125 pheticum,
610 5059 812 5116 dicens
859 5077 873 5115 :
926 5083 954 5109 ‹‹
1006 5060 1086 5117 Ex
1146 5060 1388 5133 Egypto
1445 5059 1641 5114 vocavi
1694 5059 1884 5115 filium

138 5152 153 5161 '
232 5156 493 5203 meum.»
514 5148 633 5205 Hoc
660 5148 1070 5205 testimonium
1095 5149 1154 5204 in
1180 5150 1336 5204 Oseze
1369 5148 1655 5219 prOpheta
1674 5146 1888 5218 legitur

225 5227 396 5296 juxta
428 5235 771 5292 Hebraicam
802 5236 1130 5302 veritatem,
1166 5236 1266 5292 sed
1316 5236 1468 5291 inter
1497 5235 1885 5308 Septuaginta

234 5315 575 5394 interpretes
608 5342 725 5381 non
757 5325 1025 5381 habetur.
1049 5325 1196 5388 Quia
1225 5324 1403 5389 enim,
1433 5323 1738 5380 Ptolemaeo
1758 5340 1889 5396 rege

224 5403 846 5487 jubente,Scripturas
867 5414 927 5469 in
949 5414 1213 5469 Graecum
1233 5414 1536 5470 vertebant
1566 5412 1885 5485 eloquium,

230 5490 418 5554 Judaei
450 5504 722 5574 prudenti
752 5503 998 5560 consilio
1030 5501 1236 5558 dicunt
1269 5502 1508 5572 factum,
1544 5506 1610 5557 ut
1641 5502 1890 5558 ubicun-

233 5596 352 5653 que
383 5591 687 5649 manifeste
718 5593 789 5648 de
838 5590 958 5647 ﬁlio
1009 5590 1228 5646 mentio
1256 5592 1440 5660 ﬁeret,
1474 5596 1575 5646 aut
1605 5590 1773 5646 aliter
1803 5591 1891 5645 in-

232 5672 715 5752 terpretarentur,
734 5684 835 5738 aut
864 5680 1102 5740 omnino
1133 5680 1662 5756 praetermitterent,
1678 5697 1749 5740 ne
1770 5679 1896 5741 Pto-

1989 4700 2299 4767 exaltatus,
2315 4699 2374 4755 in
2394 4704 2625 4756 tantum
2650 4706 2713 4757 ut
2734 4701 2786 4758 ei
2810 4701 3036 4776 regium
3058 4701 3331 4757 diadema
3347 4700 3655 4768 tribueret,

1991 4793 2047 4845 et
2076 4790 2359 4863 regnandi
2408 4794 2755 4863 potestatem
2812 4792 2872 4847 in
2904 4791 3112 4846 Judaea
3143 4789 3518 4846 conﬁrmaret
3551 4805 3565 4845 :
3598 4792 3658 4845 et

1992 4896 2125 4934 cum
2158 4883 2290 4952 post
2337 4879 2487 4935 duos
2520 4897 2706 4937 annos
2744 4881 2804 4935 in
2838 4896 3055 4953 magna
3085 4879 3273 4952 gloria
3303 4878 3359 4933 in
3391 4877 3657 4935 Judzeam

1992 4973 2149 5025 esset
2200 4984 2490 5035 reversus,
2524 4969 2856 5042 recogitans
2906 4969 3064 5041 quod
3114 4967 3379 5025 audierat
3408 4985 3442 5024 a
3472 4967 3662 5042 magis

1993 5061 2197 5112 natum
2247 5074 2377 5114 esse
2420 5073 2617 5131 regem
2665 5058 3005 5113 Judaeorum
3044 5075 3056 5114 :
3098 5082 3124 5108 ‹‹
3163 5057 3403 5115 Mittens
3449 5057 3665 5114 occidit

1995 5163 2199 5201 omnes
2231 5164 2443 5219 pueros
2474 5145 2573 5217 qui
2607 5151 2773 5201 erant
2802 5147 2860 5200 in
2895 5146 3264 5215 Bethlehem,
3297 5152 3354 5203 et
3379 5148 3440 5202 in
3471 5148 3662 5203 omni-

1995 5236 2107 5290 bus
2123 5235 2340 5290 ﬁnibus
2358 5234 2505 5305 ejus,
2524 5252 2558 5289 a
2575 5235 2800 5290 bimatu
2825 5239 2883 5291 et
2904 5235 3412 5305 infra,secundum
3427 5240 3664 5310 tempus

2003 5325 2158 5396 quod
2192 5322 2547 5394 exquisierat
2574 5341 2608 5378 a
2640 5325 2850 5398 magis,
2890 5349 2911 5376 ο
2942 5326 3264 5396 :estimans,
3288 5329 3354 5382 ut
3382 5325 3658 5397 diximus,

2004 5413 2182 5485 quod,
2215 5411 2491 5467 omnibus
2540 5412 2770 5483 occisis,
2816 5431 2974 5472 unus
3014 5415 3266 5488 effugere
3296 5432 3412 5472 non
3443 5420 3660 5489 posset.

2006 5501 2168 5568 Quod
2201 5504 2392 5554 autem
2446 5504 2583 5557 nato
2615 5503 2863 5559 Domino
2894 5505 3220 5576 persecutio
3250 5505 3439 5576 coepit,
3473 5504 3663 5579 signi-

2004 5589 2215 5645 ﬁcatur
2244 5604 2346 5661 per
2378 5604 2550 5647 omne
2574 5595 2809 5666 tempus
2830 5592 2961 5648 vitae
2983 5592 3434 5665 praesentismon
3457 5593 3662 5646 deesse

2001 5678 2263 5749 futuros,
2277 5677 2379 5755 qui
2396 5677 2607 5739 electos
2628 5681 2725 5739 Dei
2741 5685 3187 5759 persequantur,
3208 5680 3360 5736 sicut
3380 5675 3663 5743 Dominus
