4018 6180
468 401 547 460 ‘79
887 488 895 490 _
1032 401 1441 464 HAYMONIS
1486 336 2028 464 HALBERSTA'l‘.
2076 399 2319 463 EPISC.
2366 401 2538 463 OPP.
2588 400 2786 462 PARS
2830 400 3013 461 II.—
3041 397 3313 461 HOMIL.

471 536 553 591 ait
582 534 641 589 in
681 532 992 608 Evangelio
1026 551 1039 589 :
1074 558 1100 585 «
1133 534 1193 591 Si
1240 551 1332 591 me
1382 535 1671 609 persecuti
1720 539 1876 602 sunt,
1912 538 1968 590 et
2013 551 2116 590 vos
2145 536 2201 602 Α
2230 535 2384 606 quod
2418 532 3068 607 respondendum,quia
3086 533 3278 589 tribus
3297 532 3451 589 Juda
3470 534 3529 588 et
3547 531 3880 603 Benjamin,

465 628 895 698 persequentur
924 626 1103 694 (Joan.
1139 627 1254 695 xv).
1292 648 1317 673 ››
1350 625 1420 680 Et
1449 624 1799 697 Apostolus:
1837 647 1864 674 ‹‹
1897 623 2114 680 Omnes

466 714 565 787 qui
598 714 692 786 pie
718 712 923 769 volunt
951 713 1137 769 vivere
1168 712 1228 769 in
1261 713 1508 782 Christo,
1527 713 1990 786 persecutionem
2020 730 2115 785 pa-

465 803 683 859 tientur
713 803 787 875 (II
817 804 949 859 Tim.
975 802 1081 874 ιιι).
1107 826 1132 851 ››
1163 803 1233 858 Et
1263 802 1414 858 sicut
1444 802 1527 857 ait
1556 802 1886 874 Scriptura:
1913 825 1941 853 ‹‹
1963 805 2115 857 Vasa

466 891 628 966 ﬁguli
663 893 872 966 prohat
900 892 1125 960 fornax,
1151 895 1207 947 et
1236 892 1503 947 homines
1520 892 1716 963 justos
1742 891 1982 947 tentatio
2016 890 2117 947 tri-

466 981 784 1038 bulationis
815 982 977 1051 (Eccl.
1011 981 1208 1051 xxvu).
1244 1005 1272 1030 ››
1304 981 1465 1045 Quod
1506 997 1638 1036 vero
1669 979 1833 1054 pueri
1864 997 1969 1053 pro
1999 980 2114 1036 Do-

471 1069 629 1126 mino
652 1070 827 1127 occisi
850 1073 1006 1137 sunt,
1025 1068 1315 1142 signiﬁcat
1336 1086 1437 1142 per
1458 1068 1810 1125 humilitatis
1840 1069 2115 1125 meritum

471 1160 542 1214 ad
574 1175 846 1215 coronam
880 1157 1142 1230 martyrii
1174 1174 1304 1213 esse
1332 1157 1877 1230 veniendum,quod
1901 1156 2113 1226 omnis,

473 1253 535 1303 ut
566 1247 849 1303 Dominus
880 1246 980 1314 ait,
1016 1246 1114 1319 qui
1149 1263 1210 1302 se
1240 1246 1533 1315 humiliat,
1567 1245 1936 1302 exaltabitur.
1972 1247 2117 1302 Pue-

470 1353 664 1392 rorum
698 1335 855 1390 enim
885 1334 1646 1401 innocentia,humilitatem
1671 1335 1961 1409 signiﬁcat
1982 1337 2120 1391 sim-

469 1425 825 1499 plicium.De
850 1424 1123 1497 qualibus
1147 1425 1433 1479 Dominus
1458 1424 1535 1479 ait
1556 1442 1568 1479 :
1588 1449 1612 1473 α
1642 1424 1822 1479 Sinite
1845 1425 2115 1498 parvulos

466 1514 661 1569 venire
692 1515 760 1568 ad
796 1530 924 1580 me;
960 1513 1167 1569 talium
1219 1517 1306 1566 est
1356 1512 1510 1566 enim
1562 1529 1807 1585 regnum
1839 1512 2116 1569 caelorum

469 1603 673 1675 (Matth.
707 1607 845 1671 xm).
886 1626 910 1649 ››
944 1602 1011 1656 Et
1051 1600 1263 1657 iterum
1300 1617 1312 1655 :
1356 1621 1376 1648 α
1412 1600 1532 1657 Nisi
1584 1602 1843 1657 conversi
1894 1603 2118 1659 fueritis

465 1696 518 1748 et
540 1691 878 1748 efﬁciamini
903 1690 1054 1745 sicut
1078 1688 1322 1762 parvuli,
1339 1706 1452 1745 non
1475 1690 1767 1746 intrahitis
1791 1690 1849 1746 in
1874 1708 2117 1765 regnum

467 1780 767 1836 ccelorum.
818 1801 844 1827 ››
888 1778 1129 1842 Quando
1166 1782 1360 1834 autem
1392 1779 1578 1852 pueri,
1610 1784 1675 1834 ut
1705 1779 1980 1849 diximus,
2016 1798 2118 1853 pro

469 1868 695 1925 Christo
726 1866 1015 1966 interfecti
1047 1871 1208 1933 sunt,
1240 1868 1340 1923 sed
1373 1867 1642 1923 Christus
1686 1868 1787 1940 qui
1819 1870 2118 1941 quanreba-
2152 1905 2197 1970 Β

468 1965 564 2012 tur
594 1975 710 2013 non
743 1960 833 2012 est
866 1955 1157 2025 inventus,
1191 1957 1526 2012 ostenditur
1551 1956 1688 2029 quia
1720 1963 2120 2029 persecutores

470 2051 794 2119 martyrum
827 2062 1068 2117 corpora
1098 2044 1248 2100 male
1285 2048 1538 2101 tractare
1589 2051 1838 2118 possunt
1885 2052 1941 2103 et
1969 2047 2120 2103 occi-

468 2136 624 2201 dere,
658 2136 761 2189 sed
793 2150 981 2205 neque
1010 2151 1044 2189 a
1074 2134 1424 2201 viventibus,
1450 2151 1639 2207 neque
1670 2152 1703 2190 a
1735 2136 2121 2193 morientibus

471 2224 766 2280 Christum
800 2224 1048 2290 auferre,
1081 2223 1179 2294 qui
1214 2227 1464 2295 possunt
1494 2225 1684 2280 dicere
1717 2241 1730 2280 :
1765 2249 1791 2275 ((
1821 2225 1948 2281 Sive
1978 2226 2120 2281 vivi-

470 2330 625 2382 mus,
650 2312 899 2367 Domino
928 2312 1179 2367 vivimus
1213 2329 1226 2367 :
1258 2312 1379 2367 sive
1411 2312 1978 2379 morimur,Domino
2001 2332 2121 2371 mo-

469 2402 674 2456 rimur.
710 2401 839 2457 Sive
871 2400 1026 2457 enim
1060 2400 1331 2472 vivimus,
1365 2401 1484 2455 sive
1534 2402 1839 2469 morimur,
1886 2403 2118 2458 Domini

468 2507 676 2546 sumus
709 2490 882 2560 (Rom.
917 2493 1055 2557 xxv).
1084 2511 1109 2537 ››
1142 2488 1249 2544 Per
1275 2506 1373 2544 eos
1406 2494 1600 2545 autem
1634 2489 1734 2562 qui
1768 2491 1910 2546 bimi
1943 2490 2118 2549 occisi

466 2584 623 2644 sunt,
650 2578 735 2634 illi
768 2577 1177 2651 signiﬁcantur
1205 2578 1303 2649 qui
1336 2579 1573 2649 perfecti
1607 2583 1746 2634 sunt
1767 2580 1826 2635 in
1859 2597 2029 2652 opere
2061 2586 2118 2637 et

465 2669 748 2736 doctrina,
784 2668 882 2740 qui
911 2684 1045 2722 cum
1099 2666 1245 2722 bene
1274 2667 1516 2723 vivendo
1548 2673 1604 2723 et
1649 2673 1801 2725 recte
1833 2670 2115 2737 docendo,

466 2758 715 2814 aliorum
748 2756 1073 2829 nequitiam
1099 2756 1423 2827 increpant,
1444 2773 1633 2828 usque
1665 2758 1736 2813 ad
1769 2758 2116 2814 effusionem

464 2845 770 2920 sanguinis
802 2845 1120 2901 decertant.
1152 2843 1259 2898 Per
1287 2842 1419 2899 illos
1449 2861 1581 2900 vero
1612 2846 1712 2917 qui
1742 2845 1915 2913 infra,
1940 2847 2118 2921 signi-

467 2937 719 2992 ﬁcantur
746 2933 1069 3006 simplices,
1101 2933 1224 3005 qui,
1256 2932 1506 2989 scientes
1538 2933 1839 2991 Christum
1885 2939 2116 2993 tantum

467 3032 524 3081 et
553 3025 710 3081 hunc
740 3023 1104 3091 cruciﬁxum,
1126 3022 1315 3095 magis
1348 3022 1570 3096 eligunt
1600 3025 1767 3092 mori,
1788 3042 1967 3097 quam
1988 3027 2117 3098 ejus

468 3116 644 3171 ﬁdem
667 3129 898 3187 negare.
915 3111 1076 3179 Quod
1098 3115 1294 3168 autem
1318 3129 1433 3168 non
1455 3112 1647 3169 solum
1671 3114 1730 3169 in
1753 3114 2114 3184 Bethlehem,

465 3202 567 3259 sed
599 3201 774 3257 etiam
796 3200 856 3255 in
879 3200 1155 3256 omnibus
1178 3200 1395 3256 ﬁnibus
1417 3202 1545 3272 ejus
1569 3202 1732 3274 pueri
1755 3202 1931 3258 occisi
1954 3209 2114 3271 sunt,

466 3291 859 3364 signiﬁcatum
908 3294 1015 3361 est,
1051 3288 1190 3361 quia
1237 3306 1351 3344 non
1393 3272 1585 3344 solum
1616 3290 1675 3344 in
1706 3290 1927 3357 Judaaa,
1962 3293 2117 3348 unde
2146 3272 2189 3339 (ἶ

462 3379 722 3435 Ecclesia
737 3377 1022 3449 originem
1043 3381 1397 3449 sumpserat,
1415 3378 1741 3448 persecutio
1758 3383 1882 3434 erat
1901 3379 2115 3449 futura,

466 3468 565 3522 sed
600 3466 778 3521 etiam
812 3482 999 3537 usque
1030 3465 1102 3519 ad
1135 3465 1279 3520 ﬁnes
1310 3469 1496 3520 terrae.
1531 3465 1601 3519 Et
1644 3468 1800 3537 quod
1833 3468 2118 3527 Dominus

464 3558 701 3627 prOpter
730 3553 1193 3627 persecutionem
1240 3553 1482 3609 Herodis
1513 3554 1570 3609 in
1603 3555 1912 3628 Egyptum
1947 3558 2116 3631 fugit,

465 3643 761 3716 signiﬁcat
790 3641 1005 3699 electos
1037 3647 1273 3715 propter
1296 3644 1759 3715 persecutionem
1783 3662 2114 3718 pravorum,

467 3731 777 3806 aliquoties
807 3749 841 3785 a
869 3731 1122 3804 propriis
1153 3731 1390 3787 sedibus
1412 3749 1539 3788 esse
1560 3733 2115 3806 fugandos,exsilio-

466 3837 580 3894 que
612 3820 1151 3894 relegandos.Quod
1178 3836 1311 3875 vero
1337 3820 1610 3878 defuncto
1641 3822 1883 3893 Herode,
1904 3824 2116 3883 iterum

466 3909 671 3982 angelo
702 3912 995 3975 monente,
1024 3909 1097 3965 ad
1128 3914 1343 3965 terram
1384 3910 1561 3967 Israel
1594 3929 1861 3970 reversus
1891 3918 1999 3985 est,
2032 3915 2117 3972 si-

464 3997 761 4074 gniﬁcavit
789 4000 1025 4055 eosdem
1057 3998 1272 4055 electos
1302 4004 1432 4072 post
1458 4016 1855 4073 compressam
1887 4002 2115 4061 haereti-

464 4106 667 4146 corum
685 4088 1021 4158 falsitatem,
1038 4090 1109 4145 ad
1126 4089 1391 4161 proprias
1408 4090 1575 4145 sedes
1593 4107 1719 4147 esse
1738 4108 2073 4151 reversuros
2100 4112 2113 4150 :

463 4179 616 4252 quod
650 4177 720 4234 de
769 4175 985 4234 Hilario
1035 4177 1400 4245 Pictaviensi,
1435 4183 1490 4234 et
1519 4179 1839 4237 Athanasio
1870 4182 2113 4240 Alexan-

463 4268 652 4336 drino,
686 4272 743 4324 et
773 4266 1042 4341 pluribus
1073 4266 1202 4323 aliis
1234 4266 1505 4341 legimus.

533 4381 561 4408 «
595 4359 761 4414 Tunc
791 4355 1177 4429 adimpletum
1208 4361 1315 4435 est,
1337 4357 1492 4429 quod
1525 4358 1748 4414 dictum
1781 4364 1869 4415 est
1897 4377 1999 4432 per
2026 4360 2115 4416 Je-

424 4515 436 4525 .
466 4470 493 4497 ‹‹
527 4445 771 4503 remiam
803 4446 1147 4519 prophetam
1182 4446 1472 4501 dicentem
1508 4464 1519 4501 :
1553 4446 1677 4503 Vox
1709 4449 1764 4504 in
1800 4449 1983 4504 Rama
2013 4465 2114 4505 au-

465 4559 491 4584 ι‹
527 4536 649 4590 dita
697 4538 805 4603 est,
847 4534 1111 4608 ploratus
1156 4539 1213 4591 et
1273 4534 1535 4591 ululatus
1593 4537 1863 4594 multus:
1899 4537 2116 4594 Rachel

460 4891 637 4948 infert
682 4892 1122 4965 prophetarum.
1170 4892 1333 4958 Quod
1383 4895 1578 4947 autem
1628 4892 1754 4947 ait:
1803 4916 1831 4943 ‹‹
1882 4892 2004 4949 Vox
2052 4892 2112 4949 in

465 4978 647 5034 Rama
678 4980 882 5036 audita
911 4986 1017 5049 est,
1047 5010 1066 5034 ι.
1105 4998 1219 5037 non
1252 4980 1346 5036 hic
1376 4980 1559 5036 Rama
1590 4996 1801 5036 nomen
1837 4982 2002 5038 urbis
2024 4982 2111 5038 vel

460 5067 673 5135 loci,ut
704 5069 940 5141 quidam
972 5074 1199 5141 putant,
1220 5069 1569 5143 simpliciter
1588 5074 1777 5139 sonat,
1794 5071 1894 5126 sed
1917 5072 2112 5143 potius

460 5158 517 5213 in
550 5156 843 5213 excelsum
875 5158 1186 5231 signiﬁcat.
1219 5160 1379 5226 Quod
1412 5165 1502 5216 est
1531 5159 1687 5216 enim
1719 5158 1908 5216 dicere
1942 5176 1955 5215 :
1992 5161 2113 5218 Vox

462 5247 521 5303 in
556 5247 739 5302 Rama
769 5246 970 5302 audita
999 5252 1108 5312 est,
1139 5248 1291 5303 idem
1332 5252 1421 5304 est
1447 5248 1655 5314 dicere,
1689 5249 2110 5321 persecutionis

462 5335 716 5410 procella
742 5334 915 5408 lenge
945 5334 1177 5407 lateque
1206 5337 1418 5393 diffusa
1443 5342 1549 5393 est.
1584 5337 1872 5404 Quaeritur
1908 5338 1981 5395 ad
2015 5338 2110 5396 lit-

459 5424 975 5496 teram,quomodo
1009 5423 1221 5479 Rachel
1245 5424 1395 5480 ﬁlios
1426 5442 1565 5481 suos
1590 5426 1851 5498 plorasse
1871 5427 2106 5499 dicitur,

461 5509 596 5571 cum
629 5512 988 5580 Bethlehem,
1023 5514 1080 5569 in
1114 5530 1231 5586 qua
1272 5514 1437 5585 pueri
1488 5514 1659 5569 occisi
1706 5519 1866 5583 sunt,
1898 5534 2015 5573 non
2047 5518 2108 5573 in

458 5603 616 5661 tribu
640 5603 966 5675 Benjamin,
982 5604 1083 5676 qui
1103 5604 1173 5659 de
1196 5600 1409 5658 Rachel
1433 5609 1596 5658 ortus
1618 5608 1726 5671 est,
1746 5606 1847 5661 sed
1868 5606 1929 5661 in
1952 5607 2106 5664 tribu

456 5694 611 5760 Juda
642 5692 835 5766 fuerit,
868 5692 968 5770 qui
998 5694 1070 5752 de
1121 5692 1221 5751 Lia
1270 5706 1465 5749 sorore
1495 5692 1622 5767 ejus
1655 5698 1825 5751 natus
1856 5696 1991 5753 est?
2021 5696 2107 5753 Ad

2227 627 2292 679 ut
2317 626 2484 679 vetus
2515 628 2714 679 narrat
2742 622 3186 694 historia,juxta
3206 638 3268 678 se
3297 620 3695 678 haereditatem
3725 637 3885 678 acce-
3910 650 3919 659 ι

2224 716 2456 785 perunt,
2484 717 2540 767 et
2568 711 2862 768 funiculus
2893 711 3069 768 sortis
3101 708 3409 782 Benjamin
3441 704 3620 783 prope
3650 708 3885 766 Bethle-

2225 802 2359 857 hem
2392 801 2783 874 perveniebat.
2819 802 2886 856 Et
2916 800 3055 873 quia
3100 798 3355 856 Herodes
3385 802 3738 872 praeceperat
3765 815 3885 855 non

2225 890 2417 947 solum
2449 890 2510 945 in
2542 889 2901 958 Bethlehem,
2925 889 3027 945 sed
3058 888 3236 945 etiam
3265 887 3325 943 in
3357 886 3633 945 omnibus
3666 886 3886 945 ﬁnibus

2225 980 2353 1051 ejus
2386 996 2597 1052 pueros
2627 977 2833 1048 occidi,
2867 977 3255 1051 intelligimus
3300 994 3403 1050 per
3441 976 3594 1032 hanc
3625 977 3888 1033 occasio-

2225 1086 2359 1125 nem
2392 1068 2714 1141 permultos
2746 1068 2818 1124 de
2840 1068 3021 1141 stirpe
3048 1067 3352 1138 Benjamin
3377 1082 3505 1123 esse
3528 1082 3888 1140 caesos,quos

2226 1156 2439 1214 Rachel
2474 1163 2660 1213 mater
2689 1156 2912 1213 elevata
2937 1155 2998 1212 in
3031 1155 3325 1213 excelsum
3349 1173 3485 1213 voce
3509 1154 3774 1230 plorasse
3803 1155 3891 1230 di-

2226 1247 2396 1314 citur,
2458 1250 2523 1301 ut
2592 1245 3020 1319 persecutionis
3082 1244 3422 1301 immanitas
3484 1248 3887 1319 exaggeretur,

2226 1336 2461 1408 quando
2493 1334 2621 1408 ipsa
2663 1338 2851 1390 mater
2900 1333 3090 1407 egisse
3136 1333 3373 1401 dicitur,
3426 1334 3581 1406 quod
3631 1334 3705 1389 ab
3756 1334 3886 1406 ejus

2226 1425 2382 1480 tribu
2416 1425 2636 1480 factum
2668 1423 3058 1497 cognoscitur.
3094 1423 3195 1479 Est
3225 1428 3281 1478 et
3307 1422 3462 1478 aliud
3492 1424 3645 1497 quod
3687 1423 3744 1478 in
3777 1423 3887 1478 hoc

2230 1513 2353 1569 loco
2387 1514 2644 1586 prudens
2674 1514 2855 1569 lector
2876 1513 3126 1585 adjicere
3147 1516 3359 1586 potest,
3374 1512 3514 1584 quia
3531 1512 3687 1568 sicut
3707 1517 3889 1569 Gene-

2228 1603 2311 1659 sis
2344 1606 2541 1658 narrat
2571 1602 2815 1658 historia
2849 1602 2999 1675 (Cen.
3033 1602 3220 1674 xxxv),
3257 1600 3471 1657 Rachel
3520 1601 3753 1674 sepulta
3798 1605 3889 1658 est

2229 1710 2407 1766 prope
2438 1691 2798 1759 Bethlehem,
2815 1691 2987 1763 juxta
3008 1691 3161 1746 viam
3195 1708 3321 1763 qua:
3353 1690 3513 1746 ducit
3543 1689 3796 1759 Hebron,
3816 1692 3891 1748 si-

2229 1787 2327 1837 cut
2359 1780 2570 1838 titulus
2603 1780 2971 1837 monumenti
3003 1781 3132 1853 ejus
3154 1783 3426 1836 testatur.
3460 1779 3621 1843 Quod
3653 1796 3790 1853 ergo
3812 1780 3888 1837 ab

2229 1869 2360 1925 aliis
2395 1873 2624 1925 constat
2652 1869 2895 1933 factum,
2930 1868 3057 1941 ipsa
3109 1867 3448 1942 prophetico
3489 1884 3650 1924 more
3677 1868 3889 1926 fecisse

2232 1958 2465 2026 dicitur,
2489 1976 2557 2015 cx
2586 1959 2755 2030 cujus
2778 1957 3079 2032 sepultura
3107 1955 3270 2014 locus
3301 1955 3399 2013 ille
3422 1955 3645 2030 insigne
3664 1973 3888 2014 nomen

2230 2047 2484 2103 habebat
2543 2048 2728 2119 (Joan.
2790 2047 2973 2117 Lxxx).
3037 2045 3435 2119 Spiritualiter
3484 2062 3610 2102 vero
3660 2044 3887 2102 Rachel

2231 2138 2382 2209 (quae
2414 2139 2528 2193 ovis
2557 2135 2646 2192 vel
2680 2137 2826 2192 visus
2849 2137 3195 2209 principium
3226 2135 3660 2208 interpretatur)
3688 2134 3889 2192 Eccle-

2229 2225 2377 2281 siam
2401 2225 2714 2298 signiﬁcat,
2736 2242 2862 2297 quae
2887 2228 3039 2283 recte
3070 2224 3229 2281 visus
3261 2224 3618 2297 principium
3647 2223 3883 2294 dicitur,

2230 2314 2389 2386 quia,
2422 2315 2705 2370 mandato
2737 2314 2928 2369 cordis
2958 2312 3146 2380 oculo,
3180 2312 3340 2369 illius
3384 2312 3886 2385 pulchritudinem

2230 2401 2611 2475 contemplari
2643 2403 2956 2470 desiderat,
3001 2402 3100 2475 qui
3131 2402 3214 2458 ait
3246 2418 3259 2457 :
3295 2426 3322 2452 «
3358 2402 3475 2476 Ego
3525 2402 3885 2476 principium

2230 2493 2330 2564 qui
2363 2497 2420 2547 et
2448 2491 2656 2565 loquor
2697 2490 2862 2547 vobis
2911 2491 3088 2554 (Joan.
3132 2493 3277 2558 vm).
3314 2514 3340 2540 ››
3374 2491 3505 2563 Ipsa
3534 2508 3768 2564 quoque
3796 2497 3888 2548 est

2228 2581 2351 2638 ovis
2382 2580 2917 2653 centesima,quam
2941 2581 3073 2653 pius
3095 2584 3295 2653 pastor
3316 2580 3611 2637 inventam
3633 2580 3886 2653 propriis

2227 2670 2493 2726 humeris
2516 2669 2816 2742 imposuit,
2833 2672 2889 2725 et
2915 2669 2998 2725 sic
3020 2668 3336 2742 reportavit
3363 2669 3436 2725 ad
3468 2685 3705 2742 gregem
3731 2672 3886 2740 (Luc.

2227 2764 2340 2828 xv).
2376 2758 2569 2815 Plorat
2597 2776 2733 2832 ergo
2778 2757 2993 2814 Rachel
3041 2757 3194 2814 ﬁlios
3243 2775 3403 2825 suos,
3436 2758 3578 2830 quia
3631 2748 3888 2816 Ecclesia

2227 2866 2331 2922 pro
2364 2848 2767 2921 persecutione
2814 2847 3076 2904 ﬁdelium
3120 2846 3322 2920 gemit.
3356 2848 3480 2904 Non
3529 2846 3657 2903 vult
3685 2851 3884 2904 autem

2227 2937 2515 2993 consolari
2548 2954 2725 3010 super
2754 2953 2873 3002 eos,
2907 2936 3008 3009 qui
3038 2953 3155 2992 non
3186 2940 3346 3004 sunt,
3381 2935 3521 3009 quia
3549 2935 3709 2991 illam
3745 2953 3886 2994 con-

2228 3025 2573 3083 solationem
2607 3042 2723 3082 non
2753 3023 2879 3081 vult
2906 3024 3180 3098 recipere,
3207 3030 3272 3081 ut
3293 3026 3505 3081 iterum
3537 3025 3779 3083 redeant
3808 3026 3886 3082 ad

2228 3116 2549 3172 certamina
2580 3113 2775 3171 saeculi
2806 3112 3146 3188 pugnaturi,
3165 3112 3266 3187 qui
3297 3117 3543 3187 regnant
3562 3130 3697 3170 cum
3721 3113 3888 3171 Chri-

2229 3209 2318 3261 sto
2350 3222 2452 3278 per
2483 3204 2833 3276 martyrium
2858 3203 3136 3259 coronati.

2303 3316 2331 3343 «
2364 3293 2645 3348 Defuncto
2677 3296 2872 3347 autem
2904 3292 3147 3348 Herode.
3186 3314 3213 3341 ››
3246 3290 3429 3365 Igitur
3470 3292 3748 3362 Herodes,
3781 3293 3891 3366 qui

2228 3386 2524 3437 tantorum
2572 3381 2859 3439 scelerum
2891 3398 2954 3438 se
2986 3384 3200 3438 fecerat
3228 3385 3550 3450 auctorem,
3584 3385 3649 3436 ut
3676 3397 3784 3437 nec
3811 3382 3890 3438 ab

2230 3471 2415 3544 ipsius
2447 3470 2681 3527 Domini
2724 3471 3128 3544 persecutione
3176 3487 3417 3526 manum
3470 3469 3725 3526 traheret
3766 3485 3891 3526 non

2227 3564 2452 3633 poterat
2481 3577 2783 3617 remanere
2840 3559 3085 3616 inultus.
3118 3558 3264 3624 Quia
3294 3558 3450 3615 enim
3483 3555 3899 3615 fraudulenter

2228 3665 2473 3721 regnum
2500 3649 2839 3705 Judaeorum
2862 3649 3090 3723 primus
3112 3666 3180 3704 ex
3198 3648 3473 3723 gentibus
3494 3647 3744 3720 adeptus
3766 3647 3897 3704 fue-

2227 3741 2468 3806 rat,non
2500 3738 2690 3795 solum
2719 3738 2940 3795 Judazis
2972 3738 3159 3795 multa
3190 3736 3345 3794 mala
3374 3735 3895 3803 intulerat,verum

2228 3826 2403 3884 etiam
2436 3828 2495 3883 in
2528 3827 2665 3883 ﬁliis
2697 3827 2948 3899 propriis
2970 3826 3257 3901 patricida
3275 3824 3680 3882 exstiterat.Et
3703 3842 3899 3898 super

2228 3917 2424 3973 omnia
2454 3916 2626 3984 mala,
2643 3933 2770 3989 qua:
2792 3915 3030 3989 longum
3056 3920 3145 3972 est
3164 3929 3667 3974 enumerare.cum
3689 3912 3897 3971 Salva-

2228 4010 2414 4062 torem
2448 4005 2652 4061 mundi
2678 4008 2880 4061 natum
2913 4005 3193 4072 audisset,
3209 4001 3358 4059 fellis
3378 4001 3594 4057 invidia
3619 4016 3895 4058 commo-

2226 4098 2343 4163 tus,
2375 4098 2440 4150 ut
2473 4110 2653 4150 unum
2682 4094 2923 4167 perdere
2955 4096 3172 4166 posset,
3200 4107 3372 4164 quem
3407 4090 3477 4145 ad
3512 4090 3895 4162 regnandum
3980 4084 3981 4097 ¹

2228 4183 2495 4239 audierat
2524 4188 2750 4251 natum,
2784 4198 2991 4239 omnes
3022 4198 3235 4255 pueros
3262 4180 3321 4235 in
3352 4177 3793 4246 Bethlehem,et
3827 4178 3894 4234 in
3978 4202 3979 4215 ι

2227 4272 2503 4328 omnibus
2526 4272 2742 4328 ﬁnibus
2763 4272 2891 4343 ejus
2917 4270 3242 4327 interﬁcere
3255 4268 3458 4341 jussit.
3473 4267 3778 4339 Tantaque
3800 4284 3901 4322 ra-

2226 4359 2352 4417 bies
2372 4361 2501 4433 ejus
2523 4359 2787 4415 animum
2810 4360 3284 4430 succenderat,ut
3304 4373 3407 4414 nec
3429 4358 3666 4428 propter
3686 4354 3902 4413 multi-

2225 4450 2490 4505 tudinem
2523 4448 3035 4516 morientium,nec
3054 4452 3289 4522 propter
3318 4444 3697 4519 parvulorum
3724 4444 3907 4501 inno-

2227 4537 2618 4603 centiam,sua
2641 4536 2860 4593 saevitia
2880 4540 3154 4595 cessaret.
3190 4536 3430 4608 PrOpter
3478 4534 3634 4606 quod
3687 4532 3905 4589 divina

464 4648 491 4675 ‹‹
527 4623 763 4697 plorans
794 4623 945 4681 ﬁlios
974 4642 1117 4682 suos
1142 4644 1155 4692 ;
1183 4627 1240 4680 et
1270 4622 1458 4680 noluit
1489 4625 1800 4692 consolari,
1825 4625 1965 4698 quia
1995 4644 2111 4682 non
2146 4646 2192 4710 ι)
2226 4626 2443 4683 ultione
2468 4622 3305 4699 porcussus,immedicahilem
3327 4619 3906 4695 passusestaegritu-

464 4738 490 4764 ‹‹
513 4717 670 4777 sunt.
693 4737 718 4762 ››
731 4712 1000 4770 Nostram
1019 4713 1379 4788 superiorem
1396 4714 1789 4770 narrationem
1804 4715 2114 4772 Mattheus
2146 4708 2179 4710 _
2226 4714 2587 4771 dinem.Erat
2609 4714 2766 4771 enim
2790 4713 2988 4787 febris,
3004 4712 3288 4771 acerrima
3305 4709 3647 4783 suspiria,et
3664 4708 3909 4767 anheli-
3968 4766 3969 4779 χ

462 4802 820 4876 evangelista
836 4804 1167 4872 conﬁrmat,
1185 4818 1319 4858 cum
1339 4802 1464 4859 suis
1487 4802 1858 4859 sermonibus
1879 4804 2115 4860 oracula
2226 4809 2323 4860 tus
2336 4803 2862 4877 assidui,spasmus
2875 4820 3107 4876 quoque
3124 4800 3306 4859 totius
3323 4797 3695 4872 corporis,ita
3712 4801 3782 4854 ut
3795 4798 3906 4854 vix
3966 4866 3967 4869 η

2225 4892 2509 4966 respirare
2540 4876 2758 4966 posset.
2791 4891 3076 4966 Hydropis
3107 4889 3349 4948 morbus
3380 4902 3594 4963 corpus
3620 4889 3911 4943 attenua-
3964 4876 3967 4966 ί

2222 4987 2403 5050 verat,
2429 4982 2509 5038 ita
2539 4986 2605 5039 ut
2633 4980 2877 5055 vestigia
2903 4979 3204 5037 inflatione
3233 4977 3449 5052 pedum
3474 4978 3905 5050 gravarentur,
3962 5050 3963 5059 χ

2223 5070 2503 5127 interiora
2533 5087 2766 5143 quoque
2794 5070 3020 5125 viscera
3047 5073 3209 5125 tanto
3237 5067 3437 5123 dolore
3458 5064 3810 5131 urebantur,
3828 5068 3907 5119 ut
3962 5066 3963 5119 ἶ

2222 5177 2326 5233 per
2370 5164 2660 5217 secretum
2704 5163 2926 5215 natura:
2974 5159 3237 5233 digerere
3280 5155 3593 5212 videretur.
3637 5150 3905 5226 Prurigo
3958 5156 3961 5231 j

2221 5266 2454 5322 quoque
2482 5247 2662 5304 totius
2692 5246 2953 5321 corporis
2981 5247 3043 5302 in
3064 5251 3296 5303 tantum
3321 5237 3713 5300 intolerabilis
3735 5244 3906 5312 erat,

2223 5342 2289 5393 ut
2321 5337 2496 5393 etiam
2522 5335 2773 5391 verenda
2803 5335 3040 5408 putrida
3059 5334 3355 5392 vermibus
3377 5328 3912 5389 scaturirent.[ne-

2219 5430 2311 5482 rat
2339 5424 2513 5481 etiam
2546 5428 2602 5479 et
2631 5423 2925 5481 anhelitus
2954 5423 3267 5492 fetidus,in
3288 5425 3522 5477 tantum
3548 5422 3616 5473 ut
3643 5416 3743 5472 vix
3768 5432 3915 5472 me-

2219 5515 2484 5571 dicorum
2516 5511 2730 5585 aliquis
2760 5529 2864 5586 pro
2896 5511 3244 5570 adhibendis
3274 5505 3780 5567 medicaminibus
3815 5506 3913 5563 ad

2219 5620 2352 5659 eum
2386 5601 2655 5658 accedere
2694 5606 2914 5675 posset.
2947 5602 3209 5674 Denique
3256 5594 3572 5656 nonnullos
3623 5594 3913 5650 medico-

2220 5706 2348 5750 rum
2376 5690 2434 5747 in
2456 5689 2583 5767 ipsa
2602 5690 2947 5767 aegritudine
2968 5690 3198 5767 positus
3217 5686 3432 5746 dicitur
3452 5683 3721 5743 occidere
3744 5700 3921 5759 prie.
