4018 6180
217 322 276 385 81
1431 326 1783 389 HOMILl/E
1826 326 1927 388 DE
1973 327 2374 391 TEMPOBE.
3525 329 3603 392 82

219 460 437 534 cepisse,
469 456 645 534 quasi
678 459 778 533 qui
807 459 935 535 ejus
965 458 1142 520 saluti
1174 463 1448 536 prodesse
1467 466 1720 534 possent,
1744 479 1847 518 nec
1876 463 1932 530 Α
1960 462 2278 520 Ecclesiam
2312 463 2490 520 saevit.
2517 463 2677 530 Quod
2710 467 2904 521 autem
2938 467 3070 536 post
3097 462 3326 521 obitum
3364 463 3607 524 Herodis

215 551 420 607 vellent.
442 552 696 624 Insuper
713 552 891 608 etiam
911 552 1126 608 famem
1143 551 1854 624 sitimqueintolerabilem

220 641 545 696 sustinebat.
581 642 650 696 Et
683 641 837 712 quod
890 641 1126 713 gravius
1168 645 1311 708 erat,
1361 640 1553 696 omnis
1601 641 1768 696 cibus
1800 645 1858 696 et

218 734 363 803 potus
391 729 450 783 in
503 730 808 785 fastidium
851 731 901 785 ei
955 735 1098 785 erat.
1152 730 1628 786 Insomnietatem
1678 728 1854 784 talem

219 820 544 884 sustinebat,
579 823 644 873 ut
683 819 810 874 dies
860 824 1176 891 noctesque
1239 819 1549 891 pervigiles
1596 820 1832 874 duceret

219 909 355 974 Quod
388 908 674 979 siparum
708 887 1099 963 obdormisset
1132 887 1486 979 phantasma
1501 909 1792 980 patiebatu
1807 887 1853 986 r;

214 1003 267 1053 ut
290 1016 346 1054 se
375 997 744 1053 obdormisse
775 997 1096 1069 paeniteret.
1130 997 1241 1052 Sed
1270 1014 1403 1052 cum
1439 997 1621 1052 nimio
1654 1015 1853 1053 amore

213 1086 494 1161 praesentis
518 1087 649 1141 vitae
679 1089 969 1154 aestuaret,
995 1086 1178 1157 jussit
1207 1102 1268 1141 se
1297 1087 1506 1142 deferri
1535 1091 1697 1142 trans
1727 1087 1850 1142 Jor-

213 1177 423 1242 danem,
458 1175 557 1232 ubi
591 1179 757 1231 erant
782 1193 947 1248 aqua:
975 1175 1196 1246 calidae,
1222 1192 1347 1248 quze
1378 1175 1848 1249 etiamlanguen-

214 1266 354 1320 tibus
384 1263 764 1320 medicabiles
793 1264 1162 1320 dicebantur.
1198 1264 1309 1318 Sed
1343 1281 1474 1335 quae
1517 1263 1648 1320 aliis
1673 1264 1847 1321 utiles

213 1359 377 1421 erant,
411 1352 493 1408 illi
529 1353 672 1408 nihil
695 1353 1061 1425 profuerunt,
1098 1358 1160 1408 ut
1189 1353 1537 1426 intelligeret
1558 1370 1618 1409 se
1649 1354 1848 1409 divina

215 1443 412 1498 ultione
443 1459 575 1498 esse
607 1458 977 1513 percussum.
1010 1441 1216 1497 Visum
1247 1442 1422 1498 etiam
1453 1443 1560 1497 fuit
1580 1443 1842 1508 medicis,

210 1539 264 1586 ut
290 1531 345 1586 in
375 1532 706 1587 fomentum
736 1530 845 1586 olei
877 1531 1053 1603 tepidi
1107 1547 1240 1586 eum
1272 1532 1644 1603 deponerent.
1681 1534 1842 1598 Quod

209 1638 325 1676 cum
356 1620 568 1675 fuisset
596 1618 920 1692 ingressus,
947 1620 1226 1675 itatotum
1247 1637 1460 1692 corpus
1478 1621 1604 1690 ejus
1629 1620 1844 1676 resolu-

207 1715 314 1766 tum
344 1707 583 1773 dicitur,
618 1713 679 1762 ut
702 1708 876 1764 etiam
899 1707 1123 1764 oculiin
1138 1708 1579 1764 similitudinem
1598 1710 1845 1765 morien-

1967 571 2112 626 puer
2133 554 2306 610 Jesus
2337 555 2407 609 ad
2442 558 2655 610 terram
2689 554 2867 610 Israel
2887 558 2974 610 est
2994 555 3608 628 reversus,significat,

1967 642 2106 715 quia
2135 644 2287 698 circa
2317 644 2492 698 tinem
2524 642 2721 698 saeculi
2751 644 2822 698 ad
2854 660 3207 716 synagogam
3240 648 3330 699 est
3361 662 3615 701 reversu-

1968 749 2090 799 rus,
2123 749 2254 787 cum
2287 749 2389 804 per
2411 732 2881 804 praedicationem
2906 732 3038 786 Elia:
3069 737 3125 786 et
3154 733 3347 788 Enoch
3371 731 3430 788 in
3479 751 3613 789 eum

1966 822 2341 877 crediderint.
2378 821 2539 876 Unde
2579 838 2709 877 cum
2743 823 3046 894 [Egyptum
3085 822 3292 877 deferri
3335 823 3616 894 jubeatur

1964 915 2022 966 et
2049 912 2268 983 fugere,
2323 912 2430 966 hoc
2471 911 2531 964 in
2573 915 2735 966 nocte
2783 911 3144 982 pracipitur:
3197 928 3330 966 cum
3373 928 3507 968 vero
3540 914 3612 968 ad

1965 1003 2178 1054 terram
2211 999 2389 1056 Israel
2420 1001 2746 1065 revertitur,
2781 1017 2884 1054 nec
2908 1000 3094 1054 noctis
3125 1002 3187 1054 tit
3217 1000 3612 1074 mentiozquia

1962 1106 2108 1160 quos
2142 1107 2296 1145 nunc
2328 1094 2561 1161 propter
2590 1088 3057 1145 incredulitatem
3090 1090 3146 1144 in
3179 1090 3434 1146 tenebris
3453 1092 3611 1147 dese-

1961 1178 2054 1243 rit,
2090 1178 2243 1234 circa
2272 1180 2448 1233 ﬁnem
2482 1178 2678 1233 saeculi
2711 1179 3009 1234 credentes
3042 1179 3099 1233 in
3133 1179 3322 1235 lucem
3357 1181 3488 1236 fidei
3523 1198 3606 1235 re-

1957 1267 2148 1340 cipiet.

2029 1383 2052 1406 ‹‹
2090 1359 2345 1413 Audiens
2377 1362 2570 1412 autem
2603 1357 2756 1429 quod
2789 1359 3099 1414 Archelaus
3130 1360 3472 1431 regnaretin
3502 1361 3603 1416 Ju-

1957 1471 1983 1497 ‹‹
2018 1448 2142 1502 ἀίρει
2169 1445 2272 1519 pro
2304 1447 2524 1502 Herode
2567 1452 2724 1518 patre
2758 1465 2884 1513 suo,
2937 1447 3133 1502 timuit
3172 1447 3268 1502 illo
3300 1448 3403 1504 ire.
3444 1472 3469 1496 ››
3501 1451 3604 1504 Ar-

1955 1535 2191 1592 chelaus
2223 1541 2419 1591 autem
2451 1553 2604 1590 unus
2627 1535 2738 1590 fuit
2764 1536 3255 1607 cherodisﬁliis,
3280 1555 3453 1609 quem
3477 1544 3607 1610 post

1957 1643 2016 1680 se
2040 1626 2111 1681 ad
2138 1626 2504 1698 regnandum
2536 1625 2595 1679 in
2626 1624 2829 1680 Judaea
2861 1625 3112 1679 Herodes
3142 1626 3602 1692 instituerat,sed

1955 1718 2156 1786 postea
2178 1713 2548 1770 insolentiam
2564 1714 2612 1784 ej
2625 1731 2691 1768 us
2705 1714 3118 1769 accusantibus
3132 1714 3602 1785 Judaeis,judicio

207 1800 336 1854 tium
386 1801 785 1867 versarentur,
836 1797 1326 1854 intercluderetur
1366 1815 1494 1868 vox,
1545 1804 1603 1854 et
1633 1816 1842 1855 sensus
1880 1836 1923 1899 Β
1956 1806 2196 1858 senatus
2228 1803 2380 1875 apud
2411 1803 2718 1866 Viennam,
2771 1820 2897 1873 quae
2949 1802 3267 1858 Galliarum
3322 1807 3408 1858 cst
3438 1806 3600 1874 urbs,

207 1888 437 1944 abesset.
461 1887 533 1941 Et
560 1902 693 1941 cum
723 1890 855 1957 post
868 1885 1172 1958 paululum
1187 1886 1511 1942 amicorum
1525 1892 1582 1943 et
1596 1888 1842 1943 famulo-

205 1993 316 2032 rum
346 1975 596 2032 vocibus
617 1974 904 2030 excitatus
937 1992 1180 2031 sensum
1210 1975 1543 2048 recepisset,
1569 1971 1752 2047 jussit
1783 1994 1844 2032 se

205 2067 397 2122 deferri
430 2064 688 2121 Jericho.
722 2065 988 2136 Cumque
1010 2067 1137 2136 jam
1159 2065 1230 2120 de
1243 2082 1351 2120 sua
1371 2065 1488 2120 vita
1501 2066 1844 2137 desperatus

199 2160 361 2226 esset,
395 2170 605 2210 omnes
650 2153 944 2226 principes
991 2153 1328 2209 Judzsorum
1358 2171 1426 2209 ex
1467 2154 1715 2226 singulis
1756 2156 1843 2210 ci-

195 2245 468 2300 vitatibus
498 2246 558 2298 et
582 2242 841 2299 castellis
871 2243 943 2298 ad
975 2259 1037 2298 se
1069 2247 1433 2311 convocatos,
1485 2243 1545 2298 in
1577 2244 1842 2299 custodia

197 2333 409 2389 retrudi
432 2332 641 2404 jussit.
673 2332 1020 2403 Vocansque
1050 2349 1309 2388 sororem
1342 2350 1512 2388 suam
1545 2333 1838 2400 Salomen,

192 2429 241 2479 et
267 2424 462 2478 virum
495 2422 627 2493 ejus
653 2421 892 2477 nomine
920 2420 1336 2490 Alexandrum,
1372 2421 1545 2476 dixit:
1572 2422 1711 2477 Novi
1737 2422 1838 2477 Ju-

189 2514 332 2568 daeos
365 2513 440 2568 de
470 2528 601 2567 mea
631 2514 817 2566 morte
833 2510 1158 2583 gavisuros,
1175 2511 1275 2566 sed
1296 2510 1666 2566 honorabiles
1684 2527 1840 2566 exse-

188 2603 348 2675 quias
381 2601 603 2657 habere
649 2605 848 2672 potero
884 2617 953 2656 ex
983 2599 1224 2671 planctu
1276 2599 1626 2672 lugentium,
1659 2599 1706 2654 si
1738 2617 1839 2655 vos

186 2691 327 2747 meis
361 2689 670 2746 volueritis
699 2688 1256 2761 parere-praeceptis,
1291 2694 1357 2743 ut
1388 2705 1520 2743 mox
1568 2705 1702 2743 cum
1734 2705 1838 2762 ego

183 2781 458 2853 spiritum
490 2778 856 2843 exhalavero,
888 2794 1093 2833 omnes
1141 2776 1433 2849 principes
1480 2777 1838 2845 Judaaorum,

183 2886 328 2940 quos
362 2869 428 2923 in
459 2868 732 2923 custodia
763 2865 1393 2934 reclusi,interficiatis.
1411 2866 1622 2937 Sicque
1639 2867 1761 2934 fiat,
1777 2873 1840 2922 ut

181 2959 276 3030 qui
309 2959 384 3014 de
421 2973 557 3012 mea
585 2961 771 3012 morte
804 2955 1333 3028 gauderecupiunt,
1350 2971 1590 3010 suorum
1623 2956 1837 3010 civium

175 3047 486 3104 interitum
519 3045 719 3118 lugere
750 3048 1051 3116 cogantur.
1087 3045 1154 3099 Et
1175 3060 1245 3099 ne
1272 3044 1344 3098 ab
1366 3060 1568 3100 eorum
1599 3045 1838 3116 sangui-

174 3137 268 3192 nis
295 3135 591 3192 effusione
623 3149 864 3188 manum
897 3132 1276 3198 retraherent,
1291 3132 1540 3205 singulis
1555 3132 1840 3204 quinqua-

1956 1891 2156 1947 exsilio
2192 1891 2502 1964 relegatus,
2538 1892 2715 1946 vitam
2767 1891 2970 1947 finivit.
3019 1892 3336 1948 Archelaus
3384 1899 3600 1960 autem,

1955 1980 2054 2052 qui
2071 1983 2291 2036 vincens
2305 1982 2384 2036 leo
2402 1981 2832 2052 interpretatur,
2848 1981 3270 2036 Antichristum
3286 1981 3332 2036 si
3340 1983 3598 2054 gnificat.

1955 2070 2059 2134 Qui
2095 2071 2164 2124 ad
2223 2075 2456 2141 tempus
2514 2070 2572 2122 in
2623 2069 2844 2124 sanctis
2893 2070 3190 2125 victoriam
3255 2070 3509 2139 habebit,
3544 2077 3602 2127 et

1953 2158 2120 2231 quasi
2153 2158 2240 2212 leo
2271 2157 2547 2213 terribilis
2575 2157 2897 2228 apparebit.
2934 2158 2995 2212 In
3025 2157 3184 2213 illam
3209 2175 3343 2231 ergo
3375 2164 3597 2230 partem

1953 2265 2071 2320 qua
2093 2247 2374 2320 regnabat
2401 2245 2739 2313 Archelaus,
2763 2246 2980 2319 Joseph
3013 2264 3145 2302 cum
3179 2264 3356 2318 puero
3390 2248 3473 2304 ire
3498 2266 3598 2304 no-

1951 2337 2081 2402 luit,
2116 2337 2255 2408 quia
2283 2337 2341 2390 in
2375 2334 2535 2390 illam
2570 2340 2794 2407 partem
2815 2336 3598 2408 populiJudazorum,quzsin

1949 2425 2374 2482 Antichristum
2409 2423 2701 2480 creditura
2730 2429 2838 2492 est,
2873 2424 3138 2480 Christus
3156 2442 3258 2497 per
3273 2426 3446 2480 fidem
3485 2445 3599 2482 non

1948 2515 2257 2570 habitabit.
2293 2515 2427 2570 Post
2458 2530 2659 2569 necem
2693 2517 2887 2568 autem
2920 2513 3183 2568 Archelai
3227 2513 3494 2570 Christus
3527 2517 3598 2571 ad

1950 2609 2165 2661 terram
2197 2603 2370 2659 Israel
2415 2602 2738 2666 revertitur,
2791 2601 2929 2674 quia
2959 2607 3089 2673 post
3137 2602 3598 2660 interfectionem

1947 2692 2290 2748 Antichristi
2322 2708 2619 2764 synagoga
2649 2691 2706 2745 in
2753 2708 2886 2746 eum
2938 2692 3230 2746 creditura
3275 2697 3382 2760 est,
3426 2697 3489 2747 ut
3520 2694 3600 2748 ait

1946 2781 2286 2854 Apostolus:
2350 2803 2378 2830 ‹‹
2412 2781 2553 2835 Cum
2615 2779 2914 2852 plenitudo
2962 2780 3226 2851 gentium
3277 2781 3596 2848 intraverit,

1947 2876 2086 2926 tunc
2117 2870 2309 2926 omnis
2342 2869 2518 2925 Israel
2548 2867 2744 2924 salvus
2773 2869 3172 2940 ﬁet(Rom.xr).
3195 2892 3221 2919 »
3257 2869 3363 2924 Sed
3385 2870 3596 2941 quiain

1947 2959 2204 3015 Ecclesia
2235 2963 2497 3013 manetet
2511 2957 3104 3028 manebit,audiamus
3122 2958 3215 3012 ubi
3230 2957 3595 3015 habitaverit.

2019 3072 2045 3097 ‹‹
2081 3049 2146 3101 Et
2176 3046 2512 3102 admonitus
2544 3047 2600 3100 in
2627 3045 3192 3110 somnis,secessitin
3224 3052 3418 3119 partes
3449 3048 3598 3104 Gali-

1953 3161 1979 3187 ‹‹
2013 3136 2152 3201 lam,
2187 3139 2243 3190 et
2273 3135 2511 3189 veniens
2543 3133 2823 3188 habitavit
2853 3133 2912 3187 in
2943 3133 3174 3190 civitate
3206 3153 3333 3206 quae
3359 3141 3598 3191 vocatur

168 3243 354 3299 genas
387 3223 623 3296 argenti
654 3222 964 3278 drachmas
995 3222 1119 3276 dari
1129 3197 1613 3294 jussit.Cumqu-e
1642 3197 1839 3278 dolore
1871 3197 1913 3266 α
1956 3249 1984 3279 ‹‹
2015 3197 2316 3280 Nar-:areth.
2353 3247 2380 3272 ››
2413 3223 2559 3288 Quia
2582 3223 2738 3278 enim
2770 3223 3049 3277 Nazareth
3087 3224 3186 3291 ﬂos
3219 3197 3339 3278 sive
3383 3226 3597 3296 virgul-

169 3314 406 3389 ingenti
448 3311 912 3385 angustiaretur,
971 3311 1345 3383 Antipatrum
1395 3310 1582 3366 tilium
1644 3329 1840 3380 suum,

167 3421 353 3476 quem
369 3402 550 3475 quasi
563 3401 635 3456 de
648 3415 789 3456 nece
801 3403 1044 3471 paterna
1067 3403 1413 3455 tractantem
1436 3399 1692 3456 vinculis
1710 3399 1837 3456 reli-

161 3497 439 3565 gaverat,
455 3489 642 3562 jussit
663 3489 990 3544 interficere
1017 3506 1082 3545 eo
1108 3489 1264 3561 quod
1279 3488 1481 3544 audita
1507 3489 1634 3559 ejus
1659 3494 1844 3545 morte

161 3583 422 3655 gavisus
453 3580 852 3646 nuntiaretur,
867 3578 897 3633 J
904 3594 998 3633 am
1011 3595 1143 3633 vero
1156 3578 1337 3633 tantis
1353 3577 1524 3633 malis
1541 3578 1839 3646 obsessus,

163 3677 223 3726 et
255 3672 414 3744 quia
443 3686 510 3725 se
529 3668 720 3723 vivere
750 3684 866 3723 non
895 3684 1066 3739 posse
1086 3671 1454 3740 cognoverat,
1487 3672 1732 3723 mortem
1755 3684 1844 3722 ac-

164 3760 438 3816 celerare
468 3756 763 3830 cupiebat.
798 3755 959 3813 Unde
977 3756 1230 3828 quadam
1244 3755 1336 3810 die
1363 3772 1496 3810 cum
1512 3756 1839 3812 resedisset.

161 3850 358 3919 jussit
393 3847 507 3904 sibi
541 3846 666 3902 dari
698 3862 960 3917 pomum,
985 3850 1042 3900 et
1072 3845 1142 3899 ad
1161 3847 1288 3916 ejus
1301 3845 1706 3916 purgationem
1721 3844 1843 3918 gla-

173 3938 371 3992 dium.
404 3937 674 4006 Cumque
703 3951 882 4006 super
910 3934 1211 3989 sinistram
1244 3933 1627 4000 recubuisset,
1661 3934 1842 3989 ictum

177 4024 453 4081 ferientis
485 4024 546 4079 in
579 4023 842 4096 seipsum
871 4022 1126 4094 libravit,
1174 4039 1351 4094 seque
1401 4022 1634 4094 propria
1666 4039 1844 4078 manu

180 4115 502 4186 percussit,
535 4118 715 4184 atque
745 4112 942 4168 statim
973 4111 1152 4167 vitam
1186 4111 1412 4167 ﬁnisset
1464 4110 1578 4165 nisi
1609 4129 1762 4168 unus
1779 4129 1847 4167 ex

185 4203 399 4259 amicis
427 4203 532 4275 qui
564 4201 811 4257 vicinior
833 4201 1083 4271 astabat,
1096 4200 1314 4255 Achiab
1333 4201 1586 4266 nomine,
1604 4217 1844 4255 manum

188 4305 322 4347 cum
357 4291 554 4366 gladio
583 4290 942 4345 retraxisset.
963 4288 1163 4344 Talem
1179 4290 1358 4361 igitur
1374 4289 1627 4344 Herodes
1644 4288 1848 4344 habuit

187 4378 367 4435 ﬁnem
378 4423 392 4447 ,
414 4380 516 4453 qui
531 4381 770 4450 propter
781 4377 1097 4434 Salvatoris
1109 4377 1306 4434 odium
1317 4421 1330 4445 ,
1347 4377 1601 4432 multum
1617 4394 1718 4432 san
1726 4377 1848 4448 gui-

187 4483 324 4523 nem
358 4468 591 4525 fuderat
620 4467 948 4522 innoxium.

1952 3326 2069 3372 tum
2098 3315 2529 3385 interpretatur,
2561 3310 2852 3383 significat
2883 3309 3219 3378 Ecclesiam,
3255 3329 3378 3383 quae.
3413 3317 3469 3368 et
3501 3314 3597 3368 ilo-

1954 3422 2074 3460 rem
2106 3403 2281 3459 habet
2315 3400 2636 3467 munditiae,
2671 3403 2728 3454 et
2745 3399 3061 3472 virgultum
3078 3401 3382 3456 virtutum.
3415 3401 3596 3473 Cujus

1950 3493 2186 3566 virgulti
2237 3488 2738 3564 pulchritudinem
2791 3488 3195 3544 admirabatur
3243 3491 3507 3562 Sponsus
3537 3491 3596 3546 in

1951 3582 2204 3638 Canticis
2255 3580 2637 3645 canticorum,
2690 3578 2913 3633 dicens:
2953 3601 2979 3626 ‹‹
3014 3579 3147 3640 Quae
3195 3583 3283 3634 est
3330 3578 3443 3634 ista
3473 3598 3603 3652 qua:

1953 3670 2216 3726 ascendit
2245 3685 2347 3741 per
2359 3669 2678 3732 desertum,
2695 3665 3082 3738 sicutvirgula
3093 3667 3236 3722 fumi
3252 3685 3319 3722 ex
3330 3668 3601 3724 aromati-

1953 3761 2064 3815 bus
2096 3757 2344 3830 myrrha:
2376 3761 2432 3811 et
2461 3755 2674 3820 thuris,
2709 3758 2765 3807 et
2796 3754 3050 3809 universi
3070 3755 3323 3826 pulveris
3341 3757 3601 3828 pigmen-

1954 3848 2083 3904 tarii
2115 3849 2293 3916 (Cant.
2329 3845 2444 3906 1v)?
2474 3867 2500 3893 »ι
2537 3843 2640 3898 Cui
2671 3843 2883 3897 iterum
2910 3859 3045 3898 voce
3089 3843 3298 3915 Sponsi
3348 3844 3593 3901 dicitur:

1957 3961 1982 3986 ‹‹
2015 3937 2133 4009 Ego
2162 3935 2268 3990 llos
2298 3933 2507 4004 campi,
2544 3935 2601 3987 et
2629 3931 2819 3986 lilium
2851 3930 3200 3986 convallium
3231 3934 3412 4002 (Cant.
3448 3935 3531 4004 ιι).
3571 3958 3596 3982 ››

1952 4028 2022 4082 Et
2052 4025 2189 4097 quia
2219 4021 2475 4078 Ecclesia
2505 4022 2575 4076 de
2606 4018 2908 4092 praesentis
2938 4019 3066 4074 vita:
3097 4038 3293 4076 amore
3325 4023 3394 4077 ad
3428 4022 3596 4079 cccle-

1954 4118 2040 4170 ste
2070 4111 2423 4168 desiderium
2456 4109 2684 4172 transit,
2702 4113 2854 4164 recte
2867 4107 3042 4163 etiam
3059 4108 3337 4164 Nazareth
3353 4109 3598 4166 Galilasae

1955 4202 2192 4269 dicitur,
2226 4217 2352 4271 quae
2385 4200 2797 4266 transmigratio
2826 4197 3260 4268 interpretatur.
3303 4199 3463 4262 Quod
3497 4216 3599 4254 au-

1954 4296 2071 4347 tem
2105 4288 2393 4345 subdidit:
2430 4309 2455 4335 ‹‹
2492 4287 2563 4341 Ut
2594 4284 3013 4355 adimpleretur
3059 4285 3213 4356 quod
3245 4285 3466 4340 dictum
3513 4289 3602 4340 est

1961 4404 1987 4431 ‹‹
2019 4398 2121 4453 per
2152 4377 2486 4451 prophetas,
2549 4374 2825 4444 quoniam
2875 4374 3180 4429 Nazarwus
3222 4373 3541 4431 vocabitur.
3572 4397 3597 4421 ››

1959 4471 2073 4524 Hoc
2104 4463 2531 4527 testimonium,
2566 4466 2630 4514 ut
2660 4461 2934 4528 diximus,
2959 4461 3013 4516 in
3033 4460 3602 4534 Septuagintainter-

262 4579 289 4603 ·.‹
323 4557 449 4618 Quo
481 4556 782 4621 defuncto,
815 4571 946 4610 ecee
975 4554 1219 4626 angelus
1250 4554 1476 4609 Domini
1511 4554 1720 4610 iterum
1746 4571 1846 4627 ap-
1877 4568 1924 4632 D
1959 4556 2221 4632 pretibus
2254 4571 2366 4608 non
2401 4549 2994 4606 liabetur.:\‘onnnulli
3023 4550 3177 4606 enim
3208 4551 3278 4606 de
3295 4551 3456 4607 Isaiae
3475 4569 3603 4624 pro-

191 4666 217 4689 ιε
252 4646 451 4716 paruit
483 4645 542 4699 in
574 4643 802 4700 somnis
821 4643 1034 4715 Joseph
1052 4642 1110 4698 in
1130 4645 1392 4717 J‘Egypto,
1415 4645 1642 4699 dicens:
1661 4644 1844 4717 Surge

196 4752 224 4778 «π
255 4737 310 4785 ct
344 4733 540 4804 accipe
573 4748 824 4804 puerum
855 4734 910 4786 et
941 4735 1186 4787 matrem
1218 4733 1366 4803 ejus,
1399 4737 1456 4786 et
1493 4733 1636 4787 vade
1659 4732 1716 4787 in
1740 4737 1849 4786 ter-

201 4845 220 4865 ιι
259 4838 387 4876 ram
420 4821 618 4877 Israel.
654 4820 922 4876 Defuncti
969 4825 1129 4876 sumt
1159 4820 1315 4876 enim
1363 4820 1463 4892 qui
1513 4822 1851 4891 quaerebant

202 4933 225 4956 ει
260 4910 518 4967 animam
553 4910 743 4982 pueri.
773 4909 883 4974 Qui
909 4926 1290 4981 consurgens,
1335 4909 1559 4981 accepit
1602 4927 1847 4981 puerum

205 5017 229 5040 ιι
255 5005 310 5051 et
342 5003 591 5054 matrem
621 4999 775 5070 ejus,
806 5001 864 5053 et
893 4996 1117 5052 venitin
1131 5002 1349 5052 terram
1369 4997 1566 5054 Israel.
1594 4998 1850 5069 nthuia

205 5098 317 5140 non
347 5087 510 5155 dixit,
562 5087 902 5152 defunctus,
954 5086 1054 5141 sed
1104 5086 1384 5157 defuncti,
1418 5102 1486 5141 ex
1516 5085 1608 5140 his
1659 5085 1850 5158 angeli

209 5175 392 5232 verbis
445 5176 859 5249 intelligimus,
913 5175 1130 5230 multos
1176 5175 1468 5247 principes
1514 5174 1850 5230 Judteorum

217 5276 339 5318 cum
375 5266 593 5322 Herode
623 5264 684 5319 in
736 5281 875 5320 nece
921 5264 1151 5319 Domini
1199 5263 1592 5319 consensisse:
1637 5269 1694 5319 et
1723 5263 1851 5320 ideo

215 5348 397 5409 divina
423 5354 648 5410 ultione
683 5357 881 5409 actum
913 5357 1023 5418 est,
1053 5357 1118 5407 ut
1148 5352 1318 5408 multi
1351 5369 1418 5408 ex
1466 5352 1558 5407 his
1589 5368 1722 5408 cum
1753 5351 1853 5408 illo

211 5441 473 5510 perirent,
503 5460 647 5500 cum
680 5458 798 5514 quo
828 5442 887 5497 in
938 5458 1076 5497 nece
1131 5441 1361 5496 Domini
1415 5447 1851 5497 consenserant.

209 5525 594 5599 Spiritualiter
623 5548 761 5586 vero
793 5531 985 5587 obitus
1008 5531 1269 5598 Herodis,
1299 5529 1614 5585 terminum
1640 5530 1858 5602 signiti-

206 5624 292 5674 cat
324 5621 621 5681 invidiosae
657 5619 1046 5679 contentionis
1079 5638 1196 5692 qua
1228 5637 1380 5676 nunc
1429 5620 1627 5675 Judaaa
1657 5624 1860 5676 contra

1956 4649 2139 4719 phetze
2172 4643 2317 4697 libro
2350 4644 2652 4712 sumptum
2685 4656 2810 4694 esse
2839 4638 3061 4704 volunt,
3081 4640 3476 4712 ubiscriptum
3492 4645 3598 4696 est:

1961 4760 1984 4785 (ι
2022 4734 2183 4790 Exiet
2211 4732 2373 4802 virga
2403 4732 2472 4785 dc
2502 4729 2694 4784 radice
2723 4728 2904 4793 Jesse,
2939 4732 2993 4783 st
3026 4729 3130 4784 tlos
3160 4730 3229 4784 de
3261 4730 3452 4784 radice
3476 4730 3604 4800 ejus

1957 4821 2230 4880 ascendet
2259 4823 2393 4887 (1.5a.
2445 4817 2540 4876 x1).
2583 4840 2607 4863 η
2639 4817 2754 4871 Nos
2803 4821 2996 4871 autem
3049 4815 3320 4883 dicimus,
3379 4817 3516 4888 quia
3554 4817 3602 4872 si

1958 4913 2138 4966 fixum
2171 4909 2240 4962 de
2271 4906 2589 4978 Scripturis
2619 4904 2914 4976 posuisset
2944 4904 3311 4977 Evangelista
3342 4903 3601 4961 testimo-

1961 5000 2148 5064 nium,
2181 5013 2298 5051 non
2331 4995 2548 5050 diceret
2570 4993 2902 5066 prophetas,
2955 4993 3055 5047 sed
3090 5009 3191 5064 per
3236 4992 3602 5065 prophetam.

1959 5089 2174 5143 Omnes
2200 5084 2355 5140 enim
2387 5082 2681 5155 prophetae
2714 5079 3022 5136 Dominum
3040 5082 3603 5147 Nazareumvocant,

1960 5178 2099 5250 quia
2130 5178 2398 5230 sanctum
2431 5188 2564 5227 eum
2595 5170 2930 5242 praedicant.
2965 5175 3095 5244 Ipse
3125 5171 3385 5227 estenim
3404 5171 3474 5225 de
3493 5187 3606 5242 quo

1963 5283 2064 5338 pcr
2094 5261 2390 5319 Danielem
2425 5259 2636 5313 dicitur
2669 5260 2826 5326 (Dan.
2860 5260 2966 5326 Ix):
3003 5282 3028 5307 ‹‹
3057 5261 3198 5314 Cum
3229 5257 3448 5314 venerit
3469 5259 3608 5312 San-

1965 5358 2091 5409 ctus
2125 5355 2482 5412 sanctorum,
2517 5346 2769 5401 cessabit
2798 5347 3015 5403 unctio.
3056 5371 3081 5395 ››
3118 5347 3405 5402 EtDavid:
3447 5347 3608 5402 «Non

1966 5441 2132 5497 dabis
2165 5440 2442 5494 Sanctum
2457 5438 2624 5491 tuum
2640 5434 2828 5492 videre
2842 5435 3568 5509 corruptionem(Psal.xv).
3583 5458 3608 5484 ››

1968 5533 2034 5584 Et
2065 5529 2302 5590 iterum;
2339 5547 2365 5572 ‹‹
2402 5523 2620 5580 Scitote
2653 5524 2929 5594 quoniam
2964 5525 3295 5582 mirificavit
3324 5525 3610 5579 Dominus

1970 5619 2248 5675 Sanctum
2273 5631 2446 5671 suum
2483 5615 2654 5680 (Psal.
2689 5617 2784 5682 IV).
2825 5637 2848 5660 ››
