4070 6190
318 306 439 400 ,8ζ1
925 308 1330 373 HAYMONIS
1374 307 1913 370 HALBERSTAT.
1958 302 2200 365 EPISC.
2249 306 2419 366 OPP.
2464 306 2669 368 PARS
2716 305 2791 368 ll.
2827 341 2904 351 —
2934 303 3205 368 HOMIL.
3693 301 3773 364 84

946 444 1253 501 HGMILIA
1288 442 1433 499 XIII.

483 576 761 616 DOMINICA
800 576 971 615 INFRA
1011 576 1269 616 OCTAVAM
1308 574 1652 615 NATIVITATIS
1689 574 1895 613 DOMINI

440 714 602 787 (Luc.
637 716 718 782 ιι.)
752 735 780 763 ‹‹
815 713 877 768 In
909 712 1008 768 illo
1039 717 1322 786 tempore,
1354 711 1746 783 erantJoseph
1766 711 2018 766 etMaria

370 826 398 854 «
431 808 621 859 mater
647 803 787 859 Jesu
816 802 1102 859 mirantes
1133 819 1310 875 super
1326 801 1417 857 his
1449 800 2018 873 quaedicebanturde

362 915 391 943 «
425 892 582 964 illo,»
597 897 652 948 et
681 891 927 964 reliqua.
945 891 1001 948 Si
1020 891 1321 964 superiora
1333 891 1410 945 hu
1409 891 1513 962 jus
1525 889 1815 963 Evangelii
1833 891 2019 945 consi-

364 960 657 1049 deremus,
688 980 1054 1036 inveniemus
1088 998 1200 1036 non
1216 980 1531 1036 sinecausa
1544 997 1649 1035 nec
1668 980 1886 1037 frustra
1904 982 2020 1037 Ma-

368 1072 516 1127 riam
548 1074 606 1127 et
633 1071 848 1143 Joseph
874 1071 1116 1126 miratos
1134 1087 1308 1141 super
1328 1070 1423 1125 bis
1447 1087 1573 1142 quae
1592 1071 1660 1125 de
1682 1087 1862 1142 puero
1879 1072 2019 1128 Jesu

370 1160 716 1216 dicebantur
731 1177 743 1227 ;
760 1158 1091 1214 recolebant
1108 1158 1262 1213 enim
1278 1160 1431 1231 quod
1449 1159 1505 1214 iu
1521 1160 1570 1230 ej
1583 1177 1649 1214 us
1674 1160 1975 1215 nativitate
1989 1178 2021 1216 a

370 1248 705 1323 pastoribus
717 1247 1019 1303 audierant
1033 1247 1269 1319 angelos
1283 1248 1645 1320 apparuisse,
1661 1252 1718 1303 et
1738 1250 1910 1322 gaudi
1923 1268 2019 1305 um

374 1337 535 1394 omni
566 1336 782 1408 populo
813 1335 1138 1403 nuntiasse,
1168 1340 1342 1409 atque
1372 1334 1655 1409 virginem
1689 1338 2025 1411 concepisse

370 1431 425 1483 et
438 1424 751 1498 peperisse.
768 1423 1263 1481 Recolebanteum
1276 1442 1309 1479 a
1323 1426 1510 1497 magis
1523 1442 1635 1481 non
1652 1425 1842 1482 solum
1884 1429 2023 1483 ado-

374 1520 592 1581 ratum,
626 1514 728 1569 sed
760 1513 935 1570 etiam
968 1515 1123 1586 quod
1156 1513 1402 1586 mystica
1424 1515 2025 1572 muneraeioblatavi-

372 1606 601 1661 derant.
635 1601 990 1659 Recolebant
1039 1604 1333 1674 quomodo
1364 1620 1399 1658 a
1427 1603 1699 1659 Simeone
1729 1603 1786 1659 in
1831 1605 2020 1661 mani-

369 1695 481 1750 bus
511 1696 814 1765 acceptum
845 1696 902 1747 et
932 1692 1301 1747 benedictum
1324 1691 1607 1761 viderant,
1627 1693 1803 1748 etiam
1834 1698 1890 1749 et
1908 1696 2023 1749 An-

2043 437 2099 503 Α
2126 435 2263 504 illis,
2299 460 2325 487 »
2354 456 2468 494 non
2500 440 2572 495 ad
2603 439 2947 497 Christuma
2967 457 3084 513 quo
3098 437 3774 515 omnisbenedictiopro-

2125 525 2297 594 cedit,
2331 531 2476 583 teste
2506 528 2779 600 Apostolo
2818 530 2920 602 qui
2960 528 3128 584 dicit:
3165 552 3192 578 «
3225 529 3573 587 Benedictus
3619 532 3776 589 Deus

2126 622 2184 673 et
2212 621 2383 673 Pater
2439 617 2669 673 Domini
2722 619 2907 675 nostri
2964 618 3103 674 Jesu
3161 619 3397 685 Christi,
3444 620 3545 692 qui
3595 621 3776 678 bene-

2127 705 2273 761 dixit
2302 724 2407 762 nos
2440 706 2498 762 in
2529 707 2689 762 omni
2721 707 3123 763 benedictione
3167 709 3460 780 spirituali
3510 710 3571 765 in
3603 711 3778 768 coale-

2129 795 2319 851 stibus
2349 796 2407 851 in
2466 796 2695 852 Christo
2742 797 2950 869 (Ephes.
3003 801 3066 866 ι),
3102 820 3130 848 ››
3175 798 3275 854 sed
3324 800 3395 854 ad
3438 800 3680 856 Mariam
3721 806 3781 858 et

2127 884 2345 956 Jeseph
2370 885 2636 953 refertur,
2672 891 2738 941 ut
2767 886 3040 941 diximus.
3094 886 3380 943 Intellexit
3409 888 3565 945 enim
3615 889 3777 946 illam

2129 975 2289 1029 omni
2326 975 2727 1030 benedictione
2757 992 2885 1031 esse
2939 975 3371 1049 dignissimam,
3422 995 3550 1050 quae
3578 977 3775 1046 illum,

2131 1064 2231 1135 qui
2291 1068 2379 1119 est
2434 1081 2613 1136 super
2680 1064 2877 1119 omnia
2937 1066 3083 1120 Deus
3151 1066 3488 1121 benedictus
3549 1067 3608 1123 in
3669 1086 3776 1124 saa-

2130 1152 2281 1217 cula,
2314 1170 2383 1208 ex
2413 1172 2474 1209 se
2505 1153 2720 1209 meruit
2758 1170 3056 1226 generare.
3108 1154 3271 1210 Unde
3317 1155 3564 1229 angelus
3595 1158 3669 1213 ait
3704 1160 3778 1214 ad

2130 1258 2288 1297 eam:
2328 1266 2354 1292 ‹‹
2389 1243 2701 1299 Benedicta
2726 1248 2791 1298 tu
2824 1242 2881 1297 in
2921 1242 3287 1310 mulieribus,
3333 1249 3392 1300 et
3436 1246 3779 1304 benedictus

2130 1332 2386 1387 fructrus
2414 1332 2633 1388 ventris
2662 1332 2744 1387 tui
2780 1334 2927 1405 (Luc.
2957 1337 3019 1400 ι).
3057 1358 3077 1384 s
3114 1332 3521 1390 EtElizabeth:
3558 1337 3784 1394 «Beata

2131 1437 2193 1476 es
2224 1437 2351 1492 qua:
2409 1421 2708 1477 credidisti
2768 1423 2974 1494 (ΗΜΛ).
3011 1443 3037 1471 ››
3070 1423 3141 1477 Et
3188 1422 3317 1495 ipsa
3364 1423 3535 1498 virgo
3583 1425 3655 1482 de
3685 1442 3778 1481 se:

2134 1531 2161 1559 «
2196 1511 2277 1565 Ex
2305 1509 2414 1566 hoc
2473 1511 2703 1566 beatam
2735 1528 2828 1566 me
2884 1511 3077 1567 dicent
3124 1516 3335 1568 omnes
3374 1515 3784 1585 generationes

2134 1599 2339 1672 (Ibid.).
2374 1622 2401 1650 »
2435 1600 2633 1671 Neque
2663 1601 2734 1656 ab
2767 1600 2874 1657 hac
2906 1599 3307 1657 benedictione
3336 1601 3551 1675 Joseph
3592 1592 3782 1659 eXtra-

2134 1705 2310 1744 neum
2340 1692 2584 1761 putav't,
2620 1691 2720 1761 qui
2751 1706 2854 1761 pro
2873 1690 3496 1762 magnasanctitate,et
3528 1710 3784 1765 sponsus

369 1799 506 1838 nam
537 1781 775 1836 viduam
808 1781 877 1837 de
906 1796 972 1835 eo
1002 1780 1404 1852 prophetasse,
1439 1784 1494 1835 et
1525 1798 1704 1853 super
1727 1781 1821 1839 his
1853 1782 2024 1839 ethu-
2058 1813 2103 1876 Β
2135 1778 2329 1834 Mariae
2358 1779 2572 1848 vocari,
2603 1783 2660 1834 et
2690 1779 2859 1834 Pater
2886 1778 3202 1836 Salvatoris
3233 1781 3449 1836 meruit
3478 1781 3782 1855 appellari,

362 1870 628 1944 jusmodi
660 1869 1051 1925 mirabantur.
1088 1867 1194 1932 Qui
1228 1869 1384 1924 enim
1401 1869 1689 1925 mirabilis
1714 1870 1875 1925 estin
1891 1889 2025 1928 san-

372 1960 483 2016 etis
514 1958 657 2026 sais,
686 1957 980 2013 scilicetin
1010 1956 1323 2013 virtutibus
1338 1960 2029 2027 sanctorum,mirabilior

372 2066 650 2123 apparere
679 2047 865 2103 voluit
893 2047 949 2102 in
979 2047 1124 2120 ipsis
1157 2048 1410 2103 exordiis
1458 2047 1605 2114 suis,
1641 2048 1760 2105 sive
1812 2049 1867 2105 in
1901 2051 2026 2106 suis

371 2138 709 2205 virtutibus,
740 2137 893 2194 sicut
922 2136 1076 2192 idem
1096 2136 1615 2209 Evangelistaalibi
1629 2138 1735 2193 ait:
1772 2161 1799 2189 «
1822 2140 2027 2212 Stupe-

373 2226 517 2281 bant
540 2229 735 2282 autem
768 2241 975 2281 omnes
1004 2229 1061 2280 et
1090 2225 1460 2281 mirabantur
1490 2242 1669 2298 super
1715 2228 2027 2299 prudentia

375 2318 432 2372 et
461 2313 760 2387 responsis
790 2315 939 2386 ejus,
970 2313 1298 2371 etvidentes
1311 2314 1582 2370 admirati
1602 2321 1741 2371 sunt
1766 2317 2023 2386 (Luc.1):»

376 2408 442 2459 ut
473 2403 695 2460 scilicet
745 2407 948 2468 Deum,
984 2402 1084 2475 qui
1115 2403 1174 2457 in
1205 2403 1441 2459 homine
1470 2403 1704 2471 latebat,
1731 2422 1835 2477 per
1871 2411 2024 2461 exte-

374 2492 529 2548 riora
554 2492 723 2564 signa
750 2492 1197 2547 demonstraret.
1232 2492 1345 2548 Sed
1378 2493 1522 2548 forte
1541 2498 1730 2549 movet
1745 2493 2022 2567 aliquem,

376 2597 556 2653 quare
585 2579 953 2654 Evangelista
967 2584 1189 2652 patrem
1205 2579 1519 2637 Salvatoris
1534 2581 1750 2655 Joseph
1774 2583 2028 2656 appella-

370 2670 535 2724 verit.
564 2669 651 2724 Ad
683 2669 838 2740 quod
870 2669 1366 2740 respondendum,
1414 2669 1552 2742 quia
1599 2688 1713 2726 non
1755 2676 1847 2727 est
1879 2671 2023 2727 obli-

372 2762 491 2824 tus,
516 2758 669 2831 quod
689 2756 961 2830 superius
975 2774 1109 2813 eum
1122 2758 1192 2813 de
1205 2756 1421 2829 Spiritu
1439 2762 1639 2814 sancto
1654 2764 1997 2832 conceptum
2010 2805 2023 2828 ,

368 2864 438 2903 ex
467 2848 652 2903 Maria
679 2846 903 2918 virgine
924 2850 1129 2900 natum
1146 2846 1554 2918 descripserat,
1573 2847 1802 2904 dicens:
1832 2850 2023 2921 «quod

371 2937 527 2992 enim
558 2953 627 2990 ex
660 2939 710 2991 te
741 2938 1016 2990 nascetur
1047 2937 1343 3000 sanctum,
1376 2935 1679 2991 vocabitur
1710 2935 1891 2994 Filius
1926 2938 2024 2995 Dei

374 3024 523 3098 (Luc.
558 3024 617 3096 ι),
653 3048 680 3074 ››
713 3023 814 3079 sed
849 3021 1097 3079 aliorum
1131 3023 1464 3095 opinionem
1498 3029 1733 3082 secutus
1764 3031 1871 3082 est.
1913 3029 2022 3083 Ex-

374 3118 538 3186 cepto
570 3112 727 3169 enim
761 3112 942 3167 Maria
970 3115 1026 3167 et
1073 3111 1313 3184 Joseph,
1342 3117 1399 3167 et
1448 3113 1763 3181 Elizabeth,
1814 3116 1901 3171 vel
1933 3117 2021 3173 Si-

376 3182 602 3270 meone,
662 3206 720 3257 et
779 3201 982 3274 paucis
1039 3200 1171 3257 aliis
1215 3182 1444 3273 quibus
1493 3204 1838 3275 mysterium
1897 3182 2099 3278 ejusC

376 3290 797 3349 incarnationis
872 3289 1127 3363 Spiritus
1200 3295 1442 3346 sanctus
1508 3290 1877 3361 revelaverat,
1953 3295 2024 3350 ab

378 3382 656 3436 omnibus
685 3379 901 3451 Joseph
952 3378 1109 3434 ﬁlius
1138 3381 1279 3434 tunc
1324 3380 1666 3450 putabatur:
1721 3398 1836 3437 non
1869 3384 2024 3455 quod

376 3484 509 3523 vere
523 3468 694 3539 juxta
724 3465 1102 3522 Photinianos
1130 3466 1258 3537 ejus
1289 3470 1451 3538 pater
1495 3467 1687 3534 fuerit,
1722 3470 1823 3525 sed
1869 3472 2024 3541 quod

379 3556 451 3611 ad
483 3557 701 3610 famam
733 3553 929 3609 Maria:
960 3555 1440 3623 conservandam,
1488 3556 1559 3611 ab
1592 3557 1867 3613 omnibus
1897 3559 2027 3630 ejus

377 3649 542 3717 pater
571 3643 649 3700 sit
677 3642 1020 3709 aestimatus,
1055 3658 1127 3697 ne
1157 3641 1517 3715 lapidaretur
1545 3662 1579 3699 a
1606 3644 1825 3702 Judaais
1857 3648 2025 3721 quasi

378 3732 661 3801 adultera,
697 3732 746 3786 si
775 3730 964 3787 virum
997 3748 1113 3787 non
1145 3731 1475 3798 haberet,et
1500 3732 1686 3789 filium
1700 3737 2021 3807 genuisset.

373 3822 452 3877 Eo
483 3819 640 3878 enim
673 3820 844 3875 modo
875 3820 1003 3891 ejus
1034 3822 1198 3892 pater
1226 3820 1554 3893 appellatus
1581 3828 1688 3890 est,
1723 3840 1856 3879 cum
1888 3842 2030 3882 eum

375 3926 491 3964 non
520 3908 806 3982 genuerit,
840 3925 957 3981 quo
988 3912 1045 3964 et
1073 3908 1160 3963 vir
1190 3909 1384 3964 Mariae
1397 3909 1588 3965 dictus
1610 3915 1716 3979 est,
1741 3929 1875 3968 cum
1894 3930 2023 3969 eam

376 4014 493 4053 non
522 3996 881 4069 cognoverit:
916 3997 1014 4052 ubi
1042 4002 1098 4053 et
1127 3997 1235 4054 hoc
1248 3998 1437 4053 dicere
1454 4015 1791 4071 possumus,
1818 4001 1955 4075 quia
1971 4007 2028 4058 et

374 4086 562 4142 multo
592 4086 927 4158 expressius
941 4090 994 4142 et
1011 4085 1336 4142 consultius
1359 4087 1487 4158 ejus
1502 4093 1666 4160 pater
1687 4089 1798 4145 dici
1812 4091 2022 4163 potuit,

375 4192 549 4248 quem
580 4192 649 4231 ex
678 4191 787 4231 sua
817 4191 1034 4247 sponsa
1062 4175 1286 4248 virgine
1318 4181 1553 4232 noverat
1583 4183 1812 4247 natum,
1845 4197 2023 4252 quam

372 4263 420 4321 si
453 4268 607 4320 esset
636 4262 871 4319 aliunde
902 4263 1232 4335 adoptatus.
1257 4263 1403 4319 Cum
1434 4265 1589 4319 enim
1603 4266 1847 4338 publica:
1868 4268 2025 4342 leges

372 4353 735 4426 permittant,
755 4355 820 4407 ut
844 4357 1153 4408 extraneos
1172 4351 1328 4409 ﬁlius
1342 4353 1399 4408 in
1415 4354 1782 4427 adoptionem
1798 4374 2028 4414 assum-

370 4448 530 4515 ptus,
558 4441 757 4499 omnia
795 4458 921 4513 quae
954 4440 1211 4497 simulati
1245 4441 1429 4515 patris
1449 4444 1702 4509 sunt,ita
1722 4445 2026 4502 sibivindi-

2138 1872 2201 1923 ut
2231 1872 2286 1923 et
2332 1884 2533 1923 curam
2593 1868 2892 1924 exhiberet
2942 1869 3207 1942 virginis,
3261 1874 3318 1925 et
3346 1870 3579 1943 bajulus
3626 1876 3785 1929 esset

2134 1956 2396 2013 infantis.
2433 1958 2566 2013 Post
2595 1957 2715 2013 haec
2746 1957 3054 2030 prophetat
3084 1958 3142 2013 in
3176 1957 3409 2014 ruinam
3440 1964 3495 2015 et
3524 1977 3782 2017 resurre-

2135 2047 2386 2101 ctionem
2418 2044 2739 2101 multorum
2770 2047 2999 2102 venisse
3038 2047 3353 2103 Dominum
3397 2048 3778 2118 Salvatorem,

2136 2139 2201 2191 ut
2232 2135 2631 2206 intelligamus
2663 2134 2801 2207 quia
2827 2136 3039 2191 Christi
3070 2135 3364 2203 nativitas,
3398 2155 3510 2194 non
3542 2139 3785 2194 creden-

2134 2225 2297 2282 tibus
2329 2225 2520 2291 ruina,
2571 2228 2628 2280 et
2659 2225 3032 2281 credentibus
3075 2226 3420 2281 resurrectio
3471 2225 3622 2283 facta
3669 2233 3782 2284 est.

2133 2315 2296 2378 Quod
2327 2331 2456 2370 vero
2487 2314 2585 2381 ait,
2620 2338 2646 2364 «
2684 2313 2911 2369 Positus
2942 2317 3030 2369 est
3058 2313 3154 2369 hic
3185 2314 3241 2369 in
3262 2314 3491 2371 ruinam
3508 2320 3567 2372 et
3587 2333 3787 2372 resur-

2134 2403 2451 2459 rectionem
2486 2403 2826 2469 multorum,
2863 2426 2890 2451 ››
2921 2403 3130 2474 spiritu
3162 2403 3477 2476 prephetia:
3499 2404 3789 2461 intellexit

2136 2490 2450 2546 nonnullos
2482 2508 2549 2546 ex
2578 2490 2796 2546 Judais
2828 2492 3173 2557 credituros,
3208 2492 3429 2549 multcs
3475 2498 3671 2549 autem
3724 2495 3785 2549 in

2134 2580 2541 2636 incredulitate
2570 2597 3008 2652 permansuros,
3034 2581 3206 2651 juxta
3226 2580 3371 2637 illud
3388 2583 3546 2654 quod
3565 2583 3689 2655 ipse
3703 2583 3788 2639 ait

2133 2671 2193 2725 in
2224 2670 2564 2742 Evangelio:
2600 2692 2628 2720 ‹‹
2662 2670 2724 2724 In
2749 2670 3045 2740 judicium
3076 2670 3231 2726 enim
3265 2687 3368 2743 ego
3399 2671 3457 2726 in
3493 2673 3785 2729 mundum

2133 2760 2289 2816 hunc
2319 2760 2467 2828 veni,
2504 2764 2567 2814 ut
2599 2758 2699 2831 qui
2724 2776 2839 2815 non
2869 2759 3069 2815 vident
3090 2760 3430 2829 videant;et
3450 2761 3783 2834 quivident,

2132 2849 2265 2905 caci
2293 2848 2437 2904 ﬁant
2468 2850 2643 2910 (Joan.
2678 2852 2776 2917 ιχ).
2814 2872 2840 2899 ››
2874 2848 3037 2904 Unde
3067 2849 3312 2905 etiamet
3323 2850 3785 2923 perprophetam

2130 2938 2279 3011 lapis
2312 2938 2672 3004 offensionis,
2705 2942 2762 2992 et
2792 2941 2956 3010 petra
3004 2937 3264 2994 scandali
3314 2938 3664 3011 appellatur,
3725 2941 3786 2996 in

2133 3045 2248 3101 quo
2279 3027 2377 3100 qui
2412 3044 2527 3082 non
2558 3026 2890 3095 crediderit,
2943 3027 3113 3082 cadet
3160 3044 3339 3098 super
3386 3044 3571 3083 eumzo
3607 3046 3789 3101 super

2132 3133 2308 3190 quem
2342 3133 2472 3172 vero
2504 3115 2797 3181 ceciderit,
2831 3118 3089 3171 conteret
3116 3132 3272 3171 eum.
3307 3116 3455 3182 Quia
3485 3115 3567 3171 illi
3591 3118 3692 3189 qui
3725 3117 3786 3172 in

2134 3206 2373 3262 homine
2400 3222 2572 3276 quem
2589 3204 2913 3276 assumpsit
2928 3204 3308 3260 scandalizati
3326 3209 3484 3275 sunt,
3520 3205 3579 3261 in
3597 3206 3784 3263 Deum

2136 3295 2521 3350 oll'enderunt.
2557 3295 2620 3349 In
2654 3293 2884 3349 ruinam
2916 3293 3075 3349 enim
3103 3292 3260 3349 venit
3278 3292 3418 3360 illis,
3439 3294 3657 3367 quibus
3678 3296 3789 3351 Do-

2135 3383 2331 3439 minus
2363 3382 2445 3438 ait
2466 3382 2523 3437 in
2551 3381 2893 3454 Evangelio:
2928 3405 2954 3432 ‹‹
2974 3382 3033 3438 Si
3053 3399 3164 3438 non
3179 3381 3788 3440 venissemetlocutus

2134 3473 2219 3529 eis
2253 3472 2514 3539 fuissem,
2549 3475 2851 3544 peccatum
2885 3488 3000 3527 non
3028 3471 3330 3527 haberent.
3371 3477 3539 3528 Nunc
3587 3476 3787 3529 autem

2134 3561 2569 3619 excusationem
2629 3578 2743 3616 non
2802 3560 3022 3616 habent
3078 3561 3148 3616 de
3178 3565 3413 3633 peccato
3471 3579 3597 3630 suo,
3643 3563 3791 3634 quia

2132 3650 2406 3707 viderunt
2435 3667 2551 3715 me,
2583 3654 2639 3705 et
2668 3650 2799 3705 odio
2851 3649 3184 3705 habuerunt
3229 3666 3321 3705 me
3369 3650 3553 3724 gratis
3599 3652 3783 3720 (Joan.

2133 3736 2251 3803 xv).
2287 3754 2314 3781 ››
2340 3732 2411 3786 Et
2438 3729 2606 3786 alibi:
2642 3753 2668 3779 «
2703 3729 2807 3795 Qui
2843 3746 2957 3785 non
2989 3729 3191 3797 credit,
3218 3730 3344 3801 jam
3369 3731 3673 3802 judicatus
3694 3736 3789 3787 est

2133 3823 2311 3889 (Joan.
2346 3824 2449 3885 In).
2486 3842 2514 3869 ››
2545 3824 2611 3873 In
2641 3817 3126 3875 resurrectionem
3153 3823 3349 3874 autem
3372 3817 3490 3875 illis
3515 3820 3686 3885 venit,
3711 3820 3788 3875 de

2134 3910 2348 3984 quibus
2373 3910 2499 3982 ipse
2528 3908 2696 3964 dicit:
2733 3931 2760 3958 «
2794 3907 2963 3963 Venit
2985 3907 3149 3974 hora,
3171 3911 3395 3964 etnunc
3425 3909 3786 3980 est,quando

2135 3999 2353 4056 mortui
2385 3997 2627 4055 audient
2655 4014 2851 4052 vocem
2886 3996 3013 4051 Filii
3045 3996 3168 4064 Dei,
3202 4000 3258 4052 et
3274 4003 3579 4070 resurgent
3601 3998 3782 4069 (Joan.

2132 4093 2209 4159 v).
2243 4112 2270 4138 »
2296 4089 2359 4144 In
2392 4088 2624 4143 ruiuam
2654 4087 2809 4142 venit
2839 4085 2977 4152 illis,
3012 4085 3230 4157 quibus
3262 4085 3388 4158 ipse
3421 4086 3587 4142 dicit:
3608 4108 3637 4135 ‹‹
3664 4088 3785 4159 Ego

2133 4164 2263 4236 veni
2296 4178 2354 4232 in
2388 4177 2622 4232 nomine
2654 4175 2840 4230 Patris
2874 4174 3007 4243 mei,
3048 4179 3105 4229 et
3153 4192 3269 4230 non
3315 4174 3657 4247 suscepistis
3687 4191 3784 4231 me

2137 4268 2343 4338 (Ibid.).
2378 4290 2405 4317 »
2440 4266 2504 4321 In
2552 4263 3035 4321 resurrectionem
3086 4262 3222 4331 illis,
3256 4264 3326 4319 de
3370 4251 3588 4336 quibus
3638 4263 3782 4321 alibi

2134 4358 2303 4414 dicit:
2339 4380 2365 4408 ‹‹
2391 4357 2505 4429 Ego
2538 4371 2669 4409 sum
2701 4353 3046 4408 resurrectio
3076 4356 3134 4408 et
3163 4352 3313 4420 vita;
3356 4352 3455 4424 qui
3506 4352 3691 4408 credit
3720 4352 3779 4408 in

2135 4465 2249 4512 me,
2285 4446 2460 4500 etiam
2493 4442 2541 4499 si
2573 4446 2841 4497 mortuus
2868 4442 3060 4509 fuerit,
3080 4440 3248 4497 vivet.
3274 4442 3343 4496 Et
3359 4441 3551 4497 omnis
3581 4442 3680 4514 qui
3702 4442 3759 4497 vi

369 4547 525 4597 care,
556 4529 726 4600 quasi
756 4531 1027 4602 proprius
1061 4529 1214 4585 filius
1245 4531 1450 4602 possit,
1485 4532 1858 4590 multoetiam
1888 4535 2022 4591 vici-
2050 4549 2097 4613 Ι)
2127 4537 2208 4594 vit
2237 4539 2301 4592 et
2324 4532 2505 4589 credit
2530 4531 2588 4586 in
2623 4548 2734 4598 me,
2769 4548 2883 4585 non
2900 4530 3254 4585 morieturin
3286 4535 3567 4586 aeternum
3600 4532 3778 4601 (Joan.

370 4619 507 4675 nius
532 4618 690 4673 filius
718 4617 934 4690 Joseph
966 4617 1081 4674 dici
1134 4618 1342 4691 potuit,
1375 4620 1477 4690 qui
1519 4620 1589 4675 de
1641 4638 1750 4677 sua
1798 4640 2015 4695 sponsa

368 4706 595 4781 virgine
625 4707 813 4762 fuerat
842 4711 1036 4765 natus.
1084 4708 1230 4764 Nam
1263 4712 1321 4763 et
1365 4708 1638 4765 nutritios
1677 4714 1734 4766 et
1762 4711 2014 4783 bajulos,

367 4799 562 4869 patres
593 4794 1004 4853 consuevimus
1038 4796 1351 4870 appellare,
1383 4814 1499 4853 non
1532 4799 1685 4870 quod
1707 4801 2019 4858 carnaliter

369 4885 537 4939 nobis
568 4890 765 4957 patres
795 4883 931 4955 sint,
964 4886 1064 4942 sed
1097 4886 1251 4959 quod
1284 4885 1594 4942 nutriendo
1625 4891 1934 4959 paternum
1965 4889 2023 4944 in

369 4988 478 5027 nos
507 4975 822 5029 ostendant
852 4975 1146 5030 affectum.

443 5082 471 5110 ‹‹
503 5061 573 5115 Et
600 5060 897 5116 benedixit
928 5061 1044 5117 illis
1073 5062 1328 5119 Simeon.
1364 5066 1421 5118 et
1449 5063 1531 5118 ait
1551 5063 1621 5118 ad
1640 5063 1883 5119 Mariam
1903 5082 2023 5121 ma-

368 5172 396 5199 ‹‹
428 5152 577 5205 trem
600 5149 757 5220 ejus:
793 5149 936 5204 Ecce
967 5148 1191 5221 positus
1223 5157 1311 5207 est
1328 5151 1423 5207 hic
1445 5152 1503 5207 in
1521 5152 1750 5207 ruinam
1765 5156 1821 5208 et
1835 5171 2025 5211 resur‘

369 5260 396 5287 ‹‹
429 5236 746 5293 rectionem
783 5236 1125 5293 multorum.
1154 5261 1181 5289 ››
1214 5240 1449 5296 Simeon
1467 5240 1777 5313 senex,qui
1808 5241 2020 5299 huma-

366 5324 608 5380 nitatem
640 5324 871 5381 Domini
900 5325 960 5380 in
995 5327 1214 5382 mundo
1236 5333 1683 5401 exspectaverat,
1705 5322 2016 5404 postquam

367 5431 496 5470 eum
533 5414 695 5483 vidit,
729 5419 1039 5487 postquam
1075 5416 1348 5471 manibus
1377 5418 1646 5488 portavit,
1700 5424 2012 5493 postquam

366 5502 678 5569 benedixit,
711 5504 886 5560 etiam
919 5503 1163 5560 Mariam
1200 5508 1255 5560 et
1285 5504 1502 5577 Joseph
1552 5507 1860 5564 benedicit.
1907 5509 2012 5566 Ubi

364 5591 812 5666 intelligendum
845 5597 951 5660 est,
980 5592 1119 5665 quia
1148 5593 1207 5648 in
1240 5610 1305 5650 eo
1337 5595 1489 5665 quod
1523 5595 1622 5662 ait,
1659 5621 1685 5648 α
1717 5598 2013 5655 benedixit

2121 4627 2218 4699 xu).
2256 4648 2283 4675 »
2316 4624 2383 4679 Et
2411 4622 2651 4677 iterum:
2688 4643 2716 4669 «
2748 4619 2952 4675 Omnis
2979 4618 3351 4692 quicreditin
3366 4619 3573 4675 Filium
3596 4618 3785 4674 homi-

2128 4717 2238 4782 nis,
2273 4713 2449 4769 habet
2476 4709 2653 4765 vitam
2684 4711 2862 4780 (Joan.
2896 4708 2979 4782 ιιι)
2998 4730 3026 4759 ››
3059 4712 3116 4763 et
3132 4708 3779 4765 resurrectionem.Non

2136 4804 2328 4861 solum
2360 4806 2553 4857 autem
2586 4798 2713 4872 ipse
2742 4798 3032 4866 Christus,
3085 4797 3187 4853 sed
3220 4797 3396 4853 etiam
3427 4801 3485 4854 et
3532 4797 3779 4870 apostoli

2133 4890 2263 4946 aliis
2292 4890 2352 4944 in
2383 4886 2638 4953 ruinam,
2669 4890 2726 4941 et
2754 4885 2884 4941 aliis
2913 4884 2970 4940 in
3006 4884 3489 4941 resurrectionem
3521 4886 3777 4940 fuerunt.

2133 4980 2253 5037 Illis
2282 4978 2342 5034 in
2373 4977 2605 5033 ruinam
2636 4975 2892 5041 fuerunt,
2928 4974 3146 5046 quibus
3192 4973 3492 5042 dixerunt;
3528 4996 3556 5023 «
3596 4973 3778 5031 Vobis

2132 5068 2369 5141 quidem
2402 5064 2658 5139 oportuit
2677 5064 2933 5135 primum
2948 5062 3106 5136 loqui
3121 5064 3360 5120 verbum
3375 5063 3496 5131 Dei,
3516 5064 3617 5119 sed
3637 5064 3779 5136 quia

2132 5154 2413 5229 repellitis
2442 5149 2967 5223 illud,etindignos
2989 5167 3090 5206 vos
3111 5150 3773 5223 judicatisaaternavita,

2129 5261 2261 5300 ecce
2290 5241 2683 5300 convertimur
2712 5239 2781 5295 ad
2815 5243 3016 5312 gentes
3046 5244 3193 5309 (let.
3223 5240 3364 5313 xm),
3400 5264 3428 5289 ››
3466 5243 3526 5295 In
3576 5257 3776 5296 resur-

2128 5333 2443 5389 rectionem
2475 5329 2613 5395 illis,
2650 5327 2748 5399 qui
2782 5326 2983 5383 audire
3013 5332 3311 5384 merentur
3340 5328 3412 5383 ab
3461 5328 3769 5400 Apostolo:

2128 5444 2154 5470 ‹‹
2187 5421 2246 5476 Si
2281 5416 2733 5476 consurrexistis
2765 5433 2897 5471 cum
2932 5416 3178 5485 Christo,
3204 5435 3331 5490 quae
3362 5435 3599 5474 sursum
3633 5423 3776 5474 sunt

2126 5508 2386 5583 quaerite,
2420 5506 2520 5562 ubi
2552 5505 2814 5561 Christus
2843 5506 3063 5574 (Cotoss.
3099 5507 3201 5579 ιιι),
3236 5529 3265 5557 ››
3297 5512 3408 5563 etc.
3443 5507 3590 5564 Nam
3621 5524 3772 5579 pra-

2125 5598 2337 5656 dicatio
2366 5594 2625 5651 veritatis
2657 5593 2774 5650 illis
2806 5600 2893 5650 est
2922 5595 2979 5651 in
2994 5595 3247 5667 ruinam,
3269 5596 3774 5669 quiauditanegli-
