  <div class='ocr_page' id='page_1' title='image "/cluster/home/n/w/nwhite01/storage/ocr_20150623/118/hvd.32044073505158/048.png"; bbox 0 0 4018 6180; ppageno 0'>
   <div class='ocr_carea' id='block_1_1' title="bbox 216 310 3627 397">
    <p class='ocr_par' dir='ltr' id='par_1_1' title="bbox 216 310 3627 397">
     <span class='ocr_line' id='line_1_1' title="bbox 216 310 3627 397; baseline -0.004 -5"><span class='ocrx_word' id='word_1_1' title='bbox 216 324 288 392; x_wconf 75' lang='lat' dir='ltr'><strong>ss</strong></span> <span class='ocrx_word' id='word_1_2' title='bbox 1459 315 1814 385; x_wconf 67' lang='lat' dir='ltr'><strong>somnus</strong></span> <span class='ocrx_word' id='word_1_3' title='bbox 1854 316 1958 383; x_wconf 88' lang='lat' dir='ltr'><strong>DE</strong></span> <span class='ocrx_word' id='word_1_4' title='bbox 2000 314 2398 384; x_wconf 74' lang='lat' dir='ltr'><strong>rumpens.</strong></span> <span class='ocrx_word' id='word_1_5' title='bbox 2764 388 2773 397; x_wconf 60' lang='grc'><em>,</em></span> <span class='ocrx_word' id='word_1_6' title='bbox 3046 336 3055 339; x_wconf 94' lang='grc'><strong><em>-</em></strong></span> <span class='ocrx_word' id='word_1_7' title='bbox 3544 310 3627 378; x_wconf 80' lang='lat' dir='ltr'><strong>se</strong></span> 
     </span>
    </p>
   </div>
   <div class='ocr_carea' id='block_1_2' title="bbox 214 448 3622 538">
    <p class='ocr_par' dir='ltr' id='par_1_2' title="bbox 214 448 3622 538">
     <span class='ocr_line' id='line_1_2' title="bbox 214 448 3622 538; baseline -0.003 -22"><span class='ocrx_word' id='word_1_8' title='bbox 214 464 354 538; x_wconf 85' lang='lat' dir='ltr'><strong>gunt</strong></span> <span class='ocrx_word' id='word_1_9' title='bbox 375 456 518 517; x_wconf 89' lang='lat' dir='ltr'><strong>:illis</strong></span> <span class='ocrx_word' id='word_1_10' title='bbox 546 455 612 514; x_wconf 89' lang='lat' dir='ltr'><strong>in</strong></span> <span class='ocrx_word' id='word_1_11' title='bbox 645 455 1156 526; x_wconf 74' lang='lat' dir='ltr'><strong>resurrectionem,</strong></span> <span class='ocrx_word' id='word_1_12' title='bbox 1177 455 1280 530; x_wconf 86' lang='lat' dir='ltr'><strong>qui</strong></span> <span class='ocrx_word' id='word_1_13' title='bbox 1306 455 1512 513; x_wconf 75' lang='lat' dir='ltr'><strong>libenti</strong></span> <span class='ocrx_word' id='word_1_14' title='bbox 1544 455 1742 511; x_wconf 89' lang='lat' dir='ltr'><strong>animo</strong></span> <span class='ocrx_word' id='word_1_15' title='bbox 1764 473 1861 511; x_wconf 85' lang='lat' dir='ltr'><strong>au-</strong></span> <span class='ocrx_word' id='word_1_16' title='bbox 1888 454 1945 522; x_wconf 78' lang='grc' dir='ltr'><strong>Α</strong></span> <span class='ocrx_word' id='word_1_17' title='bbox 1974 456 2137 522; x_wconf 84' lang='lat' dir='ltr'><strong>Quod</strong></span> <span class='ocrx_word' id='word_1_18' title='bbox 2167 454 2325 511; x_wconf 85' lang='lat' dir='ltr'><strong>enim</strong></span> <span class='ocrx_word' id='word_1_19' title='bbox 2351 453 2511 526; x_wconf 85' lang='lat' dir='ltr'><strong>virgo</strong></span> <span class='ocrx_word' id='word_1_20' title='bbox 2542 452 2828 527; x_wconf 83' lang='lat' dir='ltr'><strong>concepit,</strong></span> <span class='ocrx_word' id='word_1_21' title='bbox 2860 456 2918 510; x_wconf 92' lang='lat' dir='ltr'><strong>et</strong></span> <span class='ocrx_word' id='word_1_22' title='bbox 2945 449 3106 526; x_wconf 86' lang='lat' dir='ltr'><strong>virgo</strong></span> <span class='ocrx_word' id='word_1_23' title='bbox 3137 448 3622 526; x_wconf 85' lang='lat' dir='ltr'><strong>peperit,signum</strong></span> 
     </span>
    </p>
   </div>
   <div class='ocr_carea' id='block_1_3' title="bbox 212 544 1862 618">
    <p class='ocr_par' dir='ltr' id='par_1_3' title="bbox 212 544 1862 618">
     <span class='ocr_line' id='line_1_3' title="bbox 212 544 1862 618; baseline -0.005 -12"><span class='ocrx_word' id='word_1_24' title='bbox 212 551 400 616; x_wconf 90' lang='lat' dir='ltr'><strong>diunt,</strong></span> <span class='ocrx_word' id='word_1_25' title='bbox 434 552 495 605; x_wconf 90' lang='lat' dir='ltr'><strong>et</strong></span> <span class='ocrx_word' id='word_1_26' title='bbox 524 546 809 603; x_wconf 85' lang='lat' dir='ltr'><strong>libentius</strong></span> <span class='ocrx_word' id='word_1_27' title='bbox 834 545 1097 602; x_wconf 80' lang='lat' dir='ltr'><strong>faciendo</strong></span> <span class='ocrx_word' id='word_1_28' title='bbox 1129 544 1444 618; x_wconf 91' lang='lat' dir='ltr'><strong>complent.</strong></span> <span class='ocrx_word' id='word_1_29' title='bbox 1479 544 1589 601; x_wconf 87' lang='lat' dir='ltr'><strong>Sed</strong></span> <span class='ocrx_word' id='word_1_30' title='bbox 1638 545 1688 600; x_wconf 91' lang='lat' dir='ltr'>si</span> <span class='ocrx_word' id='word_1_31' title='bbox 1721 544 1862 599; x_wconf 89' lang='lat' dir='ltr'><strong>sub-</strong></span> 
     </span>
    </p>
   </div>
   <div class='ocr_carea' id='block_1_4' title="bbox 208 622 1863 698">
    <p class='ocr_par' dir='ltr' id='par_1_4' title="bbox 208 622 1863 698">
     <span class='ocr_line' id='line_1_4' title="bbox 208 622 1863 698; baseline -0.005 -11"><span class='ocrx_word' id='word_1_32' title='bbox 208 631 370 688; x_wconf 85' lang='lat' dir='ltr'><strong>tilius</strong></span> <span class='ocrx_word' id='word_1_33' title='bbox 402 627 869 692; x_wconf 78' lang='lat' dir='ltr'><strong>consideremus,</strong></span> <span class='ocrx_word' id='word_1_34' title='bbox 903 626 1291 695; x_wconf 85' lang='lat' dir='ltr'><strong>inveniemus,</strong></span> <span class='ocrx_word' id='word_1_35' title='bbox 1324 625 1463 698; x_wconf 82' lang='lat' dir='ltr'><strong>quia</strong></span> <span class='ocrx_word' id='word_1_36' title='bbox 1505 641 1620 680; x_wconf 93' lang='lat' dir='ltr'><strong>non</strong></span> <span class='ocrx_word' id='word_1_37' title='bbox 1671 622 1863 679; x_wconf 91' lang='lat' dir='ltr'><strong>solum</strong></span> 
     </span>
    </p>
   </div>
   <div class='ocr_carea' id='block_1_5' title="bbox 209 712 1869 784">
    <p class='ocr_par' dir='ltr' id='par_1_5' title="bbox 209 712 1869 784">
     <span class='ocr_line' id='line_1_5' title="bbox 209 712 1869 784; baseline -0.006 -7"><span class='ocrx_word' id='word_1_38' title='bbox 209 720 341 777; x_wconf 90' lang='lat' dir='ltr'><strong>aliis</strong></span> <span class='ocrx_word' id='word_1_39' title='bbox 374 720 436 774; x_wconf 93' lang='lat' dir='ltr'>in</span> <span class='ocrx_word' id='word_1_40' title='bbox 469 717 724 784; x_wconf 90' lang='lat' dir='ltr'><strong>ruinam,</strong></span> <span class='ocrx_word' id='word_1_41' title='bbox 759 721 817 771; x_wconf 89' lang='lat' dir='ltr'><strong>et</strong></span> <span class='ocrx_word' id='word_1_42' title='bbox 845 713 976 771; x_wconf 88' lang='lat' dir='ltr'><strong>aliis</strong></span> <span class='ocrx_word' id='word_1_43' title='bbox 1004 714 1065 770; x_wconf 89' lang='lat' dir='ltr'><strong>in</strong></span> <span class='ocrx_word' id='word_1_44' title='bbox 1091 714 1576 771; x_wconf 81' lang='lat' dir='ltr'><strong>resurrectionem</strong></span> <span class='ocrx_word' id='word_1_45' title='bbox 1603 712 1869 769; x_wconf 84' lang='lat' dir='ltr'><strong>Salvator</strong></span> 
     </span>
    </p>
   </div>
   <div class='ocr_carea' id='block_1_6' title="bbox 208 802 1865 877">
    <p class='ocr_par' dir='ltr' id='par_1_6' title="bbox 208 802 1865 877">
     <span class='ocr_line' id='line_1_6' title="bbox 208 802 1865 877; baseline -0.005 -10"><span class='ocrx_word' id='word_1_46' title='bbox 208 810 388 877; x_wconf 88' lang='lat' dir='ltr'><strong>venit,</strong></span> <span class='ocrx_word' id='word_1_47' title='bbox 419 808 521 863; x_wconf 91' lang='lat' dir='ltr'><strong>sed</strong></span> <span class='ocrx_word' id='word_1_48' title='bbox 555 806 732 862; x_wconf 83' lang='lat' dir='ltr'><strong>etiam</strong></span> <span class='ocrx_word' id='word_1_49' title='bbox 765 803 865 860; x_wconf 91' lang='lat' dir='ltr'><strong>uni</strong></span> <span class='ocrx_word' id='word_1_50' title='bbox 901 804 1209 876; x_wconf 85' lang='lat' dir='ltr'>eidemque</span> <span class='ocrx_word' id='word_1_51' title='bbox 1263 802 1487 859; x_wconf 87' lang='lat' dir='ltr'>homini</span> <span class='ocrx_word' id='word_1_52' title='bbox 1540 802 1601 858; x_wconf 90' lang='lat' dir='ltr'>in</span> <span class='ocrx_word' id='word_1_53' title='bbox 1633 802 1865 859; x_wconf 89' lang='lat' dir='ltr'><strong>ruinam</strong></span> 
     </span>
    </p>
   </div>
   <div class='ocr_carea' id='block_1_7' title="bbox 208 890 1870 973">
    <p class='ocr_par' dir='ltr' id='par_1_7' title="bbox 208 890 1870 973">
     <span class='ocr_line' id='line_1_7' title="bbox 208 890 1870 973; baseline -0.005 -19"><span class='ocrx_word' id='word_1_54' title='bbox 208 899 430 973; x_wconf 88' lang='lat' dir='ltr'><strong>pariter</strong></span> <span class='ocrx_word' id='word_1_55' title='bbox 460 899 518 951; x_wconf 87' lang='lat' dir='ltr'><strong>et</strong></span> <span class='ocrx_word' id='word_1_56' title='bbox 538 894 1029 951; x_wconf 81' lang='lat' dir='ltr'><strong>resurrectionem</strong></span> <span class='ocrx_word' id='word_1_57' title='bbox 1052 893 1376 966; x_wconf 90' lang='lat' dir='ltr'><strong>apparet,in</strong></span> <span class='ocrx_word' id='word_1_58' title='bbox 1399 892 1630 948; x_wconf 86' lang='lat' dir='ltr'><strong>ruinam</strong></span> <span class='ocrx_word' id='word_1_59' title='bbox 1650 890 1870 947; x_wconf 78' lang='lat' dir='ltr'><strong>scilicet</strong></span> 
     </span>
    </p>
   </div>
   <div class='ocr_carea' id='block_1_8' title="bbox 206 980 1866 1052">
    <p class='ocr_par' dir='ltr' id='par_1_8' title="bbox 206 980 1866 1052">
     <span class='ocr_line' id='line_1_8' title="bbox 206 980 1866 1052; baseline -0.005 -9"><span class='ocrx_word' id='word_1_60' title='bbox 206 988 513 1052; x_wconf 87' lang='lat' dir='ltr'><strong>vitiorum,</strong></span> <span class='ocrx_word' id='word_1_61' title='bbox 548 988 605 1040; x_wconf 92' lang='lat' dir='ltr'><strong>et</strong></span> <span class='ocrx_word' id='word_1_62' title='bbox 628 981 1115 1039; x_wconf 88' lang='lat' dir='ltr'><strong>resurrectionem</strong></span> <span class='ocrx_word' id='word_1_63' title='bbox 1154 981 1460 1037; x_wconf 88' lang='lat' dir='ltr'><strong>virtutum.</strong></span> <span class='ocrx_word' id='word_1_64' title='bbox 1489 980 1693 1037; x_wconf 90' lang='lat' dir='ltr'><strong>Omnis</strong></span> <span class='ocrx_word' id='word_1_65' title='bbox 1711 980 1866 1036; x_wconf 87' lang='lat' dir='ltr'><strong>enim</strong></span> 
     </span>
    </p>
   </div>
   <div class='ocr_carea' id='block_1_9' title="bbox 209 1070 1868 1144">
    <p class='ocr_par' dir='ltr' id='par_1_9' title="bbox 209 1070 1868 1144">
     <span class='ocr_line' id='line_1_9' title="bbox 209 1070 1868 1144; baseline -0.004 -11"><span class='ocrx_word' id='word_1_66' title='bbox 209 1078 390 1133; x_wconf 92' lang='lat' dir='ltr'><strong>homo</strong></span> <span class='ocrx_word' id='word_1_67' title='bbox 417 1079 523 1131; x_wconf 87' lang='lat' dir='ltr'><strong>aut</strong></span> <span class='ocrx_word' id='word_1_68' title='bbox 551 1073 709 1128; x_wconf 83' lang='lat' dir='ltr'><strong>vitiis</strong></span> <span class='ocrx_word' id='word_1_69' title='bbox 740 1076 840 1129; x_wconf 88' lang='lat' dir='ltr'><strong>aut</strong></span> <span class='ocrx_word' id='word_1_70' title='bbox 861 1070 1177 1128; x_wconf 85' lang='lat' dir='ltr'><strong>virtutibus</strong></span> <span class='ocrx_word' id='word_1_71' title='bbox 1217 1070 1493 1144; x_wconf 87' lang='lat' dir='ltr'><strong>repletur.</strong></span> <span class='ocrx_word' id='word_1_72' title='bbox 1524 1070 1868 1142; x_wconf 87' lang='lat' dir='ltr'><strong>Quicunque</strong></span> 
     </span>
    </p>
   </div>
   <div class='ocr_carea' id='block_1_10' title="bbox 210 1158 1864 1236">
    <p class='ocr_par' dir='ltr' id='par_1_10' title="bbox 210 1158 1864 1236">
     <span class='ocr_line' id='line_1_10' title="bbox 210 1158 1864 1236; baseline -0.005 -13"><span class='ocrx_word' id='word_1_73' title='bbox 210 1165 388 1223; x_wconf 88' lang='lat' dir='ltr'><strong>hodie</strong></span> <span class='ocrx_word' id='word_1_74' title='bbox 419 1164 716 1236; x_wconf 90' lang='lat' dir='ltr'><strong>superbus</strong></span> <span class='ocrx_word' id='word_1_75' title='bbox 737 1164 846 1227; x_wconf 90' lang='lat' dir='ltr'><strong>est,</strong></span> <span class='ocrx_word' id='word_1_76' title='bbox 870 1160 941 1229; x_wconf 89' lang='lat' dir='ltr'><strong>si,</strong></span> <span class='ocrx_word' id='word_1_77' title='bbox 974 1159 1176 1215; x_wconf 90' lang='lat' dir='ltr'><strong>audita</strong></span> <span class='ocrx_word' id='word_1_78' title='bbox 1206 1158 1438 1215; x_wconf 90' lang='lat' dir='ltr'><strong>Domini</strong></span> <span class='ocrx_word' id='word_1_79' title='bbox 1467 1160 1728 1227; x_wconf 88' lang='lat' dir='ltr'><strong>voce,ubi</strong></span> <span class='ocrx_word' id='word_1_80' title='bbox 1752 1158 1864 1216; x_wconf 90' lang='lat' dir='ltr'><strong>ait:</strong></span> 
     </span>
    </p>
   </div>
   <div class='ocr_carea' id='block_1_11' title="bbox 211 1247 1871 1324">
    <p class='ocr_par' dir='ltr' id='par_1_11' title="bbox 211 1247 1871 1324">
     <span class='ocr_line' id='line_1_11' title="bbox 211 1247 1871 1324; baseline -0.001 -19"><span class='ocrx_word' id='word_1_81' title='bbox 211 1280 242 1305; x_wconf 71' lang='grc' dir='ltr'><strong>σε</strong></span> <span class='ocrx_word' id='word_1_82' title='bbox 277 1253 489 1313; x_wconf 90' lang='lat' dir='ltr'>Omnis</span> <span class='ocrx_word' id='word_1_83' title='bbox 520 1253 621 1324; x_wconf 91' lang='lat' dir='ltr'><strong>qui</strong></span> <span class='ocrx_word' id='word_1_84' title='bbox 652 1267 715 1306; x_wconf 90' lang='lat' dir='ltr'><strong>se</strong></span> <span class='ocrx_word' id='word_1_85' title='bbox 746 1249 961 1306; x_wconf 85' lang='lat' dir='ltr'><strong>exaltat</strong></span> <span class='ocrx_word' id='word_1_86' title='bbox 984 1247 1396 1305; x_wconf 87' lang='lat' dir='ltr'><strong>humiliabitur</strong></span> <span class='ocrx_word' id='word_1_87' title='bbox 1426 1248 1718 1321; x_wconf 84' lang='lat' dir='ltr'><strong>(Luc.x1v),</strong></span> <span class='ocrx_word' id='word_1_88' title='bbox 1756 1272 1782 1298; x_wconf 79' lang='grc' dir='ltr'><strong><em>υ</em></strong></span> <span class='ocrx_word' id='word_1_89' title='bbox 1813 1252 1871 1305; x_wconf 91' lang='lat' dir='ltr'><strong>et</strong></span> 
     </span>
    </p>
   </div>
   <div class='ocr_carea' id='block_1_12' title="bbox 212 1337 1868 1418">
    <p class='ocr_par' dir='ltr' id='par_1_12' title="bbox 212 1337 1868 1418">
     <span class='ocr_line' id='line_1_12' title="bbox 212 1337 1868 1418; baseline -0.009 -16"><span class='ocrx_word' id='word_1_90' title='bbox 212 1342 468 1418; x_wconf 86' lang='lat' dir='ltr'><strong>apostoli</strong></span> <span class='ocrx_word' id='word_1_91' title='bbox 500 1341 654 1397; x_wconf 87' lang='lat' dir='ltr'><strong>Petri</strong></span> <span class='ocrx_word' id='word_1_92' title='bbox 679 1357 691 1395; x_wconf 93' lang='lat'><strong>:</strong></span> <span class='ocrx_word' id='word_1_93' title='bbox 721 1338 1040 1412; x_wconf 79' lang='lat' dir='ltr'><strong>«Superbis</strong></span> <span class='ocrx_word' id='word_1_94' title='bbox 1062 1339 1221 1394; x_wconf 90' lang='lat' dir='ltr'><strong>Deus</strong></span> <span class='ocrx_word' id='word_1_95' title='bbox 1244 1337 1466 1394; x_wconf 88' lang='lat' dir='ltr'><strong>resistit</strong></span> <span class='ocrx_word' id='word_1_96' title='bbox 1496 1338 1542 1411; x_wconf 91' lang='grc' dir='ltr'><strong>(ι</strong></span> <span class='ocrx_word' id='word_1_97' title='bbox 1572 1341 1805 1407; x_wconf 82' lang='lat' dir='ltr'><strong>Petr.v),</strong></span> <span class='ocrx_word' id='word_1_98' title='bbox 1840 1362 1868 1387; x_wconf 89' lang='grc'><strong>››</strong></span> 
     </span>
    </p>
   </div>
   <div class='ocr_carea' id='block_1_13' title="bbox 210 1426 1867 1507">
    <p class='ocr_par' dir='ltr' id='par_1_13' title="bbox 210 1426 1867 1507">
     <span class='ocr_line' id='line_1_13' title="bbox 210 1426 1867 1507; baseline -0.005 -16"><span class='ocrx_word' id='word_1_99' title='bbox 210 1431 556 1507; x_wconf 86' lang='lat' dir='ltr'><strong>superbiam</strong></span> <span class='ocrx_word' id='word_1_100' title='bbox 590 1428 907 1496; x_wconf 90' lang='lat' dir='ltr'><strong>calcare,et</strong></span> <span class='ocrx_word' id='word_1_101' title='bbox 934 1427 1329 1484; x_wconf 84' lang='lat' dir='ltr'><strong>humilitatem</strong></span> <span class='ocrx_word' id='word_1_102' title='bbox 1360 1426 1630 1483; x_wconf 88' lang='lat' dir='ltr'><strong>didicerit</strong></span> <span class='ocrx_word' id='word_1_103' title='bbox 1650 1444 1867 1495; x_wconf 89' lang='lat' dir='ltr'><strong>amare,</strong></span> 
     </span>
    </p>
   </div>
   <div class='ocr_carea' id='block_1_14' title="bbox 210 1516 1872 1593">
    <p class='ocr_par' dir='ltr' id='par_1_14' title="bbox 210 1516 1872 1593">
     <span class='ocr_line' id='line_1_14' title="bbox 210 1516 1872 1593; baseline -0.005 -13"><span class='ocrx_word' id='word_1_104' title='bbox 210 1524 275 1580; x_wconf 91' lang='lat' dir='ltr'><strong>in</strong></span> <span class='ocrx_word' id='word_1_105' title='bbox 306 1523 544 1578; x_wconf 90' lang='lat' dir='ltr'><strong>ruinam</strong></span> <span class='ocrx_word' id='word_1_106' title='bbox 579 1519 796 1593; x_wconf 88' lang='lat' dir='ltr'><strong>pariter</strong></span> <span class='ocrx_word' id='word_1_107' title='bbox 849 1522 905 1573; x_wconf 91' lang='lat' dir='ltr'><strong>et</strong></span> <span class='ocrx_word' id='word_1_108' title='bbox 946 1516 1433 1574; x_wconf 88' lang='lat' dir='ltr'><strong>resurrectionem</strong></span> <span class='ocrx_word' id='word_1_109' title='bbox 1486 1516 1571 1571; x_wconf 91' lang='lat' dir='ltr'><strong>illi</strong></span> <span class='ocrx_word' id='word_1_110' title='bbox 1609 1516 1872 1573; x_wconf 85' lang='lat' dir='ltr'><strong>Salvator</strong></span> 
     </span>
    </p>
   </div>
   <div class='ocr_carea' id='block_1_15' title="bbox 207 1605 1872 1679">
    <p class='ocr_par' dir='ltr' id='par_1_15' title="bbox 207 1605 1872 1679">
     <span class='ocr_line' id='line_1_15' title="bbox 207 1605 1872 1679; baseline -0.006 -9"><span class='ocrx_word' id='word_1_111' title='bbox 207 1613 390 1670; x_wconf 82' lang='lat' dir='ltr'><strong>venit.</strong></span> <span class='ocrx_word' id='word_1_112' title='bbox 424 1608 712 1667; x_wconf 89' lang='lat' dir='ltr'><strong>Similiter</strong></span> <span class='ocrx_word' id='word_1_113' title='bbox 741 1605 973 1663; x_wconf 87' lang='lat' dir='ltr'><strong>adulter</strong></span> <span class='ocrx_word' id='word_1_114' title='bbox 1002 1606 1121 1663; x_wconf 87' lang='lat' dir='ltr'><strong>sive</strong></span> <span class='ocrx_word' id='word_1_115' title='bbox 1163 1606 1498 1672; x_wconf 82' lang='lat' dir='ltr'><strong>fornicator,</strong></span> <span class='ocrx_word' id='word_1_116' title='bbox 1532 1605 1583 1662; x_wconf 90' lang='lat' dir='ltr'><strong>si</strong></span> <span class='ocrx_word' id='word_1_117' title='bbox 1616 1606 1688 1661; x_wconf 91' lang='lat' dir='ltr'><strong>ad</strong></span> <span class='ocrx_word' id='word_1_118' title='bbox 1721 1623 1872 1679; x_wconf 76' lang='lat' dir='ltr'><strong>prae-</strong></span> 
     </span>
    </p>
   </div>
   <div class='ocr_carea' id='block_1_16' title="bbox 209 1695 1870 1760">
    <p class='ocr_par' dir='ltr' id='par_1_16' title="bbox 209 1695 1870 1760">
     <span class='ocr_line' id='line_1_16' title="bbox 209 1695 1870 1760; baseline -0.004 -2"><span class='ocrx_word' id='word_1_119' title='bbox 209 1700 572 1758; x_wconf 88' lang='lat' dir='ltr'><strong>dicationem</strong></span> <span class='ocrx_word' id='word_1_120' title='bbox 604 1696 837 1753; x_wconf 89' lang='lat' dir='ltr'><strong>Domini</strong></span> <span class='ocrx_word' id='word_1_121' title='bbox 869 1695 970 1752; x_wconf 91' lang='lat' dir='ltr'><strong>ubi</strong></span> <span class='ocrx_word' id='word_1_122' title='bbox 1005 1696 1122 1751; x_wconf 85' lang='lat' dir='ltr'><strong>ait:</strong></span> <span class='ocrx_word' id='word_1_123' title='bbox 1157 1696 1300 1760; x_wconf 83' lang='lat' dir='ltr'><strong>«Qui</strong></span> <span class='ocrx_word' id='word_1_124' title='bbox 1322 1695 1534 1751; x_wconf 87' lang='lat' dir='ltr'><strong>viderit</strong></span> <span class='ocrx_word' id='word_1_125' title='bbox 1563 1695 1870 1752; x_wconf 89' lang='lat' dir='ltr'><strong>mulierem</strong></span> 
     </span>
    </p>
   </div>
   <div class='ocr_carea' id='block_1_17' title="bbox 212 1785 1869 1862">
    <p class='ocr_par' dir='ltr' id='par_1_17' title="bbox 212 1785 1869 1862">
     <span class='ocr_line' id='line_1_17' title="bbox 212 1785 1869 1862; baseline -0.005 -13"><span class='ocrx_word' id='word_1_126' title='bbox 212 1792 289 1848; x_wconf 89' lang='lat' dir='ltr'><strong>ad</strong></span> <span class='ocrx_word' id='word_1_127' title='bbox 318 1787 862 1862; x_wconf 88' lang='lat' dir='ltr'><strong>concupiscendum</strong></span> <span class='ocrx_word' id='word_1_128' title='bbox 892 1785 1170 1856; x_wconf 84' lang='lat' dir='ltr'><strong>eum.jam</strong></span> <span class='ocrx_word' id='word_1_129' title='bbox 1194 1785 1518 1840; x_wconf 80' lang='lat' dir='ltr'><strong>mmchatus</strong></span> <span class='ocrx_word' id='word_1_130' title='bbox 1548 1789 1640 1841; x_wconf 90' lang='lat' dir='ltr'><strong>est</strong></span> <span class='ocrx_word' id='word_1_131' title='bbox 1663 1802 1791 1841; x_wconf 89' lang='lat' dir='ltr'><strong>eam</strong></span> <span class='ocrx_word' id='word_1_132' title='bbox 1810 1785 1869 1840; x_wconf 91' lang='lat' dir='ltr'><strong>in</strong></span> 
     </span>
    </p>
   </div>
   <div class='ocr_carea' id='block_1_18' title="bbox 212 1873 1871 1949">
    <p class='ocr_par' dir='ltr' id='par_1_18' title="bbox 212 1873 1871 1949">
     <span class='ocr_line' id='line_1_18' title="bbox 212 1873 1871 1949; baseline -0.005 -10"><span class='ocrx_word' id='word_1_133' title='bbox 212 1881 391 1939; x_wconf 87' lang='lat' dir='ltr'><strong>corde</strong></span> <span class='ocrx_word' id='word_1_134' title='bbox 420 1896 531 1935; x_wconf 92' lang='lat' dir='ltr'><strong>suo</strong></span> <span class='ocrx_word' id='word_1_135' title='bbox 565 1875 772 1949; x_wconf 73' lang='lat' dir='ltr'><strong>(Matth.</strong></span> <span class='ocrx_word' id='word_1_136' title='bbox 805 1874 881 1947; x_wconf 93' lang='lat' dir='ltr'><strong>v),</strong></span> <span class='ocrx_word' id='word_1_137' title='bbox 922 1898 943 1924; x_wconf 75' lang='grc' dir='ltr'><strong>ι</strong></span> <span class='ocrx_word' id='word_1_138' title='bbox 979 1878 1038 1930; x_wconf 90' lang='lat' dir='ltr'><strong>et</strong></span> <span class='ocrx_word' id='word_1_139' title='bbox 1082 1873 1229 1929; x_wconf 93' lang='lat' dir='ltr'><strong>illud</strong></span> <span class='ocrx_word' id='word_1_140' title='bbox 1274 1874 1572 1946; x_wconf 87' lang='lat' dir='ltr'><strong>Apostoli:</strong></span> <span class='ocrx_word' id='word_1_141' title='bbox 1608 1897 1637 1925; x_wconf 85' lang='lat'><strong><em>«</em></strong></span> <span class='ocrx_word' id='word_1_142' title='bbox 1674 1875 1871 1947; x_wconf 88' lang='lat' dir='ltr'>Neque</span> 
     </span>
    </p>
   </div>
   <div class='ocr_carea' id='block_1_19' title="bbox 212 1963 1872 2040">
    <p class='ocr_par' dir='ltr' id='par_1_19' title="bbox 212 1963 1872 2040">
     <span class='ocr_line' id='line_1_19' title="bbox 212 1963 1872 2040; baseline -0.004 -13"><span class='ocrx_word' id='word_1_143' title='bbox 212 1968 470 2028; x_wconf 78' lang='lat' dir='ltr'><strong>adulteri</strong></span> <span class='ocrx_word' id='word_1_144' title='bbox 494 1982 744 2040; x_wconf 85' lang='lat' dir='ltr'><strong>regnum</strong></span> <span class='ocrx_word' id='word_1_145' title='bbox 768 1963 869 2020; x_wconf 90' lang='lat' dir='ltr'><strong>Dei</strong></span> <span class='ocrx_word' id='word_1_146' title='bbox 891 1963 1327 2036; x_wconf 84' lang='lat' dir='ltr'><strong>possidebunt(l</strong></span> <span class='ocrx_word' id='word_1_147' title='bbox 1353 1964 1584 2036; x_wconf 84' lang='lat' dir='ltr'><strong>Cor.v1),</strong></span> <span class='ocrx_word' id='word_1_148' title='bbox 1623 1987 1649 2013; x_wconf 87' lang='lat'>»</span> <span class='ocrx_word' id='word_1_149' title='bbox 1677 1963 1872 2020; x_wconf 88' lang='lat' dir='ltr'><strong>carnis</strong></span> 
     </span>
    </p>
   </div>
   <div class='ocr_carea' id='block_1_20' title="bbox 213 2052 1870 2120">
    <p class='ocr_par' dir='ltr' id='par_1_20' title="bbox 213 2052 1870 2120">
     <span class='ocr_line' id='line_1_20' title="bbox 213 2052 1870 2120; baseline -0.005 -3"><span class='ocrx_word' id='word_1_150' title='bbox 213 2078 337 2117; x_wconf 72' lang='lat' dir='ltr'><strong>suae</strong></span> <span class='ocrx_word' id='word_1_151' title='bbox 370 2055 667 2114; x_wconf 88' lang='lat' dir='ltr'><strong>desideria</strong></span> <span class='ocrx_word' id='word_1_152' title='bbox 692 2054 916 2110; x_wconf 88' lang='lat' dir='ltr'><strong>calcare</strong></span> <span class='ocrx_word' id='word_1_153' title='bbox 933 2057 990 2108; x_wconf 91' lang='lat' dir='ltr'><strong>et</strong></span> <span class='ocrx_word' id='word_1_154' title='bbox 1011 2052 1342 2109; x_wconf 88' lang='lat' dir='ltr'><strong>castitatem</strong></span> <span class='ocrx_word' id='word_1_155' title='bbox 1355 2052 1623 2109; x_wconf 88' lang='lat' dir='ltr'><strong>didicerit</strong></span> <span class='ocrx_word' id='word_1_156' title='bbox 1652 2070 1870 2120; x_wconf 88' lang='lat' dir='ltr'><strong>amare,</strong></span> 
     </span>
    </p>
   </div>
   <div class='ocr_carea' id='block_1_21' title="bbox 128 2132 1874 2215">
    <p class='ocr_par' dir='ltr' id='par_1_21' title="bbox 128 2132 1874 2215">
     <span class='ocr_line' id='line_1_21' title="bbox 128 2132 1874 2215; baseline -0.004 -9"><span class='ocrx_word' id='word_1_157' title='bbox 128 2132 135 2143; x_wconf 61' lang='grc'><strong>’</strong></span> <span class='ocrx_word' id='word_1_158' title='bbox 212 2150 277 2206; x_wconf 89' lang='lat' dir='ltr'><strong>in</strong></span> <span class='ocrx_word' id='word_1_159' title='bbox 309 2148 547 2204; x_wconf 84' lang='lat' dir='ltr'><strong>ruinam</strong></span> <span class='ocrx_word' id='word_1_160' title='bbox 598 2149 656 2201; x_wconf 87' lang='lat' dir='ltr'><strong>et</strong></span> <span class='ocrx_word' id='word_1_161' title='bbox 705 2142 1191 2200; x_wconf 89' lang='lat' dir='ltr'><strong>resurrectionem</strong></span> <span class='ocrx_word' id='word_1_162' title='bbox 1239 2141 1458 2215; x_wconf 90' lang='lat' dir='ltr'><strong>pariter</strong></span> <span class='ocrx_word' id='word_1_163' title='bbox 1504 2143 1555 2198; x_wconf 91' lang='lat' dir='ltr'><strong>ei</strong></span> <span class='ocrx_word' id='word_1_164' title='bbox 1588 2143 1874 2199; x_wconf 84' lang='lat' dir='ltr'><strong>Dominus</strong></span> 
     </span>
    </p>
   </div>
   <div class='ocr_carea' id='block_1_22' title="bbox 208 2231 1875 2305">
    <p class='ocr_par' dir='ltr' id='par_1_22' title="bbox 208 2231 1875 2305">
     <span class='ocr_line' id='line_1_22' title="bbox 208 2231 1875 2305; baseline -0.006 -8"><span class='ocrx_word' id='word_1_165' title='bbox 208 2238 395 2297; x_wconf 85' lang='lat' dir='ltr'><strong>venit.</strong></span> <span class='ocrx_word' id='word_1_166' title='bbox 419 2238 553 2293; x_wconf 90' lang='lat' dir='ltr'><strong>Sive</strong></span> <span class='ocrx_word' id='word_1_167' title='bbox 578 2234 724 2290; x_wconf 90' lang='lat' dir='ltr'><strong>alias</strong></span> <span class='ocrx_word' id='word_1_168' title='bbox 770 2233 1075 2289; x_wconf 87' lang='lat' dir='ltr'><strong>iracundia</strong></span> <span class='ocrx_word' id='word_1_169' title='bbox 1118 2231 1351 2305; x_wconf 89' lang='lat' dir='ltr'><strong>plenus,</strong></span> <span class='ocrx_word' id='word_1_170' title='bbox 1382 2233 1628 2289; x_wconf 76' lang='lat' dir='ltr'><strong>fortasse</strong></span> <span class='ocrx_word' id='word_1_171' title='bbox 1662 2249 1875 2288; x_wconf 89' lang='lat' dir='ltr'><strong>manus</strong></span> 
     </span>
    </p>
   </div>
   <div class='ocr_carea' id='block_1_23' title="bbox 210 2321 1877 2398">
    <p class='ocr_par' dir='ltr' id='par_1_23' title="bbox 210 2321 1877 2398">
     <span class='ocr_line' id='line_1_23' title="bbox 210 2321 1877 2398; baseline -0.005 -12"><span class='ocrx_word' id='word_1_172' title='bbox 210 2327 505 2387; x_wconf 73' lang='lat' dir='ltr'><strong>effusione</strong></span> <span class='ocrx_word' id='word_1_173' title='bbox 534 2322 843 2398; x_wconf 84' lang='lat' dir='ltr'><strong>sanguinis</strong></span> <span class='ocrx_word' id='word_1_174' title='bbox 874 2321 1159 2396; x_wconf 89' lang='lat' dir='ltr'><strong>polluit,si</strong></span> <span class='ocrx_word' id='word_1_175' title='bbox 1189 2321 1440 2378; x_wconf 90' lang='lat' dir='ltr'><strong>audierit</strong></span> <span class='ocrx_word' id='word_1_176' title='bbox 1459 2322 1656 2395; x_wconf 91' lang='lat' dir='ltr'><strong>ipsum</strong></span> <span class='ocrx_word' id='word_1_177' title='bbox 1684 2321 1877 2378; x_wconf 86' lang='lat' dir='ltr'><strong>dicen-</strong></span> 
     </span>
    </p>
   </div>
   <div class='ocr_carea' id='block_1_24' title="bbox 210 2410 1879 2487">
    <p class='ocr_par' dir='ltr' id='par_1_24' title="bbox 210 2410 1879 2487">
     <span class='ocr_line' id='line_1_24' title="bbox 210 2410 1879 2487; baseline -0.005 -12"><span class='ocrx_word' id='word_1_178' title='bbox 210 2423 334 2475; x_wconf 86' lang='lat' dir='ltr'><strong>tem</strong></span> <span class='ocrx_word' id='word_1_179' title='bbox 359 2435 373 2472; x_wconf 89' lang='lat'><strong>:</strong></span> <span class='ocrx_word' id='word_1_180' title='bbox 409 2413 654 2472; x_wconf 77' lang='lat' dir='ltr'><strong>«Omnis</strong></span> <span class='ocrx_word' id='word_1_181' title='bbox 687 2411 787 2487; x_wconf 88' lang='lat' dir='ltr'><strong>qui</strong></span> <span class='ocrx_word' id='word_1_182' title='bbox 818 2411 1095 2468; x_wconf 86' lang='lat' dir='ltr'><strong>irascitur</strong></span> <span class='ocrx_word' id='word_1_183' title='bbox 1127 2410 1292 2467; x_wconf 83' lang='lat' dir='ltr'><strong>fratri</strong></span> <span class='ocrx_word' id='word_1_184' title='bbox 1321 2428 1450 2479; x_wconf 88' lang='lat' dir='ltr'><strong>suo,</strong></span> <span class='ocrx_word' id='word_1_185' title='bbox 1483 2429 1619 2468; x_wconf 89' lang='lat' dir='ltr'><strong>reus</strong></span> <span class='ocrx_word' id='word_1_186' title='bbox 1649 2413 1762 2467; x_wconf 91' lang='lat' dir='ltr'><strong>erit</strong></span> <span class='ocrx_word' id='word_1_187' title='bbox 1786 2413 1879 2484; x_wconf 89' lang='lat' dir='ltr'><strong>ju-</strong></span> 
     </span>
    </p>
   </div>
   <div class='ocr_carea' id='block_1_25' title="bbox 211 2499 1874 2579">
    <p class='ocr_par' dir='ltr' id='par_1_25' title="bbox 211 2499 1874 2579">
     <span class='ocr_line' id='line_1_25' title="bbox 211 2499 1874 2579; baseline -0.004 -15"><span class='ocrx_word' id='word_1_188' title='bbox 211 2507 371 2564; x_wconf 89' lang='lat' dir='ltr'><strong>dicio</strong></span> <span class='ocrx_word' id='word_1_189' title='bbox 402 2504 614 2579; x_wconf 75' lang='lat' dir='ltr'><strong>(Matth.</strong></span> <span class='ocrx_word' id='word_1_190' title='bbox 648 2503 744 2575; x_wconf 90' lang='lat' dir='ltr'><strong>v):</strong></span> <span class='ocrx_word' id='word_1_191' title='bbox 782 2525 810 2551; x_wconf 87' lang='lat'>»</span> <span class='ocrx_word' id='word_1_192' title='bbox 859 2500 1225 2557; x_wconf 87' lang='lat' dir='ltr'><strong>iracundiam</strong></span> <span class='ocrx_word' id='word_1_193' title='bbox 1280 2517 1315 2556; x_wconf 90' lang='lat' dir='ltr'><strong>a</strong></span> <span class='ocrx_word' id='word_1_194' title='bbox 1356 2501 1529 2556; x_wconf 90' lang='lat' dir='ltr'><strong>corde</strong></span> <span class='ocrx_word' id='word_1_195' title='bbox 1559 2499 1874 2573; x_wconf 88' lang='lat' dir='ltr'><strong>expellens,</strong></span> 
     </span>
    </p>
   </div>
   <div class='ocr_carea' id='block_1_26' title="bbox 213 2589 1880 2664">
    <p class='ocr_par' dir='ltr' id='par_1_26' title="bbox 213 2589 1880 2664">
     <span class='ocr_line' id='line_1_26' title="bbox 213 2589 1880 2664; baseline -0.005 -11"><span class='ocrx_word' id='word_1_196' title='bbox 213 2596 570 2654; x_wconf 87' lang='lat' dir='ltr'><strong>charitatem</strong></span> <span class='ocrx_word' id='word_1_197' title='bbox 602 2591 819 2664; x_wconf 86' lang='lat' dir='ltr'><strong>diligit,</strong></span> <span class='ocrx_word' id='word_1_198' title='bbox 853 2590 906 2647; x_wconf 91' lang='lat' dir='ltr'>ei</span> <span class='ocrx_word' id='word_1_199' title='bbox 938 2590 1226 2646; x_wconf 91' lang='lat' dir='ltr'><strong>Dominus</strong></span> <span class='ocrx_word' id='word_1_200' title='bbox 1254 2589 1314 2645; x_wconf 90' lang='lat' dir='ltr'><strong>in</strong></span> <span class='ocrx_word' id='word_1_201' title='bbox 1345 2590 1575 2646; x_wconf 90' lang='lat' dir='ltr'><strong>ruinam</strong></span> <span class='ocrx_word' id='word_1_202' title='bbox 1603 2593 1658 2646; x_wconf 88' lang='lat' dir='ltr'><strong>et</strong></span> <span class='ocrx_word' id='word_1_203' title='bbox 1687 2607 1880 2646; x_wconf 88' lang='lat' dir='ltr'><strong>resur-</strong></span> 
     </span>
    </p>
   </div>
   <div class='ocr_carea' id='block_1_27' title="bbox 215 2677 1877 2754">
    <p class='ocr_par' dir='ltr' id='par_1_27' title="bbox 215 2677 1877 2754">
     <span class='ocr_line' id='line_1_27' title="bbox 215 2677 1877 2754; baseline -0.005 -12"><span class='ocrx_word' id='word_1_204' title='bbox 215 2685 542 2743; x_wconf 88' lang='lat' dir='ltr'><strong>rectionem</strong></span> <span class='ocrx_word' id='word_1_205' title='bbox 577 2681 796 2754; x_wconf 89' lang='lat' dir='ltr'><strong>pariter</strong></span> <span class='ocrx_word' id='word_1_206' title='bbox 814 2679 1279 2736; x_wconf 88' lang='lat' dir='ltr'><strong>venit.Ebriosus</strong></span> <span class='ocrx_word' id='word_1_207' title='bbox 1302 2696 1533 2752; x_wconf 90' lang='lat' dir='ltr'><strong>quoque</strong></span> <span class='ocrx_word' id='word_1_208' title='bbox 1555 2677 1768 2753; x_wconf 87' lang='lat' dir='ltr'><strong>aliquis</strong></span> <span class='ocrx_word' id='word_1_209' title='bbox 1788 2679 1877 2736; x_wconf 91' lang='lat' dir='ltr'><strong>vel</strong></span> 
     </span>
    </p>
   </div>
   <div class='ocr_carea' id='block_1_28' title="bbox 218 2768 1881 2849">
    <p class='ocr_par' dir='ltr' id='par_1_28' title="bbox 218 2768 1881 2849">
     <span class='ocr_line' id='line_1_28' title="bbox 218 2768 1881 2849; baseline -0.005 -16"><span class='ocrx_word' id='word_1_210' title='bbox 218 2773 563 2849; x_wconf 88' lang='lat' dir='ltr'><strong>crapulator</strong></span> <span class='ocrx_word' id='word_1_211' title='bbox 593 2771 841 2826; x_wconf 88' lang='lat' dir='ltr'><strong>audiens</strong></span> <span class='ocrx_word' id='word_1_212' title='bbox 872 2771 1002 2841; x_wconf 90' lang='lat' dir='ltr'><strong>ejus</strong></span> <span class='ocrx_word' id='word_1_213' title='bbox 1025 2769 1221 2835; x_wconf 87' lang='lat' dir='ltr'><strong>verba,</strong></span> <span class='ocrx_word' id='word_1_214' title='bbox 1255 2768 1316 2824; x_wconf 90' lang='lat' dir='ltr'><strong>in</strong></span> <span class='ocrx_word' id='word_1_215' title='bbox 1347 2768 1561 2841; x_wconf 91' lang='lat' dir='ltr'><strong>quibus</strong></span> <span class='ocrx_word' id='word_1_216' title='bbox 1588 2769 1704 2826; x_wconf 88' lang='lat' dir='ltr'><strong>ait:</strong></span> <span class='ocrx_word' id='word_1_217' title='bbox 1736 2793 1765 2819; x_wconf 84' lang='lat'><strong><em>«</em></strong></span> <span class='ocrx_word' id='word_1_218' title='bbox 1798 2770 1881 2825; x_wconf 90' lang='lat' dir='ltr'><strong>Ne</strong></span> 
     </span>
    </p>
   </div>
   <div class='ocr_carea' id='block_1_29' title="bbox 219 2857 1877 2939">
    <p class='ocr_par' dir='ltr' id='par_1_29' title="bbox 219 2857 1877 2939">
     <span class='ocr_line' id='line_1_29' title="bbox 219 2857 1877 2939; baseline -0.003 -19"><span class='ocrx_word' id='word_1_219' title='bbox 219 2866 541 2939; x_wconf 83' lang='lat' dir='ltr'><strong>graventur</strong></span> <span class='ocrx_word' id='word_1_220' title='bbox 570 2859 751 2916; x_wconf 89' lang='lat' dir='ltr'><strong>corda</strong></span> <span class='ocrx_word' id='word_1_221' title='bbox 775 2862 971 2915; x_wconf 90' lang='lat' dir='ltr'><strong>vestra</strong></span> <span class='ocrx_word' id='word_1_222' title='bbox 999 2857 1058 2913; x_wconf 92' lang='lat' dir='ltr'><strong>in</strong></span> <span class='ocrx_word' id='word_1_223' title='bbox 1091 2857 1332 2931; x_wconf 90' lang='lat' dir='ltr'><strong>crapula</strong></span> <span class='ocrx_word' id='word_1_224' title='bbox 1360 2862 1417 2914; x_wconf 91' lang='lat' dir='ltr'><strong>et</strong></span> <span class='ocrx_word' id='word_1_225' title='bbox 1445 2859 1877 2930; x_wconf 85' lang='lat' dir='ltr'><strong>ebrietate(Luc.</strong></span> 
     </span>
    </p>
   </div>
   <div class='ocr_carea' id='block_1_30' title="bbox 219 2947 1880 3023">
    <p class='ocr_par' dir='ltr' id='par_1_30' title="bbox 219 2947 1880 3023">
     <span class='ocr_line' id='line_1_30' title="bbox 219 2947 1880 3023; baseline -0.003 -14"><span class='ocrx_word' id='word_1_226' title='bbox 219 2956 360 3023; x_wconf 79' lang='lat' dir='ltr'><strong>xxi),</strong></span> <span class='ocrx_word' id='word_1_227' title='bbox 396 2975 425 3001; x_wconf 80' lang='lat'><strong>»</strong></span> <span class='ocrx_word' id='word_1_228' title='bbox 445 2950 659 3005; x_wconf 89' lang='lat' dir='ltr'><strong>vitium</strong></span> <span class='ocrx_word' id='word_1_229' title='bbox 692 2947 1317 3020; x_wconf 74' lang='lat' dir='ltr'><strong>ebrietatisetcrapula:</strong></span> <span class='ocrx_word' id='word_1_230' title='bbox 1331 2948 1629 3015; x_wconf 90' lang='lat' dir='ltr'><strong>deserens,</strong></span> <span class='ocrx_word' id='word_1_231' title='bbox 1661 2948 1880 3004; x_wconf 86' lang='lat' dir='ltr'><strong>sobrie-</strong></span> 
     </span>
    </p>
   </div>
   <div class='ocr_carea' id='block_1_31' title="bbox 224 3037 1880 3112">
    <p class='ocr_par' dir='ltr' id='par_1_31' title="bbox 224 3037 1880 3112">
     <span class='ocr_line' id='line_1_31' title="bbox 224 3037 1880 3112; baseline -0.004 -13"><span class='ocrx_word' id='word_1_232' title='bbox 224 3047 402 3098; x_wconf 79' lang='lat' dir='ltr'><strong>tatem</strong></span> <span class='ocrx_word' id='word_1_233' title='bbox 424 3037 1062 3112; x_wconf 47' lang='lat' dir='ltr'><strong>diligit,eiDominus:in</strong></span> <span class='ocrx_word' id='word_1_234' title='bbox 1077 3037 1308 3093; x_wconf 92' lang='lat' dir='ltr'><strong>ruinam</strong></span> <span class='ocrx_word' id='word_1_235' title='bbox 1321 3041 1377 3093; x_wconf 90' lang='lat' dir='ltr'><strong>et</strong></span> <span class='ocrx_word' id='word_1_236' title='bbox 1392 3038 1880 3093; x_wconf 90' lang='lat' dir='ltr'><strong>resurrectionem</strong></span> 
     </span>
    </p>
   </div>
   <div class='ocr_carea' id='block_1_32' title="bbox 227 3126 1884 3205">
    <p class='ocr_par' dir='ltr' id='par_1_32' title="bbox 227 3126 1884 3205">
     <span class='ocr_line' id='line_1_32' title="bbox 227 3126 1884 3205; baseline -0.003 -18"><span class='ocrx_word' id='word_1_237' title='bbox 227 3131 442 3205; x_wconf 83' lang='lat' dir='ltr'><strong>pariter</strong></span> <span class='ocrx_word' id='word_1_238' title='bbox 468 3126 880 3200; x_wconf 82' lang='lat' dir='ltr'><strong>venit.Raptor</strong></span> <span class='ocrx_word' id='word_1_239' title='bbox 910 3130 967 3182; x_wconf 91' lang='lat' dir='ltr'><strong>et</strong></span> <span class='ocrx_word' id='word_1_240' title='bbox 985 3130 1325 3183; x_wconf 63' lang='lat' dir='ltr'><strong>ceterorum</strong></span> <span class='ocrx_word' id='word_1_241' title='bbox 1356 3126 1671 3183; x_wconf 90' lang='lat' dir='ltr'><strong>criminum</strong></span> <span class='ocrx_word' id='word_1_242' title='bbox 1704 3130 1884 3183; x_wconf 89' lang='lat' dir='ltr'><strong>secta-</strong></span> 
     </span>
    </p>
   </div>
   <div class='ocr_carea' id='block_1_33' title="bbox 1976 539 3622 618">
    <p class='ocr_par' dir='ltr' id='par_1_33' title="bbox 1976 539 3622 618">
     <span class='ocr_line' id='line_1_33' title="bbox 1976 539 3622 618; baseline -0.001 -19"><span class='ocrx_word' id='word_1_243' title='bbox 1976 545 2103 613; x_wconf 92' lang='lat' dir='ltr'><strong>fuit,</strong></span> <span class='ocrx_word' id='word_1_244' title='bbox 2139 545 2239 601; x_wconf 91' lang='lat' dir='ltr'><strong>sed</strong></span> <span class='ocrx_word' id='word_1_245' title='bbox 2271 544 2409 600; x_wconf 87' lang='lat' dir='ltr'><strong>huic</strong></span> <span class='ocrx_word' id='word_1_246' title='bbox 2440 544 2609 618; x_wconf 87' lang='lat' dir='ltr'><strong>signo</strong></span> <span class='ocrx_word' id='word_1_247' title='bbox 2644 542 3123 600; x_wconf 85' lang='lat' dir='ltr'><strong>contradixerunt</strong></span> <span class='ocrx_word' id='word_1_248' title='bbox 3162 539 3487 607; x_wconf 66' lang='lat' dir='ltr'><strong>Manichaai,</strong></span> <span class='ocrx_word' id='word_1_249' title='bbox 3522 557 3622 597; x_wconf 89' lang='lat' dir='ltr'><strong>ne-</strong></span> 
     </span>
    </p>
   </div>
   <div class='ocr_carea' id='block_1_34' title="bbox 1972 631 3625 709">
    <p class='ocr_par' dir='ltr' id='par_1_34' title="bbox 1972 631 3625 709">
     <span class='ocr_line' id='line_1_34' title="bbox 1972 631 3625 709; baseline -0.003 -18"><span class='ocrx_word' id='word_1_250' title='bbox 1972 638 2176 709; x_wconf 87' lang='lat' dir='ltr'><strong>gantes</strong></span> <span class='ocrx_word' id='word_1_251' title='bbox 2206 633 2503 690; x_wconf 89' lang='lat' dir='ltr'><strong>Christum</strong></span> <span class='ocrx_word' id='word_1_252' title='bbox 2540 650 2743 689; x_wconf 91' lang='lat' dir='ltr'><strong>verum</strong></span> <span class='ocrx_word' id='word_1_253' title='bbox 2801 649 3012 705; x_wconf 90' lang='lat' dir='ltr'><strong>corpus</strong></span> <span class='ocrx_word' id='word_1_254' title='bbox 3069 631 3488 703; x_wconf 88' lang='lat' dir='ltr'><strong>assumpsisse,</strong></span> <span class='ocrx_word' id='word_1_255' title='bbox 3520 631 3625 686; x_wconf 88' lang='lat' dir='ltr'><strong>sed</strong></span> 
     </span>
    </p>
   </div>
   <div class='ocr_carea' id='block_1_35' title="bbox 1975 718 3623 798">
    <p class='ocr_par' dir='ltr' id='par_1_35' title="bbox 1975 718 3623 798">
     <span class='ocr_line' id='line_1_35' title="bbox 1975 718 3623 798; baseline -0.002 -19"><span class='ocrx_word' id='word_1_256' title='bbox 1975 742 2078 798; x_wconf 89' lang='lat' dir='ltr'><strong>per</strong></span> <span class='ocrx_word' id='word_1_257' title='bbox 2104 723 2389 797; x_wconf 83' lang='lat' dir='ltr'><strong>virginem</strong></span> <span class='ocrx_word' id='word_1_258' title='bbox 2444 722 2689 778; x_wconf 87' lang='lat' dir='ltr'><strong>Mariam</strong></span> <span class='ocrx_word' id='word_1_259' title='bbox 2720 721 2878 778; x_wconf 88' lang='lat' dir='ltr'><strong>velut</strong></span> <span class='ocrx_word' id='word_1_260' title='bbox 2934 738 3149 794; x_wconf 88' lang='lat' dir='ltr'><strong>aquam</strong></span> <span class='ocrx_word' id='word_1_261' title='bbox 3203 738 3307 793; x_wconf 90' lang='lat' dir='ltr'><strong>per</strong></span> <span class='ocrx_word' id='word_1_262' title='bbox 3362 718 3623 776; x_wconf 79' lang='lat' dir='ltr'><strong>fistulam</strong></span> 
     </span>
    </p>
   </div>
   <div class='ocr_carea' id='block_1_36' title="bbox 1974 809 3628 884">
    <p class='ocr_par' dir='ltr' id='par_1_36' title="bbox 1974 809 3628 884">
     <span class='ocr_line' id='line_1_36' title="bbox 1974 809 3628 884; baseline -0.003 -15"><span class='ocrx_word' id='word_1_263' title='bbox 1974 812 2450 879; x_wconf 87' lang='lat' dir='ltr'><strong>transisse.Quod</strong></span> <span class='ocrx_word' id='word_1_264' title='bbox 2464 829 2595 868; x_wconf 87' lang='lat' dir='ltr'><strong>vero</strong></span> <span class='ocrx_word' id='word_1_265' title='bbox 2617 811 2877 867; x_wconf 91' lang='lat' dir='ltr'><strong>animam</strong></span> <span class='ocrx_word' id='word_1_266' title='bbox 2892 828 2994 884; x_wconf 90' lang='lat' dir='ltr'><strong>pro</strong></span> <span class='ocrx_word' id='word_1_267' title='bbox 3009 814 3206 867; x_wconf 87' lang='lat' dir='ltr'><strong>nostra</strong></span> <span class='ocrx_word' id='word_1_268' title='bbox 3227 809 3628 882; x_wconf 88' lang='lat' dir='ltr'><strong>redemptione</strong></span> 
     </span>
    </p>
   </div>
   <div class='ocr_carea' id='block_1_37' title="bbox 1976 899 3629 974">
    <p class='ocr_par' dir='ltr' id='par_1_37' title="bbox 1976 899 3629 974">
     <span class='ocr_line' id='line_1_37' title="bbox 1976 899 3629 974; baseline -0.002 -16"><span class='ocrx_word' id='word_1_269' title='bbox 1976 901 2497 974; x_wconf 88' lang='lat' dir='ltr'><strong>suscepit,signum</strong></span> <span class='ocrx_word' id='word_1_270' title='bbox 2530 900 2765 968; x_wconf 85' lang='lat' dir='ltr'><strong>fuit,sed</strong></span> <span class='ocrx_word' id='word_1_271' title='bbox 2788 901 2925 955; x_wconf 88' lang='lat' dir='ltr'><strong>huic</strong></span> <span class='ocrx_word' id='word_1_272' title='bbox 2955 900 3121 972; x_wconf 89' lang='lat' dir='ltr'><strong>signo</strong></span> <span class='ocrx_word' id='word_1_273' title='bbox 3152 899 3629 955; x_wconf 86' lang='lat' dir='ltr'><strong>contradixerunt</strong></span> 
     </span>
    </p>
   </div>
   <div class='ocr_carea' id='block_1_38' title="bbox 1977 986 3632 1058">
    <p class='ocr_par' dir='ltr' id='par_1_38' title="bbox 1977 986 3632 1058">
     <span class='ocr_line' id='line_1_38' title="bbox 1977 986 3632 1058; baseline -0.003 -12"><span class='ocrx_word' id='word_1_274' title='bbox 1977 991 2289 1048; x_wconf 74' lang='lat' dir='ltr'><strong>Donatistae</strong></span> <span class='ocrx_word' id='word_1_275' title='bbox 2321 990 2574 1045; x_wconf 65' lang='lat' dir='ltr'><strong>haeretici</strong></span> <span class='ocrx_word' id='word_1_276' title='bbox 2601 1008 2615 1058; x_wconf 88' lang='lat'><strong>;</strong></span> <span class='ocrx_word' id='word_1_277' title='bbox 2651 990 2751 1045; x_wconf 92' lang='lat' dir='ltr'><strong>sed</strong></span> <span class='ocrx_word' id='word_1_278' title='bbox 2784 989 2995 1045; x_wconf 90' lang='lat' dir='ltr'><strong>horum</strong></span> <span class='ocrx_word' id='word_1_279' title='bbox 3047 987 3312 1044; x_wconf 91' lang='lat' dir='ltr'><strong>omnium</strong></span> <span class='ocrx_word' id='word_1_280' title='bbox 3340 986 3632 1044; x_wconf 85' lang='lat' dir='ltr'><strong>contradi-</strong></span> 
     </span>
    </p>
   </div>
   <div class='ocr_carea' id='block_1_39' title="bbox 1975 1076 3625 1151">
    <p class='ocr_par' dir='ltr' id='par_1_39' title="bbox 1975 1076 3625 1151">
     <span class='ocr_line' id='line_1_39' title="bbox 1975 1076 3625 1151; baseline -0.003 -15"><span class='ocrx_word' id='word_1_281' title='bbox 1975 1081 2217 1151; x_wconf 88' lang='lat' dir='ltr'><strong>ctiones,</strong></span> <span class='ocrx_word' id='word_1_282' title='bbox 2242 1078 2449 1135; x_wconf 82' lang='lat' dir='ltr'><strong>divinae</strong></span> <span class='ocrx_word' id='word_1_283' title='bbox 2481 1079 2791 1151; x_wconf 64' lang='lat' dir='ltr'><strong>Scriptura;</strong></span> <span class='ocrx_word' id='word_1_284' title='bbox 2823 1077 3125 1134; x_wconf 87' lang='lat' dir='ltr'><strong>conculcat</strong></span> <span class='ocrx_word' id='word_1_285' title='bbox 3153 1076 3491 1134; x_wconf 85' lang='lat' dir='ltr'><strong>auctoritas.</strong></span> <span class='ocrx_word' id='word_1_286' title='bbox 3524 1076 3625 1132; x_wconf 88' lang='lat' dir='ltr'><strong>His</strong></span> 
     </span>
    </p>
   </div>
   <div class='ocr_carea' id='block_1_40' title="bbox 1977 1163 3625 1244">
    <p class='ocr_par' dir='ltr' id='par_1_40' title="bbox 1977 1163 3625 1244">
     <span class='ocr_line' id='line_1_40' title="bbox 1977 1163 3625 1244; baseline -0.004 -19"><span class='ocrx_word' id='word_1_287' title='bbox 1977 1170 2133 1226; x_wconf 91' lang='lat' dir='ltr'><strong>enim</strong></span> <span class='ocrx_word' id='word_1_288' title='bbox 2165 1169 2265 1244; x_wconf 85' lang='lat' dir='ltr'><strong>qui</strong></span> <span class='ocrx_word' id='word_1_289' title='bbox 2295 1169 2562 1223; x_wconf 85' lang='lat' dir='ltr'><strong>dixerunt</strong></span> <span class='ocrx_word' id='word_1_290' title='bbox 2590 1166 2874 1239; x_wconf 85' lang='lat' dir='ltr'><strong>virginem</strong></span> <span class='ocrx_word' id='word_1_291' title='bbox 2905 1164 3269 1239; x_wconf 89' lang='lat' dir='ltr'><strong>impossibile</strong></span> <span class='ocrx_word' id='word_1_292' title='bbox 3282 1181 3409 1221; x_wconf 88' lang='lat' dir='ltr'><strong>esse</strong></span> <span class='ocrx_word' id='word_1_293' title='bbox 3430 1163 3625 1221; x_wconf 90' lang='lat' dir='ltr'><strong>conci-</strong></span> 
     </span>
    </p>
   </div>
   <div class='ocr_carea' id='block_1_41' title="bbox 1977 1255 3629 1331">
    <p class='ocr_par' dir='ltr' id='par_1_41' title="bbox 1977 1255 3629 1331">
     <span class='ocr_line' id='line_1_41' title="bbox 1977 1255 3629 1331; baseline -0.003 -17"><span class='ocrx_word' id='word_1_294' title='bbox 1977 1276 2112 1331; x_wconf 88' lang='lat' dir='ltr'><strong>pere</strong></span> <span class='ocrx_word' id='word_1_295' title='bbox 2142 1264 2199 1314; x_wconf 87' lang='lat' dir='ltr'><strong>et</strong></span> <span class='ocrx_word' id='word_1_296' title='bbox 2229 1273 2448 1330; x_wconf 88' lang='lat' dir='ltr'><strong>parere,</strong></span> <span class='ocrx_word' id='word_1_297' title='bbox 2474 1260 2531 1312; x_wconf 87' lang='lat' dir='ltr'><strong>et</strong></span> <span class='ocrx_word' id='word_1_298' title='bbox 2560 1261 2692 1329; x_wconf 91' lang='lat' dir='ltr'><strong>post</strong></span> <span class='ocrx_word' id='word_1_299' title='bbox 2720 1255 3004 1328; x_wconf 84' lang='lat' dir='ltr'><strong>virginem</strong></span> <span class='ocrx_word' id='word_1_300' title='bbox 3036 1258 3629 1327; x_wconf 88' lang='lat' dir='ltr'><strong>permanere,contra-</strong></span> 
     </span>
    </p>
   </div>
   <div class='ocr_carea' id='block_1_42' title="bbox 1978 1342 3626 1418">
    <p class='ocr_par' dir='ltr' id='par_1_42' title="bbox 1978 1342 3626 1418">
     <span class='ocr_line' id='line_1_42' title="bbox 1978 1342 3626 1418; baseline -0.003 -15"><span class='ocrx_word' id='word_1_301' title='bbox 1978 1346 2119 1404; x_wconf 89' lang='lat' dir='ltr'><strong>dicit</strong></span> <span class='ocrx_word' id='word_1_302' title='bbox 2148 1362 2342 1402; x_wconf 86' lang='lat' dir='ltr'><strong>sermo</strong></span> <span class='ocrx_word' id='word_1_303' title='bbox 2374 1345 2769 1418; x_wconf 87' lang='lat' dir='ltr'><strong>propheticus,</strong></span> <span class='ocrx_word' id='word_1_304' title='bbox 2803 1345 2904 1416; x_wconf 92' lang='lat' dir='ltr'><strong>qui</strong></span> <span class='ocrx_word' id='word_1_305' title='bbox 2935 1345 3052 1401; x_wconf 89' lang='lat' dir='ltr'><strong>ait:</strong></span> <span class='ocrx_word' id='word_1_306' title='bbox 3087 1368 3115 1394; x_wconf 89' lang='grc'><strong>‹‹</strong></span> <span class='ocrx_word' id='word_1_307' title='bbox 3143 1344 3286 1399; x_wconf 90' lang='lat' dir='ltr'><strong>Ecce</strong></span> <span class='ocrx_word' id='word_1_308' title='bbox 3312 1342 3474 1416; x_wconf 90' lang='lat' dir='ltr'><strong>virgo</strong></span> <span class='ocrx_word' id='word_1_309' title='bbox 3495 1360 3626 1399; x_wconf 90' lang='lat' dir='ltr'><strong>con-</strong></span> 
     </span>
    </p>
   </div>
   <div class='ocr_carea' id='block_1_43' title="bbox 1979 1433 3627 1509">
    <p class='ocr_par' dir='ltr' id='par_1_43' title="bbox 1979 1433 3627 1509">
     <span class='ocr_line' id='line_1_43' title="bbox 1979 1433 3627 1509; baseline -0.002 -18"><span class='ocrx_word' id='word_1_310' title='bbox 1979 1437 2154 1509; x_wconf 65' lang='lat' dir='ltr'><strong>cipiet</strong></span> <span class='ocrx_word' id='word_1_311' title='bbox 2183 1441 2241 1491; x_wconf 91' lang='lat' dir='ltr'><strong>et</strong></span> <span class='ocrx_word' id='word_1_312' title='bbox 2280 1435 2468 1507; x_wconf 89' lang='lat' dir='ltr'><strong>pariet</strong></span> <span class='ocrx_word' id='word_1_313' title='bbox 2524 1433 2733 1501; x_wconf 82' lang='lat' dir='ltr'><strong>lilium,</strong></span> <span class='ocrx_word' id='word_1_314' title='bbox 2765 1437 2821 1488; x_wconf 92' lang='lat' dir='ltr'><strong>et</strong></span> <span class='ocrx_word' id='word_1_315' title='bbox 2866 1434 3171 1490; x_wconf 89' lang='lat' dir='ltr'><strong>vocabitur</strong></span> <span class='ocrx_word' id='word_1_316' title='bbox 3226 1449 3440 1488; x_wconf 89' lang='lat' dir='ltr'><strong>nomen</strong></span> <span class='ocrx_word' id='word_1_317' title='bbox 3497 1434 3627 1505; x_wconf 89' lang='lat' dir='ltr'><strong>ejus</strong></span> 
     </span>
    </p>
   </div>
   <div class='ocr_carea' id='block_1_44' title="bbox 1978 1523 3625 1596">
    <p class='ocr_par' dir='ltr' id='par_1_44' title="bbox 1978 1523 3625 1596">
     <span class='ocr_line' id='line_1_44' title="bbox 1978 1523 3625 1596; baseline -0.003 -14"><span class='ocrx_word' id='word_1_318' title='bbox 1978 1523 2346 1592; x_wconf 86' lang='lat' dir='ltr'><strong>Emmanuel,</strong></span> <span class='ocrx_word' id='word_1_319' title='bbox 2377 1523 2533 1596; x_wconf 90' lang='lat' dir='ltr'><strong>quod</strong></span> <span class='ocrx_word' id='word_1_320' title='bbox 2566 1523 2978 1594; x_wconf 88' lang='lat' dir='ltr'><strong>interpretatur</strong></span> <span class='ocrx_word' id='word_1_321' title='bbox 3013 1524 3297 1578; x_wconf 74' lang='lat' dir='ltr'><strong>nobiscum</strong></span> <span class='ocrx_word' id='word_1_322' title='bbox 3324 1524 3464 1578; x_wconf 75' lang='lat' dir='ltr'><strong>Deus</strong></span> <span class='ocrx_word' id='word_1_323' title='bbox 3488 1524 3625 1580; x_wconf 76' lang='lat' dir='ltr'><strong>Usa.</strong></span> 
     </span>
    </p>
   </div>
   <div class='ocr_carea' id='block_1_45' title="bbox 1978 1612 3628 1689">
    <p class='ocr_par' dir='ltr' id='par_1_45' title="bbox 1978 1612 3628 1689">
     <span class='ocr_line' id='line_1_45' title="bbox 1978 1612 3628 1689; baseline -0.002 -17"><span class='ocrx_word' id='word_1_324' title='bbox 1978 1616 2137 1689; x_wconf 76' lang='lat' dir='ltr'><strong>vu).»</strong></span> <span class='ocrx_word' id='word_1_325' title='bbox 2169 1614 2293 1670; x_wconf 88' lang='lat' dir='ltr'><strong>Illis</strong></span> <span class='ocrx_word' id='word_1_326' title='bbox 2326 1618 2526 1670; x_wconf 90' lang='lat' dir='ltr'><strong>autem</strong></span> <span class='ocrx_word' id='word_1_327' title='bbox 2548 1612 2646 1685; x_wconf 91' lang='lat' dir='ltr'><strong>qui</strong></span> <span class='ocrx_word' id='word_1_328' title='bbox 2672 1628 2806 1667; x_wconf 91' lang='lat' dir='ltr'><strong>eum</strong></span> <span class='ocrx_word' id='word_1_329' title='bbox 2826 1628 3021 1667; x_wconf 88' lang='lat' dir='ltr'><strong>veram</strong></span> <span class='ocrx_word' id='word_1_330' title='bbox 3045 1627 3280 1667; x_wconf 88' lang='lat' dir='ltr'><strong>carnem</strong></span> <span class='ocrx_word' id='word_1_331' title='bbox 3297 1612 3628 1684; x_wconf 89' lang='lat' dir='ltr'><strong>suscepisse</strong></span> 
     </span>
    </p>
   </div>
   <div class='ocr_carea' id='block_1_46' title="bbox 1980 1699 3624 1778">
    <p class='ocr_par' dir='ltr' id='par_1_46' title="bbox 1980 1699 3624 1778">
     <span class='ocr_line' id='line_1_46' title="bbox 1980 1699 3624 1778; baseline -0.002 -17"><span class='ocrx_word' id='word_1_332' title='bbox 1980 1703 2481 1778; x_wconf 65' lang='lat' dir='ltr'><strong>negaveruntﬁde</strong></span> <span class='ocrx_word' id='word_1_333' title='bbox 2498 1706 2763 1758; x_wconf 89' lang='lat' dir='ltr'><strong>armatus</strong></span> <span class='ocrx_word' id='word_1_334' title='bbox 2784 1700 3035 1758; x_wconf 88' lang='lat' dir='ltr'><strong>occurrit</strong></span> <span class='ocrx_word' id='word_1_335' title='bbox 3050 1699 3382 1773; x_wconf 87' lang='lat' dir='ltr'><strong>Apostolus,</strong></span> <span class='ocrx_word' id='word_1_336' title='bbox 3405 1701 3624 1757; x_wconf 89' lang='lat' dir='ltr'><strong>dicens:</strong></span> 
     </span>
    </p>
   </div>
   <div class='ocr_carea' id='block_1_47' title="bbox 1982 1789 3627 1861">
    <p class='ocr_par' dir='ltr' id='par_1_47' title="bbox 1982 1789 3627 1861">
     <span class='ocr_line' id='line_1_47' title="bbox 1982 1789 3627 1861; baseline -0.001 -15"><span class='ocrx_word' id='word_1_337' title='bbox 1982 1819 2010 1846; x_wconf 88' lang='grc'><strong>‹‹</strong></span> <span class='ocrx_word' id='word_1_338' title='bbox 2044 1794 2150 1861; x_wconf 89' lang='lat' dir='ltr'><strong>Qui</strong></span> <span class='ocrx_word' id='word_1_339' title='bbox 2183 1794 2373 1849; x_wconf 87' lang='lat' dir='ltr'><strong>factus</strong></span> <span class='ocrx_word' id='word_1_340' title='bbox 2402 1796 2491 1847; x_wconf 91' lang='lat' dir='ltr'><strong>est</strong></span> <span class='ocrx_word' id='word_1_341' title='bbox 2521 1791 2571 1846; x_wconf 91' lang='lat' dir='ltr'>ei</span> <span class='ocrx_word' id='word_1_342' title='bbox 2604 1808 2673 1846; x_wconf 85' lang='lat' dir='ltr'><strong>ex</strong></span> <span class='ocrx_word' id='word_1_343' title='bbox 2703 1789 2925 1846; x_wconf 88' lang='lat' dir='ltr'><strong>semine</strong></span> <span class='ocrx_word' id='word_1_344' title='bbox 2949 1789 3127 1844; x_wconf 84' lang='lat' dir='ltr'><strong>David</strong></span> <span class='ocrx_word' id='word_1_345' title='bbox 3158 1790 3481 1845; x_wconf 90' lang='lat' dir='ltr'><strong>secundum</strong></span> <span class='ocrx_word' id='word_1_346' title='bbox 3505 1808 3627 1846; x_wconf 91' lang='lat' dir='ltr'><strong>car-</strong></span> 
     </span>
    </p>
   </div>
   <div class='ocr_carea' id='block_1_48' title="bbox 1980 1876 3632 1953">
    <p class='ocr_par' dir='ltr' id='par_1_48' title="bbox 1980 1876 3632 1953">
     <span class='ocr_line' id='line_1_48' title="bbox 1980 1876 3632 1953; baseline -0.003 -14"><span class='ocrx_word' id='word_1_347' title='bbox 1980 1900 2114 1940; x_wconf 89' lang='lat' dir='ltr'>nem</span> <span class='ocrx_word' id='word_1_348' title='bbox 2146 1880 2423 1953; x_wconf 83' lang='lat' dir='ltr'><strong>(Rom.1).»</strong></span> <span class='ocrx_word' id='word_1_349' title='bbox 2459 1879 2754 1935; x_wconf 83' lang='lat' dir='ltr'><strong>Etiterum</strong></span> <span class='ocrx_word' id='word_1_350' title='bbox 2772 1895 2823 1934; x_wconf 87' lang='lat'><strong>:«</strong></span> <span class='ocrx_word' id='word_1_351' title='bbox 2848 1878 2993 1933; x_wconf 90' lang='lat' dir='ltr'><strong>Cum</strong></span> <span class='ocrx_word' id='word_1_352' title='bbox 3020 1876 3319 1950; x_wconf 87' lang='lat' dir='ltr'><strong>plenitudo</strong></span> <span class='ocrx_word' id='word_1_353' title='bbox 3347 1879 3632 1950; x_wconf 89' lang='lat' dir='ltr'><strong>temporis</strong></span> 
     </span>
    </p>
   </div>
   <div class='ocr_carea' id='block_1_49' title="bbox 1980 1966 3628 2041">
    <p class='ocr_par' dir='ltr' id='par_1_49' title="bbox 1980 1966 3628 2041">
     <span class='ocr_line' id='line_1_49' title="bbox 1980 1966 3628 2041; baseline -0.003 -13"><span class='ocrx_word' id='word_1_354' title='bbox 1980 1972 2156 2041; x_wconf 86' lang='lat' dir='ltr'><strong>venit,</strong></span> <span class='ocrx_word' id='word_1_355' title='bbox 2192 1969 2353 2026; x_wconf 89' lang='lat' dir='ltr'><strong>misit</strong></span> <span class='ocrx_word' id='word_1_356' title='bbox 2383 1970 2537 2026; x_wconf 90' lang='lat' dir='ltr'><strong>Deus</strong></span> <span class='ocrx_word' id='word_1_357' title='bbox 2568 1968 2777 2024; x_wconf 91' lang='lat' dir='ltr'><strong>Filium</strong></span> <span class='ocrx_word' id='word_1_358' title='bbox 2810 1984 2984 2023; x_wconf 89' lang='lat' dir='ltr'><strong>suum</strong></span> <span class='ocrx_word' id='word_1_359' title='bbox 3016 1967 3236 2022; x_wconf 89' lang='lat' dir='ltr'><strong>factum</strong></span> <span class='ocrx_word' id='word_1_360' title='bbox 3268 1983 3337 2022; x_wconf 85' lang='lat' dir='ltr'><strong>ex</strong></span> <span class='ocrx_word' id='word_1_361' title='bbox 3364 1966 3628 2035; x_wconf 84' lang='lat' dir='ltr'><strong>muliere,</strong></span> 
     </span>
    </p>
   </div>
   <div class='ocr_carea' id='block_1_50' title="bbox 1982 2054 3632 2131">
    <p class='ocr_par' dir='ltr' id='par_1_50' title="bbox 1982 2054 3632 2131">
     <span class='ocr_line' id='line_1_50' title="bbox 1982 2054 3632 2131; baseline -0.005 -13"><span class='ocrx_word' id='word_1_362' title='bbox 1982 2063 2199 2119; x_wconf 82' lang='lat' dir='ltr'><strong>factum</strong></span> <span class='ocrx_word' id='word_1_363' title='bbox 2231 2060 2341 2116; x_wconf 91' lang='lat' dir='ltr'><strong>sub</strong></span> <span class='ocrx_word' id='word_1_364' title='bbox 2373 2058 2519 2131; x_wconf 85' lang='lat' dir='ltr'><strong>lege,</strong></span> <span class='ocrx_word' id='word_1_365' title='bbox 2551 2061 2617 2112; x_wconf 91' lang='lat' dir='ltr'><strong>ut</strong></span> <span class='ocrx_word' id='word_1_366' title='bbox 2655 2074 2755 2112; x_wconf 90' lang='lat' dir='ltr'><strong>eos</strong></span> <span class='ocrx_word' id='word_1_367' title='bbox 2785 2055 2885 2129; x_wconf 91' lang='lat' dir='ltr'><strong>qui</strong></span> <span class='ocrx_word' id='word_1_368' title='bbox 2917 2056 3027 2111; x_wconf 88' lang='lat' dir='ltr'><strong>sub</strong></span> <span class='ocrx_word' id='word_1_369' title='bbox 3084 2054 3210 2129; x_wconf 85' lang='lat' dir='ltr'><strong>lege</strong></span> <span class='ocrx_word' id='word_1_370' title='bbox 3258 2060 3445 2126; x_wconf 88' lang='lat' dir='ltr'><strong>erant,</strong></span> <span class='ocrx_word' id='word_1_371' title='bbox 3480 2056 3632 2112; x_wconf 92' lang='lat' dir='ltr'><strong>redi-</strong></span> 
     </span>
    </p>
   </div>
   <div class='ocr_carea' id='block_1_51' title="bbox 1983 2145 3625 2220">
    <p class='ocr_par' dir='ltr' id='par_1_51' title="bbox 1983 2145 3625 2220">
     <span class='ocr_line' id='line_1_51' title="bbox 1983 2145 3625 2220; baseline -0.004 -13"><span class='ocrx_word' id='word_1_372' title='bbox 1983 2154 2168 2207; x_wconf 89' lang='lat' dir='ltr'><strong>meret</strong></span> <span class='ocrx_word' id='word_1_373' title='bbox 2188 2150 2332 2220; x_wconf 84' lang='lat' dir='ltr'><strong>(Gal.</strong></span> <span class='ocrx_word' id='word_1_374' title='bbox 2369 2151 2465 2216; x_wconf 84' lang='lat' dir='ltr'><strong>IV).</strong></span> <span class='ocrx_word' id='word_1_375' title='bbox 2495 2146 2764 2201; x_wconf 75' lang='lat' dir='ltr'><strong>nlllorum</strong></span> <span class='ocrx_word' id='word_1_376' title='bbox 2796 2149 2993 2201; x_wconf 91' lang='lat' dir='ltr'><strong>autem</strong></span> <span class='ocrx_word' id='word_1_377' title='bbox 3024 2145 3378 2217; x_wconf 89' lang='lat' dir='ltr'><strong>opinionem,</strong></span> <span class='ocrx_word' id='word_1_378' title='bbox 3408 2145 3509 2217; x_wconf 90' lang='lat' dir='ltr'><strong>qui</strong></span> <span class='ocrx_word' id='word_1_379' title='bbox 3540 2145 3625 2200; x_wconf 53' lang='lat' dir='ltr'><strong>div</strong></span> 
     </span>
    </p>
   </div>
   <div class='ocr_carea' id='block_1_52' title="bbox 1981 2233 3633 2307">
    <p class='ocr_par' dir='ltr' id='par_1_52' title="bbox 1981 2233 3633 2307">
     <span class='ocr_line' id='line_1_52' title="bbox 1981 2233 3633 2307; baseline -0.004 -10"><span class='ocrx_word' id='word_1_380' title='bbox 1981 2243 2192 2297; x_wconf 83' lang='lat' dir='ltr'><strong>xerunt</strong></span> <span class='ocrx_word' id='word_1_381' title='bbox 2222 2236 2560 2293; x_wconf 85' lang='lat' dir='ltr'><strong>rationalem</strong></span> <span class='ocrx_word' id='word_1_382' title='bbox 2590 2235 2850 2290; x_wconf 89' lang='lat' dir='ltr'><strong>animam</strong></span> <span class='ocrx_word' id='word_1_383' title='bbox 2872 2233 3168 2290; x_wconf 87' lang='lat' dir='ltr'><strong>Christum</strong></span> <span class='ocrx_word' id='word_1_384' title='bbox 3203 2252 3319 2290; x_wconf 92' lang='lat' dir='ltr'><strong>non</strong></span> <span class='ocrx_word' id='word_1_385' title='bbox 3348 2251 3522 2307; x_wconf 92' lang='lat' dir='ltr'><strong>posse</strong></span> <span class='ocrx_word' id='word_1_386' title='bbox 3537 2252 3633 2291; x_wconf 90' lang='lat' dir='ltr'><strong>su-</strong></span> 
     </span>
    </p>
   </div>
   <div class='ocr_carea' id='block_1_53' title="bbox 1985 2322 3632 2402">
    <p class='ocr_par' dir='ltr' id='par_1_53' title="bbox 1985 2322 3632 2402">
     <span class='ocr_line' id='line_1_53' title="bbox 1985 2322 3632 2402; baseline -0.004 -17"><span class='ocrx_word' id='word_1_387' title='bbox 1985 2329 2228 2402; x_wconf 89' lang='lat' dir='ltr'><strong>scipere,</strong></span> <span class='ocrx_word' id='word_1_388' title='bbox 2261 2325 2547 2383; x_wconf 85' lang='lat' dir='ltr'><strong>destruxit</strong></span> <span class='ocrx_word' id='word_1_389' title='bbox 2576 2325 2700 2396; x_wconf 90' lang='lat' dir='ltr'><strong>ipse</strong></span> <span class='ocrx_word' id='word_1_390' title='bbox 2732 2323 3017 2380; x_wconf 89' lang='lat' dir='ltr'><strong>Dominus</strong></span> <span class='ocrx_word' id='word_1_391' title='bbox 3046 2340 3181 2379; x_wconf 92' lang='lat' dir='ltr'><strong>cum</strong></span> <span class='ocrx_word' id='word_1_392' title='bbox 3211 2324 3325 2379; x_wconf 89' lang='lat' dir='ltr'><strong>ait:</strong></span> <span class='ocrx_word' id='word_1_393' title='bbox 3364 2345 3392 2374; x_wconf 83' lang='lat'><strong>«</strong></span> <span class='ocrx_word' id='word_1_394' title='bbox 3422 2322 3632 2380; x_wconf 92' lang='lat' dir='ltr'><strong>Tristis</strong></span> 
     </span>
    </p>
   </div>
   <div class='ocr_carea' id='block_1_54' title="bbox 1984 2413 3667 2487">
    <p class='ocr_par' dir='ltr' id='par_1_54' title="bbox 1984 2413 3667 2487">
     <span class='ocr_line' id='line_1_54' title="bbox 1984 2413 3667 2487; baseline -0.004 -12"><span class='ocrx_word' id='word_1_395' title='bbox 1984 2422 2074 2475; x_wconf 89' lang='lat' dir='ltr'><strong>est</strong></span> <span class='ocrx_word' id='word_1_396' title='bbox 2104 2417 2301 2474; x_wconf 89' lang='lat' dir='ltr'><strong>anima</strong></span> <span class='ocrx_word' id='word_1_397' title='bbox 2331 2432 2459 2471; x_wconf 89' lang='lat' dir='ltr'><strong>mea</strong></span> <span class='ocrx_word' id='word_1_398' title='bbox 2490 2430 2679 2487; x_wconf 89' lang='lat' dir='ltr'><strong>usque</strong></span> <span class='ocrx_word' id='word_1_399' title='bbox 2720 2415 2792 2469; x_wconf 87' lang='lat' dir='ltr'><strong>ad</strong></span> <span class='ocrx_word' id='word_1_400' title='bbox 2826 2417 3074 2469; x_wconf 89' lang='lat' dir='ltr'><strong>mortem</strong></span> <span class='ocrx_word' id='word_1_401' title='bbox 3106 2417 3307 2483; x_wconf 86' lang='lat' dir='ltr'><strong>(Marc.</strong></span> <span class='ocrx_word' id='word_1_402' title='bbox 3333 2413 3467 2485; x_wconf 78' lang='lat' dir='ltr'><strong>XIV).</strong></span> <span class='ocrx_word' id='word_1_403' title='bbox 3502 2435 3530 2464; x_wconf 83' lang='lat'><strong>»</strong></span> <span class='ocrx_word' id='word_1_404' title='bbox 3565 2414 3667 2469; x_wconf 72' lang='lat' dir='ltr'><strong>Et‘</strong></span> 
     </span>
    </p>
   </div>
   <div class='ocr_carea' id='block_1_55' title="bbox 1986 2502 3631 2574">
    <p class='ocr_par' dir='ltr' id='par_1_55' title="bbox 1986 2502 3631 2574">
     <span class='ocr_line' id='line_1_55' title="bbox 1986 2502 3631 2574; baseline -0.004 -11"><span class='ocrx_word' id='word_1_405' title='bbox 1986 2508 2200 2563; x_wconf 90' lang='lat' dir='ltr'><strong>iterum</strong></span> <span class='ocrx_word' id='word_1_406' title='bbox 2225 2523 2238 2560; x_wconf 88' lang='lat'><strong>:</strong></span> <span class='ocrx_word' id='word_1_407' title='bbox 2264 2528 2291 2556; x_wconf 84' lang='lat'><strong>«</strong></span> <span class='ocrx_word' id='word_1_408' title='bbox 2310 2506 2661 2561; x_wconf 89' lang='lat' dir='ltr'><strong>Potestatem</strong></span> <span class='ocrx_word' id='word_1_409' title='bbox 2678 2502 2863 2559; x_wconf 91' lang='lat' dir='ltr'><strong>habeo</strong></span> <span class='ocrx_word' id='word_1_410' title='bbox 2877 2502 3128 2574; x_wconf 90' lang='lat' dir='ltr'><strong>ponendi</strong></span> <span class='ocrx_word' id='word_1_411' title='bbox 3143 2502 3404 2558; x_wconf 78' lang='lat' dir='ltr'><strong>animam</strong></span> <span class='ocrx_word' id='word_1_412' title='bbox 3419 2518 3631 2571; x_wconf 89' lang='lat' dir='ltr'><strong>meam,</strong></span> 
     </span>
    </p>
   </div>
   <div class='ocr_carea' id='block_1_56' title="bbox 1988 2590 3635 2664">
    <p class='ocr_par' dir='ltr' id='par_1_56' title="bbox 1988 2590 3635 2664">
     <span class='ocr_line' id='line_1_56' title="bbox 1988 2590 3635 2664; baseline -0.004 -12"><span class='ocrx_word' id='word_1_413' title='bbox 1988 2600 2044 2652; x_wconf 90' lang='lat' dir='ltr'><strong>et</strong></span> <span class='ocrx_word' id='word_1_414' title='bbox 2074 2595 2287 2651; x_wconf 90' lang='lat' dir='ltr'><strong>iterum</strong></span> <span class='ocrx_word' id='word_1_415' title='bbox 2319 2591 2592 2650; x_wconf 87' lang='lat' dir='ltr'><strong>sumendi</strong></span> <span class='ocrx_word' id='word_1_416' title='bbox 2624 2608 2754 2647; x_wconf 89' lang='lat' dir='ltr'><strong>eam</strong></span> <span class='ocrx_word' id='word_1_417' title='bbox 2785 2591 3055 2659; x_wconf 82' lang='lat' dir='ltr'><strong>(Joan.x).</strong></span> <span class='ocrx_word' id='word_1_418' title='bbox 3089 2591 3195 2646; x_wconf 86' lang='lat' dir='ltr'><strong>»Et</strong></span> <span class='ocrx_word' id='word_1_419' title='bbox 3224 2590 3364 2663; x_wconf 87' lang='lat' dir='ltr'><strong>quia</strong></span> <span class='ocrx_word' id='word_1_420' title='bbox 3392 2590 3635 2664; x_wconf 89' lang='lat' dir='ltr'><strong>longum</strong></span> 
     </span>
    </p>
   </div>
   <div class='ocr_carea' id='block_1_57' title="bbox 1988 2679 3640 2757">
    <p class='ocr_par' dir='ltr' id='par_1_57' title="bbox 1988 2679 3640 2757">
     <span class='ocr_line' id='line_1_57' title="bbox 1988 2679 3640 2757; baseline -0.004 -16"><span class='ocrx_word' id='word_1_421' title='bbox 1988 2688 2077 2741; x_wconf 90' lang='lat' dir='ltr'><strong>est</strong></span> <span class='ocrx_word' id='word_1_422' title='bbox 2104 2684 2187 2740; x_wconf 92' lang='lat' dir='ltr'><strong>ire</strong></span> <span class='ocrx_word' id='word_1_423' title='bbox 2217 2699 2321 2757; x_wconf 90' lang='lat' dir='ltr'><strong>per</strong></span> <span class='ocrx_word' id='word_1_424' title='bbox 2376 2679 2631 2755; x_wconf 88' lang='lat' dir='ltr'><strong>singula,</strong></span> <span class='ocrx_word' id='word_1_425' title='bbox 2677 2680 2877 2735; x_wconf 88' lang='lat' dir='ltr'><strong>omnia</strong></span> <span class='ocrx_word' id='word_1_426' title='bbox 2927 2695 3103 2752; x_wconf 85' lang='lat' dir='ltr'><strong>Opera</strong></span> <span class='ocrx_word' id='word_1_427' title='bbox 3131 2696 3259 2751; x_wconf 66' lang='lat' dir='ltr'><strong>quae</strong></span> <span class='ocrx_word' id='word_1_428' title='bbox 3304 2679 3441 2735; x_wconf 87' lang='lat' dir='ltr'><strong>fecit</strong></span> <span class='ocrx_word' id='word_1_429' title='bbox 3468 2679 3640 2751; x_wconf 82' lang='lat' dir='ltr'><strong>signa</strong></span> 
     </span>
    </p>
   </div>
   <div class='ocr_carea' id='block_1_58' title="bbox 1989 2766 3638 2841">
    <p class='ocr_par' dir='ltr' id='par_1_58' title="bbox 1989 2766 3638 2841">
     <span class='ocr_line' id='line_1_58' title="bbox 1989 2766 3638 2841; baseline -0.004 -11"><span class='ocrx_word' id='word_1_430' title='bbox 1989 2775 2245 2840; x_wconf 88' lang='lat' dir='ltr'><strong>fuerunt,</strong></span> <span class='ocrx_word' id='word_1_431' title='bbox 2281 2771 2381 2827; x_wconf 90' lang='lat' dir='ltr'><strong>sed</strong></span> <span class='ocrx_word' id='word_1_432' title='bbox 2411 2769 2507 2826; x_wconf 91' lang='lat' dir='ltr'><strong>his</strong></span> <span class='ocrx_word' id='word_1_433' title='bbox 2564 2768 2748 2841; x_wconf 87' lang='lat' dir='ltr'><strong>signis</strong></span> <span class='ocrx_word' id='word_1_434' title='bbox 2779 2767 3254 2824; x_wconf 88' lang='lat' dir='ltr'><strong>contradixerunt</strong></span> <span class='ocrx_word' id='word_1_435' title='bbox 3276 2766 3504 2840; x_wconf 87' lang='lat' dir='ltr'><strong>reprobi</strong></span> <span class='ocrx_word' id='word_1_436' title='bbox 3534 2766 3638 2823; x_wconf 86' lang='lat' dir='ltr'><strong>ho-</strong></span> 
     </span>
    </p>
   </div>
   <div class='ocr_carea' id='block_1_59' title="bbox 1989 2863 2201 2919">
    <p class='ocr_par' dir='ltr' id='par_1_59' title="bbox 1989 2863 2201 2919">
     <span class='ocr_line' id='line_1_59' title="bbox 1989 2863 2201 2919; baseline -0.014 0"><span class='ocrx_word' id='word_1_437' title='bbox 1989 2863 2201 2919; x_wconf 91' lang='lat' dir='ltr'><strong>mines.</strong></span> 
     </span>
    </p>
   </div>
   <div class='ocr_carea' id='block_1_60' title="bbox 2062 2945 3634 3021">
    <p class='ocr_par' dir='ltr' id='par_1_60' title="bbox 2062 2945 3634 3021">
     <span class='ocr_line' id='line_1_60' title="bbox 2062 2945 3634 3021; baseline -0.004 -14"><span class='ocrx_word' id='word_1_438' title='bbox 2062 2976 2091 3002; x_wconf 87' lang='lat'><strong>«</strong></span> <span class='ocrx_word' id='word_1_439' title='bbox 2124 2953 2195 3007; x_wconf 90' lang='lat' dir='ltr'><strong>Et</strong></span> <span class='ocrx_word' id='word_1_440' title='bbox 2222 2953 2384 3005; x_wconf 91' lang='lat' dir='ltr'><strong>tuam</strong></span> <span class='ocrx_word' id='word_1_441' title='bbox 2416 2948 2603 3021; x_wconf 88' lang='lat' dir='ltr'><strong>ipsius</strong></span> <span class='ocrx_word' id='word_1_442' title='bbox 2636 2946 2896 3003; x_wconf 90' lang='lat' dir='ltr'><strong>animam</strong></span> <span class='ocrx_word' id='word_1_443' title='bbox 2929 2946 3308 3019; x_wconf 90' lang='lat' dir='ltr'><strong>pertransibit</strong></span> <span class='ocrx_word' id='word_1_444' title='bbox 3336 2945 3634 3020; x_wconf 80' lang='lat' dir='ltr'><strong>gladius.»</strong></span> 
     </span>
    </p>
   </div>
   <div class='ocr_carea' id='block_1_61' title="bbox 1990 3034 3637 3103">
    <p class='ocr_par' dir='ltr' id='par_1_61' title="bbox 1990 3034 3637 3103">
     <span class='ocr_line' id='line_1_61' title="bbox 1990 3034 3637 3103; baseline -0.005 -6"><span class='ocrx_word' id='word_1_445' title='bbox 1990 3040 2163 3098; x_wconf 88' lang='lat' dir='ltr'><strong>Nulla</strong></span> <span class='ocrx_word' id='word_1_446' title='bbox 2192 3040 2360 3095; x_wconf 92' lang='lat' dir='ltr'><strong>docet</strong></span> <span class='ocrx_word' id='word_1_447' title='bbox 2418 3036 2632 3103; x_wconf 89' lang='lat' dir='ltr'><strong>littera,</strong></span> <span class='ocrx_word' id='word_1_448' title='bbox 2687 3035 2851 3091; x_wconf 89' lang='lat' dir='ltr'><strong>nulla</strong></span> <span class='ocrx_word' id='word_1_449' title='bbox 2905 3039 3326 3091; x_wconf 90' lang='lat' dir='ltr'><strong>commemorat</strong></span> <span class='ocrx_word' id='word_1_450' title='bbox 3371 3034 3637 3103; x_wconf 89' lang='lat' dir='ltr'><strong>historia,</strong></span> 
     </span>
    </p>
   </div>
   <div class='ocr_carea' id='block_1_62' title="bbox 1990 3122 3637 3197">
    <p class='ocr_par' dir='ltr' id='par_1_62' title="bbox 1990 3122 3637 3197">
     <span class='ocr_line' id='line_1_62' title="bbox 1990 3122 3637 3197; baseline -0.004 -12"><span class='ocrx_word' id='word_1_451' title='bbox 1990 3132 2222 3185; x_wconf 89' lang='lat' dir='ltr'><strong>beatam</strong></span> <span class='ocrx_word' id='word_1_452' title='bbox 2253 3125 2499 3182; x_wconf 87' lang='lat' dir='ltr'><strong>Mariam</strong></span> <span class='ocrx_word' id='word_1_453' title='bbox 2529 3124 2813 3197; x_wconf 89' lang='lat' dir='ltr'><strong>virginem</strong></span> <span class='ocrx_word' id='word_1_454' title='bbox 2845 3122 3167 3178; x_wconf 89' lang='lat' dir='ltr'><strong>materialis</strong></span> <span class='ocrx_word' id='word_1_455' title='bbox 3191 3122 3371 3195; x_wconf 88' lang='lat' dir='ltr'><strong>gladii</strong></span> <span class='ocrx_word' id='word_1_456' title='bbox 3401 3140 3637 3195; x_wconf 90' lang='lat' dir='ltr'><strong>percus-</strong></span> 
     </span>
    </p>
   </div>
   <div class='ocr_carea' id='block_1_63' title="bbox 228 3195 3636 3291">
    <p class='ocr_par' dir='ltr' id='par_1_63' title="bbox 228 3195 3636 3291">
     <span class='ocr_line' id='line_1_63' title="bbox 228 3195 3636 3291; baseline -0.003 -14"><span class='ocrx_word' id='word_1_457' title='bbox 228 3219 391 3290; x_wconf 79' lang='lat' dir='ltr'><strong>tor,si</strong></span> <span class='ocrx_word' id='word_1_458' title='bbox 422 3218 498 3274; x_wconf 83' lang='lat' dir='ltr'><strong>ad</strong></span> <span class='ocrx_word' id='word_1_459' title='bbox 531 3215 1008 3291; x_wconf 66' lang='lat' dir='ltr'><strong>praedicationem</strong></span> <span class='ocrx_word' id='word_1_460' title='bbox 1048 3214 1279 3271; x_wconf 92' lang='lat' dir='ltr'><strong>Domini</strong></span> <span class='ocrx_word' id='word_1_461' title='bbox 1307 3215 1447 3271; x_wconf 89' lang='lat' dir='ltr'><strong>vitia</strong></span> <span class='ocrx_word' id='word_1_462' title='bbox 1484 3220 1874 3284; x_wconf 88' lang='lat' dir='ltr'><strong>contemnere,</strong></span> <span class='ocrx_word' id='word_1_463' title='bbox 1907 3195 1952 3264; x_wconf 67' lang='grc' dir='ltr'>α</span> <span class='ocrx_word' id='word_1_464' title='bbox 1991 3219 2155 3276; x_wconf 88' lang='lat' dir='ltr'><strong>sione</strong></span> <span class='ocrx_word' id='word_1_465' title='bbox 2175 3217 2248 3273; x_wconf 90' lang='lat' dir='ltr'><strong>ab</strong></span> <span class='ocrx_word' id='word_1_466' title='bbox 2276 3216 2387 3271; x_wconf 93' lang='lat' dir='ltr'><strong>hac</strong></span> <span class='ocrx_word' id='word_1_467' title='bbox 2414 3214 2532 3269; x_wconf 89' lang='lat' dir='ltr'><strong>vita</strong></span> <span class='ocrx_word' id='word_1_468' title='bbox 2557 3195 3137 3285; x_wconf 79' lang='lat' dir='ltr'><strong>migrasse,qnamvis</strong></span> <span class='ocrx_word' id='word_1_469' title='bbox 3154 3215 3210 3267; x_wconf 93' lang='lat' dir='ltr'><strong>et</strong></span> <span class='ocrx_word' id='word_1_470' title='bbox 3229 3212 3279 3267; x_wconf 91' lang='lat' dir='ltr'><strong>si</strong></span> <span class='ocrx_word' id='word_1_471' title='bbox 3309 3210 3419 3267; x_wconf 90' lang='lat' dir='ltr'><strong>hoc</strong></span> <span class='ocrx_word' id='word_1_472' title='bbox 3451 3211 3636 3283; x_wconf 68' lang='lat' dir='ltr'><strong>fieret,</strong></span> 
     </span>
    </p>
   </div>
   <div class='ocr_carea' id='block_1_64' title="bbox 229 3304 1880 3377">
    <p class='ocr_par' dir='ltr' id='par_1_64' title="bbox 229 3304 1880 3377">
     <span class='ocr_line' id='line_1_64' title="bbox 229 3304 1880 3377; baseline -0.003 -12"><span class='ocrx_word' id='word_1_473' title='bbox 229 3313 283 3365; x_wconf 90' lang='lat' dir='ltr'><strong>et</strong></span> <span class='ocrx_word' id='word_1_474' title='bbox 308 3307 555 3364; x_wconf 85' lang='lat' dir='ltr'><strong>virtutes</strong></span> <span class='ocrx_word' id='word_1_475' title='bbox 587 3304 883 3361; x_wconf 89' lang='lat' dir='ltr'><strong>studuerit</strong></span> <span class='ocrx_word' id='word_1_476' title='bbox 911 3304 1147 3373; x_wconf 90' lang='lat' dir='ltr'><strong>habere,</strong></span> <span class='ocrx_word' id='word_1_477' title='bbox 1180 3304 1239 3359; x_wconf 93' lang='lat' dir='ltr'><strong>in</strong></span> <span class='ocrx_word' id='word_1_478' title='bbox 1300 3304 1529 3360; x_wconf 86' lang='lat' dir='ltr'><strong>ruinam</strong></span> <span class='ocrx_word' id='word_1_479' title='bbox 1575 3305 1792 3377; x_wconf 87' lang='lat' dir='ltr'><strong>pariter</strong></span> <span class='ocrx_word' id='word_1_480' title='bbox 1822 3310 1880 3361; x_wconf 93' lang='lat' dir='ltr'><strong>et</strong></span> 
     </span>
    </p>
   </div>
   <div class='ocr_carea' id='block_1_65' title="bbox 233 3392 1879 3466">
    <p class='ocr_par' dir='ltr' id='par_1_65' title="bbox 233 3392 1879 3466">
     <span class='ocr_line' id='line_1_65' title="bbox 233 3392 1879 3466; baseline -0.002 -13"><span class='ocrx_word' id='word_1_481' title='bbox 233 3395 718 3453; x_wconf 86' lang='lat' dir='ltr'><strong>resurrectionem</strong></span> <span class='ocrx_word' id='word_1_482' title='bbox 749 3392 836 3448; x_wconf 91' lang='lat' dir='ltr'><strong>illi</strong></span> <span class='ocrx_word' id='word_1_483' title='bbox 866 3392 1042 3459; x_wconf 91' lang='lat' dir='ltr'><strong>venit,</strong></span> <span class='ocrx_word' id='word_1_484' title='bbox 1066 3393 1205 3465; x_wconf 90' lang='lat' dir='ltr'><strong>quia</strong></span> <span class='ocrx_word' id='word_1_485' title='bbox 1233 3393 1444 3449; x_wconf 90' lang='lat' dir='ltr'><strong>cecidit</strong></span> <span class='ocrx_word' id='word_1_486' title='bbox 1463 3393 1690 3461; x_wconf 85' lang='lat' dir='ltr'><strong>vitium,</strong></span> <span class='ocrx_word' id='word_1_487' title='bbox 1725 3394 1879 3466; x_wconf 91' lang='lat' dir='ltr'><strong>quod</strong></span> 
     </span>
    </p>
   </div>
   <div class='ocr_carea' id='block_1_66' title="bbox 235 3480 1877 3555">
    <p class='ocr_par' dir='ltr' id='par_1_66' title="bbox 235 3480 1877 3555">
     <span class='ocr_line' id='line_1_66' title="bbox 235 3480 1877 3555; baseline -0.002 -14"><span class='ocrx_word' id='word_1_488' title='bbox 235 3486 379 3541; x_wconf 83' lang='lat' dir='ltr'><strong>male</strong></span> <span class='ocrx_word' id='word_1_489' title='bbox 407 3484 722 3552; x_wconf 88' lang='lat' dir='ltr'><strong>vivebat,et</strong></span> <span class='ocrx_word' id='word_1_490' title='bbox 753 3480 1069 3538; x_wconf 88' lang='lat' dir='ltr'><strong>resurrexit</strong></span> <span class='ocrx_word' id='word_1_491' title='bbox 1086 3482 1428 3555; x_wconf 72' lang='lat' dir='ltr'><strong>virtus,quae</strong></span> <span class='ocrx_word' id='word_1_492' title='bbox 1450 3482 1602 3540; x_wconf 88' lang='lat' dir='ltr'><strong>male</strong></span> <span class='ocrx_word' id='word_1_493' title='bbox 1622 3482 1877 3555; x_wconf 90' lang='lat' dir='ltr'><strong>jacebat.</strong></span> 
     </span>
    </p>
   </div>
   <div class='ocr_carea' id='block_1_67' title="bbox 234 3570 1881 3646">
    <p class='ocr_par' dir='ltr' id='par_1_67' title="bbox 234 3570 1881 3646">
     <span class='ocr_line' id='line_1_67' title="bbox 234 3570 1881 3646; baseline -0.001 -16"><span class='ocrx_word' id='word_1_494' title='bbox 234 3575 303 3630; x_wconf 86' lang='lat' dir='ltr'><strong>Et</strong></span> <span class='ocrx_word' id='word_1_495' title='bbox 326 3576 475 3630; x_wconf 88' lang='lat' dir='ltr'><strong>bene</strong></span> <span class='ocrx_word' id='word_1_496' title='bbox 508 3571 769 3646; x_wconf 90' lang='lat' dir='ltr'><strong>primum</strong></span> <span class='ocrx_word' id='word_1_497' title='bbox 800 3570 861 3626; x_wconf 89' lang='lat' dir='ltr'><strong>in</strong></span> <span class='ocrx_word' id='word_1_498' title='bbox 893 3571 1146 3637; x_wconf 90' lang='lat' dir='ltr'><strong>ruinam,</strong></span> <span class='ocrx_word' id='word_1_499' title='bbox 1166 3575 1223 3627; x_wconf 89' lang='lat' dir='ltr'><strong>et</strong></span> <span class='ocrx_word' id='word_1_500' title='bbox 1253 3575 1384 3643; x_wconf 91' lang='lat' dir='ltr'><strong>post</strong></span> <span class='ocrx_word' id='word_1_501' title='bbox 1412 3571 1472 3627; x_wconf 92' lang='lat' dir='ltr'>in</span> <span class='ocrx_word' id='word_1_502' title='bbox 1506 3572 1881 3629; x_wconf 88' lang='lat' dir='ltr'><strong>resurrectio-</strong></span> 
     </span>
    </p>
   </div>
   <div class='ocr_carea' id='block_1_68' title="bbox 240 3660 1882 3733">
    <p class='ocr_par' dir='ltr' id='par_1_68' title="bbox 240 3660 1882 3733">
     <span class='ocr_line' id='line_1_68' title="bbox 240 3660 1882 3733; baseline -0.001 -14"><span class='ocrx_word' id='word_1_503' title='bbox 240 3679 367 3719; x_wconf 85' lang='lat' dir='ltr'><strong>nem</strong></span> <span class='ocrx_word' id='word_1_504' title='bbox 399 3662 633 3719; x_wconf 83' lang='lat' dir='ltr'><strong>venisse</strong></span> <span class='ocrx_word' id='word_1_505' title='bbox 664 3660 912 3716; x_wconf 88' lang='lat' dir='ltr'><strong>dicitur:</strong></span> <span class='ocrx_word' id='word_1_506' title='bbox 948 3660 1107 3733; x_wconf 89' lang='lat' dir='ltr'><strong>quia,</strong></span> <span class='ocrx_word' id='word_1_507' title='bbox 1140 3660 1254 3716; x_wconf 89' lang='lat' dir='ltr'><strong>nisi</strong></span> <span class='ocrx_word' id='word_1_508' title='bbox 1286 3665 1562 3717; x_wconf 89' lang='lat' dir='ltr'><strong>corruant</strong></span> <span class='ocrx_word' id='word_1_509' title='bbox 1587 3661 1882 3730; x_wconf 88' lang='lat' dir='ltr'><strong>vitia,vir-</strong></span> 
     </span>
    </p>
   </div>
   <div class='ocr_carea' id='block_1_69' title="bbox 240 3748 1884 3823">
    <p class='ocr_par' dir='ltr' id='par_1_69' title="bbox 240 3748 1884 3823">
     <span class='ocr_line' id='line_1_69' title="bbox 240 3748 1884 3823; baseline 0 -16"><span class='ocrx_word' id='word_1_510' title='bbox 240 3756 392 3808; x_wconf 85' lang='lat' dir='ltr'><strong>tutes</strong></span> <span class='ocrx_word' id='word_1_511' title='bbox 406 3752 468 3806; x_wconf 90' lang='lat' dir='ltr'><strong>in</strong></span> <span class='ocrx_word' id='word_1_512' title='bbox 482 3748 725 3807; x_wconf 88' lang='lat' dir='ltr'><strong>homine</strong></span> <span class='ocrx_word' id='word_1_513' title='bbox 740 3766 1042 3823; x_wconf 87' lang='lat' dir='ltr'><strong>resurgere</strong></span> <span class='ocrx_word' id='word_1_514' title='bbox 1067 3767 1182 3806; x_wconf 91' lang='lat' dir='ltr'><strong>non</strong></span> <span class='ocrx_word' id='word_1_515' title='bbox 1200 3753 1470 3823; x_wconf 88' lang='lat' dir='ltr'><strong>possunt,</strong></span> <span class='ocrx_word' id='word_1_516' title='bbox 1494 3750 1623 3823; x_wconf 90' lang='lat' dir='ltr'><strong>ipso</strong></span> <span class='ocrx_word' id='word_1_517' title='bbox 1637 3751 1884 3807; x_wconf 90' lang='lat' dir='ltr'><strong>Domino</strong></span> 
     </span>
    </p>
   </div>
   <div class='ocr_carea' id='block_1_70' title="bbox 248 3837 1887 3910">
    <p class='ocr_par' dir='ltr' id='par_1_70' title="bbox 248 3837 1887 3910">
     <span class='ocr_line' id='line_1_70' title="bbox 248 3837 1887 3910; baseline 0.002 -16"><span class='ocrx_word' id='word_1_518' title='bbox 248 3840 501 3896; x_wconf 88' lang='lat' dir='ltr'><strong>dicente:</strong></span> <span class='ocrx_word' id='word_1_519' title='bbox 537 3862 565 3890; x_wconf 73' lang='grc' dir='ltr'><strong>ι(</strong></span> <span class='ocrx_word' id='word_1_520' title='bbox 596 3837 781 3894; x_wconf 86' lang='lat' dir='ltr'><strong>Nemo</strong></span> <span class='ocrx_word' id='word_1_521' title='bbox 819 3842 1010 3910; x_wconf 89' lang='lat' dir='ltr'><strong>potest</strong></span> <span class='ocrx_word' id='word_1_522' title='bbox 1056 3839 1288 3895; x_wconf 90' lang='lat' dir='ltr'><strong>duobus</strong></span> <span class='ocrx_word' id='word_1_523' title='bbox 1348 3839 1605 3897; x_wconf 90' lang='lat' dir='ltr'><strong>dominis</strong></span> <span class='ocrx_word' id='word_1_524' title='bbox 1636 3841 1887 3897; x_wconf 89' lang='lat' dir='ltr'><strong>serviare</strong></span> 
     </span>
    </p>
   </div>
   <div class='ocr_carea' id='block_1_71' title="bbox 249 3925 1885 4000">
    <p class='ocr_par' dir='ltr' id='par_1_71' title="bbox 249 3925 1885 4000">
     <span class='ocr_line' id='line_1_71' title="bbox 249 3925 1885 4000; baseline 0.001 -18"><span class='ocrx_word' id='word_1_525' title='bbox 249 3928 440 3996; x_wconf 69' lang='lat' dir='ltr'><strong>(lculi.</strong></span> <span class='ocrx_word' id='word_1_526' title='bbox 473 3927 573 4000; x_wconf 79' lang='lat' dir='ltr'><strong>v1).</strong></span> <span class='ocrx_word' id='word_1_527' title='bbox 611 3950 640 3977; x_wconf 81' lang='lat'>»</span> <span class='ocrx_word' id='word_1_528' title='bbox 671 3926 835 3983; x_wconf 91' lang='lat' dir='ltr'><strong>Unde</strong></span> <span class='ocrx_word' id='word_1_529' title='bbox 895 3925 1389 4000; x_wconf 88' lang='lat' dir='ltr'><strong>Psalmograpbus</strong></span> <span class='ocrx_word' id='word_1_530' title='bbox 1440 3945 1548 3985; x_wconf 90' lang='lat' dir='ltr'><strong>nos</strong></span> <span class='ocrx_word' id='word_1_531' title='bbox 1591 3930 1885 3997; x_wconf 88' lang='lat' dir='ltr'><strong>admonet,</strong></span> 
     </span>
    </p>
   </div>
   <div class='ocr_carea' id='block_1_72' title="bbox 256 4015 1885 4086">
    <p class='ocr_par' dir='ltr' id='par_1_72' title="bbox 256 4015 1885 4086">
     <span class='ocr_line' id='line_1_72' title="bbox 256 4015 1885 4086; baseline -0.001 -15"><span class='ocrx_word' id='word_1_532' title='bbox 256 4017 439 4073; x_wconf 87' lang='lat' dir='ltr'><strong>dicens</strong></span> <span class='ocrx_word' id='word_1_533' title='bbox 462 4034 511 4073; x_wconf 76' lang='lat' dir='ltr'><strong>:u</strong></span> <span class='ocrx_word' id='word_1_534' title='bbox 524 4015 804 4073; x_wconf 88' lang='lat' dir='ltr'><strong>Declinaa</strong></span> <span class='ocrx_word' id='word_1_535' title='bbox 817 4015 970 4071; x_wconf 90' lang='lat' dir='ltr'><strong>malo</strong></span> <span class='ocrx_word' id='word_1_536' title='bbox 983 4016 1139 4072; x_wconf 89' lang='lat' dir='ltr'><strong>etfac</strong></span> <span class='ocrx_word' id='word_1_537' title='bbox 1154 4017 1375 4073; x_wconf 91' lang='lat' dir='ltr'><strong>bonum</strong></span> <span class='ocrx_word' id='word_1_538' title='bbox 1405 4018 1582 4086; x_wconf 75' lang='lat' dir='ltr'><strong>(Psal.</strong></span> <span class='ocrx_word' id='word_1_539' title='bbox 1612 4024 1823 4085; x_wconf 79' lang='lat' dir='ltr'><strong>xxxvi).</strong></span> <span class='ocrx_word' id='word_1_540' title='bbox 1857 4040 1885 4070; x_wconf 85' lang='lat'>»</span> 
     </span>
    </p>
   </div>
   <div class='ocr_carea' id='block_1_73' title="bbox 259 4104 1891 4179">
    <p class='ocr_par' dir='ltr' id='par_1_73' title="bbox 259 4104 1891 4179">
     <span class='ocr_line' id='line_1_73' title="bbox 259 4104 1891 4179; baseline 0.002 -19"><span class='ocrx_word' id='word_1_541' title='bbox 259 4104 390 4162; x_wconf 85' lang='lat' dir='ltr'><strong>Cum</strong></span> <span class='ocrx_word' id='word_1_542' title='bbox 417 4105 576 4179; x_wconf 86' lang='lat' dir='ltr'><strong>quali</strong></span> <span class='ocrx_word' id='word_1_543' title='bbox 605 4120 744 4178; x_wconf 89' lang='lat' dir='ltr'><strong>ergo</strong></span> <span class='ocrx_word' id='word_1_544' title='bbox 774 4104 988 4177; x_wconf 86' lang='lat' dir='ltr'><strong>gaudio</strong></span> <span class='ocrx_word' id='word_1_545' title='bbox 1032 4104 1289 4173; x_wconf 84' lang='lat' dir='ltr'><strong>auditur,</strong></span> <span class='ocrx_word' id='word_1_546' title='bbox 1323 4107 1480 4179; x_wconf 90' lang='lat' dir='ltr'><strong>quod</strong></span> <span class='ocrx_word' id='word_1_547' title='bbox 1521 4107 1582 4163; x_wconf 93' lang='lat' dir='ltr'><strong>in</strong></span> <span class='ocrx_word' id='word_1_548' title='bbox 1632 4124 1891 4164; x_wconf 83' lang='lat' dir='ltr'><strong>resurre-</strong></span> 
     </span>
    </p>
   </div>
   <div class='ocr_carea' id='block_1_74' title="bbox 263 4193 1890 4262">
    <p class='ocr_par' dir='ltr' id='par_1_74' title="bbox 263 4193 1890 4262">
     <span class='ocr_line' id='line_1_74' title="bbox 263 4193 1890 4262; baseline 0.002 -15"><span class='ocrx_word' id='word_1_549' title='bbox 263 4193 490 4250; x_wconf 84' lang='lat' dir='ltr'><strong>ctionem</strong></span> <span class='ocrx_word' id='word_1_550' title='bbox 520 4193 846 4250; x_wconf 89' lang='lat' dir='ltr'><strong>multorum</strong></span> <span class='ocrx_word' id='word_1_551' title='bbox 857 4193 1178 4262; x_wconf 90' lang='lat' dir='ltr'><strong>venit,cum</strong></span> <span class='ocrx_word' id='word_1_552' title='bbox 1194 4194 1295 4249; x_wconf 91' lang='lat' dir='ltr'><strong>tali</strong></span> <span class='ocrx_word' id='word_1_553' title='bbox 1312 4193 1515 4251; x_wconf 71' lang='lat' dir='ltr'><strong>laetitia</strong></span> <span class='ocrx_word' id='word_1_554' title='bbox 1531 4195 1890 4251; x_wconf 88' lang='lat' dir='ltr'><strong>audiendum</strong></span> 
     </span>
    </p>
   </div>
   <div class='ocr_carea' id='block_1_75' title="bbox 267 4281 1893 4356">
    <p class='ocr_par' dir='ltr' id='par_1_75' title="bbox 267 4281 1893 4356">
     <span class='ocr_line' id='line_1_75' title="bbox 267 4281 1893 4356; baseline 0.002 -20"><span class='ocrx_word' id='word_1_555' title='bbox 267 4285 363 4349; x_wconf 86' lang='lat' dir='ltr'><strong>est,</strong></span> <span class='ocrx_word' id='word_1_556' title='bbox 391 4284 540 4356; x_wconf 89' lang='lat' dir='ltr'><strong>quod</strong></span> <span class='ocrx_word' id='word_1_557' title='bbox 570 4284 632 4338; x_wconf 90' lang='lat' dir='ltr'><strong>in</strong></span> <span class='ocrx_word' id='word_1_558' title='bbox 656 4282 888 4337; x_wconf 88' lang='lat' dir='ltr'><strong>ruinam</strong></span> <span class='ocrx_word' id='word_1_559' title='bbox 919 4281 1148 4340; x_wconf 87' lang='lat' dir='ltr'><strong>venisse</strong></span> <span class='ocrx_word' id='word_1_560' title='bbox 1177 4283 1412 4339; x_wconf 88' lang='lat' dir='ltr'><strong>dicitur.</strong></span> <span class='ocrx_word' id='word_1_561' title='bbox 1444 4284 1569 4340; x_wconf 91' lang='lat' dir='ltr'><strong>Non</strong></span> <span class='ocrx_word' id='word_1_562' title='bbox 1602 4288 1801 4340; x_wconf 89' lang='lat' dir='ltr'><strong>autem</strong></span> <span class='ocrx_word' id='word_1_563' title='bbox 1832 4284 1893 4341; x_wconf 92' lang='lat' dir='ltr'>in</span> 
     </span>
    </p>
   </div>
   <div class='ocr_carea' id='block_1_76' title="bbox 270 4369 1894 4440">
    <p class='ocr_par' dir='ltr' id='par_1_76' title="bbox 270 4369 1894 4440">
     <span class='ocr_line' id='line_1_76' title="bbox 270 4369 1894 4440; baseline 0.004 -17"><span class='ocrx_word' id='word_1_564' title='bbox 270 4369 475 4428; x_wconf 84' lang='lat' dir='ltr'><strong>ruinam</strong></span> <span class='ocrx_word' id='word_1_565' title='bbox 506 4376 565 4427; x_wconf 89' lang='lat' dir='ltr'><strong>et</strong></span> <span class='ocrx_word' id='word_1_566' title='bbox 594 4370 1081 4428; x_wconf 88' lang='lat' dir='ltr'><strong>resurrectionem</strong></span> <span class='ocrx_word' id='word_1_567' title='bbox 1114 4372 1403 4440; x_wconf 91' lang='lat' dir='ltr'><strong>omnium,</strong></span> <span class='ocrx_word' id='word_1_568' title='bbox 1437 4373 1539 4429; x_wconf 90' lang='lat' dir='ltr'><strong>sed</strong></span> <span class='ocrx_word' id='word_1_569' title='bbox 1572 4372 1894 4430; x_wconf 89' lang='lat' dir='ltr'><strong>multorum</strong></span> 
     </span>
    </p>
   </div>
   <div class='ocr_carea' id='block_1_77' title="bbox 271 4459 1898 4533">
    <p class='ocr_par' dir='ltr' id='par_1_77' title="bbox 271 4459 1898 4533">
     <span class='ocr_line' id='line_1_77' title="bbox 271 4459 1898 4533; baseline 0.005 -23"><span class='ocrx_word' id='word_1_570' title='bbox 271 4459 473 4515; x_wconf 81' lang='lat' dir='ltr'><strong>venisse</strong></span> <span class='ocrx_word' id='word_1_571' title='bbox 499 4459 813 4529; x_wconf 89' lang='lat' dir='ltr'><strong>dicitur,ut</strong></span> <span class='ocrx_word' id='word_1_572' title='bbox 842 4476 956 4516; x_wconf 88' lang='lat' dir='ltr'><strong>non</strong></span> <span class='ocrx_word' id='word_1_573' title='bbox 990 4459 1388 4533; x_wconf 87' lang='lat' dir='ltr'><strong>intelligamus</strong></span> <span class='ocrx_word' id='word_1_574' title='bbox 1413 4461 1523 4517; x_wconf 91' lang='lat' dir='ltr'><strong>hoc</strong></span> <span class='ocrx_word' id='word_1_575' title='bbox 1546 4479 1659 4518; x_wconf 91' lang='lat' dir='ltr'><strong>non</strong></span> <span class='ocrx_word' id='word_1_576' title='bbox 1683 4463 1754 4518; x_wconf 94' lang='lat' dir='ltr'><strong>de</strong></span> <span class='ocrx_word' id='word_1_577' title='bbox 1776 4479 1898 4519; x_wconf 89' lang='lat' dir='ltr'><strong>cor-</strong></span> 
     </span>
    </p>
   </div>
   <div class='ocr_carea' id='block_1_78' title="bbox 1986 3299 3632 3373">
    <p class='ocr_par' dir='ltr' id='par_1_78' title="bbox 1986 3299 3632 3373">
     <span class='ocr_line' id='line_1_78' title="bbox 1986 3299 3632 3373; baseline -0.005 -9"><span class='ocrx_word' id='word_1_578' title='bbox 1986 3325 2105 3364; x_wconf 62' lang='lat' dir='ltr'><strong>num</strong></span> <span class='ocrx_word' id='word_1_579' title='bbox 2123 3302 2770 3368; x_wconf 88' lang='lat' dir='ltr'><strong>animainvisibilis,sed</strong></span> <span class='ocrx_word' id='word_1_580' title='bbox 2802 3318 2934 3357; x_wconf 88' lang='lat' dir='ltr'><strong>caro</strong></span> <span class='ocrx_word' id='word_1_581' title='bbox 2964 3299 3251 3373; x_wconf 88' lang='lat' dir='ltr'><strong>corporali</strong></span> <span class='ocrx_word' id='word_1_582' title='bbox 3273 3299 3467 3373; x_wconf 88' lang='lat' dir='ltr'><strong>gladio</strong></span> <span class='ocrx_word' id='word_1_583' title='bbox 3496 3317 3632 3372; x_wconf 90' lang='lat' dir='ltr'><strong>pos-</strong></span> 
     </span>
    </p>
   </div>
   <div class='ocr_carea' id='block_1_79' title="bbox 1990 3388 3632 3463">
    <p class='ocr_par' dir='ltr' id='par_1_79' title="bbox 1990 3388 3632 3463">
     <span class='ocr_line' id='line_1_79' title="bbox 1990 3388 3632 3463; baseline -0.006 -9"><span class='ocrx_word' id='word_1_584' title='bbox 1990 3401 2078 3455; x_wconf 87' lang='lat' dir='ltr'><strong>set</strong></span> <span class='ocrx_word' id='word_1_585' title='bbox 2106 3391 2583 3451; x_wconf 88' lang='lat' dir='ltr'><strong>transverberari.</strong></span> <span class='ocrx_word' id='word_1_586' title='bbox 2606 3391 2767 3448; x_wconf 90' lang='lat' dir='ltr'><strong>Unde</strong></span> <span class='ocrx_word' id='word_1_587' title='bbox 2789 3391 2847 3446; x_wconf 92' lang='lat' dir='ltr'><strong>in</strong></span> <span class='ocrx_word' id='word_1_588' title='bbox 2880 3390 2988 3446; x_wconf 88' lang='lat' dir='ltr'><strong>hoc</strong></span> <span class='ocrx_word' id='word_1_589' title='bbox 3010 3388 3344 3463; x_wconf 88' lang='lat' dir='ltr'><strong>loco,gladii</strong></span> <span class='ocrx_word' id='word_1_590' title='bbox 3374 3390 3632 3459; x_wconf 90' lang='lat' dir='ltr'><strong>nomine,</strong></span> 
     </span>
    </p>
   </div>
   <div class='ocr_carea' id='block_1_80' title="bbox 1989 3477 3636 3546">
    <p class='ocr_par' dir='ltr' id='par_1_80' title="bbox 1989 3477 3636 3546">
     <span class='ocr_line' id='line_1_80' title="bbox 1989 3477 3636 3546; baseline -0.005 -4"><span class='ocrx_word' id='word_1_591' title='bbox 1989 3487 2197 3542; x_wconf 88' lang='lat' dir='ltr'><strong>duram</strong></span> <span class='ocrx_word' id='word_1_592' title='bbox 2228 3480 2670 3538; x_wconf 80' lang='lat' dir='ltr'><strong>tribulationem</strong></span> <span class='ocrx_word' id='word_1_593' title='bbox 2700 3483 2756 3535; x_wconf 92' lang='lat' dir='ltr'><strong>et</strong></span> <span class='ocrx_word' id='word_1_594' title='bbox 2802 3478 3299 3535; x_wconf 88' lang='lat' dir='ltr'><strong>immanissimum</strong></span> <span class='ocrx_word' id='word_1_595' title='bbox 3353 3477 3636 3546; x_wconf 89' lang='lat' dir='ltr'><strong>dolorem,</strong></span> 
     </span>
    </p>
   </div>
   <div class='ocr_carea' id='block_1_81' title="bbox 1993 3566 3640 3648">
    <p class='ocr_par' dir='ltr' id='par_1_81' title="bbox 1993 3566 3640 3648">
     <span class='ocr_line' id='line_1_81' title="bbox 1993 3566 3640 3648; baseline -0.005 -18"><span class='ocrx_word' id='word_1_596' title='bbox 1993 3591 2170 3648; x_wconf 90' lang='lat' dir='ltr'><strong>quem</strong></span> <span class='ocrx_word' id='word_1_597' title='bbox 2201 3574 2272 3628; x_wconf 92' lang='lat' dir='ltr'><strong>de</strong></span> <span class='ocrx_word' id='word_1_598' title='bbox 2299 3570 2525 3627; x_wconf 89' lang='lat' dir='ltr'><strong>Domini</strong></span> <span class='ocrx_word' id='word_1_599' title='bbox 2556 3570 2827 3642; x_wconf 86' lang='lat' dir='ltr'><strong>passione</strong></span> <span class='ocrx_word' id='word_1_600' title='bbox 2858 3567 3434 3636; x_wconf 81' lang='lat' dir='ltr'><strong>toleravit,debemus</strong></span> <span class='ocrx_word' id='word_1_601' title='bbox 3464 3566 3640 3624; x_wconf 87' lang='lat' dir='ltr'><strong>intel—</strong></span> 
     </span>
    </p>
   </div>
   <div class='ocr_carea' id='block_1_82' title="bbox 1990 3656 3644 3737">
    <p class='ocr_par' dir='ltr' id='par_1_82' title="bbox 1990 3656 3644 3737">
     <span class='ocr_line' id='line_1_82' title="bbox 1990 3656 3644 3737; baseline -0.004 -18"><span class='ocrx_word' id='word_1_602' title='bbox 1990 3664 2191 3737; x_wconf 88' lang='lat' dir='ltr'><strong>ligere.</strong></span> <span class='ocrx_word' id='word_1_603' title='bbox 2227 3660 2387 3716; x_wconf 84' lang='lat' dir='ltr'><strong>Licet</strong></span> <span class='ocrx_word' id='word_1_604' title='bbox 2417 3659 2572 3716; x_wconf 89' lang='lat' dir='ltr'><strong>enim</strong></span> <span class='ocrx_word' id='word_1_605' title='bbox 2606 3658 2818 3713; x_wconf 89' lang='lat' dir='ltr'><strong>Filium</strong></span> <span class='ocrx_word' id='word_1_606' title='bbox 2870 3658 2971 3713; x_wconf 91' lang='lat' dir='ltr'><strong>Dei</strong></span> <span class='ocrx_word' id='word_1_607' title='bbox 3014 3673 3131 3712; x_wconf 91' lang='lat' dir='ltr'><strong>non</strong></span> <span class='ocrx_word' id='word_1_608' title='bbox 3162 3657 3475 3723; x_wconf 89' lang='lat' dir='ltr'><strong>dubitaret,</strong></span> <span class='ocrx_word' id='word_1_609' title='bbox 3510 3656 3644 3712; x_wconf 91' lang='lat' dir='ltr'><strong>licet</strong></span> 
     </span>
    </p>
   </div>
   <div class='ocr_carea' id='block_1_83' title="bbox 1994 3747 3643 3819">
    <p class='ocr_par' dir='ltr' id='par_1_83' title="bbox 1994 3747 3643 3819">
     <span class='ocr_line' id='line_1_83' title="bbox 1994 3747 3643 3819; baseline -0.005 -10"><span class='ocrx_word' id='word_1_610' title='bbox 1994 3753 2461 3809; x_wconf 88' lang='lat' dir='ltr'><strong>resurrecturum</strong></span> <span class='ocrx_word' id='word_1_611' title='bbox 2494 3748 2621 3803; x_wconf 88' lang='lat' dir='ltr'><strong>sine</strong></span> <span class='ocrx_word' id='word_1_612' title='bbox 2654 3748 2830 3802; x_wconf 90' lang='lat' dir='ltr'><strong>dubio</strong></span> <span class='ocrx_word' id='word_1_613' title='bbox 2857 3747 3525 3819; x_wconf 85' lang='lat' dir='ltr'><strong>crederet,nequaquam</strong></span> <span class='ocrx_word' id='word_1_614' title='bbox 3556 3750 3643 3801; x_wconf 89' lang='lat' dir='ltr'><strong>ta-</strong></span> 
     </span>
    </p>
   </div>
   <div class='ocr_carea' id='block_1_84' title="bbox 1996 3834 3649 3913">
    <p class='ocr_par' dir='ltr' id='par_1_84' title="bbox 1996 3834 3649 3913">
     <span class='ocr_line' id='line_1_84' title="bbox 1996 3834 3649 3913; baseline -0.004 -16"><span class='ocrx_word' id='word_1_615' title='bbox 1996 3857 2125 3897; x_wconf 90' lang='lat' dir='ltr'><strong>meo</strong></span> <span class='ocrx_word' id='word_1_616' title='bbox 2154 3839 2481 3913; x_wconf 87' lang='lat' dir='ltr'><strong>putandum</strong></span> <span class='ocrx_word' id='word_1_617' title='bbox 2506 3838 2777 3909; x_wconf 88' lang='lat' dir='ltr'><strong>est,quod</strong></span> <span class='ocrx_word' id='word_1_618' title='bbox 2800 3836 2926 3891; x_wconf 89' lang='lat' dir='ltr'><strong>sine</strong></span> <span class='ocrx_word' id='word_1_619' title='bbox 2949 3852 3163 3909; x_wconf 89' lang='lat' dir='ltr'><strong>magno</strong></span> <span class='ocrx_word' id='word_1_620' title='bbox 3181 3834 3379 3892; x_wconf 92' lang='lat' dir='ltr'><strong>dolore</strong></span> <span class='ocrx_word' id='word_1_621' title='bbox 3392 3834 3649 3909; x_wconf 90' lang='lat' dir='ltr'><strong>potuerit</strong></span> 
     </span>
    </p>
   </div>
   <div class='ocr_carea' id='block_1_85' title="bbox 1994 3924 3651 3998">
    <p class='ocr_par' dir='ltr' id='par_1_85' title="bbox 1994 3924 3651 3998">
     <span class='ocr_line' id='line_1_85' title="bbox 1994 3924 3651 3998; baseline -0.004 -12"><span class='ocrx_word' id='word_1_622' title='bbox 1994 3931 2189 3987; x_wconf 88' lang='lat' dir='ltr'><strong>videre</strong></span> <span class='ocrx_word' id='word_1_623' title='bbox 2211 3928 2575 3992; x_wconf 82' lang='lat' dir='ltr'><strong>crucifixum,</strong></span> <span class='ocrx_word' id='word_1_624' title='bbox 2611 3942 2783 3998; x_wconf 90' lang='lat' dir='ltr'><strong>quem</strong></span> <span class='ocrx_word' id='word_1_625' title='bbox 2815 3926 2886 3981; x_wconf 91' lang='lat' dir='ltr'>de</span> <span class='ocrx_word' id='word_1_626' title='bbox 2917 3942 3026 3981; x_wconf 86' lang='lat' dir='ltr'><strong>sua</strong></span> <span class='ocrx_word' id='word_1_627' title='bbox 3066 3942 3237 3981; x_wconf 88' lang='lat' dir='ltr'><strong>carne</strong></span> <span class='ocrx_word' id='word_1_628' title='bbox 3269 3924 3651 3982; x_wconf 85' lang='lat' dir='ltr'><strong>immaculata</strong></span> 
     </span>
    </p>
   </div>
   <div class='ocr_carea' id='block_1_86' title="bbox 1998 4012 3650 4087">
    <p class='ocr_par' dir='ltr' id='par_1_86' title="bbox 1998 4012 3650 4087">
     <span class='ocr_line' id='line_1_86' title="bbox 1998 4012 3650 4087; baseline -0.003 -13"><span class='ocrx_word' id='word_1_629' title='bbox 1998 4021 2237 4075; x_wconf 88' lang='lat' dir='ltr'><strong>noverat</strong></span> <span class='ocrx_word' id='word_1_630' title='bbox 2267 4019 2490 4072; x_wconf 89' lang='lat' dir='ltr'><strong>natum.</strong></span> <span class='ocrx_word' id='word_1_631' title='bbox 2524 4019 2589 4069; x_wconf 90' lang='lat' dir='ltr'><strong>In</strong></span> <span class='ocrx_word' id='word_1_632' title='bbox 2622 4016 2793 4086; x_wconf 82' lang='lat' dir='ltr'><strong>cujus</strong></span> <span class='ocrx_word' id='word_1_633' title='bbox 2823 4013 3038 4070; x_wconf 91' lang='lat' dir='ltr'><strong>doloris</strong></span> <span class='ocrx_word' id='word_1_634' title='bbox 3082 4012 3489 4087; x_wconf 87' lang='lat' dir='ltr'><strong>magnitudine</strong></span> <span class='ocrx_word' id='word_1_635' title='bbox 3510 4013 3650 4071; x_wconf 91' lang='lat' dir='ltr'><strong>olim</strong></span> 
     </span>
    </p>
   </div>
   <div class='ocr_carea' id='block_1_87' title="bbox 2000 4102 3653 4181">
    <p class='ocr_par' dir='ltr' id='par_1_87' title="bbox 2000 4102 3653 4181">
     <span class='ocr_line' id='line_1_87' title="bbox 2000 4102 3653 4181; baseline -0.004 -18"><span class='ocrx_word' id='word_1_636' title='bbox 2000 4105 2285 4181; x_wconf 90' lang='lat' dir='ltr'><strong>propheta</strong></span> <span class='ocrx_word' id='word_1_637' title='bbox 2315 4103 2531 4161; x_wconf 87' lang='lat' dir='ltr'><strong>dixisse</strong></span> <span class='ocrx_word' id='word_1_638' title='bbox 2560 4104 2859 4177; x_wconf 89' lang='lat' dir='ltr'><strong>putandus</strong></span> <span class='ocrx_word' id='word_1_639' title='bbox 2889 4107 3016 4159; x_wconf 90' lang='lat' dir='ltr'><strong>est:</strong></span> <span class='ocrx_word' id='word_1_640' title='bbox 3044 4124 3072 4154; x_wconf 87' lang='lat'><strong>«</strong></span> <span class='ocrx_word' id='word_1_641' title='bbox 3106 4102 3150 4159; x_wconf 92' lang='grc' dir='ltr'>Ο</span> <span class='ocrx_word' id='word_1_642' title='bbox 3182 4119 3284 4159; x_wconf 90' lang='lat' dir='ltr'><strong>vos</strong></span> <span class='ocrx_word' id='word_1_643' title='bbox 3314 4120 3518 4159; x_wconf 91' lang='lat' dir='ltr'><strong>omnes</strong></span> <span class='ocrx_word' id='word_1_644' title='bbox 3550 4103 3653 4174; x_wconf 92' lang='lat' dir='ltr'><strong>qui</strong></span> 
     </span>
    </p>
   </div>
   <div class='ocr_carea' id='block_1_88' title="bbox 1999 4190 3655 4267">
    <p class='ocr_par' dir='ltr' id='par_1_88' title="bbox 1999 4190 3655 4267">
     <span class='ocr_line' id='line_1_88' title="bbox 1999 4190 3655 4267; baseline -0.004 -16"><span class='ocrx_word' id='word_1_645' title='bbox 1999 4195 2268 4252; x_wconf 86' lang='lat' dir='ltr'><strong>transitis</strong></span> <span class='ocrx_word' id='word_1_646' title='bbox 2300 4211 2403 4267; x_wconf 90' lang='lat' dir='ltr'><strong>per</strong></span> <span class='ocrx_word' id='word_1_647' title='bbox 2455 4194 2631 4259; x_wconf 88' lang='lat' dir='ltr'><strong>viam,</strong></span> <span class='ocrx_word' id='word_1_648' title='bbox 2665 4193 2949 4248; x_wconf 89' lang='lat' dir='ltr'><strong>attendite</strong></span> <span class='ocrx_word' id='word_1_649' title='bbox 2994 4195 3051 4247; x_wconf 89' lang='lat' dir='ltr'><strong>et</strong></span> <span class='ocrx_word' id='word_1_650' title='bbox 3077 4192 3267 4247; x_wconf 91' lang='lat' dir='ltr'><strong>videte</strong></span> <span class='ocrx_word' id='word_1_651' title='bbox 3298 4191 3345 4246; x_wconf 89' lang='lat' dir='ltr'><strong>si</strong></span> <span class='ocrx_word' id='word_1_652' title='bbox 3378 4195 3466 4246; x_wconf 89' lang='lat' dir='ltr'><strong>est</strong></span> <span class='ocrx_word' id='word_1_653' title='bbox 3489 4190 3655 4246; x_wconf 92' lang='lat' dir='ltr'><strong>dolor</strong></span> 
     </span>
    </p>
   </div>
   <div class='ocr_carea' id='block_1_89' title="bbox 2002 4278 3655 4353">
    <p class='ocr_par' dir='ltr' id='par_1_89' title="bbox 2002 4278 3655 4353">
     <span class='ocr_line' id='line_1_89' title="bbox 2002 4278 3655 4353; baseline -0.005 -12"><span class='ocrx_word' id='word_1_654' title='bbox 2002 4284 2157 4342; x_wconf 90' lang='lat' dir='ltr'><strong>sicut</strong></span> <span class='ocrx_word' id='word_1_655' title='bbox 2184 4283 2349 4339; x_wconf 91' lang='lat' dir='ltr'><strong>dolor</strong></span> <span class='ocrx_word' id='word_1_656' title='bbox 2379 4298 2543 4337; x_wconf 89' lang='lat' dir='ltr'><strong>meus</strong></span> <span class='ocrx_word' id='word_1_657' title='bbox 2576 4281 2857 4352; x_wconf 57' lang='lat' dir='ltr'><strong>(Jeremn).</strong></span> <span class='ocrx_word' id='word_1_658' title='bbox 2897 4304 2917 4329; x_wconf 70' lang='grc' dir='ltr'><strong><em>η</em></strong></span> <span class='ocrx_word' id='word_1_659' title='bbox 2955 4285 3156 4353; x_wconf 90' lang='lat' dir='ltr'><strong>Ipsum</strong></span> <span class='ocrx_word' id='word_1_660' title='bbox 3201 4295 3337 4351; x_wconf 91' lang='lat' dir='ltr'><strong>ergo</strong></span> <span class='ocrx_word' id='word_1_661' title='bbox 3370 4278 3655 4346; x_wconf 90' lang='lat' dir='ltr'><strong>dolorem,</strong></span> 
     </span>
    </p>
   </div>
   <div class='ocr_carea' id='block_1_90' title="bbox 2002 4366 3653 4447">
    <p class='ocr_par' dir='ltr' id='par_1_90' title="bbox 2002 4366 3653 4447">
     <span class='ocr_line' id='line_1_90' title="bbox 2002 4366 3653 4447; baseline -0.005 -17"><span class='ocrx_word' id='word_1_662' title='bbox 2002 4374 2199 4447; x_wconf 90' lang='lat' dir='ltr'><strong>ipsum</strong></span> <span class='ocrx_word' id='word_1_663' title='bbox 2230 4371 2577 4438; x_wconf 89' lang='lat' dir='ltr'><strong>cruciatum,</strong></span> <span class='ocrx_word' id='word_1_664' title='bbox 2614 4386 2788 4442; x_wconf 90' lang='lat' dir='ltr'><strong>quem</strong></span> <span class='ocrx_word' id='word_1_665' title='bbox 2818 4370 2888 4425; x_wconf 90' lang='lat' dir='ltr'><strong>de</strong></span> <span class='ocrx_word' id='word_1_666' title='bbox 2927 4369 3055 4441; x_wconf 88' lang='lat' dir='ltr'><strong>ejus</strong></span> <span class='ocrx_word' id='word_1_667' title='bbox 3114 4372 3300 4423; x_wconf 91' lang='lat' dir='ltr'><strong>morte</strong></span> <span class='ocrx_word' id='word_1_668' title='bbox 3349 4366 3653 4439; x_wconf 89' lang='lat' dir='ltr'><strong>sustinuit,</strong></span> 
     </span>
    </p>
   </div>
   <div class='ocr_carea' id='block_1_91' title="bbox 2005 4455 3652 4539">
    <p class='ocr_par' dir='ltr' id='par_1_91' title="bbox 2005 4455 3652 4539">
     <span class='ocr_line' id='line_1_91' title="bbox 2005 4455 3652 4539; baseline -0.004 -21"><span class='ocrx_word' id='word_1_669' title='bbox 2005 4460 2186 4539; x_wconf 87' lang='lat' dir='ltr'><strong>gladii</strong></span> <span class='ocrx_word' id='word_1_670' title='bbox 2206 4458 2595 4533; x_wconf 87' lang='lat' dir='ltr'><strong>appellatione</strong></span> <span class='ocrx_word' id='word_1_671' title='bbox 2619 4458 2854 4514; x_wconf 91' lang='lat' dir='ltr'><strong>Simeon</strong></span> <span class='ocrx_word' id='word_1_672' title='bbox 2878 4458 3109 4530; x_wconf 88' lang='lat' dir='ltr'><strong>signare</strong></span> <span class='ocrx_word' id='word_1_673' title='bbox 3128 4455 3314 4513; x_wconf 91' lang='lat' dir='ltr'><strong>voluit</strong></span> <span class='ocrx_word' id='word_1_674' title='bbox 3335 4473 3471 4512; x_wconf 91' lang='lat' dir='ltr'><strong>cum</strong></span> <span class='ocrx_word' id='word_1_675' title='bbox 3493 4455 3652 4512; x_wconf 88' lang='lat' dir='ltr'><strong>dicit:</strong></span> 
     </span>
    </p>
   </div>
   <div class='ocr_carea' id='block_1_92' title="bbox 278 4545 3660 4637">
    <p class='ocr_par' dir='ltr' id='par_1_92' title="bbox 278 4545 3660 4637">
     <span class='ocr_line' id='line_1_92' title="bbox 278 4545 3660 4637; baseline -0.001 -34"><span class='ocrx_word' id='word_1_676' title='bbox 278 4548 455 4637; x_wconf 77' lang='lat' dir='ltr'><strong>parati,</strong></span> <span class='ocrx_word' id='word_1_677' title='bbox 485 4549 587 4604; x_wconf 88' lang='lat' dir='ltr'><strong>sed</strong></span> <span class='ocrx_word' id='word_1_678' title='bbox 619 4550 693 4605; x_wconf 91' lang='lat' dir='ltr'><strong>de</strong></span> <span class='ocrx_word' id='word_1_679' title='bbox 720 4548 1012 4621; x_wconf 87' lang='lat' dir='ltr'><strong>spirituali</strong></span> <span class='ocrx_word' id='word_1_680' title='bbox 1038 4549 1464 4637; x_wconf 87' lang='lat' dir='ltr'><strong>resurrectione</strong></span> <span class='ocrx_word' id='word_1_681' title='bbox 1491 4567 1620 4607; x_wconf 90' lang='lat' dir='ltr'><strong>esse</strong></span> <span class='ocrx_word' id='word_1_682' title='bbox 1646 4552 1893 4608; x_wconf 88' lang='lat' dir='ltr'><strong>dictum.</strong></span> <span class='ocrx_word' id='word_1_683' title='bbox 1925 4570 1974 4637; x_wconf 75' lang='grc' dir='ltr'><strong>Ι)</strong></span> <span class='ocrx_word' id='word_1_684' title='bbox 2006 4575 2035 4603; x_wconf 90' lang='grc'><em>‹‹</em></span> <span class='ocrx_word' id='word_1_685' title='bbox 2064 4553 2135 4608; x_wconf 88' lang='lat' dir='ltr'><strong>Et</strong></span> <span class='ocrx_word' id='word_1_686' title='bbox 2164 4555 2326 4606; x_wconf 87' lang='lat' dir='ltr'><strong>tuam</strong></span> <span class='ocrx_word' id='word_1_687' title='bbox 2346 4548 2532 4621; x_wconf 90' lang='lat' dir='ltr'><strong>ipsius</strong></span> <span class='ocrx_word' id='word_1_688' title='bbox 2550 4548 2807 4604; x_wconf 88' lang='lat' dir='ltr'><strong>animam</strong></span> <span class='ocrx_word' id='word_1_689' title='bbox 2822 4545 3660 4637; x_wconf 76' lang='lat' dir='ltr'><strong>pertransibitgladius.-quia</strong></span> 
     </span>
    </p>
   </div>
   <div class='ocr_carea' id='block_1_93' title="bbox 280 4636 1898 4708">
    <p class='ocr_par' dir='ltr' id='par_1_93' title="bbox 280 4636 1898 4708">
     <span class='ocr_line' id='line_1_93' title="bbox 280 4636 1898 4708; baseline 0.005 -19"><span class='ocrx_word' id='word_1_690' title='bbox 280 4636 395 4690; x_wconf 65' lang='lat' dir='ltr'><strong>Duae</strong></span> <span class='ocrx_word' id='word_1_691' title='bbox 421 4637 572 4693; x_wconf 82' lang='lat' dir='ltr'><strong>enim</strong></span> <span class='ocrx_word' id='word_1_692' title='bbox 603 4640 745 4693; x_wconf 89' lang='lat' dir='ltr'><strong>sunt</strong></span> <span class='ocrx_word' id='word_1_693' title='bbox 771 4636 1246 4707; x_wconf 90' lang='lat' dir='ltr'><strong>resurrectiones,</strong></span> <span class='ocrx_word' id='word_1_694' title='bbox 1282 4656 1402 4694; x_wconf 91' lang='lat' dir='ltr'><strong>una</strong></span> <span class='ocrx_word' id='word_1_695' title='bbox 1431 4639 1786 4708; x_wconf 88' lang='lat' dir='ltr'><strong>animarum,</strong></span> <span class='ocrx_word' id='word_1_696' title='bbox 1821 4641 1898 4697; x_wconf 90' lang='lat' dir='ltr'><strong>al-</strong></span> 
     </span>
    </p>
   </div>
   <div class='ocr_carea' id='block_1_94' title="bbox 282 4724 1899 4802">
    <p class='ocr_par' dir='ltr' id='par_1_94' title="bbox 282 4724 1899 4802">
     <span class='ocr_line' id='line_1_94' title="bbox 282 4724 1899 4802; baseline 0.005 -24"><span class='ocrx_word' id='word_1_697' title='bbox 282 4725 385 4779; x_wconf 85' lang='lat' dir='ltr'><strong>tera</strong></span> <span class='ocrx_word' id='word_1_698' title='bbox 409 4725 817 4799; x_wconf 88' lang='lat' dir='ltr'><strong>corporum.Et</strong></span> <span class='ocrx_word' id='word_1_699' title='bbox 842 4724 929 4780; x_wconf 93' lang='lat' dir='ltr'><strong>illi</strong></span> <span class='ocrx_word' id='word_1_700' title='bbox 959 4726 1312 4799; x_wconf 90' lang='lat' dir='ltr'><strong>quandoque</strong></span> <span class='ocrx_word' id='word_1_701' title='bbox 1344 4733 1652 4802; x_wconf 90' lang='lat' dir='ltr'><strong>resurgent</strong></span> <span class='ocrx_word' id='word_1_702' title='bbox 1680 4729 1740 4784; x_wconf 92' lang='lat' dir='ltr'>in</span> <span class='ocrx_word' id='word_1_703' title='bbox 1772 4747 1899 4786; x_wconf 89' lang='lat' dir='ltr'><strong>cor-</strong></span> 
     </span>
    </p>
   </div>
   <div class='ocr_carea' id='block_1_95' title="bbox 286 4812 1899 4888">
    <p class='ocr_par' dir='ltr' id='par_1_95' title="bbox 286 4812 1899 4888">
     <span class='ocr_line' id='line_1_95' title="bbox 286 4812 1899 4888; baseline 0.004 -21"><span class='ocrx_word' id='word_1_704' title='bbox 286 4826 399 4882; x_wconf 85' lang='lat' dir='ltr'><strong>pore</strong></span> <span class='ocrx_word' id='word_1_705' title='bbox 423 4813 683 4881; x_wconf 86' lang='lat' dir='ltr'><strong>feliciter,</strong></span> <span class='ocrx_word' id='word_1_706' title='bbox 717 4812 820 4886; x_wconf 90' lang='lat' dir='ltr'><strong>qui</strong></span> <span class='ocrx_word' id='word_1_707' title='bbox 851 4814 1024 4870; x_wconf 90' lang='lat' dir='ltr'><strong>modo</strong></span> <span class='ocrx_word' id='word_1_708' title='bbox 1059 4819 1377 4888; x_wconf 88' lang='lat' dir='ltr'><strong>resurgunt</strong></span> <span class='ocrx_word' id='word_1_709' title='bbox 1419 4815 1479 4870; x_wconf 91' lang='lat' dir='ltr'><strong>in</strong></span> <span class='ocrx_word' id='word_1_710' title='bbox 1509 4816 1710 4872; x_wconf 88' lang='lat' dir='ltr'><strong>anima</strong></span> <span class='ocrx_word' id='word_1_711' title='bbox 1739 4834 1899 4874; x_wconf 88' lang='lat' dir='ltr'><strong>vera-</strong></span> 
     </span>
    </p>
   </div>
   <div class='ocr_carea' id='block_1_96' title="bbox 287 4899 1902 4976">
    <p class='ocr_par' dir='ltr' id='par_1_96' title="bbox 287 4899 1902 4976">
     <span class='ocr_line' id='line_1_96' title="bbox 287 4899 1902 4976; baseline 0.005 -22"><span class='ocrx_word' id='word_1_712' title='bbox 287 4899 422 4956; x_wconf 83' lang='lat' dir='ltr'><strong>citer.</strong></span> <span class='ocrx_word' id='word_1_713' title='bbox 451 4904 550 4958; x_wconf 81' lang='lat' dir='ltr'><strong>«Et</strong></span> <span class='ocrx_word' id='word_1_714' title='bbox 579 4903 639 4959; x_wconf 91' lang='lat' dir='ltr'>in</span> <span class='ocrx_word' id='word_1_715' title='bbox 669 4903 909 4976; x_wconf 89' lang='lat' dir='ltr'><strong>signum</strong></span> <span class='ocrx_word' id='word_1_716' title='bbox 940 4902 1034 4958; x_wconf 92' lang='lat' dir='ltr'><strong>cui</strong></span> <span class='ocrx_word' id='word_1_717' title='bbox 1063 4903 1511 4960; x_wconf 87' lang='lat' dir='ltr'><strong>contradicetur.</strong></span> <span class='ocrx_word' id='word_1_718' title='bbox 1548 4904 1684 4961; x_wconf 86' lang='lat' dir='ltr'><strong>»Hic</strong></span> <span class='ocrx_word' id='word_1_719' title='bbox 1715 4907 1902 4962; x_wconf 88' lang='lat' dir='ltr'><strong>mani-</strong></span> 
     </span>
    </p>
   </div>
   <div class='ocr_carea' id='block_1_97' title="bbox 289 4985 1904 5067">
    <p class='ocr_par' dir='ltr' id='par_1_97' title="bbox 289 4985 1904 5067">
     <span class='ocr_line' id='line_1_97' title="bbox 289 4985 1904 5067; baseline 0.007 -27"><span class='ocrx_word' id='word_1_720' title='bbox 289 4985 408 5045; x_wconf 84' lang='lat' dir='ltr'><strong>feste</strong></span> <span class='ocrx_word' id='word_1_721' title='bbox 434 4991 657 5047; x_wconf 89' lang='lat' dir='ltr'><strong>Domini</strong></span> <span class='ocrx_word' id='word_1_722' title='bbox 680 4990 880 5064; x_wconf 82' lang='lat' dir='ltr'><strong>passio</strong></span> <span class='ocrx_word' id='word_1_723' title='bbox 898 4992 1218 5049; x_wconf 90' lang='lat' dir='ltr'><strong>aSimeone</strong></span> <span class='ocrx_word' id='word_1_724' title='bbox 1240 4992 1641 5066; x_wconf 88' lang='lat' dir='ltr'><strong>prophetatur.</strong></span> <span class='ocrx_word' id='word_1_725' title='bbox 1658 4994 1904 5067; x_wconf 88' lang='lat' dir='ltr'><strong>Signum</strong></span> 
     </span>
    </p>
   </div>
   <div class='ocr_carea' id='block_1_98' title="bbox 291 5077 1907 5153">
    <p class='ocr_par' dir='ltr' id='par_1_98' title="bbox 291 5077 1907 5153">
     <span class='ocr_line' id='line_1_98' title="bbox 291 5077 1907 5153; baseline 0.007 -24"><span class='ocrx_word' id='word_1_726' title='bbox 291 5077 365 5131; x_wconf 88' lang='lat' dir='ltr'><strong>cui</strong></span> <span class='ocrx_word' id='word_1_727' title='bbox 397 5081 908 5137; x_wconf 87' lang='lat' dir='ltr'><strong>contradicendum</strong></span> <span class='ocrx_word' id='word_1_728' title='bbox 941 5080 1505 5153; x_wconf 66' lang='lat' dir='ltr'><strong>prmdicit,vexillum</strong></span> <span class='ocrx_word' id='word_1_729' title='bbox 1538 5083 1729 5139; x_wconf 88' lang='lat' dir='ltr'><strong>crucis</strong></span> <span class='ocrx_word' id='word_1_730' title='bbox 1750 5084 1907 5139; x_wconf 83' lang='lat' dir='ltr'><strong>acci—</strong></span> 
     </span>
    </p>
   </div>
   <div class='ocr_carea' id='block_1_99' title="bbox 294 5165 1910 5244">
    <p class='ocr_par' dir='ltr' id='par_1_99' title="bbox 294 5165 1910 5244">
     <span class='ocr_line' id='line_1_99' title="bbox 294 5165 1910 5244; baseline 0.006 -26"><span class='ocrx_word' id='word_1_731' title='bbox 294 5165 533 5234; x_wconf 84' lang='lat' dir='ltr'><strong>pitur,cui</strong></span> <span class='ocrx_word' id='word_1_732' title='bbox 550 5168 1032 5225; x_wconf 87' lang='lat' dir='ltr'><strong>contradixerunt</strong></span> <span class='ocrx_word' id='word_1_733' title='bbox 1047 5170 1233 5226; x_wconf 66' lang='lat' dir='ltr'><strong>Judaei</strong></span> <span class='ocrx_word' id='word_1_734' title='bbox 1248 5170 1910 5244; x_wconf 89' lang='lat' dir='ltr'><strong>blasphemantes,sicut</strong></span> 
     </span>
    </p>
   </div>
   <div class='ocr_carea' id='block_1_100' title="bbox 296 5257 1908 5325">
    <p class='ocr_par' dir='ltr' id='par_1_100' title="bbox 296 5257 1908 5325">
     <span class='ocr_line' id='line_1_100' title="bbox 296 5257 1908 5325; baseline 0.003 -13"><span class='ocrx_word' id='word_1_735' title='bbox 296 5257 519 5325; x_wconf 73' lang='lat' dir='ltr'><strong>apostolo</strong></span> <span class='ocrx_word' id='word_1_736' title='bbox 548 5257 730 5314; x_wconf 90' lang='lat' dir='ltr'><strong>Paulo</strong></span> <span class='ocrx_word' id='word_1_737' title='bbox 761 5258 1064 5314; x_wconf 88' lang='lat' dir='ltr'><strong>dixerunt:</strong></span> <span class='ocrx_word' id='word_1_738' title='bbox 1096 5283 1125 5309; x_wconf 84' lang='lat'><strong>«</strong></span> <span class='ocrx_word' id='word_1_739' title='bbox 1145 5260 1226 5317; x_wconf 92' lang='lat' dir='ltr'><strong>De</strong></span> <span class='ocrx_word' id='word_1_740' title='bbox 1257 5265 1415 5317; x_wconf 88' lang='lat' dir='ltr'><strong>secta</strong></span> <span class='ocrx_word' id='word_1_741' title='bbox 1441 5265 1635 5317; x_wconf 87' lang='lat' dir='ltr'><strong>autem</strong></span> <span class='ocrx_word' id='word_1_742' title='bbox 1659 5261 1768 5317; x_wconf 88' lang='lat' dir='ltr'><strong>hac</strong></span> <span class='ocrx_word' id='word_1_743' title='bbox 1798 5280 1908 5317; x_wconf 88' lang='lat' dir='ltr'><strong>no-</strong></span> 
     </span>
    </p>
   </div>
   <div class='ocr_carea' id='block_1_101' title="bbox 295 5345 1905 5422">
    <p class='ocr_par' dir='ltr' id='par_1_101' title="bbox 295 5345 1905 5422">
     <span class='ocr_line' id='line_1_101' title="bbox 295 5345 1905 5422; baseline 0.007 -26"><span class='ocrx_word' id='word_1_744' title='bbox 295 5345 396 5398; x_wconf 87' lang='lat' dir='ltr'><strong>tum</strong></span> <span class='ocrx_word' id='word_1_745' title='bbox 421 5352 507 5402; x_wconf 89' lang='lat' dir='ltr'><strong>est</strong></span> <span class='ocrx_word' id='word_1_746' title='bbox 534 5347 732 5413; x_wconf 87' lang='lat' dir='ltr'><strong>nobis,</strong></span> <span class='ocrx_word' id='word_1_747' title='bbox 763 5348 918 5419; x_wconf 89' lang='lat' dir='ltr'><strong>quod</strong></span> <span class='ocrx_word' id='word_1_748' title='bbox 962 5348 1177 5422; x_wconf 87' lang='lat' dir='ltr'><strong>ubique</strong></span> <span class='ocrx_word' id='word_1_749' title='bbox 1221 5350 1271 5406; x_wconf 91' lang='lat' dir='ltr'><strong>ei</strong></span> <span class='ocrx_word' id='word_1_750' title='bbox 1322 5351 1743 5409; x_wconf 85' lang='lat' dir='ltr'><strong>contradicitur</strong></span> <span class='ocrx_word' id='word_1_751' title='bbox 1772 5351 1905 5421; x_wconf 75' lang='lat' dir='ltr'><strong>(Act.</strong></span> 
     </span>
    </p>
   </div>
   <div class='ocr_carea' id='block_1_102' title="bbox 296 5434 1908 5513">
    <p class='ocr_par' dir='ltr' id='par_1_102' title="bbox 296 5434 1908 5513">
     <span class='ocr_line' id='line_1_102' title="bbox 296 5434 1908 5513; baseline 0.006 -28"><span class='ocrx_word' id='word_1_752' title='bbox 296 5434 510 5506; x_wconf 80' lang='lat' dir='ltr'><strong>xmn).»</strong></span> <span class='ocrx_word' id='word_1_753' title='bbox 531 5436 659 5492; x_wconf 80' lang='lat' dir='ltr'><strong>Non</strong></span> <span class='ocrx_word' id='word_1_754' title='bbox 694 5435 886 5492; x_wconf 82' lang='lat' dir='ltr'><strong>solum</strong></span> <span class='ocrx_word' id='word_1_755' title='bbox 917 5438 1144 5493; x_wconf 90' lang='lat' dir='ltr'><strong>Domini</strong></span> <span class='ocrx_word' id='word_1_756' title='bbox 1184 5439 1379 5510; x_wconf 86' lang='lat' dir='ltr'><strong>passio</strong></span> <span class='ocrx_word' id='word_1_757' title='bbox 1411 5439 1643 5513; x_wconf 85' lang='lat' dir='ltr'><strong>signum</strong></span> <span class='ocrx_word' id='word_1_758' title='bbox 1680 5440 1790 5496; x_wconf 88' lang='lat' dir='ltr'><strong>fuit</strong></span> <span class='ocrx_word' id='word_1_759' title='bbox 1815 5442 1908 5497; x_wconf 90' lang='lat' dir='ltr'><strong>cui</strong></span> 
     </span>
    </p>
   </div>
   <div class='ocr_carea' id='block_1_103' title="bbox 299 5524 1911 5602">
    <p class='ocr_par' dir='ltr' id='par_1_103' title="bbox 299 5524 1911 5602">
     <span class='ocr_line' id='line_1_103' title="bbox 299 5524 1911 5602; baseline 0.008 -29"><span class='ocrx_word' id='word_1_760' title='bbox 299 5524 747 5580; x_wconf 81' lang='lat' dir='ltr'><strong>contradixerunt</strong></span> <span class='ocrx_word' id='word_1_761' title='bbox 768 5524 1082 5594; x_wconf 71' lang='lat' dir='ltr'><strong>Judaei,sed</strong></span> <span class='ocrx_word' id='word_1_762' title='bbox 1115 5526 1287 5583; x_wconf 89' lang='lat' dir='ltr'><strong>etiam</strong></span> <span class='ocrx_word' id='word_1_763' title='bbox 1317 5527 1431 5583; x_wconf 84' lang='lat' dir='ltr'><strong>alia</strong></span> <span class='ocrx_word' id='word_1_764' title='bbox 1443 5530 1573 5601; x_wconf 88' lang='lat' dir='ltr'><strong>ejus</strong></span> <span class='ocrx_word' id='word_1_765' title='bbox 1589 5545 1765 5600; x_wconf 88' lang='lat' dir='ltr'><strong>opera</strong></span> <span class='ocrx_word' id='word_1_766' title='bbox 1784 5547 1911 5602; x_wconf 69' lang='lat' dir='ltr'><strong>quae</strong></span> 
     </span>
    </p>
   </div>
   <div class='ocr_carea' id='block_1_104' title="bbox 303 5603 1911 5687">
    <p class='ocr_par' dir='ltr' id='par_1_104' title="bbox 303 5603 1911 5687">
     <span class='ocr_line' id='line_1_104' title="bbox 303 5603 1911 5687; baseline 0.008 -25"><span class='ocrx_word' id='word_1_767' title='bbox 303 5603 427 5677; x_wconf 83' lang='lat' dir='ltr'><strong>fecit,</strong></span> <span class='ocrx_word' id='word_1_768' title='bbox 457 5612 625 5686; x_wconf 87' lang='lat' dir='ltr'><strong>signa</strong></span> <span class='ocrx_word' id='word_1_769' title='bbox 645 5613 885 5670; x_wconf 90' lang='lat' dir='ltr'><strong>fuerunt</strong></span> <span class='ocrx_word' id='word_1_770' title='bbox 905 5614 1123 5687; x_wconf 89' lang='lat' dir='ltr'><strong>quibus</strong></span> <span class='ocrx_word' id='word_1_771' title='bbox 1138 5616 1611 5674; x_wconf 85' lang='lat' dir='ltr'><strong>contradixerunt</strong></span> <span class='ocrx_word' id='word_1_772' title='bbox 1640 5618 1911 5675; x_wconf 77' lang='lat' dir='ltr'><strong>haeretici.</strong></span> 
     </span>
    </p>
   </div>
   <div class='ocr_carea' id='block_1_105' title="bbox 2007 4634 3661 4711">
    <p class='ocr_par' dir='ltr' id='par_1_105' title="bbox 2007 4634 3661 4711">
     <span class='ocr_line' id='line_1_105' title="bbox 2007 4634 3661 4711; baseline -0.004 -14"><span class='ocrx_word' id='word_1_773' title='bbox 2007 4658 2151 4697; x_wconf 84' lang='lat' dir='ltr'><strong>usus</strong></span> <span class='ocrx_word' id='word_1_774' title='bbox 2182 4640 2491 4711; x_wconf 71' lang='lat' dir='ltr'><strong>Scriptura:</strong></span> <span class='ocrx_word' id='word_1_775' title='bbox 2524 4642 2612 4694; x_wconf 88' lang='lat' dir='ltr'><strong>est</strong></span> <span class='ocrx_word' id='word_1_776' title='bbox 2641 4637 2851 4693; x_wconf 88' lang='lat' dir='ltr'><strong>duram</strong></span> <span class='ocrx_word' id='word_1_777' title='bbox 2882 4635 3323 4692; x_wconf 86' lang='lat' dir='ltr'><strong>tribulationem</strong></span> <span class='ocrx_word' id='word_1_778' title='bbox 3355 4634 3533 4709; x_wconf 91' lang='lat' dir='ltr'><strong>gladii</strong></span> <span class='ocrx_word' id='word_1_779' title='bbox 3562 4653 3661 4691; x_wconf 88' lang='lat' dir='ltr'><strong>no-</strong></span> 
     </span>
    </p>
   </div>
   <div class='ocr_carea' id='block_1_106' title="bbox 2012 4723 3662 4801">
    <p class='ocr_par' dir='ltr' id='par_1_106' title="bbox 2012 4723 3662 4801">
     <span class='ocr_line' id='line_1_106' title="bbox 2012 4723 3662 4801; baseline -0.004 -15"><span class='ocrx_word' id='word_1_780' title='bbox 2012 4731 2169 4787; x_wconf 90' lang='lat' dir='ltr'><strong>mine</strong></span> <span class='ocrx_word' id='word_1_781' title='bbox 2199 4728 2494 4801; x_wconf 87' lang='lat' dir='ltr'><strong>appellare</strong></span> <span class='ocrx_word' id='word_1_782' title='bbox 2543 4726 2632 4784; x_wconf 86' lang='lat' dir='ltr'><strong>vel</strong></span> <span class='ocrx_word' id='word_1_783' title='bbox 2682 4726 2937 4800; x_wconf 88' lang='lat' dir='ltr'><strong>signare,</strong></span> <span class='ocrx_word' id='word_1_784' title='bbox 2966 4724 3119 4781; x_wconf 90' lang='lat' dir='ltr'><strong>sicut</strong></span> <span class='ocrx_word' id='word_1_785' title='bbox 3174 4726 3245 4781; x_wconf 92' lang='lat' dir='ltr'><strong>de</strong></span> <span class='ocrx_word' id='word_1_786' title='bbox 3294 4724 3513 4796; x_wconf 85' lang='lat' dir='ltr'><strong>Joseph</strong></span> <span class='ocrx_word' id='word_1_787' title='bbox 3555 4723 3662 4779; x_wconf 89' lang='lat' dir='ltr'><strong>tri-</strong></span> 
     </span>
    </p>
   </div>
   <div class='ocr_carea' id='block_1_107' title="bbox 2010 4814 3660 4891">
    <p class='ocr_par' dir='ltr' id='par_1_107' title="bbox 2010 4814 3660 4891">
     <span class='ocr_line' id='line_1_107' title="bbox 2010 4814 3660 4891; baseline -0.004 -15"><span class='ocrx_word' id='word_1_788' title='bbox 2010 4817 2340 4876; x_wconf 87' lang='lat' dir='ltr'><strong>bulationes</strong></span> <span class='ocrx_word' id='word_1_789' title='bbox 2369 4816 2594 4891; x_wconf 65' lang='lat' dir='ltr'><strong>[Egypti</strong></span> <span class='ocrx_word' id='word_1_790' title='bbox 2644 4815 2872 4873; x_wconf 83' lang='lat' dir='ltr'><strong>fortiter</strong></span> <span class='ocrx_word' id='word_1_791' title='bbox 2926 4814 3208 4871; x_wconf 89' lang='lat' dir='ltr'><strong>tolerante</strong></span> <span class='ocrx_word' id='word_1_792' title='bbox 3265 4814 3489 4869; x_wconf 86' lang='lat' dir='ltr'><strong>dictum</strong></span> <span class='ocrx_word' id='word_1_793' title='bbox 3529 4817 3660 4870; x_wconf 91' lang='lat' dir='ltr'><strong>est:</strong></span> 
     </span>
    </p>
   </div>
   <div class='ocr_carea' id='block_1_108' title="bbox 2018 4903 3668 4979">
    <p class='ocr_par' dir='ltr' id='par_1_108' title="bbox 2018 4903 3668 4979">
     <span class='ocr_line' id='line_1_108' title="bbox 2018 4903 3668 4979; baseline -0.004 -16"><span class='ocrx_word' id='word_1_794' title='bbox 2018 4932 2045 4958; x_wconf 87' lang='grc'><strong>‹‹</strong></span> <span class='ocrx_word' id='word_1_795' title='bbox 2076 4909 2314 4963; x_wconf 89' lang='lat' dir='ltr'><strong>Ferrum</strong></span> <span class='ocrx_word' id='word_1_796' title='bbox 2341 4905 2680 4979; x_wconf 88' lang='lat' dir='ltr'><strong>pertransiit</strong></span> <span class='ocrx_word' id='word_1_797' title='bbox 2700 4904 2957 4960; x_wconf 90' lang='lat' dir='ltr'><strong>animam</strong></span> <span class='ocrx_word' id='word_1_798' title='bbox 2977 4904 3164 4976; x_wconf 83' lang='lat' dir='ltr'><strong>ejus.»</strong></span> <span class='ocrx_word' id='word_1_799' title='bbox 3187 4903 3509 4959; x_wconf 90' lang='lat' dir='ltr'><strong>Possumus</strong></span> <span class='ocrx_word' id='word_1_800' title='bbox 3526 4918 3668 4975; x_wconf 91' lang='lat' dir='ltr'><strong>quo-</strong></span> 
     </span>
    </p>
   </div>
   <div class='ocr_carea' id='block_1_109' title="bbox 2015 4990 3668 5070">
    <p class='ocr_par' dir='ltr' id='par_1_109' title="bbox 2015 4990 3668 5070">
     <span class='ocr_line' id='line_1_109' title="bbox 2015 4990 3668 5070; baseline -0.003 -18"><span class='ocrx_word' id='word_1_801' title='bbox 2015 5013 2132 5070; x_wconf 84' lang='lat' dir='ltr'><strong>qua</strong></span> <span class='ocrx_word' id='word_1_802' title='bbox 2160 4999 2216 5051; x_wconf 90' lang='lat' dir='ltr'><strong>et</strong></span> <span class='ocrx_word' id='word_1_803' title='bbox 2247 4993 2910 5069; x_wconf 88' lang='lat' dir='ltr'><strong>gladium,quianimam</strong></span> <span class='ocrx_word' id='word_1_804' title='bbox 2933 4993 3125 5049; x_wconf 68' lang='lat' dir='ltr'><strong>Mariae</strong></span> <span class='ocrx_word' id='word_1_805' title='bbox 3147 4992 3504 5066; x_wconf 89' lang='lat' dir='ltr'><strong>pertransire</strong></span> <span class='ocrx_word' id='word_1_806' title='bbox 3525 4990 3668 5047; x_wconf 90' lang='lat' dir='ltr'><strong>dici-</strong></span> 
     </span>
    </p>
   </div>
   <div class='ocr_carea' id='block_1_110' title="bbox 2016 5081 3670 5156">
    <p class='ocr_par' dir='ltr' id='par_1_110' title="bbox 2016 5081 3670 5156">
     <span class='ocr_line' id='line_1_110' title="bbox 2016 5081 3670 5156; baseline -0.002 -15"><span class='ocrx_word' id='word_1_807' title='bbox 2016 5090 2132 5151; x_wconf 90' lang='lat' dir='ltr'><strong>tur,</strong></span> <span class='ocrx_word' id='word_1_808' title='bbox 2161 5083 2327 5140; x_wconf 92' lang='lat' dir='ltr'><strong>illum</strong></span> <span class='ocrx_word' id='word_1_809' title='bbox 2360 5084 2640 5156; x_wconf 90' lang='lat' dir='ltr'><strong>accipere,</strong></span> <span class='ocrx_word' id='word_1_810' title='bbox 2675 5082 2745 5137; x_wconf 92' lang='lat' dir='ltr'><strong>de</strong></span> <span class='ocrx_word' id='word_1_811' title='bbox 2776 5099 2890 5154; x_wconf 92' lang='lat' dir='ltr'><strong>quo</strong></span> <span class='ocrx_word' id='word_1_812' title='bbox 2942 5083 3024 5138; x_wconf 83' lang='lat' dir='ltr'><strong>ait</strong></span> <span class='ocrx_word' id='word_1_813' title='bbox 3051 5082 3399 5156; x_wconf 88' lang='lat' dir='ltr'><strong>Apostolus:</strong></span> <span class='ocrx_word' id='word_1_814' title='bbox 3431 5104 3459 5131; x_wconf 85' lang='grc'><strong>‹‹</strong></span> <span class='ocrx_word' id='word_1_815' title='bbox 3489 5081 3670 5137; x_wconf 87' lang='lat' dir='ltr'><strong>Vivus</strong></span> 
     </span>
    </p>
   </div>
   <div class='ocr_carea' id='block_1_111' title="bbox 2016 5170 3673 5244">
    <p class='ocr_par' dir='ltr' id='par_1_111' title="bbox 2016 5170 3673 5244">
     <span class='ocr_line' id='line_1_111' title="bbox 2016 5170 3673 5244; baseline -0.004 -13"><span class='ocrx_word' id='word_1_816' title='bbox 2016 5178 2105 5231; x_wconf 89' lang='lat' dir='ltr'><strong>est</strong></span> <span class='ocrx_word' id='word_1_817' title='bbox 2134 5173 2291 5229; x_wconf 89' lang='lat' dir='ltr'><strong>enim</strong></span> <span class='ocrx_word' id='word_1_818' title='bbox 2322 5190 2512 5229; x_wconf 89' lang='lat' dir='ltr'><strong>sermo</strong></span> <span class='ocrx_word' id='word_1_819' title='bbox 2545 5172 2645 5228; x_wconf 90' lang='lat' dir='ltr'><strong>Dei</strong></span> <span class='ocrx_word' id='word_1_820' title='bbox 2667 5176 2723 5227; x_wconf 86' lang='lat' dir='ltr'><strong>et</strong></span> <span class='ocrx_word' id='word_1_821' title='bbox 2743 5172 2966 5241; x_wconf 79' lang='lat' dir='ltr'><strong>efﬁcax,</strong></span> <span class='ocrx_word' id='word_1_822' title='bbox 2991 5176 3048 5227; x_wconf 92' lang='lat' dir='ltr'><strong>et</strong></span> <span class='ocrx_word' id='word_1_823' title='bbox 3078 5170 3491 5244; x_wconf 89' lang='lat' dir='ltr'><strong>penetrabilior</strong></span> <span class='ocrx_word' id='word_1_824' title='bbox 3511 5170 3673 5227; x_wconf 90' lang='lat' dir='ltr'><strong>omni</strong></span> 
     </span>
    </p>
   </div>
   <div class='ocr_carea' id='block_1_112' title="bbox 2017 5260 3671 5337">
    <p class='ocr_par' dir='ltr' id='par_1_112' title="bbox 2017 5260 3671 5337">
     <span class='ocr_line' id='line_1_112' title="bbox 2017 5260 3671 5337; baseline -0.002 -19"><span class='ocrx_word' id='word_1_825' title='bbox 2017 5263 2211 5337; x_wconf 87' lang='lat' dir='ltr'><strong>gladio</strong></span> <span class='ocrx_word' id='word_1_826' title='bbox 2243 5261 2851 5334; x_wconf 89' lang='lat' dir='ltr'><strong>ancipiti,pertingens</strong></span> <span class='ocrx_word' id='word_1_827' title='bbox 2878 5278 3065 5334; x_wconf 91' lang='lat' dir='ltr'><strong>usque</strong></span> <span class='ocrx_word' id='word_1_828' title='bbox 3086 5262 3158 5316; x_wconf 89' lang='lat' dir='ltr'><strong>ad</strong></span> <span class='ocrx_word' id='word_1_829' title='bbox 3186 5260 3529 5317; x_wconf 89' lang='lat' dir='ltr'><strong>divisionem</strong></span> <span class='ocrx_word' id='word_1_830' title='bbox 3547 5260 3671 5315; x_wconf 88' lang='lat' dir='ltr'><strong>ani-</strong></span> 
     </span>
    </p>
   </div>
   <div class='ocr_carea' id='block_1_113' title="bbox 2023 5348 3673 5424">
    <p class='ocr_par' dir='ltr' id='par_1_113' title="bbox 2023 5348 3673 5424">
     <span class='ocr_line' id='line_1_113' title="bbox 2023 5348 3673 5424; baseline -0.002 -17"><span class='ocrx_word' id='word_1_831' title='bbox 2023 5370 2128 5408; x_wconf 66' lang='lat' dir='ltr'><strong>mo:</strong></span> <span class='ocrx_word' id='word_1_832' title='bbox 2161 5356 2218 5406; x_wconf 87' lang='lat' dir='ltr'><strong>ct</strong></span> <span class='ocrx_word' id='word_1_833' title='bbox 2248 5350 2512 5424; x_wconf 87' lang='lat' dir='ltr'><strong>spiritus,</strong></span> <span class='ocrx_word' id='word_1_834' title='bbox 2536 5366 2888 5423; x_wconf 82' lang='lat' dir='ltr'><strong>compagum</strong></span> <span class='ocrx_word' id='word_1_835' title='bbox 2919 5367 3151 5422; x_wconf 86' lang='lat' dir='ltr'><strong>quoque</strong></span> <span class='ocrx_word' id='word_1_836' title='bbox 3180 5353 3236 5405; x_wconf 88' lang='lat' dir='ltr'><strong>et</strong></span> <span class='ocrx_word' id='word_1_837' title='bbox 3257 5348 3673 5418; x_wconf 89' lang='lat' dir='ltr'><strong>medullarum,</strong></span> 
     </span>
    </p>
   </div>
   <div class='ocr_carea' id='block_1_114' title="bbox 2022 5438 3678 5513">
    <p class='ocr_par' dir='ltr' id='par_1_114' title="bbox 2022 5438 3678 5513">
     <span class='ocr_line' id='line_1_114' title="bbox 2022 5438 3678 5513; baseline -0.001 -17"><span class='ocrx_word' id='word_1_838' title='bbox 2022 5445 2079 5497; x_wconf 90' lang='lat' dir='ltr'><strong>et</strong></span> <span class='ocrx_word' id='word_1_839' title='bbox 2111 5441 2397 5495; x_wconf 71' lang='lat' dir='ltr'><strong>discretor</strong></span> <span class='ocrx_word' id='word_1_840' title='bbox 2425 5439 2868 5513; x_wconf 81' lang='lat' dir='ltr'><strong>cogitationum,</strong></span> <span class='ocrx_word' id='word_1_841' title='bbox 2901 5443 2957 5495; x_wconf 90' lang='lat' dir='ltr'><strong>et</strong></span> <span class='ocrx_word' id='word_1_842' title='bbox 2997 5456 3111 5494; x_wconf 85' lang='lat' dir='ltr'><strong>non</strong></span> <span class='ocrx_word' id='word_1_843' title='bbox 3143 5444 3232 5495; x_wconf 88' lang='lat' dir='ltr'><strong>est</strong></span> <span class='ocrx_word' id='word_1_844' title='bbox 3262 5438 3384 5495; x_wconf 90' lang='lat' dir='ltr'><strong>ulla</strong></span> <span class='ocrx_word' id='word_1_845' title='bbox 3413 5443 3678 5495; x_wconf 87' lang='lat' dir='ltr'><strong>creatura</strong></span> 
     </span>
    </p>
   </div>
   <div class='ocr_carea' id='block_1_115' title="bbox 2022 5528 3680 5602">
    <p class='ocr_par' dir='ltr' id='par_1_115' title="bbox 2022 5528 3680 5602">
     <span class='ocr_line' id='line_1_115' title="bbox 2022 5528 3680 5602; baseline -0.002 -17"><span class='ocrx_word' id='word_1_846' title='bbox 2022 5528 2334 5585; x_wconf 83' lang='lat' dir='ltr'><strong>invisibilis</strong></span> <span class='ocrx_word' id='word_1_847' title='bbox 2368 5528 2425 5583; x_wconf 92' lang='lat' dir='ltr'><strong>in</strong></span> <span class='ocrx_word' id='word_1_848' title='bbox 2449 5537 2765 5602; x_wconf 85' lang='lat' dir='ltr'><strong>conspectu</strong></span> <span class='ocrx_word' id='word_1_849' title='bbox 2783 5531 2911 5601; x_wconf 85' lang='lat' dir='ltr'><strong>ejus</strong></span> <span class='ocrx_word' id='word_1_850' title='bbox 2935 5529 3216 5601; x_wconf 82' lang='lat' dir='ltr'><strong>(Hebr.1v).</strong></span> <span class='ocrx_word' id='word_1_851' title='bbox 3240 5551 3268 5579; x_wconf 87' lang='grc'><strong>››</strong></span> <span class='ocrx_word' id='word_1_852' title='bbox 3296 5529 3408 5585; x_wconf 91' lang='lat' dir='ltr'><strong>Sed</strong></span> <span class='ocrx_word' id='word_1_853' title='bbox 3437 5545 3593 5584; x_wconf 89' lang='lat' dir='ltr'><strong>nunc</strong></span> <span class='ocrx_word' id='word_1_854' title='bbox 3623 5530 3680 5582; x_wconf 92' lang='lat' dir='ltr'><strong>et</strong></span> 
     </span>
    </p>
   </div>
   <div class='ocr_carea' id='block_1_116' title="bbox 2025 5616 3678 5691">
    <p class='ocr_par' dir='ltr' id='par_1_116' title="bbox 2025 5616 3678 5691">
     <span class='ocr_line' id='line_1_116' title="bbox 2025 5616 3678 5691; baseline -0.003 -17"><span class='ocrx_word' id='word_1_855' title='bbox 2025 5636 2213 5691; x_wconf 89' lang='lat' dir='ltr'><strong>usque</strong></span> <span class='ocrx_word' id='word_1_856' title='bbox 2244 5620 2315 5675; x_wconf 91' lang='lat' dir='ltr'><strong>ad</strong></span> <span class='ocrx_word' id='word_1_857' title='bbox 2352 5619 2527 5675; x_wconf 82' lang='lat' dir='ltr'><strong>finem</strong></span> <span class='ocrx_word' id='word_1_858' title='bbox 2570 5618 2767 5676; x_wconf 69' lang='lat' dir='ltr'><strong>saeculi</strong></span> <span class='ocrx_word' id='word_1_859' title='bbox 2829 5618 3088 5675; x_wconf 90' lang='lat' dir='ltr'><strong>animam</strong></span> <span class='ocrx_word' id='word_1_860' title='bbox 3145 5617 3416 5675; x_wconf 68' lang='lat' dir='ltr'><strong>Ecclesiae</strong></span> <span class='ocrx_word' id='word_1_861' title='bbox 3447 5616 3678 5690; x_wconf 87' lang='lat' dir='ltr'><strong>gladius</strong></span> 
     </span>
    </p>
   </div>
  </div>
