4018 6180
328 347 437 410 8,.

890 344 1299 411 HAYMONIS
1342 342 1885 407 HALBERSTAT.
1931 341 2175 406 EPISC.
2220 344 2393 407 OPP.
2438 345 2636 410 PARS
2680 347 2759 410 II.
2792 382 2871 393 -
2906 347 3177 411 HOMIL.

3668 346 3773 409 88.

328 480 873 559 pertransibit,cum
905 496 1021 538 non
1053 479 1245 537 solum
1277 480 1349 536 ab
1380 478 1676 535 extraneis
1707 492 1978 550 persecu-
2010 477 2066 546 Α
2093 494 2272 551 gnam
2328 495 2457 537 esse
2483 483 2836 549 ostenderet,
2870 498 2998 555 quae
3047 481 3293 537 Domino
3338 482 3749 542 testimonium

328 574 552 639 tionem
581 571 823 644 patitur,
849 570 946 626 sed
973 569 1150 625 etiam
1182 585 1281 625 eos
1308 568 1409 641 qui
1440 567 1673 623 credere
1701 565 1980 621 videban-

328 667 448 730 tur,
481 679 515 716 a
544 661 657 717 ﬁde
686 664 744 716 et
767 661 923 716 bona
969 657 1307 732 operatione
1370 656 1723 729 retrolapsos
1775 654 1977 727 gemit.

331 749 500 809 Dolet
529 748 683 805 enim
716 766 786 805 ex
815 764 1017 804 eorum
1068 747 1412 820 perditione,
1447 745 1516 800 de
1547 759 1803 816 quorum
1835 759 1980 815 gau-

330 840 507 916 debat
537 836 761 897 salute:
813 837 1013 910 sicque
1063 835 1383 891 multorum
1442 833 1706 889 cordium
1760 830 1982 903 cogita-

332 928 525 984 tiones
555 926 902 993 revelantur,
936 925 1077 981 dum
1109 923 1377 996 superbit
1403 918 1986 995 impius,incenditur

336 1033 578 1091 pauper.
610 1016 771 1082 Quod
801 1031 936 1071 vero
984 1012 1311 1086 subjungit,
1344 1035 1372 1061 «
1431 1011 1505 1067 Ut
1562 1009 1889 1066 revelentur
1919 1025 1987 1063 ex

338 1130 367 1158 «
405 1104 612 1179 multis
641 1105 918 1161 cordibus
950 1101 1509 1175 cogitationes,»non
1543 1099 1732 1156 solum
1756 1098 1828 1154 ad
1852 1114 1984 1170 pas-

338 1196 563 1253 sionem
594 1194 825 1250 Domini
854 1192 1123 1266 pertinet,
1159 1191 1258 1246 sed
1300 1189 1474 1246 etiam
1506 1189 1578 1244 ad
1612 1185 1987 1244 resurrectio-

338 1304 495 1344 nem.
533 1288 680 1340 Ante
709 1283 863 1339 enim
898 1299 1074 1354 quam
1108 1281 1168 1336 in
1200 1296 1375 1336 carne
1405 1274 1987 1352 apparuisset,incer-

336 1381 463 1433 tum
480 1378 604 1430 erat
620 1372 861 1446 quinam
877 1388 944 1428 ex
963 1371 1182 1427 Judaeis
1195 1368 1255 1424 in
1280 1368 1449 1424 illum
1472 1370 1670 1423 essent
1686 1364 1984 1433 credituri,

336 1470 393 1521 et
419 1464 517 1536 qui
551 1463 609 1519 in
668 1459 1073 1517 incredulitate
1106 1455 1475 1532 permansuri
1504 1472 1515 1511 :
1548 1456 1649 1511 sed
1695 1452 1792 1509 illo
1825 1457 1984 1521 nato,

336 1553 658 1610 multorum
691 1549 956 1607 cordium
987 1547 1371 1621 cogitationes
1400 1542 1662 1600 revelata:
1684 1542 1990 1615 sunt,quia

336 1646 601 1717 pastores
631 1641 703 1696 ab
728 1637 957 1711 angelis
988 1634 1429 1703 commoniti,ad
1452 1651 1587 1690 eum
1620 1633 1988 1689 adorandum

335 1732 758 1789 festinaverunt
772 1732 854 1784 :at
882 1742 1012 1781 vero
1030 1723 1512 1791 Herodes,audita
1528 1724 1655 1794 ejus
1668 1720 1986 1788 nativitate,

2095 567 2443 638 perhiberet.
2469 570 2555 626 Ad
2587 570 2849 626 ofﬁcium
2882 570 3098 643 quippe
3138 570 3412 641 pertinet,
3438 574 3596 644 quod
3631 575 3773 631 ait:-

2093 679 2120 705 «
2154 657 2223 712 Et
2254 662 2379 713 erat
2403 660 2573 714 Anna
2604 659 3030 733 prophetissa.»
3066 660 3150 715 Ad
3179 659 3749 736 genealogiam,cum

2090 746 2461 820 adjungitur:
2490 772 2516 799 ‹‹
2552 749 2696 805 Filia
2744 749 3022 816 Phanuel,
3059 750 3130 805 de
3185 751 3343 807 tribu
3402 754 3566 808 Aser.
3603 776 3630 803 ››
3659 756 3749 811 Ad

2093 839 2346 901 aetatem,
2382 838 2539 909 quod
2570 838 2918 912 subjungit:

2168 946 2195 975 ‹‹
2226 925 2351 981 llaec
2382 932 2746 998 processerat
2766 928 2826 983 in
2852 929 3060 985 diebus
3075 928 3361 996 multis,et
3379 930 3599 987 vixerat
3614 948 3752 988 cum

2098 1035 2120 1063 ι
2155 1013 2276 1069 viro
2306 1032 2413 1071 suo
2444 1016 2615 1072 annis
2648 1021 2894 1090 septem,
2928 1035 2962 1073 a
3004 1018 3337 1091 virginitate
3368 1036 3495 1075 sua.
3529 1021 3599 1076 Et
3631 1021 3753 1077 hinc

2102 1123 2124 1152 ι
2159 1104 2331 1160 vidua
2360 1109 2698 1178 erat,usque
2718 1107 2789 1163 ad
2814 1123 3000 1163 annos
3028 1107 3327 1180 octoginta
3347 1111 3753 1181 quatuor.»Ad

2095 1210 2324 1248 morum
2358 1194 2581 1250 scilicet
2608 1195 2983 1252 sanctitatem
2998 1196 3427 1270 pertinet,quod
3456 1198 3754 1254 subini'cr-

2096 1286 2228 1337 tur:
2266 1305 2293 1332 «
2325 1285 2459 1348 Quae
2519 1301 2633 1338 non
2661 1284 3001 1340 discedebat
3050 1286 3120 1341 de
3160 1286 3401 1357 templo,
3427 1286 3675 1359 jejuniis
3700 1294 3759 1344 et

2098 1394 2125 1420 ‹‹
2161 1371 2525 1428 orationibus
2558 1373 2815 1428 serviens
2860 1374 3110 1429 Domino
3162 1378 3329 1431 nocte
3387 1391 3453 1431 ac
3485 1375 3600 1431 die.
3638 1399 3666 1424 ›»
3693 1377 3757 1433 In

2097 1460 2312 1533 quibus
2341 1460 2532 1518 verbis
2558 1466 2758 1517 nostra
2781 1462 3057 1535 tepiditas
3080 1463 3761 1535 reprehenditur,nostra

2097 1549 2346 1622 segnitia
2375 1550 2873 1623 redarguitur,qui
2906 1552 2977 1606 ad
3011 1551 3333 1608 orationem
3360 1553 3524 1609 tarde
3546 1571 3757 1611 conve-

2098 1637 2316 1706 nimus,
2346 1638 2522 1694 citius
2569 1654 2747 1711 quam
2800 1656 3037 1697 necesse
3059 1643 3148 1697 est
3181 1641 3532 1709 recedimus,
3564 1647 3621 1698 et
3652 1661 3757 1699 no-

2100 1734 2231 1784 strze
2264 1727 2390 1782 vita:
2409 1731 2641 1800 tempus
2662 1728 2721 1783 in
2745 1728 3021 1785 conviviis
3039 1734 3097 1785 et
3119 1729 3759 1803 superfluislocutioni-

340 1822 614 1878 turbatus
643 1821 815 1886 est,et
843 1815 1036 1871 omnis
1071 1812 1469 1886 Hierosolyma
1498 1827 1632 1867 cum
1660 1810 1991 1866 illo.Postea
2027 1854 2074 1918 Β
2101 1820 2213 1874 bus
2239 1834 2616 1890 occupamus,
2651 1820 2724 1874 At
2756 1836 2891 1874 vero
2922 1835 3055 1875 cum
3089 1824 3245 1875 esset
3274 1821 3443 1875 Anna
3473 1838 3607 1877 ερχυ
3632 1822 3755 1878 fm-

340 1927 477 1968 vero
508 1907 609 1964 illo
639 1906 990 1979 praedicante
1028 1902 1090 1958 in
1120 1904 1376 1976 perfecta
1404 1905 1592 1968 aetate,
1626 1904 1683 1956 et
1714 1898 1999 1954 miracula

342 1997 612 2063 faciente,
646 1994 967 2051 multorum
999 1992 1276 2058 cordium,
1306 1989 1686 2064 cogitationes
1737 1988 1997 2056 revelatas

346 2086 651 2159 sunt,quia
681 2083 779 2141 alii
803 2083 873 2139 ad
898 2081 1065 2138 illum
1088 2081 1255 2154 quasi
1270 2081 1341 2144 ad
1358 2078 1705 2153 magistrum
1738 2077 1998 2135 veritatis

347 2172 855 2241 conﬂuebant,alii
887 2170 1056 2244 quasi
1088 2188 1122 2227 a
1152 2171 1457 2227 seductore
1488 2167 1855 2224 recedebant.
1887 2166 1996 2222 Alii

347 2290 376 2317 ‹‹
406 2265 680 2322 dicebant
708 2263 846 2336 quia
900 2261 1090 2317 bonus
1141 2263 1249 2325 est,
1283 2258 1382 2315 alii
1410 2275 1543 2313 vero
1575 2257 1697 2313 Non
1726 2274 1740 2324 ;
1775 2257 1875 2312 sed
1912 2273 1999 2312 se-

347 2355 509 2414 ducit
538 2354 742 2419 turbas
773 2352 1116 2424 (Joan.vn).»
1148 2347 1575 2404 Aliidicebant:
1609 2346 1666 2401 Si
1703 2362 1817 2400 non
1850 2348 2005 2401 esset

349 2444 443 2501 hic
465 2462 498 2500 a
528 2444 667 2509 Deo,
693 2457 808 2496 non
841 2443 1069 2512 poterat
1107 2438 1295 2493 facere
1327 2434 1676 2507 quidquam.
1709 2432 1818 2488 Alii
1851 2433 2004 2489 dice-

348 2530 674 2592 bantzaﬂic
704 2529 880 2585 homo
910 2544 1025 2583 non
1052 2531 1142 2583 est
1171 2543 1205 2580 a
1238 2529 1371 2591 Deo,
1405 2523 1504 2596 qui
1538 2523 1852 2579 sabbatum
1887 2538 2002 2578 non

349 2620 607 2681 custodit
637 2621 809 2693 (Joan.
836 2618 931 2690 ix).
970 2638 998 2665 η
1031 2615 1143 2671 Sed
1204 2614 1303 2669 illo
1346 2613 1404 2668 in
1465 2628 1636 2668 cruce
1688 2611 1999 2684 pendente,

351 2712 673 2771 multorum
696 2709 963 2766 cordium
993 2705 1376 2780 cogitationes
1397 2702 1657 2758 revelatae
1691 2705 1850 2768 sunt,
1868 2700 2008 2774 quia

353 2803 451 2861 alii
484 2801 775 2872 dicebant,
808 2815 941 2854 cum
972 2797 1100 2852 sine
1156 2793 1330 2865 culpa
1371 2808 1506 2848 eum
1536 2792 1711 2847 morti
1743 2790 1895 2845 tradi
1929 2790 2007 2844 vi-

358 2893 599 2948 derent:
629 2913 657 2939 ‹‹
690 2889 835 2944 Vere
865 2886 965 2941 Dei
996 2884 1178 2941 Filius
1199 2880 1325 2938 érat
1356 2881 1465 2936 iste
1498 2880 1712 2953 (Matth.
1746 2878 1942 2952 xxvn).
1979 2900 2006 2928 ››

362 3003 391 3032 «ς
419 2979 530 3035 Alii
561 2977 870 3034 irridentes
886 2970 1304 3030 dicebant:Vah
1328 2970 1427 3042 qui
1459 2968 2005 3041 destruittemplum

360 3069 481 3139 Dei,
514 3072 572 3124 et
600 3067 660 3122 in
691 3065 883 3121 triduo
914 3060 1225 3119 remdiﬁcat
1253 3058 1420 3114 illud.
1453 3056 1513 3113 Si
1558 3056 1739 3114 Filius
1768 3057 1869 3112 Dei
1897 3060 2039 3122 est“

360 3157 677 3216 descendat
706 3155 776 3210 de
798 3154 1061 3219 'cruce,et
1093 3149 1390 3205 credimus
1420 3144 1752 3202 ei.Conlidit
1782 3145 1840 3199 in
1872 3144 2007 3213 Deo,

2107 1907 2403 1981 gilior,sed
2440 1913 2632 1964 mente
2661 1908 2973 1976 devotior,«
3009 1924 3124 1964 non
3157 1908 3493 1966 discedebat
3522 1911 3590 1967 de
3611 1914 3757 1967 tem-

2107 1996 2222 2071 plo,
2248 1995 2493 2069 jejuniis
2524 2000 2581 2052 et
2610 1996 2974 2053 orationibus
3005 1997 3262 2054 serviens
3297 2002 3463 2054 nocte
3493 2015 3558 2055 ac
3585 2000 3698 2066 die,
3727 2024 3757 2051 ››

2109 2088 2242 2142 ante
2271 2084 2611 2157 Apostolum
2644 2084 2898 2158 implens
2934 2085 3069 2142 illud
3105 2085 3492 2158 apostolicum
3521 2104 3534 2142 :
3569 2112 3597 2137 «
3630 2087 3769 2145 Sine

2109 2173 2541 2230 intermissione
2616 2179 2796 2240 orate,
2856 2174 2916 2229 in
2989 2174 3266 2230 omnibus
3341 2175 3562 2248 gratias
3615 2177 3777 2250 agite

2110 2264 2158 2329 (1
2188 2264 2335 2318 Thes.
2367 2267 2444 2330 v).
2474 2285 2501 2311 ››
2535 2262 2641 2317 Ubi
2678 2262 3171 2319 considerandum
3205 2267 3312 2333 est,
3356 2265 3514 2337 quia,
3558 2265 3666 2321 etsi
3698 2265 3776 2321 ad

2109 2356 2343 2423 tempus
2364 2351 2671 2407 recedebat
2695 2356 2932 2424 propter
2952 2350 3312 2424 corporalem
3343 2354 3778 2423 necessitatem,

2110 2444 2307 2496 tamen
2338 2438 2641 2495 devotione
2666 2440 2880 2496 mentis
2901 2457 3134 2512 semper
3153 2441 3213 2496 in
3235 2424 3495 2497 oratione
3520 2456 3789 2515 perseve-

2112 2529 2299 2597 rabat,
2324 2528 2649 2585 secundum
2664 2528 2921 2600 Apostoli
2941 2533 3292 2601 praeceptum
3312 2546 3325 2584 :
3349 2531 3519 2587 «Sive
3539 2532 3790 2588 mandu-

2112 2634 2276 2686 cans,
2316 2617 2435 2673 sive
2468 2617 2694 2685 bibens,
2730 2617 2849 2673 sive
2888 2617 3048 2673 aliud
3081 2618 3223 2690 quid
3254 2635 3453 2692 agens,
3487 2620 3687 2677 omnia
3719 2621 3785 2677 in

2114 2705 2351 2762 nomine
2379 2706 2813 2782 Domininostri
2836 2707 2977 2762 Jesu
3000 2706 3215 2764 Christi
3237 2710 3287 2777 (I
3308 2709 3438 2763 Cor.
3461 2708 3540 2779 x).
3568 2732 3595 2757 »
3615 2708 3790 2767 Sicut

2114 2811 2250 2868 ergo
2273 2795 2493 2850 habent
2513 2795 2641 2866 conj
2651 2798 2837 2867 ugatae
2862 2794 2923 2849 in
2946 2793 3243 2851 Elizabeth
3268 2797 3422 2869 quod
3447 2795 3785 2867 imitentur,

2116 2888 2173 2940 et
2193 2882 2447 2958 virgines
2474 2883 2536 2939 in
2566 2882 2748 2940 Maria
2776 2884 2932 2956 quod
2959 2888 3300 2957 sequantur,
3332 2889 3390 2941 et
3417 2898 3586 2942 senes
3606 2885 3668 2942 in
3691 2888 3791 2944 Si-

2118 2989 2322 3029 meone
2341 2973 2497 3044 quod
2517 2971 2964 3045 amplectantur,
2986 2973 3068 3028 sic
3081 2973 3299 3029 habent
3313 2978 3372 3029 et
3388 2974 3571 3030 viduae
3588 2991 3791 3032 exem-

2116 3062 2281 3134 plum
2310 3061 2610 3118 viduitatis
2638 3061 2697 3116 in
2720 3063 2885 3117 Anna
2908 3061 3063 3134 quod
3086 3061 3414 3131 imitentur,
3430 3066 3501 3118 ut
3521 3063 3787 3135 discant,

2117 3168 2231 3207 non
2263 3150 2508 3207 circuire
2525 3151 2750 3218 domos,
2772 3167 2876 3206 nec
2903 3150 3176 3206 deliciose
3193 3149 3399 3221 vivere,
3423 3169 3539 3207 non
3563 3152 3793 3210 fabulis

356 3249 564 3316 liberet
592 3231 747 3302 nunc
800 3258 956 3309 eum,
990 3239 1040 3296 si
1098 3237 1220 3294 vult
1268 3236 1476 3308 (Ibid.).
1514 3259 1541 3285 »
1575 3267 1641 3275 —
1678 3258 1698 3284 α
1760 3232 1871 3288 Alii
1904 3250 2007 3306 per
2035 3224 2081 3291 C
2116 3238 2321 3295 otiosis
2351 3255 2633 3310 occupare
2659 3238 3055 3312 linguam,sed
3083 3239 3142 3293 in
3167 3239 3398 3311 jejunio
3429 3243 3486 3295 et
3517 3241 3797 3298 oratione

358 3338 644 3395 cutientes
673 3337 909 3406 pectora
939 3346 1065 3394 sua,
1115 3326 1554 3382 revertebantur
1583 3324 1732 3395 (Luc.
1767 3322 1949 3394 xxm).
1984 3344 2013 3371 ››

356 3425 469 3482 Alii
501 3423 676 3479 etiam
707 3437 774 3477 eo
802 3417 1030 3490 sepulto
1052 3414 1318 3471 insidiari
1338 3412 1629 3478 volebant,
1648 3411 1910 3466 dicentes
1940 3411 2013 3466 ad

360 3500 705 3587 praesidem:
740 3530 767 3557 «
800 3505 1064 3571 Domine,
1096 3500 1383 3557 recordati
1416 3516 1645 3568 sumus,
1679 3498 1819 3571 quia
1848 3497 2017 3554 sedu-

360 3605 484 3659 ctor
513 3598 611 3654 ille
631 3596 777 3652 dixit
796 3594 987 3650 adhuc
1011 3590 1371 3647 vivens.Post
1392 3593 1512 3644 tres
1535 3588 1661 3644 dies
1685 3603 2010 3660 resurgam.

360 3690 510 3748 Jube
541 3703 677 3761 ergo
704 3682 985 3741 custodiri
1033 3679 1367 3752 sepulcrum
1401 3694 1589 3750 usque
1621 3677 1676 3731 in
1712 3677 1867 3732 diem
1898 3681 2012 3733 ter-

359 3780 509 3847 tium
543 3776 746 3848 (Matth.
776 3774 969 3841 xxv").
1006 3794 1032 3819 »
1064 3771 1135 3825 Et
1190 3768 1299 3824 hoc
1357 3771 1445 3823 est
1475 3766 1631 3839 quod
1677 3783 1711 3821 a
1741 3766 2011 3822 Simeone

362 3867 596 3935 dicitur,
631 3888 659 3915 «
692 3868 748 3919 et
776 3866 939 3916 tuam
969 3857 1157 3931 ipsius
1184 3854 1442 3912 animam
1477 3854 1856 3931 pertransibit
1885 3854 2010 3927 gla-

362 3955 585 4023 dius,ut
616 3951 943 4008 revelantur
961 3965 1031 4003 ex
1049 3945 1248 4002 multis
1275 3944 1548 4000 cordibus
1571 3942 2007 4017 cogitationes,»

278 4086 287 4096 ,
362 4046 417 4101 id
452 4047 632 4113 est,ex
663 4038 1031 4096 irridentium
1047 4040 1105 4091 et
1121 4032 1705 4101 dolentium,scilicet
1721 4030 2009 4088 malorum

361 4139 420 4192 et
448 4135 758 4191 bonorum.
1953 4194 1958 4198 _

434 4246 462 4291 «ς
493 4224 563 4279 Et
592 4223 718 4278 erat
745 4220 910 4274 Anna
939 4213 1328 4289 prophetissa,
1368 4233 1394 4260 ››
1426 4216 1534 4266 etc.
1557 4211 1693 4266 Post
1721 4210 2009 4268 Simeonis

359 4310 726 4388 prophetiam
757 4308 924 4363 Anna
951 4304 1127 4360 vidua
1156 4299 1715 4372 introducitur,quia
1746 4301 1886 4356 ordo
1918 4318 2007 4356 ra-

356 4403 533 4459 tionis
565 4399 841 4474 poscebat
861 4400 926 4450 ut
955 4393 1211 4467 primum
1244 4408 1279 4447 a
1306 4389 1681 4455 viris,deinde
1711 4406 1747 4443 a
1771 4389 2007 4445 feminis

356 4489 586 4547 Domini
620 4486 894 4542 nativitas
925 4481 1327 4541 testimonium
1359 4477 1820 4550 acciperet.Quia
1850 4478 2007 4533 enim

358 4594 591 4635 omnem
615 4591 820 4631 sexum
851 4576 909 4635 et
968 4586 1203 4628 omnem
1253 4571 1480 4623 aetatem
1540 4565 1821 4622 Dominus
1864 4566 2086 4654 redi-D

359 4683 517 4723 mere
541 4667 797 4732 venerat,
831 4660 1076 4735 dignum
1108 4662 1251 4724 erat,
1285 4660 1349 4711 ut
1398 4654 1591 4710 omnis
1621 4659 1760 4710 setas
1790 4654 1846 4709 in
1882 4655 2009 4725 ejus

357 4755 665 4825 nativitate,
687 4751 1092 4809 testimonium
1124 4746 1473 4820 perhiberet.
1496 4744 1566 4798 Et
1598 4743 1738 4815 quia
1768 4742 2012 4815 prophe-

355 4849 576 4901 taverat
601 4841 873 4916 copulata
900 4833 1648 4913 conjugio,prophetaverat
1670 4831 1851 4905 virgo,
1877 4848 2010 4904 pro-

357 4933 695 5007 phetaverat
725 4947 922 4996 senex,
955 4929 1132 4985 etiam
1191 4921 1587 4980 introducitur
1614 4922 1781 4976 Anna
1809 4921 2007 4991 vidua,

357 5025 423 5078 ut
450 5020 649 5076 nullus
679 5036 873 5085 sexus,
900 5017 1063 5072 nulla
1090 5020 1229 5071 aetas
1259 5014 1314 5068 in
1349 5013 1477 5083 ejus
1508 5009 1680 5066 laude
1696 5009 2010 5076 deesset,et

357 5109 699 5183 impleretur
726 5106 828 5161 illa
858 5105 1184 5179 prophetia,
1218 5120 1345 5175 quae
1369 5098 1510 5156 dicit
1540 5099 1715 5173 (Psal.
1747 5104 2003 5169 cxcvm):

357 5223 385 5250 «
418 5184 674 5255 Laudate
706 5194 1019 5251 Dominum
1052 5194 1123 5249 de
1153 5191 1333 5260 coslis,
1358 5189 1594 5245 laudate
1643 5204 1775 5244 eum
1817 5187 1876 5243 in
1908 5204 2003 5244 ex-

355 5287 550 5353 celsis,
587 5309 613 5335 »
641 5290 750 5341 etc.
784 5283 981 5356 Usque
1008 5282 1081 5338 ad
1139 5281 1199 5336 id
1259 5280 1414 5351 quod
1439 5278 1556 5335 ait:
1596 5298 1623 5328 (ι
1671 5277 1920 5333 Juvenes
1951 5280 2007 5332 et

353 5377 634 5449 virgines,
662 5391 831 5430 senes
863 5389 995 5427 cum
1020 5368 1358 5442 junioribus
1383 5368 1623 5423 laudent
1643 5383 1851 5422 nomen
1889 5366 2002 5420 Do-

354 5464 520 5522 mini.
560 5487 581 5514 »
620 5463 727 5520 Ubi
759 5462 933 5519 etiam
967 5458 1311 5524 notandum,
1343 5455 1480 5528 quia
1507 5453 1863 5529 evangelista
1893 5457 2004 5509 An-

352 5573 437 5612 na:
468 5552 750 5618 ol‘licium,
784 5548 1205 5624 genealogiam,
1266 5548 1491 5600 aetatem
1551 5549 1607 5599 et
1638 5560 1849 5611 mores,
1887 5560 2001 5598 uno

349 5642 635 5703 versiculo
665 5637 1125 5714 comprehendit,
1162 5639 1227 5691 ut
1256 5634 1408 5689 hanc
1437 5649 1505 5686 ex
1534 5633 1693 5688 omni
1727 5637 1891 5704 parte
1922 5633 2004 5688 di-

2123 3342 2354 3399 semper
2383 3327 2637 3382 serviant
2667 3327 2913 3383 Domino
2946 3342 3112 3383 nocte
3150 3344 3217 3383 ac
3247 3328 3363 3395 die,
3390 3333 3454 3383 ut
3484 3329 3541 3383 in
3573 3346 3792 3386 eorum

2123 3432 2367 3473 numero
2384 3419 2816 3487 computentur,
2832 3417 2904 3472 de
2918 3416 3132 3489 quibus
3146 3415 3579 3489 aitApostolus:
3598 3440 3627 3467 ‹‹
3644 3421 3795 3485 Quae

2123 3503 2274 3559 enim
2313 3521 2440 3560 vere
2470 3504 2645 3562 vidua
2667 3508 2757 3559 est
2787 3509 2844 3559 et
2875 3504 3158 3571 desolata,
3190 3508 3390 3577 sperat
3420 3505 3479 3560 in
3512 3505 3794 3564 Domino.

2120 3595 2193 3648 At
2221 3598 2441 3660 contra,
2476 3592 2651 3648 vidua
2679 3610 2808 3665 quas
2840 3592 2897 3647 in
2931 3591 3154 3649 deliciis
3183 3598 3291 3660 est,
3321 3593 3520 3649 vivens
3549 3598 3800 3651 mortua

2121 3685 2211 3738 est
2236 3684 2283 3749 (I
2314 3683 2447 3737 Tim.
2480 3684 2556 3748 v).
2574 3703 2602 3731 ν
2625 3680 2865 3737 Discant
2889 3697 3025 3754 ergo
3051 3681 3234 3737 viduas
3257 3682 3517 3738 secunda
3534 3686 3591 3738 et
3609 3684 3799 3741 tertia

2124 3769 2411 3826 declinare
2432 3768 2725 3843 conjugia.
2751 3770 2995 3826 Discant
3024 3769 3198 3827 etiam
3219 3775 3353 3842 post
3371 3770 3628 3826 virorum
3647 3788 3799 3829 διιο-

2121 3877 2254 3915 rum
2286 3862 2555 3923 mortem,
2587 3858 2782 3914 carnis
2811 3859 2995 3914 vitare
3027 3857 3360 3915 lasciviam:
3392 3859 3532 3931 quia
3554 3861 3725 3916 Anna
3756 3879 3797 3918 a

2119 3946 2453 4021 virginitate
2500 3951 2811 4019 postquam
2861 3947 3061 4003 amisit
3104 3945 3517 4019 virginitatem,
3551 3951 3793 4021 septem

2120 4037 2292 4093 annis
2313 4054 2448 4092 cum
2470 4036 2591 4091 viro
2612 4036 2829 4101 vivens,
2856 4034 3152 4108 octoginta
3178 4040 3434 4108 quatuor
3451 4035 3631 4092 vidua
3650 4054 3797 4110 per-

2121 4126 2358 4181 mansit.
2387 4126 2607 4181 Pudeat
2629 4124 2881 4196 igiturin
2906 4128 3203 4179 senectute
3218 4123 3427 4180 viduas
3448 4124 3798 4183 castitatem

2119 4211 2352 4282 violare,
2377 4231 2554 4286 quam
2578 4214 2744 4268 Anna
2766 4213 2825 4267 in
2839 4213 3147 4282 juventute
3170 4212 3497 4269 custodivit.
3532 4217 3802 4287 Insuper

2121 4319 2261 4358 sane
2281 4302 2508 4357 devotio
2529 4299 2687 4356 illius
2704 4301 3050 4367 ostenditur,
3070 4300 3229 4372 quia,
3253 4302 3387 4357 cum
3411 4301 3655 4358 haberet
3676 4320 3800 4375 po-

2120 4394 2389 4448 testatem
2404 4391 2463 4445 in
2486 4389 2760 4445 secundis
2778 4389 3000 4461 nuptiis
3018 4406 3079 4445 se
3093 4388 3466 4445 matrimonio
3483 4390 3799 4462 copulare,

2122 4479 2428 4535 noluithac
2450 4482 2734 4550 potestate
2752 4477 2831 4532 uti
2844 4520 2857 4541 ,
2873 4478 2972 4533 sed
2988 4477 3166 4533 etiam
3187 4477 3397 4533 maluit
3416 4477 3474 4533 in
3489 4483 3802 4550 potestate

2123 4573 2233 4623 Deo
2247 4567 2480 4633 servire,
2496 4582 2673 4639 quam
2691 4565 2797 4621 viri
2811 4565 3179 4639 amplexibus
3193 4565 3434 4637 perfrui,
3449 4567 3805 4639 adimplens

2122 4654 2264 4710 illud
2316 4655 2471 4726 quod
2525 4654 2608 4709 ait
2654 4653 3006 4727 Apostolus:
3064 4654 3297 4709 «Nemo
3342 4652 3611 4710 militans
3640 4655 3800 4724 Deo,

2119 4743 2383 4817 implicat
2433 4760 2495 4800 se
2549 4742 2801 4817 negotiis
2850 4741 3230 4799 smeularihus
3267 4743 3343 4811 (II
3372 4744 3504 4798 Tim.
3539 4741 3676 4812 11).»
3718 4744 3806 4801 Et

2120 4832 2363 4889 iterum:
2412 4855 2439 4882 «
2466 4831 2674 4888 Mulier
2703 4832 2953 4903 innupta
2986 4831 3204 4903 cogitat
3233 4847 3361 4903 quae
3393 4834 3533 4886 sunt
3560 4831 3685 4899 Dei,
3720 4839 3809 4889 ut.

2117 4920 2343 4995 placeat
2364 4921 2510 4976 Deo:
2542 4937 2673 4994 qua;
2693 4925 2889 4976 autem
2913 4923 3097 4991 nupta
3116 4922 3226 4985 est,
3251 4919 3468 4991 cogitat
3487 4935 3616 4992 qua:
3634 4927 3805 4977 sunt

2117 5010 2344 5079 mundi,
2381 5013 2445 5067 ut
2474 5008 2698 5082 placeat
2725 5008 2847 5064 viro
2869 5008 2916 5074 (Ι
2945 5008 3062 5064 Cor.
3094 5010 3218 5075 vn).
3256 5029 3284 5057 »
3317 5007 3425 5064 Sed
3460 5007 3582 5062 haec
3612 5012 3802 5065 tanta

2116 5099 2397 5155 instantia
2443 5098 2689 5155 Domino
2721 5096 3137 5163 famulabatur,
3173 5101 3238 5151 ut
3268 5096 3478 5153 merito
3526 5095 3597 5151 de
3645 5097 3802 5169 ipsa

2115 5187 2482 5262 Evangelista
2510 5186 2727 5241 diceret
2752 5204 2763 5241 :
2806 5209 2825 5234 ι
2861 5187 2997 5251 Quae
3027 5201 3145 5240 non
3168 5184 3506 5242 discedebat
3533 5185 3604 5240 de
3634 5189 3805 5242 tem-

2115 5278 2230 5351 plo,
2254 5276 2500 5349 jejuniis
2529 5278 2586 5330 et
2618 5273 2982 5329 orationibus
3022 5274 3281 5329 serviens
3310 5279 3479 5330 nocte
3509 5290 3575 5329 ac
3606 5274 3724 5330 die.
3759 5298 3803 5326 »ι

2114 5366 2274 5429 Quod
2294 5364 2451 5420 enim
2469 5361 2915 5432 talejejuninm,
2933 5361 3069 5417 talis
3085 5360 3344 5429 afﬂictio,
3365 5360 3502 5418 talis
3524 5362 3801 5427 devotio,

2114 5454 2249 5511 talis
2278 5452 2460 5508 oratio
2520 5454 2848 5506 mercedem
2906 5454 3321 5527 consequatur,
3367 5449 3815 5507 manifestatur

2114 5560 2250 5599 cum
2281 5539 2557 5596 subditur
2583 5555 2594 5594 :

2185 5656 2212 5680 ‹‹
2247 5631 2315 5686 Et
2346 5628 2465 5684 hanc
2500 5628 2628 5699 ipsa
2670 5627 2813 5684 hora
2864 5626 3334 5701 surperveniens,
3387 5626 3806 5686 conﬁtebatur
