4018 6180
219 301 306 365 89·
434 316 453 329 ί
1441 291 1795 356 HOMlleE
1837 290 1941 354 DE
1985 289 2391 355 TEMPORE.
3536 288 3616 356 9O

218 460 245 489 «ι
274 434 538 493 Domino.
568 456 592 483 ιι
625 431 1017 490 Conﬁtebatur
1045 427 1203 485 enim
1252 426 1520 493 Domino,
1555 424 1696 500 quia
1723 425 1849 482 lau-
1881 427 1936 493 Α
1963 424 2256 482 volutione
2272 423 2657 481 hebdomadis
2679 427 2916 481 octavus
2935 422 3170 493 dicitur,
3196 425 3473 498 quoniam
3496 444 3615 484 una

218 525 380 583 dabat
425 523 764 579 Dominum.
815 517 1118 575 Confessio
1148 533 1404 589 namque
1432 515 1492 570 in
1537 513 1855 588 Scripturis
1964 532 2210 588 quaeque
2259 515 2628 571 hebdomade
2659 515 2731 571 ab
2781 531 2847 571 eo
2878 515 2937 570 in
2969 531 3085 587 quo
3124 515 3297 571 bonis
3341 516 3613 589 eperibus

218 613 524 687 aliquando
575 611 646 667 ad
679 613 985 684 peccatum
1006 606 1277 680 pertinet,
1303 605 1621 677 aliquando
1642 605 1712 659 ad
1734 603 1858 659 lau-

217 704 357 761 dem.
389 701 516 757 Nisi
564 699 718 756 enim
749 699 822 754 ad
853 702 1160 771 peccatum
1199 693 1516 767 pertineret
1545 693 1854 759 confessio,

1963 604 2252 671 insistere,
2277 608 2332 660 et
2360 605 2615 660 futuram
2640 603 3124 660 resurrectionem
3152 621 3385 678 sperare
3404 604 3613 661 didici-

1967 711 2121 762 mus,
2143 694 2311 765 quasi
2333 692 2620 749 duodenis
2643 694 2857 765 septies
2876 692 3303 766 multiplicatis,
3324 694 3617 768 octoginta

218 791 516 849 Psalmista
538 806 651 845 non
685 788 940 844 diceret:
980 808 1001 834 ι
1038 784 1187 853 Dixi,
1211 784 1533 840 conﬁtebor
1552 783 1857 839 adversum
1969 788 2217 855 quatuor
2246 782 2583 854 implemus.

216 897 299 938 me
320 878 645 952 injustitias
666 893 828 933 meas
853 874 1187 934 Domino.et
1208 876 1269 927 tu
1293 870 1572 928 remisisti
1596 870 1861 944 impieta-

215 980 322 1026 tem
374 966 599 1040 peccati
650 965 766 1021 mei
801 965 973 1036 (Psal.
1006 967 1185 1029 xxxx).
1223 984 1250 1011 »
1284 961 1352 1016 Et
1381 960 1495 1016 nisi
1522 961 1593 1015 ad
1627 960 1860 1015 laudem

217 1056 539 1132 pertineret,
568 1054 703 1111 alibi
724 1071 841 1111 non
864 1052 1109 1108 diceret:
1143 1050 1475 1106 Conﬁtebor
1495 1049 1740 1105 Domino
1772 1048 1861 1104 ni-

217 1148 320 1203 mis
338 1145 398 1202 in
422 1162 525 1201 ore
543 1160 697 1209 meo,
720 1142 854 1200 etin
873 1141 1065 1199 medio
1090 1140 1409 1196 multorum
1432 1138 1682 1195 laudabo
1703 1156 1860 1194 eum.

216 1236 363 1292 Unde
392 1234 521 1306 ipse
554 1231 896 1306 unigenitus
928 1230 1027 1286 Dei
1055 1227 1260 1294 Filius,
1284 1228 1383 1299 qui
1415 1231 1716 1300 peccatum
1748 1244 1863 1282 non

216 1324 359 1387 fecit,
390 1323 450 1377 in
482 1319 801 1393 Evangelio
836 1320 956 1374 ait:
991 1341 1017 1367 α
1051 1316 1382 1373 Conﬁtebor
1399 1315 1528 1383 tibi,
1552 1317 1737 1381 Pater,
1762 1316 1868 1371 Do-

217 1413 359 1468 mine
390 1409 520 1466 cceli
561 1412 624 1464 et
671 1414 860 1474 terrae,
894 1407 993 1479 qui
1026 1403 1385 1462 abscondisti
1420 1405 1541 1459 haec
1572 1423 1606 1460 a
1636 1405 1867 1477 sapien-

217 1501 362 1557 tibus
418 1502 477 1555 et
542 1496 958 1570 prudentibus,
1022 1499 1078 1551 et
1151 1494 1418 1550 revelasti
1480 1510 1550 1549 ea
1609 1492 1867 1565 parvulis

219 1588 417 1660 (Matth.
441 1587 544 1659 xl).
589 1609 617 1636 »
640 1586 751 1641 Sed
776 1584 917 1658 quia
936 1584 1131 1639 omnis
1152 1583 1251 1656 qui
1269 1582 1453 1639 Deum
1476 1582 1697 1649 laudat,
1724 1580 1869 1637 alios

218 1677 376 1735 etiam
403 1676 476 1731 ad
512 1674 888 1730 laudandum
912 1689 1045 1729 eum
1070 1687 1382 1743 provocare
1403 1671 1594 1739 debet,
1619 1674 1769 1727 recte
1799 1672 1871 1726 de

216 1770 367 1822 Anna
393 1765 657 1820 dicitur:
695 1784 724 1814 «
753 1764 826 1819 Et
852 1761 1203 1833 loquebatur
1224 1760 1295 1816 de
1318 1759 1417 1815 illo
1438 1759 1736 1825 omnibus,
1770 1758 1871 1831 qui

223 1854 655 1928 «expectabant
692 1851 1154 1924 redemptionem
1199 1847 1545 1905 Jerusalem.
1583 1871 1610 1899 ››
1660 1847 1873 1904 Nolens

223 1946 343 2000 dare
370 1946 660 1999 sanctum
684 1941 953 2007 canibus,
981 1956 1086 1995 nec
1109 1938 1337 1993 mittere
1363 1938 1708 2010 margaritas
1736 1954 1874 1994 suas

220 2040 340 2090 ante
370 2048 591 2105 porcos
619 2030 825 2099 (Matth.
860 2029 979 2099 vn).
1014 2026 1408 2101 Spiritualiter
1434 2043 1568 2082 vero
1595 2030 1763 2083 Anna
1790 2027 1874 2081 vi-

218 2124 338 2189 dua,
358 2124 637 2178 sanctam
661 2118 953 2192 signiﬁcat
974 2115 1316 2186 Ecclesiam,
1336 2133 1469 2188 quae
1485 2133 1587 2187 pro
1612 2132 1679 2171 eo
1701 2115 1876 2170 vidua

219 2210 435 2277 dicitur,
452 2208 608 2281 quia
630 2206 857 2263 domini
885 2206 976 2261 sui
997 2209 1184 2261 morte
1200 2204 1458 2269 viduata,
1480 2203 1728 2283 reditum
1747 2205 1875 2275 ejus

218 2301 277 2355 ad
292 2296 595 2370 judicium
618 2298 934 2368 exspectat.
958 2298 1033 2350 De
1050 2311 1168 2367 qua
1188 2293 1365 2349 vidua
1380 2310 1481 2366 per
1502 2292 1873 2348 Psalmistam

217 2386 413 2443 dicitur
436 2402 449 2440 :
482 2410 511 2433 ‹‹
542 2383 808 2438 Viduam
825 2384 956 2455 ejus
978 2382 1331 2437 benedicens
1352 2382 1713 2448 benedicam,
1740 2398 1876 2454 pau-

221 2494 370 2550 peres
390 2475 522 2546 ejus
545 2472 835 2528 saturabo
866 2470 1119 2543 panibus
1146 2471 1316 2543 (Psal.
1351 2472 1558 2542 CXXXI).
1588 2492 1610 2521 ι
1638 2472 1768 2527 Haec
1789 2474 1878 2527 est

220 2565 358 2622 enim
386 2563 487 2618 illa
514 2561 706 2619 vidua
726 2578 874 2633 qua,
894 2561 1063 2632 juxta
1083 2558 1481 2631 Evangelium,
1504 2559 1764 2632 quotidie
1785 2559 1873 2614 in-

219 2652 470 2726 ter-pellat
492 2650 795 2723 judieem,
827 2654 885 2705 et
915 2649 986 2705 de
1016 2657 1133 2722 qua
1161 2665 1265 2721 per
1292 2649 1608 2720 quemdam
1640 2648 1875 2721 sapien-

221 2746 323 2799 tem
351 2741 617 2797 dicitur:
652 2739 856 2794 Nonne
909 2737 1178 2809 lacrymaa
1223 2737 1411 2793 viduae
1452 2739 1524 2793 ad
1576 2736 1874 2793 maxillam

225 2831 355 2903 ejus,
384 2834 442 2887 et
470 2826 833 2885 exclamatio
863 2826 991 2898 ejus
1012 2843 1201 2899 usque
1232 2827 1304 2882 ad
1329 2814 1711 2883 deducentem
1737 2826 1876 2883 eas?

226 2919 489 2992 Congruit
518 2922 730 2974 autem
763 2914 1054 2989 mysteriis
1078 2914 1368 2982 Ecclesiae,
1394 2916 1547 2988 quod
1570 2918 1738 2971 Anna
1752 2933 1877 2985 gra-

228 3009 295 3064 tia
318 3009 410 3065 Dei
439 3008 501 3063 in
524 3010 742 3063 nostra
760 3004 966 3078 lingua
983 3004 1212 3060 dicitur.
1238 3005 1307 3060 Et
1328 3005 1447 3061 ﬁlia
1469 3004 1746 3071 Phanuel,
1776 3005 1876 3077 qui

226 3102 374 3171 [acies
399 3100 498 3156 Dei
552 3096 998 3168 interpretatur,
1033 3111 1162 3150 esse
1194 3099 1503 3150 narratur:
1536 3098 1593 3149 et
1622 3095 1693 3149 de
1720 3094 1877 3149 tribu

2041 894 2069 921 ‹‹
2104 871 2171 926 Et
2201 876 2264 925 ut
2292 871 2659 943 perfecerunt
2688 872 2899 928 omnia’
2930 871 3254 929 secundum
3285 871 3474 945 legem
3509 876 3616 928 Do-

1972 984 1998 1009 ‹‹
2033 960 2196 1025 mini,
2221 959 2431 1015 reversi
2457 960 2673 1016 suntin
2698 960 3015 1027 Galilaeam,
3040 948 3097 1016 in
3122 961 3415 1017 civitatem
3446 978 3617 1017 suan

1977 1071 1999 1099 ι
2033 1049 2336 1105 Nazareth.
2370 1072 2396 1099 »
2438 1049 2540 1104 Hic
2582 1049 2954 1121 praetermisit
2996 1051 3182 1105 Lucas
3229 1049 3615 1124 Evangelista,

1972 1139 2128 1211 quod
2184 1156 2221 1194 a
2278 1137 2545 1194 Matthzeo
2615 1138 2975 1195 sufﬁcienter
3033 1139 3316 1211 scriptum
3381 1144 3621 1195 noverat

1975 1228 2178 1300 (Matth.
2208 1230 2293 1294 ιι),
2326 1226 2547 1283 scilitet
2578 1229 2870 1299 quomodo
2898 1232 3135 1300 propter
3157 1229 3617 1299 persecutionem

1974 1316 2239 1381 Herodis,
2272 1314 2479 1387 angelo
2512 1317 2869 1382 monente,in
2912 1320 3215 1389 Egyptum
3247 1316 3324 1373 sit
3352 1318 3620 1389 deporta-

1974 1410 2091 1471 tus,
2125 1410 2181 1459 et
2214 1407 2345 1476 post
2373 1406 2500 1475 ejus
2545 1410 2812 1473 mortem,
2848 1405 3059 1461 iterum
3091 1405 3296 1479 angelo
3326 1410 3620 1473 monente,

1978 1494 2034 1549 in
2071 1492 2369 1550 Galilaeam
2402 1493 2461 1548 in
2496 1492 2787 1549 civitatem
2820 1511 2988 1549 suam
3018 1495 3300 1551 Nazareth
3334 1512 3619 1551 reversus.

1977 1583 2129 1639 Usus
2159 1587 2248 1638 est
2293 1582 2450 1639 enim
2483 1582 2969 1655 evangelistarum
3012 1588 3078 1639 ut
3107 1601 3261 1639 unus
3309 1583 3623 1657 aliquando

1980 1672 2385 1745 praetermittat
2415 1672 2569 1743 quod
2592 1672 2664 1726 ab
2696 1669 2809 1727 alio
2831 1671 3053 1727 dictum
3085 1672 3372 1727 meminit.

2051 1784 2078 1811 ‹‹
2113 1761 2261 1817 Puer
2291 1766 2484 1816 autem
2531 1761 2702 1817 Jesus
2752 1760 3065 1827 crescebat,
3105 1765 3163 1816 et
3192 1760 3628 1817 confortabatur

1983 1850 2190 1924 plenus
2211 1849 2516 1922 sapientia.
2545 1851 2642 1905 nln
2674 1849 2783 1904 hoc
2814 1848 3097 1906 versiculo
3126 1849 3375 1905 duorum
3404 1849 3629 1905 haereti~

1983 1957 2184 1996 eorum
2207 1941 2482 2013 dogmata
2497 1940 2899 2006 destruuntur,
2915 1939 3369 1995 Manichaeorum
3386 1940 3628 2011 scilicet,

1983 2033 2039 2085 et
2065 2028 2633 2102 Apollinaristarum.
2669 2028 2969 2084 Manichaai
3002 2028 3274 2084 dixerunt
3315 2030 3629 2086 Dominum

1980 2133 2184 2173 verum
2216 2132 2427 2188 corpus
2458 2131 2572 2170 non
2604 2114 3035 2187 assumpsisse;
3064 2116 3274 2171 horum
3298 2118 3512 2190 dogma
3534 2118 3631 2174 de-

1984 2192 2249 2274 struitur,
2271 2222 2402 2260 cum
2422 2202 2790 2277 Evangelista
2808 2205 2979 2260 dicit:
3013 2224 3035 2253 ι
3060 2205 3208 2261 Puer
3237 2209 3431 2262 autem
3458 2200 3657 2264 Jesus.

1983 2297 2281 2351 crescebat
2310 2299 2365 2350 et
2394 2295 2849 2350 confortabatur.
2886 2318 2913 2344 ››
2944 2294 3067 2351 Nisi
3100 2296 3256 2359 enim
3286 2313 3480 2353 veram
3513 2314 3633 2353 car-

1983 2401 2118 2441 nem
2148 2383 2470 2451 habuisset,
2505 2399 2611 2438 nec
2632 2399 2909 2449 crescere,
2946 2400 3049 2439 nec
3071 2384 3384 2440 confortari
3413 2386 3634 2459 potuis—

1984 2477 2110 2529 set:
2146 2472 2285 2546 quia
2310 2473 2369 2527 in
2402 2477 2613 2527 natura
2645 2472 2765 2538 Dei,
2786 2489 2891 2527 nec
2915 2472 3122 2539 minui,
3162 2490 3265 2529 nec
3308 2474 3506 2549 augeri
3531 2492 3631 2547 po-

1982 2561 2545 2634 test.Apollinaristaa
2559 2560 3632 2620 dixeruntillumveraciterhumanam

1984 2652 2242 2710 animam
2263 2668 2376 2706 non
2394 2651 2810 2723 assumpsisse.
2833 2654 2900 2706 Et
2919 2651 3131 2706 borum
3152 2652 3366 2725 dogma
3383 2653 3633 2708 destrui-

1983 2746 2099 2811 tur,
2113 2740 2642 2806 cumsubinl‘ertur,
2668 2762 2693 2790 ‹‹
2711 2740 2918 2813 plenus
2930 2739 3234 2812 sapientia.
3252 2762 3280 2790 ››
3304 2740 3634 2797 Sicutenim

1984 2847 2241 2887 crescere
2286 2835 2343 2886 et
2391 2828 2703 2886 confortari
2752 2829 2824 2884 ad
2854 2845 3066 2901 corpus
3113 2828 3383 2901 pertinet,
3427 2829 3510 2883 sic
3540 2846 3635 2884 sa-

1982 2919 2205 2992 pientia
2234 2918 2441 2991 repleri
2472 2920 2544 2974 ad
2575 2919 2853 2974 animam.
2890 2918 2953 2973 1n
2982 2935 3048 2974 eo
3080 2922 3275 2974 autem
3307 2918 3462 2991 quod
3493 2935 3638 2991 puer
3670 2918 3673 2921 λ

1985 2998 2241 3073 vocatur,
2275 3011 2331 3062 et
2362 3007 2536 3078 paulo
2567 3007 2764 3063 minus
2794 3008 2865 3062 ab
2899 3006 3124 3079 angelis
3165 3011 3253 3063 est
3283 3007 3636 3076 minoratus,

1986 3112 2243 3152 crescere
2274 3100 2331 3151 et
2360 3095 2672 3151 eonfortari
2695 3099 2906 3167 potest,
2941 3094 3079 3168 quia
3099 3112 3202 3168 pro
3230 3099 3429 3152 nostra
3450 3096 3638 3152 salute

227 3185 485 3258 Aser,qui
504 3181 989 3239 interduodecim
1007 3181 1369 3254 patriarchas
1380 3182 1657 3237 nascendi
1673 3181 1876 3238 ordine
1904 3172 1948 3239 C
1987 3202 2221 3241 carnem
2254 3184 2531 3256 suscepit.
2556 3184 2619 3240 In
2644 3201 2709 3240 eo
2730 3200 2862 3240 vero
2880 3185 3033 3256 quod
3055 3184 3155 3251 ait,
3176 3182 3384 3256 plenus
3402 3183 3637 3256 sapien-

229 3274 456 3331 habetur
484 3276 761 3338 octavus,
808 3277 865 3326 et
908 3270 1325 3343 interpretatur
1356 3271 1562 3347 beatus,
1597 3270 1880 3343 quoniam

229 3366 285 3419 ut
307 3362 571 3419 Ecclesia
598 3360 806 3417 faciem
828 3359 1057 3416 Domini
1088 3359 1280 3415 videre
1302 3363 1615 3425 mereatur,
1650 3360 1723 3415 ab
1753 3358 1880 3432 ipso

229 3454 435 3509 ardenti
447 3466 662 3508 amore
682 3448 1007 3506 illuminari
1030 3447 1340 3516 desiderat,
1367 3465 1582 3505 canens
1599 3465 1733 3504 cum
1754 3449 1883 3504 Pro-

231 3540 421 3613 pheta:
455 3565 484 3593 ‹‹
546 3538 805 3596 Ostende
848 3538 1045 3609 nobis,
1096 3537 1364 3609 Domine,
1414 3538 1880 3594 misericordiam

234 3636 374 3685 tuam
405 3633 462 3686 et
482 3628 703 3685 faciem
725 3630 911 3695 tuam,
940 3632 997 3682 et
1018 3626 1162 3683 salvi
1185 3626 1404 3682 erimus
1426 3627 1593 3699 (Psal.
1621 3631 1827 3694 ιχιιιιι).
1851 3650 1878 3677 ››

233 3718 294 3773 Et
316 3718 531 3775 iterum
562 3735 575 3773 :
608 3740 636 3768 ‹‹
672 3714 981 3788 Signatum
1012 3719 1101 3771 est
1128 3732 1305 3787 super
1327 3731 1433 3770 nos
1453 3715 1652 3771 lumen
1683 3715 1881 3771 vultus

236 3806 329 3873 tui,
347 3808 599 3864 Domine
618 3805 786 3874 (Paul.
813 3804 907 3873 iv).
925 3826 952 3853 ››
975 3804 1046 3860 Et
1067 3808 1133 3859 ut
1151 3804 1222 3859 ad
1242 3804 1683 3860 resurrectionis
1703 3804 1883 3860 beati-

239 3896 477 3953 tudinem
530 3893 834 3967 pervenire
865 3892 1071 3966 possit,
1117 3896 1305 3948 tetum
1333 3892 1404 3949 de
1433 3892 1665 3948 Domini
1696 3893 1907 3968 gratia,

242 3984 446 4057 accipit.
482 3984 606 4041 Sed
633 3998 739 4038 nec
758 3986 992 4053 tempus
1013 3997 1128 4053 quo
1156 3981 1215 4036 in
1234 3980 1515 4037 viduitate
1536 3981 1877 4054 permansit,

242 4088 271 4127 a
292 4072 565 4146 mysterio
583 4071 844 4127 alienum
873 4074 982 4126 est.
1006 4069 1170 4126 Sicut
1196 4069 1353 4126 enim
1376 4086 1477 4143 per
1496 4073 1717 4142 septem
1740 4073 1884 4125 tem-

242 4177 363 4233 pora
388 4177 687 4218 annorum
710 4175 827 4232 quo
848 4175 983 4215 cum
1009 4158 1131 4215 viro
1153 4175 1260 4215 suo
1282 4162 1624 4231 permansit,
1649 4163 1882 4231 tempus

242 4248 367 4305 illud
396 4268 513 4324 quo
550 4249 838 4305 Dominus
860 4247 919 4302 in
943 4264 1115 4303 carne
1149 4247 1261 4304 fuit
1293 4248 1606 4321 signiﬁcat,
1638 4246 1722 4303 ita
1742 4248 1880 4303 anni

243 4339 518 4411 octoginta
539 4340 792 4409 quatuor
807 4336 1023 4409 quibus
1039 4336 1215 4392 vidua
1226 4337 1633 4410 perseveravit,
1647 4341 1882 4411 tempus

240 4426 351 4481 vita
379 4425 710 4499 prementis,
744 4424 806 4479 in
839 4441 956 4497 quo
984 4424 1242 4480 Ecclesia
1293 4426 1671 4498 semetipsam
1711 4426 1881 4482 bonis

245 4515 496 4605 operibus
508 4517 739 4571 exercet
751 4512 1060 4605 signiﬁcat.
1079 4514 1304 4586 Septies
1320 4513 1533 4605 quippe
1550 4514 1879 4605 duodecim,
1913 4540 1959 4605 D

244 4603 524 4677 octoginta
549 4606 803 4675 quatuor
822 4601 1062 4669 faciunt,
1084 4606 1141 4658 et
1162 4606 1384 4675 septem
1406 4603 1622 4676 quippe
1642 4604 1715 4659 ad
1738 4621 1882 4676 prte-

245 4690 410 4747 sentis
437 4693 569 4747 vitae
601 4704 844 4747 cursum
876 4689 1190 4763 pertinent,
1224 4691 1324 4763 qui
1355 4708 1458 4764 mar
1503 4695 1725 4765 septem
1757 4692 1883 4748 dies

243 4777 495 4835 volvitur.
527 4779 852 4835 Duodecim
883 4795 1116 4852 quoque
1138 4779 1210 4836 ad
1242 4785 1534 4836 sacratum
1569 4796 1883 4836 numerum

248 4866 539 4925 duodecim
552 4867 947 4941 apostolorum
967 4885 980 4922 :
997 4868 1136 4940 quia
1146 4884 1250 4941 per
1259 4868 1728 4942 praedicationem
1745 4870 1779 4924 d
1790 4887 1885 4926 uo-

249 4954 419 5011 decim
448 4956 870 5030 apostolorum,
903 4956 1160 5014 Ecclesia
1188 4958 1248 5011 in
1279 4958 1550 5029 praesenti
1578 4958 1697 5013 vita
1715 4957 1885 5014 bonis

251 5045 508 5115 operibus
536 5046 935 5102 insistendum
978 5044 1203 5113 didicit,
1251 5046 1360 5102 hoc
1389 5050 1499 5114 est,
1530 5047 1683 5101 bona
1711 5063 1887 5120 opera

250 5131 421 5189 facere
449 5133 768 5207 cognoscit.
793 5124 1245 5208 Octoginta-vero
1266 5135 1337 5190 ad
1360 5150 1669 5207 corporum
1693 5151 1882 5191 resur-

251 5221 550 5279 rectionem
578 5221 910 5296 pertinent:
940 5210 1110 5296 porro
1149 5216 1419 5296 quatuor,
1453 5224 1526 5279 ad
1558 5223 1881 5280 doctrinam

253 5314 487 5378 quatuor
514 5309 971 5385 evangeliorum.
992 5312 1243 5370 Octavus
1264 5314 1479 5386 quippe
1502 5329 1784 5369 numerus
1806 5315 1878 5370 ad

254 5398 576 5468 mysterium
626 5399 770 5459 Novi
816 5400 1171 5458 Testamenti
1218 5402 1488 5474 pertinet,
1540 5402 1641 5473 qui
1683 5389 1909 5458 octa'va‘

255 5481 352 5552 die,
382 5486 440 5541 id
471 5490 559 5543 est
584 5487 903 5559 dominica,
922 5490 1333 5559 conscribitur,
1358 5491 1418 5546 in
1451 5507 1566 5562 quo
1597 5488 1905 5549 Dominus

254 5575 566 5645 resurrexit,
597 5579 770 5649 cujus
792 5566 978 5651 gratia
1000 5578 1234 5638 liberati
1267 5596 1493 5637 sumus.
1529 5579 1675 5638 Nam
1695 5580 1753 5636 in
1788 5570 1878 5638 re-
1904 5588 1909 5595 ‘

1989 3274 2090 3341 tia,
2125 3291 2229 3329 nec
2268 3290 2545 3343 crescere,
2581 3276 2643 3328 ut
2672 3271 2950 3339 diximus,
3002 3289 3108 3328 nec
3150 3272 3501 3341 confortari;
3535 3272 3633 3327 sed

1989 3363 2313 3419 notandum
2327 3362 2385 3417 in
2399 3379 2463 3418 eo
2477 3362 2631 3434 quod
2645 3360 2997 3434 ait,«plenus
3010 3361 3316 3433 sapientia,
3325 3361 3638 3434 nquoniam

1990 3469 2107 3508 non
2138 3453 2209 3508 ad
2237 3467 2575 3507 mensuram
2606 3449 2781 3506 veluti
2812 3450 3082 3506 homines
3107 3450 3358 3523 gratiam
3387 3449 3641 3523 Spiritus

1990 3541 2177 3598 sancti
2209 3540 2450 3612 accepit,
2479 3540 2601 3606 sed,
2626 3538 2777 3594 sicut
2799 3537 2942 3594 dicit
2962 3537 3297 3610 Apostolus,
3322 3539 3382 3595 in
3399 3556 3466 3595 eo
3483 3539 3644 3596 habi-

1988 3634 2075 3687 tat
2103 3629 2297 3687 omnis
2343 3628 2642 3702 plenitudo
2668 3626 3007 3684 divinitatis
3049 3626 3443 3699 corporaliter.
3478 3628 3640 3695 Quod

1988 3736 2123 3776 vero
2153 3718 2552 3791 subjungitur,
2589 3738 2617 3767 «
2647 3717 2717 3772 Et
2746 3716 2936 3795 gratia
2956 3716 3055 3773 Dei
3080 3720 3204 3772 erat
3224 3717 3281 3771 in
3306 3716 3425 3783 illo,
3450 3740 3478 3767 ››
3510 3734 3640 3789 spe-

1991 3807 2158 3864 cialis
2187 3806 2375 3880 gratia
2403 3823 2437 3862 a
2466 3806 2581 3862 Deo
2615 3805 2783 3861 Patre
2824 3804 3046 3861 homini
3075 3806 3213 3861 Jesu
3245 3805 3475 3862 Christo
3506 3806 3644 3861 data

1990 3901 2100 3963 est,
2134 3902 2198 3952 ut
2227 3914 2294 3952 ex
2317 3912 2432 3968 quo
2472 3894 2649 3950 homo
2673 3910 2800 3950 esse
2831 3886 3132 3967 inciperet,
3167 3894 3457 3967 perfectus
3486 3899 3644 3951 esset

1991 3986 2146 4041 Deus
2176 3989 2233 4040 et
2262 3984 2458 4052 homo,
2484 3984 2742 4039 humana
2763 3999 3093 4052 assumens,
3118 3988 3175 4038 et
3193 3982 3389 4040 divina
3405 4000 3518 4039 non
3541 3984 3640 4039 de-

1992 4091 2215 4131 serens.
2240 4079 2318 4130 De
2341 4091 2456 4146 quo
2473 4073 2728 4130 Joannes
2748 4072 3114 4146 Evangelista
3133 4072 3301 4127 dicit:
3323 4096 3350 4122 ‹‹
3376 4071 3644 4128 Vidimus
3754 4098 3759 4105 ν

1990 4162 2239 4237 gloriam
2270 4163 2419 4234 ejus,
2451 4162 2697 4234 gloriam
2728 4161 2895 4235 quasi
2918 4161 3206 4234 unigeniti
3238 4178 3271 4217 a
3300 4161 3485 4228 Patre,
3521 4160 3640 4232 ple-

1992 4268 2135 4307 num
2179 4250 2376 4323 gratiae
2408 4256 2466 4306 et
2496 4249 2757 4305 veritatis
2797 4250 2980 4322 (Joan.
3017 4252 3074 4319 l).
3114 4271 3140 4297 ››
3173 4247 3275 4303 Cui
3327 4246 3641 4303 Psalmista

1992 4339 2098 4396 ait:
2136 4362 2163 4389 «
2200 4338 2371 4394 Unxit
2400 4342 2456 4393 te
2479 4338 2632 4393 Deus
2652 4338 2807 4393 Deus
2829 4342 2966 4393 tuus
2988 4335 3111 4392 oleo
3126 4334 3337 4389 laetitiae
3360 4351 3475 4406 pra:
3507 4349 3640 4389 eon-

1991 4427 2396 4485 sortibus'tuis
2426 4424 2605 4493 (Psal.
2639 4428 2807 4493 XLIV).
2843 4446 2870 4475 ››

2577 4531 2880 4587 HOMILIA
2917 4529 3055 4585 XIV.

2418 4620 2477 4659 IN
2514 4618 2955 4659 CIRCUMCISIONE
2988 4617 3211 4657 DOMINI.

2062 4696 2226 4764 (Luc.
2247 4695 2333 4762 ιι.)
2351 4716 2377 4742 ‹‹
2400 4698 2462 4749 In
2480 4690 2578 4748 illo
2596 4694 2854 4762 tempore
2872 4706 2885 4744 :
2913 4690 3229 4762 Postquam
3245 4691 3640 4746 consummati

1993 4807 2020 4835 «
2047 4787 2185 4839 sunt
2200 4783 2325 4838 dies
2338 4786 2486 4849 octo,
2504 4785 2567 4836 ut
2578 4778 3091 4836 circumcideretur
3100 4795 3266 4851 puer,
3282 4781 3339 4834 et
3350 4778 3593 4851 reliqua.
3612 4802 3638 4829 ››

1993 4872 2141 4941 Quia
2172 4870 2508 4927 mediatoris
2539 4868 2638 4925 Dei
2669 4872 2727 4924 et
2772 4867 3082 4923 hominum
3132 4867 3638 4923 circumcisionem

1992 4961 2275 5018 hodierna
2302 4959 2545 5014 lectione
2569 4958 2868 5013 recitatam
2891 4956 3242 5024 audivimus,
3268 4957 3409 5013 libet
3429 4956 3501 5013 ad
3534 4956 3641 5011 ini-

1994 5049 2075 5106 tia
2104 5049 2366 5121 ejusdem
2399 5044 2859 5102 circumcisionis
2891 5047 3155 5101 animum
3200 5049 3550 5112 convertere,
3582 5050 3638 5102 et

1991 5155 2105 5211 quo
2164 5143 2442 5210 tempore,
2500 5133 2587 5189 vel
2626 5151 2694 5190 ex
2744 5133 2959 5207 quibus
3017 5134 3282 5207 patribus
3334 5134 3638 5191 exordium

1990 5226 2327 5301 sumpserit,
2375 5222 2764 5293 considerare,
2811 5229 2913 5280 aut
2959 5240 3137 5297 quam
3183 5223 3497 5280 utilitatem
3529 5224 3638 5280 ha-

1988 5316 2199 5384 buerit,
2220 5313 2306 5370 vel
2323 5314 2394 5369 ob
2411 5328 2589 5385 quam
2601 5312 3328 5371 causam'DominusJesus
3347 5312 3638 5383 Christus,

1990 5407 2090 5479 qui
2124 5405 2249 5461 sine
2288 5407 2521 5475 peccato
2545 5402 2603 5457 in
2627 5402 2848 5458 mundo
2877 5402 3053 5474 venit,
3085 5402 3267 5459 voluit
3290 5420 3420 5459 eam
3450 5403 3637 5460 susci-

1989 5510 2142 5568 pere.
2177 5494 2261 5548 Ad
2294 5508 2470 5575 quam
2501 5508 2625 5546 rem
2652 5491 3057 5548 instruendam
3091 5492 3240 5549 liber
3258 5496 3545 5549 Geneseos
3575 5491 3635 5546 in

1990 5584 2285 5657 promptu’
2314 5586 2421 5651 est,
2473 5580 2531 5638 in
2565 5598 2678 5653 quo
2710 5580 2981 5655 legimus,
3025 5582 3165 5657 quia
3191 5585 3323 5656 post
3351 5580 3634 5639 diluvium
