4070 6190
374 273 446 341 91
934 274 1343 339 HAYMONIS
1388 273 1936 338 HALBERSTAT.
1982 274 2228 340 EPISC.
2270 277 2447 342 OPP.
2490 279 2692 344 PARS
2736 280 2916 344 II.—-
2945 279 3216 347 HOMIL.
3704 280 3785 348 92

373 411 595 469 exstitit
622 409 708 466 vir
729 408 972 483 quidam
992 408 1064 464 de
1093 408 1315 474 semine
1345 409 1499 474 Sem,
1533 407 1636 464 ﬁlii
1666 409 1804 476 Noe,
1838 409 2022 467 nomi-
2047 412 2104 478 Α
2134 410 2241 467 ciis
2288 411 2636 484 puriﬁcabat
2683 416 2900 489 (Hebae.
2934 418 3014 486 ιι).
3058 416 3171 472 Alii
3204 432 3334 473 vero
3365 414 3489 494 sola
3516 420 3787 474 tantum-

372 519 444 558 ne
476 500 683 565 Heber,
715 500 786 554 de
835 499 1003 570 cujus
1047 498 1219 553 domo
1252 501 1307 553 ct
1356 497 1578 554 familia
1614 515 1885 570 egressus
1934 504 2024 555 est

372 590 582 656 Thare,
633 588 733 660 qui
768 587 970 661 genuit
1001 586 1187 642 ﬁlium
1220 588 1455 643 nomine
1484 588 1720 655 Abram,
1755 584 1848 644 cui
1879 588 2024 644 dixit

371 680 525 735 Deus
551 695 563 733 :
598 701 623 727 «
656 678 939 751 Egredere
968 677 1039 732 de
1064 686 1215 733 terra
1238 682 1337 732 tua
1361 681 1417 731 et
1438 676 1508 732 de
1531 676 1875 750 cognatione
1897 683 2018 746 tua,

368 774 423 824 et
450 769 520 824 de
551 768 722 824 domo
747 767 930 841 patris
953 767 1059 835 tui,
1084 771 1140 822 et
1159 766 1289 822 veni
1313 767 1371 820 in
1396 770 1612 821 terram
1645 784 1821 839 quam
1851 784 2020 823 mon-

368 861 624 913 stravere
645 856 751 912 tibi
773 857 925 924 (Gen.
958 857 1032 928 v).
1063 880 1089 905 »
1118 856 1222 924 Qui
1255 872 1387 911 cum
1411 855 1688 911 obediens
1709 858 1864 912 esset
1881 856 2017 925 Deo,

366 948 565 1002 exiens
596 951 654 1002 et
685 945 949 1001 nesciens
996 962 1109 1017 quo
1160 948 1443 1017 pergeret,
1483 949 1539 999 et
1570 949 1903 1017 reputatum
1936 945 2018 1000 illi

373 1040 528 1092 esset
550 1037 619 1092 ad
638 1035 952 1107 justitiam,
977 1035 1344 1105 venissetque
1367 1033 1426 1088 in
1458 1038 1673 1089 terram
1699 1034 2019 1103 Cbanaam,

364 1131 421 1181 et
440 1124 644 1180 merito
667 1129 840 1196 atque
858 1125 1168 1179 sanctitate
1186 1127 1487 1190 cresceret,
1509 1124 1779 1195 promisit
1794 1125 1845 1179 ei
1866 1124 2020 1180 Deus

361 1217 629 1277 eamdem
680 1220 895 1270 terram
926 1216 985 1268 in
1018 1213 1416 1268 hmreditatem
1461 1230 1588 1269 esse
1634 1214 1931 1281 daturum,
1964 1218 2020 1269 et

362 1305 570 1361 semini
603 1306 730 1375 ejus
776 1308 911 1377 post
962 1303 1177 1375 ipsum,
1214 1319 1346 1358 cum
1401 1320 1515 1358 non
1559 1302 1801 1358 haberet
1830 1303 2017 1360 ﬁlium

363 1395 511 1464 (Gen.
537 1401 656 1460 χιι).
681 1393 940 1465 Cumque
961 1393 1166 1448 merito
1187 1397 1245 1447 et
1268 1392 1574 1448 sanctitate
1597 1392 1786 1466 magis
1808 1410 1874 1448 ac
1894 1410 2015 1448 ma-

358 1483 448 1557 gis
470 1483 795 1557 proﬁceret,
817 1482 1087 1554 praecepit
1102 1482 1152 1537 ei
1172 1482 1326 1537 Deus
1344 1487 1409 1536 ut
1431 1481 1875 1538 circumcideret
1891 1499 2016 1537 car-

359 1590 488 1629 nem
515 1572 780 1645 przeputii
801 1572 914 1638 sui,
936 1571 1163 1627 dicens:
1186 1593 1213 1619 ‹‹
1229 1571 1693 1627 Circumcidetur
1709 1589 1882 1627 omne
1899 1589 2023 1628 ωδ,-

357 1662 651 1718 sculinum
668 1661 725 1715 in
740 1660 923 1728 vobis,
951 1665 1016 1715 ut
1028 1661 1104 1715 sit
1126 1664 1362 1731 pactum
1386 1659 1618 1716 fmderis
1632 1661 1745 1716 mei
1762 1661 1913 1717 inter
1925 1677 2017 1717 me

2131 501 2304 557 modo
2319 502 2431 558 ﬁde
2443 502 3292 579 salvabantur,sicutscriptum
3304 505 3465 562 estin
3479 507 3784 566 Habacuc:

2132 612 2159 640 «
2183 590 2389 648 Justus
2410 597 2608 649 autem
2627 610 2696 649 ex
2716 595 2829 651 ﬁde
2845 594 3002 662 vivit,
3028 594 3152 651 sine
3175 612 3292 668 qua
3309 595 3674 669 impossibile
3697 603 3792 655 est

2131 678 2356 753 placere
2387 681 2502 738 Deo
2544 682 2761 756 (Hebae.
2795 701 2864 753 n;
2910 684 3076 740 Hebr.
3111 683 3214 755 ιιι.)
3249 706 3277 734 ››
3309 684 3423 741 Nec
3455 691 3790 759 putandum

2129 770 2400 841 est,quod
2417 769 2611 843 aliqua
2624 771 2969 827 necessitate
2983 771 3262 828 Dominus
3276 772 3789 833 circumcisionem

2129 858 2470 931 susCeperit,
2497 859 2597 932 qui
2622 860 3061 917 immaculatam
3079 879 3312 918 carnem
3334 880 3401 919 ex
3418 862 3641 938 virgine
3658 866 3789 921 sine

2128 952 2364 1021 peccato
2396 949 2738 1023 assumpsit,
2782 952 2881 1006 sed
2923 951 3051 1007 ideo
3091 950 3429 1007 circumcidi
3463 951 3665 1021 voluit,
3719 958 3787 1010 ut

2129 1038 2304 1094 etiam
2337 1055 2442 1095 suo
2475 1043 2734 1112 tempore
2765 1039 3272 1097 circumcisionem
3303 1046 3567 1097 sanctam
3600 1043 3786 1100 fuisse

2128 1130 2185 1182 et
2205 1128 2418 1183 bonam
2441 1130 2791 1185 ostenderet.
2816 1129 2881 1183 Et
2902 1134 2967 1184 ut
2989 1146 3222 1185 omnem
3251 1131 3616 1188 occasionem
3639 1132 3700 1187 in
3721 1150 3786 1190 se

2128 1234 2244 1273 non
2257 1218 2671 1274 credentibusJ
2679 1218 2857 1273 udaeis
2875 1218 3146 1288 auferret,
3167 1217 3353 1276 noluit
3373 1220 3639 1293 patribus
3654 1239 3787 1280 esse

2126 1305 2476 1375 diissimilis,
2501 1307 2599 1379 qui
2619 1325 2735 1363 non
2754 1312 2988 1363 venerat
3007 1306 3192 1381 legem
3211 1307 3451 1376 solvere,
3474 1310 3575 1366 sed
3598 1311 3787 1366 adim-

2125 1394 2285 1468 plere
2324 1396 2537 1467 (Mauh.
2568 1398 2647 1465 v).
2682 1396 2810 1452 Sive
2842 1401 2995 1453 certe
3024 1396 3531 1453 circumcisionem
3576 1415 3783 1474 corpo-

2126 1483 2325 1539 raliter
2341 1484 2617 1557 suscepit,
2634 1488 2699 1539 ut
2716 1484 2774 1540 in
2790 1485 2916 1558 ipso
2929 1484 3182 1542 carnalis
3194 1486 3561 1542 circumcisio
3577 1488 3781 1557 ﬁnem,

2125 1577 2182 1629 et
2211 1572 2537 1647 spiritualis
2569 1573 2807 1630 haberet
2836 1573 3158 1629 exordium.
3192 1598 3219 1625 «
3242 1573 3399 1631 Finis
3419 1576 3577 1632 enim
3608 1576 3781 1651 legis,

2126 1666 2190 1718 ut
2218 1662 2299 1719 ait
2327 1662 2660 1735 Apostolus,
2712 1661 3007 1731 Christus;
3041 1664 3114 1719 ad
3147 1663 3443 1736 justitiam
3492 1665 3652 1721 omni
3684 1683 3781 1723 ere

298 1755 305 1759 ’
354 1758 411 1809 et
435 1769 535 1808 vos
559 1752 709 1821 (Gen.
733 1751 888 1822 xvn).
911 1773 937 1798 ››
962 1750 1025 1804 Et
1048 1749 1432 1805 circumcisus
1451 1754 1540 1804 est
1561 1750 1859 1805 Abraham
1883 1766 2015 1805 cen-
2046 1786 2095 1852 Β
2126 1752 2281 1808 denti
2316 1753 2488 1822 (Rom.
2522 1755 2599 1820 Χ).
2635 1774 2663 1802 ››
2698 1751 2765 1806 Et
2794 1751 2939 1807 bene
2987 1755 3188 1808 octavo
3219 1752 3311 1809 die
3340 1751 3781 1811 circumciditur

350 1842 563 1898 tesimo
586 1841 775 1896 aetatis
797 1857 916 1896 suae
949 1856 1125 1907 anno,
1157 1843 1321 1895 Isaac
1346 1843 1539 1895 autem
1574 1838 1732 1894 ﬁlius
1762 1840 1891 1911 ejus
1923 1856 2018 1895 oc-

351 1936 484 1988 tava
516 1931 626 1986 die.
662 1932 837 1986 Porro
871 1928 1080 1985 Ismael
1111 1928 1398 1985 tredecim
1433 1945 1618 1984 annos
1648 1928 2008 2001 impleverat.

353 2021 431 2076 Ex
447 2037 512 2076 eo
538 2025 796 2092 tempore
815 2018 960 2073 ritus
983 2022 1040 2074 et
1061 2016 1263 2091 religio
1286 2017 1774 2088 circumcisionis,
1794 2036 1828 2074 a
1846 2018 2012 2074 beato

352 2109 685 2182 patriarcha
715 2108 1008 2165 Abraham
1035 2107 1291 2180 sumpsit
1311 2108 1636 2163 exordium.
1667 2108 1725 2165 Si
1750 2108 1883 2181 quis
1916 2126 2013 2164 au-

349 2203 467 2257 tem
500 2203 741 2273 quazrat,
759 2215 940 2271 quare
955 2199 1156 2254 eadem
1176 2198 1545 2253 circumcisio
1567 2198 1704 2254 data
1724 2199 1822 2266 sit,
1846 2198 2015 2255 intel“

350 2289 496 2364 ligat
525 2289 714 2344 varias
743 2288 816 2343 ob
839 2304 1049 2343 causas
1078 2304 1206 2343 esse
1234 2288 1456 2343 datam.
1481 2287 1743 2343 Primum
1774 2292 2011 2361 propter

352 2379 627 2435 meritum
651 2376 1058 2445 ﬁdeiAbrahae,
1076 2381 1140 2431 ut
1157 2376 1308 2433 sicut
1330 2377 1443 2432 fide
1464 2376 1719 2432 distabat
1740 2377 2007 2435 acaeteris

350 2468 708 2539 nationibus,
743 2468 829 2523 sic
859 2467 1106 2522 distaret
1126 2465 1301 2522 etiam
1328 2465 1495 2539 signo
1515 2466 2001 2525 circumcisionis.

349 2558 479 2615 Sive
501 2560 655 2613 certe
677 2557 912 2630 signum
935 2554 1397 2611 circumcisionis
1415 2556 1619 2611 datum
1642 2560 1731 2611 est
1747 2560 1810 2612 ut
1826 2574 2007 2630 popu-

347 2646 441 2704 lus
467 2647 567 2720 qui
581 2662 649 2702 ex
661 2646 861 2702 eadem
876 2644 1150 2718 progenie
1163 2643 1494 2700 nasciturus
1507 2650 1632 2700 erat
1651 2660 1754 2718 per
1765 2644 2001 2719 signum

347 2735 812 2794 circumcisionis
828 2732 1140 2807 peculiaris
1163 2751 1229 2789 ac
1255 2733 1565 2789 familiaris
1588 2738 1702 2790 Deo
1724 2751 2000 2808 agnosce-

345 2830 524 2884 retur.
555 2826 686 2883 Sive
718 2824 885 2881 aliter
906 2824 1142 2896 signum
1168 2822 1632 2879 circumcisionis
1655 2824 1857 2880 datum
1889 2829 1995 2893 est,

347 2919 412 2972 ut
440 2916 489 2973 si
523 2915 623 2988 qui
645 2932 713 2971 ex
744 2930 946 2970 eorum
977 2912 1192 2986 populo
1211 2911 1273 2967 in
1296 2911 1492 2985 praelio
1517 2913 1897 2986 eorruissent,
1925 2915 1997 2971 ob

345 3006 582 3078 signum
602 3000 1067 3060 circumcisionis
1090 3000 1328 3074 cogniti,
1347 3000 1486 3073 quia
1506 3001 1576 3056 de
1597 3001 1777 3074 stirpe
1796 3006 1999 3058 sancta

345 3095 782 3161 descenderant,
802 3090 1115 3164 sepultura:
1128 3091 1515 3146 traderentur.
1540 3090 1642 3147 Vel
1666 3097 1837 3160 certe,
1858 3091 1998 3164 quia

2123 1841 2317 1910 Jesus,
2338 1839 2477 1913 quia
2498 1840 2643 1914 legis
2674 1845 3030 1913 praeceptum
3054 1845 3199 1908 erat,
3235 1841 3477 1899 Domino
3507 1843 3775 1901 dicente:

2125 1952 2153 1981 ‹‹
2188 1930 2386 1985 Infans
2408 1934 2535 1986 octo
2559 1928 2787 1986 dierum
2811 1929 3264 1986 circumcidetur
3287 1934 3431 1999 (Leu.
3453 1935 3571 2001 xu).
3598 1955 3627 1982 ››
3658 1934 3774 1990 Sed

2122 2017 2390 2091 quamvis
2420 2018 2528 2074 hoc
2560 2018 2891 2090 frequenter
2920 2018 2979 2073 in
3007 2018 3132 2092 lege
3161 2023 3515 2093 praeceptum
3536 2021 3629 2090 sit,
3654 2039 3773 2081 non

2119 2109 2288 2165 facile
2309 2109 2378 2164 de
2399 2107 2597 2181 aliquo
2619 2108 2678 2163 in
2699 2112 2823 2163 tota
2842 2106 2990 2165 serie
3009 2107 3233 2165 Veteris
3256 2109 3611 2166 Testamenti
3636 2110 3779 2167 scri-

2119 2202 2287 2271 ptum
2317 2197 2627 2264 invenitur,
2661 2197 2885 2269 absque
2914 2196 3037 2254 solo
3059 2198 3340 2253 duntaxat
3362 2203 3525 2254 Isaae
3548 2199 3668 2256 ﬁlio
3690 2217 3777 2256 re-

2117 2285 2545 2360 promissionis,
2564 2287 2721 2358 quod
2740 2303 2855 2342 non
2872 2286 3000 2343 sine
3020 2287 3297 2360 mysterio
3320 2286 3613 2344 credimus
3632 2307 3776 2363 prte-

2114 2376 2476 2432 termissum.
2496 2374 2877 2431 Circumcisio
2894 2373 3051 2431 enim
3075 2376 3255 2444 Isaac,
3274 2376 3505 2432 Domini
3521 2377 3772 2433 circum-

2113 2465 2394 2522 cisionem
2424 2463 2812 2538 signiﬁcabat.
2846 2463 3224 2520 Circumcisio
3253 2482 3386 2521 vero
3412 2465 3638 2521 Domini
3671 2483 3772 2523 no-

2111 2560 2292 2612 stram
2317 2554 2610 2628 geminam
2628 2552 3140 2609 circumcisionem
3159 2552 3477 2627 signiﬁcat,
3499 2555 3769 2612 moderni

2111 2643 2331 2700 scilicet
2342 2641 2621 2715 temporis
2642 2646 2700 2699 et
2713 2641 2917 2698 futuri.
2935 2640 3425 2698 Circumcidimur
3436 2660 3692 2716 namque
3705 2644 3768 2700 in

2109 2730 2399 2806 presenti,
2427 2749 2560 2788 cum
2580 2730 2680 2804 qui
2699 2748 2802 2803 per
2821 2730 3182 2803 baptismum
3203 2747 3236 2786 a
3251 2734 3623 2803 peccatorum
3648 2750 3771 2789 sor-

2108 2822 2282 2878 dibus
2302 2821 2702 2894 puriﬁcamur,
2718 2823 2775 2876 et
2792 2818 3079 2893 quidquid
3100 2820 3173 2875 ad
3190 2822 3536 2876 vetustatem
3554 2822 3769 2879 veteris

2106 2911 2364 2968 hominis
2395 2910 2648 2983 pertinet
2677 2912 3047 2981 respuentes,
3065 2908 3371 2965 induimus
3392 2926 3628 2978 novum,
3654 2910 3768 2967 im-

2106 3000 2331 3074 plentes
2361 2999 2505 3055 illud
2525 3000 2680 3072 quod
2704 2997 2786 3054 ait
2804 2996 3116 3071 Apostolus
3137 2997 3332 3067 (Golos.
3367 2998 3482 3070 m):
3513 3022 3533 3048 ι
3561 2998 3769 3056 Exuite

2104 3094 2355 3146 veterem
2387 3088 2684 3145 hominem
2714 3104 2846 3143 cum
2871 3086 3099 3142 actibus
3119 3085 3267 3156 suis,
3298 3090 3356 3142 et
3379 3085 3605 3143 induite
3623 3103 3764 3143 eum

344 3184 403 3241 in
430 3183 532 3240 tali
551 3184 812 3240 membro
828 3179 1198 3238 circumcisio
1230 3181 1404 3252 jussa
1439 3184 1544 3250 est,
1570 3198 1672 3254 per
1695 3182 1848 3254 quod
1876 3199 1996 3238 car-
2023 3157 2068 3226 α
2107 3178 2208 3251 qui
2238 3182 2550 3235 renovatur
2579 3176 2648 3232 de
2678 3175 2770 3231 die
2802 3174 2862 3230 in
2883 3175 3059 3230 diem.
3088 3194 3116 3223 ι»
3149 3174 3216 3230 Et
3235 3174 3448 3230 iterum
3472 3191 3486 3230 :
3522 3198 3551 3225 «
3578 3175 3765 3232 Reno-

342 3274 435 3331 nis
452 3273 612 3347 origo
630 3275 1066 3346 propagaretur,
1088 3270 1530 3343 signiﬁcabatur
1544 3275 1684 3339 tunc
1701 3270 1796 3326 ille
1818 3288 1886 3327 ex
1906 3289 1999 3328 eo-

342 3365 473 3419 dem
494 3362 716 3418 semine
733 3377 969 3416 carnem
987 3361 1058 3415 de
1074 3359 1295 3432 virgine
1313 3375 1511 3414 assum
1519 3362 1618 3430 ptu
1628 3376 1748 3427 rus,
1765 3359 1864 3430 qui
1882 3358 1994 3415 vir-

256 3448 265 3457 ’
343 3451 605 3525 ginitatis
637 3453 948 3515 amator,et
971 3448 1243 3503 vitiorum
1265 3446 1530 3519 praeputii
1552 3451 1708 3502 esset
1728 3456 1994 3520 amputa-

343 3544 455 3604 tor,
485 3537 764 3594 Dominus
790 3535 1200 3592 scilicetJesus
1216 3534 1501 3590 Christus.
1526 3534 1639 3590 Nec
1666 3537 1992 3608 putandum

342 3632 696 3700 est,parvam
716 3625 1029 3681 utilitatem
1048 3642 1155 3680 suo
1173 3628 1434 3695 tempore
1450 3623 1728 3680 habuisse
1751 3624 1996 3681 circum-

343 3716 647 3782 cisionem,
683 3715 781 3772 sed
816 3714 1121 3771 sciendum
1172 3712 1309 3786 quia
1337 3716 1566 3768 tantum
1596 3712 1826 3769 valebat
1853 3718 1995 3771 tunc

343 3804 711 3863 circumcisio
758 3807 963 3860 contra
1009 3802 1292 3876 originale
1342 3805 1668 3874 peccatum,
1704 3807 1993 3875 quantum

344 3912 499 3951 nunc
529 3894 680 3950 valet
699 3910 854 3966 aqua
880 3891 1273 3965 baptismatis,
1301 3894 1537 3963 excepto
1559 3890 1713 3962 quod
1737 3890 1833 3947 ille
1854 3909 1995 3948 non-

343 3984 486 4039 dum
513 3986 768 4049 venerat,
801 3981 900 4055 qui
930 3985 1167 4054 peccata
1198 3979 1417 4036 solvere
1434 3982 1650 4051 posset,
1678 3978 1765 4034 vel
1787 3980 1884 4052 qui
1905 3982 1994 4053 ja-

345 4088 524 4129 nuam
556 4071 717 4145 regni
760 4070 1013 4127 cmlestis
1045 4074 1347 4127 reseraret.
1388 4067 1673 4134 Quoniam
1707 4067 1808 4140 qui
1838 4086 1993 4125 nunc

343 4179 448 4236 per
476 4159 850 4235 Evangelium
880 4160 1056 4215 dicit:
1084 4181 1112 4210 ‹‹
1144 4158 1267 4215 Nisi
1299 4157 1432 4231 quis
1463 4160 1701 4212 renatus
1732 4156 1905 4213 fuerit
1925 4175 1994 4214 ex

342 4268 500 4324 aqua
518 4254 576 4307 et
594 4249 816 4323 Spiritu
838 4252 1061 4314 sancto,
1081 4264 1197 4303 non
1216 4251 1409 4320 potest
1425 4247 1641 4302 intrare
1662 4244 1722 4300 in
1745 4262 1992 4319 regnum

342 4341 442 4397 Dei
494 4340 679 4412 (Joan.
714 4342 818 4409 ιιι),
855 4360 883 4386 ››
935 4336 1060 4409 ipse
1091 4340 1229 4391 tunc
1278 4353 1379 4408 per
1423 4336 1612 4411 legem
1662 4339 1990 4397 clamabat:

341 4450 369 4477 ‹‹
395 4426 694 4483 Masculus
706 4428 876 4498 cujus
888 4442 1020 4481 caro
1033 4423 1659 4498 praeputiicircumcisa
1670 4447 1783 4485 non
1798 4429 1989 4498 fuerit,

2103 3265 2318 3323 vamini
2351 3265 2561 3338 spiritu
2585 3262 2798 3321 mentis
2821 3268 3044 3335 vestrae,
3077 3265 3134 3319 et
3160 3261 3385 3319 induite
3408 3280 3623 3319 novum
3654 3263 3761 3321 ho-

2107 3355 2325 3411 minem
2358 3354 2457 3426 qui
2482 3353 2805 3410 secundum
2836 3352 3024 3409 Deum
3041 3356 3271 3409 creatus
3298 3356 3409 3422 est,
3441 3352 3501 3408 in
3523 3353 3785 3424 justitia‘

2104 3448 2161 3500 et
2173 3442 2484 3500 sanctitate
2495 3441 2771 3499 veritatis.
2791 3464 2818 3493 »
2832 3441 3041 3498 Melius
3058 3445 3255 3499 autem
3267 3440 3763 3498 circumcidemur

2104 3533 2163 3588 in
2195 3534 2409 3600 futuro,
2444 3531 2677 3604 quando
2701 3530 3025 3587 mortalitas
3054 3531 3248 3587 carnis
3279 3534 3514 3598 nostrae,
3545 3529 3605 3587 in
3640 3549 3764 3604 qua

2105 3638 2260 3678 nunc
2290 3638 2618 3694 peccamus,
2652 3619 2713 3675 in
2743 3619 3187 3676 immortalitate
3219 3619 3391 3676 fuerit
3420 3619 3761 3687 immutata,

2104 3715 2162 3767 et
2209 3710 2318 3766 soli
2368 3711 2484 3766 Deo
2515 3708 2955 3776 inhaerebimus,
2986 3712 3053 3764 ut
3081 3708 3162 3764 ait
3198 3707 3547 3781 Apostolus:
3581 3732 3609 3759 «
3643 3708 3763 3765 Nos

2103 3798 2205 3872 qui
2223 3798 2439 3855 residui
2462 3816 2691 3867 sumus,
2713 3797 2812 3870 qui
2832 3796 3245 3871 relinquimur,
3268 3797 3446 3854 simul
3465 3798 3768 3871 rapiemur

2103 3905 2236 3945 cum
2258 3886 2374 3945 illis
2404 3889 2464 3943 in
2496 3887 2754 3943 nubibus
2784 3885 3015 3943 obviam
3046 3885 3277 3942 Christo
3318 3885 3379 3940 in
3407 3902 3563 3953 aera,
3593 3890 3650 3942 et
3680 3886 3766 3943 sic

2104 3994 2336 4050 semper
2351 3994 2483 4033 cum
2504 3976 2752 4032 Domino
2770 3975 2995 4032 erimus
3010 3976 3059 4047 (I
3078 3976 3254 4031 Thess.
3277 3974 3371 4046 Iv).
3388 3996 3417 4024 n
3438 3975 3510 4030 Et
3526 3975 3764 4047 quando

2095 4067 2223 4139 jam
2256 4084 2372 4123 non
2420 4065 2529 4122 erit
2585 4065 2890 4121 conﬂictus
2950 4080 3085 4120 cum
3131 4079 3306 4120 carne
3335 4066 3393 4120 et
3448 4063 3763 4137 sanguine,

2101 4155 2337 4228 quando
2384 4170 2596 4227 corpus
2644 4153 2801 4225 quod
2831 4151 3228 4224 corrumpitur
3256 4168 3373 4208 non
3417 4152 3761 4225 aggravabit

2103 4243 2382 4310 animam,
2401 4259 2507 4298 nec
2523 4245 2756 4298 terrena
2770 4239 3117 4297 inhabitatio
3138 4256 3381 4297 sensum
3404 4238 3593 4296 multa
3606 4241 3762 4315 cogi-

2102 4337 2321 4389 tantem
2353 4330 2665 4405 opprimet,
2711 4330 2811 4385 sed
2845 4330 3121 4402 absorpta
3150 4333 3340 4385 morte
3386 4329 3448 4384 in
3490 4328 3757 4396 victoria,

2101 4420 2478 4493 corruptibile
2499 4419 2610 4475 hoc
2625 4420 2832 4475 induet
2850 4418 3368 4495 incorruptionem,
3391 4416 3762 4490 implebitur-

343 4515 556 4589 peribit
573 4516 769 4571 anima
792 4514 892 4570 illa
909 4514 978 4570 de
996 4513 1211 4587 populo
1232 4530 1358 4582 suo,
1379 4512 1514 4586 quia
1533 4521 1769 4588 pactum
1795 4534 1991 4574 meum
2020 4527 2070 4594 D
2101 4526 2216 4583 que
2265 4510 2326 4564 in
2375 4507 2515 4577 illis,
2551 4507 2654 4580 qui
2681 4507 2782 4564 illo
2816 4507 3026 4564 saeculo
3073 4506 3239 4581 digni
3266 4505 3485 4562 inventi
3515 4506 3756 4575 fuerint,

341 4604 575 4659 irritum
609 4603 742 4658 fecit
773 4603 923 4674 (Gen.
955 4605 1114 4676 xvn).
1151 4626 1179 4653 ››
1209 4603 1335 4659 Νοιι
1368 4605 1520 4675 quod
1564 4604 1760 4661 infans
1791 4623 1992 4662 recens

343 4696 540 4759 natus,
558 4690 693 4748 boni
725 4695 780 4746 et
806 4690 1220 4765 maliignarus,
1236 4695 1469 4763 pactum
1486 4692 1715 4748 Domini
1734 4711 1908 4767 perse
1922 4694 1995 4749 ir-

298 4830 317 4842 ,
344 4781 523 4836 ritum
548 4781 735 4837 facere
765 4783 982 4852 posset,
1007 4781 1109 4836 sed
1131 4778 1270 4851 quia
1299 4780 1371 4835 de
1392 4777 1551 4836 illius
1572 4781 1765 4837 radice
1787 4798 1991 4839 omnes

342 4871 751 4936 nascebantur,
777 4869 879 4941 qui
909 4874 1142 4940 pactum
1166 4866 1263 4925 Dei
1285 4867 1343 4923 in
1368 4867 1638 4940 paradiso
1661 4868 1892 4925 irritum
1919 4870 1994 4925 fe-

343 4960 519 5021 cerat,
552 4961 653 5012 aut
682 4957 1145 5026 circumcisione,
1179 4962 1281 5013 aut
1311 4956 1441 5012 aliis
1475 4955 1665 5012 modis
1696 4956 1992 5028 puriﬁcari

341 5044 704 5118 indigebant,
736 5044 876 5116 quia
894 5045 1124 5101 vinculo
1151 5044 1450 5119 originalis
1473 5044 1694 5118 peccati
1720 5047 1994 5103 teneban-

343 5136 440 5188 tur
467 5132 713 5200 astricti,
748 5131 974 5188 dicente
1005 5132 1341 5190 Psalmista:
1378 5156 1405 5185 «
1430 5135 1573 5191 Ecce
1604 5134 1760 5191 enim
1790 5135 1848 5190 in
1880 5135 1988 5190 ini-

343 5221 667 5295 quitatibus
695 5226 1012 5293 conceptus
1034 5238 1189 5287 sum,
1222 5227 1279 5277 et
1307 5221 1364 5276 in
1396 5222 1627 5279 delictis
1647 5223 1869 5296 peperit
1898 5240 1991 5279 me

342 5316 530 5367 mater
554 5327 684 5367 mea
714 5310 885 5383 (Psal.
919 5310 990 5382 ι).
1028 5332 1055 5360 ››
1100 5309 1213 5365 Nec
1244 5309 1434 5367 solum
1468 5329 1569 5384 per
1592 5311 1991 5368 circumcisio-

341 5419 497 5470 nem,
547 5402 647 5458 sed
695 5400 871 5457 etiam
920 5416 1024 5472 per
1052 5398 1375 5455 hostiarum
1408 5400 1761 5457 oblationem
1795 5400 1990 5474 plures

341 5490 524 5546 Deum
547 5490 774 5563 placare
786 5488 1120 5553 studebant,
1136 5486 1557 5560 sicutexemplo
1571 5489 1859 5561 patientiae
1881 5489 1991 5546 Job

342 5577 646 5650 discimus,
667 5578 768 5650 qui
792 5594 855 5634 se
875 5592 1132 5650 suosque
1154 5575 1366 5632 liberos
1389 5576 1743 5650 quotidianis
1769 5578 1992 5639 sacriﬁ-

2103 4599 2259 4672 quod
2291 4597 2577 4654 Dominus
2616 4595 2699 4652 ait
2726 4596 2787 4651 in
2818 4595 3147 4669 Evangelio.
3174 4618 3203 4646 «
3236 4600 3300 4650 In
3331 4594 3762 4651 resurrectione

2100 4705 2289 4761 neque
2304 4687 2554 4756 nubunt,
2574 4702 2765 4771 npque
2781 4685 3096 4754 nubentur,
3121 4685 3221 4741 sed
3242 4688 3382 4741 sunt
3397 4683 3550 4739 sicut
3565 4681 3760 4757 angeli

2100 4777 2201 4833 Dei
2227 4777 2286 4831 in
2317 4775 2461 4832 caelo
2481 4775 2632 4848 (Luc.
2656 4775 2773 4846 xx).
2795 4796 2822 4824 »
2847 4774 3118 4845 Equales
3138 4773 3295 4835 enim
3316 4771 3542 4846 angelis
3562 4775 3757 4842 erunt,

2101 4880 2237 4921 cum
2273 4864 2376 4920 ﬁlii
2423 4862 2862 4921 resurrectionis
2895 4862 3131 4918 fuerint.
3185 4861 3431 4918 Pulchre
3477 4877 3616 4933 ergo
3645 4860 3761 4916 cir-

2100 4952 2453 5010 cumciditur
2483 4969 2646 5025 puer.
2682 4952 2891 5007 Factus
2922 4956 3014 5008 est
3041 4951 3198 5007 enim
3222 4967 3385 5023 puer,
3410 4949 3511 5022 qui
3541 4965 3759 5022 pueros

2101 5042 2417 5116 quaerebat,
2453 5040 2512 5096 id
2542 5044 2631 5097 est
2659 5054 2857 5113 puros.
2883 5039 3026 5105 Quis
3045 5043 3136 5096 est
3161 5039 3272 5095 iste
3305 5055 3470 5111 puer,
3493 5036 3611 5093 nisi
3632 5035 3754 5105 ille,

2103 5132 2204 5204 qui
2233 5148 2367 5187 cum
2399 5129 2477 5187 sit
2506 5145 2755 5202 magnus
2792 5132 2853 5184 et
2898 5127 3214 5185 laudabilis
3245 5126 3447 5194 nimis,
3479 5129 3538 5181 et
3583 5125 3758 5197 cujus

2100 5218 2528 5293 magnitudinis
2558 5234 2673 5273 non
2704 5220 2795 5273 est
2835 5216 2990 5285 ﬁnis,
3023 5222 3260 5291 propter
3306 5232 3413 5272 nos
3452 5230 3600 5288 puer
3628 5212 3758 5270 ﬁeri

2099 5309 2376 5382 dignatus
2398 5311 2487 5363 est
2504 5307 2533 5361 ‘I
2547 5306 2618 5360 de
2636 5322 2750 5377 quo
2768 5304 3054 5377 scriptum
3075 5310 3192 5362 est:
3213 5327 3241 5356 «
3265 5305 3410 5361 Ecce
3429 5317 3756 5376 puermeus

2099 5397 2319 5454 electus
2348 5411 2523 5469 quem
2555 5392 2723 5467 elegi,
2747 5393 2915 5466 posui
2937 5394 3329 5468 principatum
3349 5409 3524 5466 super
3542 5391 3758 5447 hume-

2100 5504 2232 5544 rum
2254 5487 2401 5558 ejus,
2419 5488 2478 5540 et
2492 5481 2795 5539 vocabitur
2815 5499 3027 5540 nomen
3044 5485 3173 5555 ejus
3191 5479 3589 5549 Admirabilis,
3615 5482 3758 5534 Con-

2100 5575 2382 5643 siliarius,
2408 5574 2583 5645 Deus,
2606 5572 2816 5641 Fortis,
2844 5572 3012 5630 Pater
3035 5571 3215 5631 futuri
3238 5571 3460 5640 saeculi,
3477 5568 3756 5640 Princeps
