4070 6190
269 280 346 346 93
886 340 895 347 .
1499 280 1853 345 HOMILIIE
1895 282 1999 345 DE
2041 281 2443 348 TEMPORE.
2818 356 2823 359 Α
3597 289 3676 352 94

266 416 428 490 pacis
468 415 596 485 (1.3a.
631 416 731 485 ιχ).
778 435 806 465 ››
856 414 1019 482 Quod
1058 418 1254 472 autem
1304 414 1398 471 die
1449 400 1913 473 circumcisionis
1943 414 1998 483 Α
2027 420 2245 486 centes,
2281 417 2381 490 qui
2414 416 2592 474 simul
2614 416 2810 490 juncti
2841 417 2994 475 ﬁunt
3023 417 3336 494 octingenti
3377 425 3672 500 octoginta

266 506 464 581 pueris
497 505 738 562 nomina
766 505 1239 578 imponebantur,
1263 523 1331 561 ex
1359 522 1426 561 eo
1458 507 1517 561 in
1549 506 1917 562 consuetudi-

268 612 396 651 nem
444 594 680 651 venisse
718 594 1093 660 arbitramur,
1133 595 1287 666 quod
1338 595 1542 651 beatus
1583 594 1917 667 patriarcha

263 683 582 749 Abraham,
635 683 690 739 id
742 689 831 739 est
874 687 1038 755 pater
1084 683 1406 739 multarum
1453 684 1739 759 gentium,
1780 701 1914 739 cum

265 772 569 845 signaculo
594 771 1062 828 circumcisionis
1081 777 1460 844 augmentum
1485 778 1541 829 et
1561 774 1916 828 immutatio.

264 879 397 917 nem
424 860 749 933 promeruit
780 861 1140 929 nominis,ut
1171 862 1271 934 qui
1304 862 1584 918 hactenus
1615 862 1917 918 dicebatur

262 951 502 1017 Abram,
536 949 596 1005 id
643 954 733 1005 est
776 955 942 1021 pater
980 949 1265 1019 excelsus,
1305 951 1580 1022 deinceps
1620 952 1916 1007 diceretur

260 1038 579 1104 Abraham,
616 1039 675 1093 id
708 1043 797 1093 est
823 1043 988 1110 pater
1017 1039 1336 1095 multarum
1366 1041 1651 1113 gentium.
1673 1040 1914 1096 Domino

265 1126 521 1181 dicente:
539 1150 567 1177 ‹‹
583 1125 728 1193 Quia
744 1132 969 1199 patrem
1003 1128 1326 1185 multarum
1349 1130 1613 1203 genitum
1636 1129 1913 1187 constitui

264 1218 318 1270 te
346 1219 483 1269 ante
515 1215 837 1281 Deum,cui
869 1217 1171 1272 credidisti
1202 1217 1519 1289 (Gen.xvu.
1539 1242 1566 1267 »
1593 1220 1705 1275 Nec
1722 1217 1919 1275 solum

265 1303 405 1376 ipse,
437 1304 543 1359 sed
575 1304 754 1361 etiam
784 1305 1132 1362 venerabilis
1162 1324 1306 1363 uxor
1352 1308 1480 1379 ejus
1531 1312 1914 1381 augmentum

265 1392 520 1448 nominis
550 1410 685 1448 cum
716 1393 1124 1451 immutatione
1154 1397 1495 1467 promeruit,
1513 1401 1577 1451 ut
1606 1414 1733 1469 quas
1753 1398 1915 1470 prius

264 1481 571 1537 dicebatur
601 1482 788 1553 Sarai,
816 1482 872 1537 id
904 1487 992 1539 est
1020 1484 1293 1557 princeps
1315 1485 1917 1557 mea,:deindedicere-

263 1575 358 1626 tur
406 1572 572 1639 Sara,
603 1570 662 1627 id
713 1577 802 1627 est
844 1573 1118 1646 princeps
1162 1577 1500 1629 sanctarum
1538 1574 1912 1642 feminarum,

264 1659 379 1714 sive
410 1659 688 1733 princeps
709 1661 945 1717 domus.
960 1661 1122 1717 Unde
1135 1665 1332 1717 errant
1352 1663 1451 1735 qui
1477 1668 1686 1735 putant
1700 1681 1913 1721 nomen

265 1748 415 1803 Sara:
448 1765 555 1820 per
582 1749 700 1805 duo
734 1766 794 1804 rr
820 1750 1219 1806 scribendum.
1254 1751 1515 1807 Primum
1563 1753 1718 1808 enim
1759 1755 1912 1826 apud
1944 1786 1993 1851 B

265 1837 536 1893 Hebraeos
565 1854 671 1910 per
687 1841 800 1908 sin,
822 1856 928 1905 res,
947 1843 1005 1894 et
1036 1841 1113 1895 tot
1141 1839 1494 1895 elementum
1528 1842 1911 1898 scribebatur.

264 1925 508 1981 Sublato
538 1943 677 2000 ergo
709 1929 786 1983 ἰοί
812 1926 1097 1983 elemento
1127 1929 1199 1984 de
1219 1928 1336 1985 fine
1355 1928 1912 1995 nominis,additum

265 2020 349 2069 est
376 2014 563 2085 aleph,
594 2019 653 2069 et
682 2014 904 2071 dictum
930 2021 1019 2071 est
1048 2016 1210 2072 Sara.

333 2124 361 2151 «
393 2102 682 2158 Vocatum
714 2108 805 2159 est
835 2120 1047 2160 nomen
1077 2106 1204 2177 ejus
1234 2104 1427 2174 Jesus,
1460 2107 1612 2179 quod
1644 2112 1915 2165 vocatum

264 2195 393 2246 «est
424 2191 498 2246 ab
532 2191 1124 2265 angelo,priusquam
1157 2194 1214 2249 in
1249 2198 1413 2251 utero
1444 2196 1913 2269 conciperetur.»

263 2279 321 2336 Si
347 2278 485 2352 quis
519 2283 718 2336 autem
752 2282 1609 2354 quzerat,quandoejusnomen
1624 2286 1915 2361 abangelo

263 2373 582 2441 antequam
604 2368 663 2425 in
698 2372 862 2425 utero
891 2370 1312 2443 conciperetur,
1335 2377 1603 2429 vocatum
1646 2374 1741 2444 sit,
1776 2378 1916 2432 tunc

262 2457 387 2513 sine
413 2458 620 2528 dubio,
648 2459 884 2531 quando
915 2458 994 2513 ait
1024 2458 1269 2532 angelus
1293 2461 1364 2516 ad
1399 2461 1640 2518 Mariam
1667 2478 1680 2517 :
1720 2485 1747 2514 α
1776 2465 1914 2534 Ave,

262 2545 453 2619 gratia
474 2545 669 2618 plena,
686 2546 972 2603 Dominus
996 2552 1210 2616 tecum,
1226 2549 1534 2606 benedicta
1553 2554 1619 2606 tu
1642 2553 1700 2607 in
1716 2552 1918 2608 mulie-

265 2633 449 2701 ribus,
473 2638 535 2691 et
564 2635 907 2692 benedictus
938 2638 1160 2694 fructus
1192 2638 1412 2695 ventris
1444 2640 1727 2705 tui.Quod
1758 2641 1914 2698 enim

262 2739 324 2778 ex
353 2727 412 2778 te
452 2727 731 2780 nascetur
777 2730 1069 2793 sanctum,
1104 2726 1407 2783 vocabitur
1458 2729 1639 2786 Filius
1687 2731 1807 2787 Dei.
1832 2732 1915 2788 Ne

261 2812 492 2880 timeas,
532 2813 737 2880 Maria,
768 2813 1041 2871 invenisti
1072 2814 1323 2888 gratiam
1354 2818 1510 2890 apud
1542 2819 1749 2886 Deum,
1785 2837 1916 2877 ecce

261 2900 557 2973 concipias
586 2905 643 2957 et
674 2901 866 2974 paries
896 2902 1176 2970 ﬁlium,et
1204 2906 1438 2962 vocabis
1463 2924 1671 2964 nomen
1685 2909 1735 2980 ej
1748 2909 1918 2964 usJe-

261 3005 389 3044 sum
422 3008 436 3059 ;
470 2989 570 3044 hic
596 2989 707 3045 erit
727 3007 1000 3063 magnus,
1027 2996 1083 3048 et
1114 2992 1272 3049 ﬁlius
1300 2993 1586 3050 Altissimi
1616 2998 1917 3053 vocabitur

264 3078 408 3148 (Luc.
424 3081 538 3147 1).»
570 3079 686 3134 Nec
718 3078 909 3135 solum
940 3080 1048 3136 hoc
1079 3082 1521 3139 sanctissimum
1552 3101 1765 3141 nomen
1781 3090 1916 3142 ante

2025 509 2152 561 octo
2188 522 2200 561 :
2236 512 2292 562 et
2320 507 2595 562 denarius
2629 507 2863 580 quidem
2897 519 3178 564 numeru's
3209 510 3280 564 ad
3327 511 3667 586 decalogum

2025 593 2171 667 legis
2201 595 2841 669 pertinet,quiadecem
2875 596 3318 670 praeceptalegis
3335 599 3515 671 Moysi
3534 603 3673 658 data

2025 687 2335 740 suntzocto
2367 686 2671 753 autem,ad
2693 684 3175 741 resurrectionem
3208 686 3677 761 pertinent,quia

2025 777 2224 829 octavo
2256 774 2347 829 die
2378 774 2662 830 Dominus
2698 775 3033 839 resurresit,
3066 778 3122 829 et
3150 773 3209 828 in
3240 781 3443 832 octava
3472 777 3671 833 saeculi

2024 866 2188 918 aetate
2201 867 2632 919 resurrecturos
2664 880 2771 919 nos
2793 863 3156 929 monstravit,
3163 864 3331 935 juxta
3353 863 3498 920 illud
3517 867 3675 937 quod

2025 950 2083 1005 in
2117 950 2425 1007 Salomone
2455 951 2695 1025 legitur:
2716 974 2742 1000 «
2778 952 2862 1006 Da
2894 955 3087 1023 partes
3119 957 3604 1024 septem,necnon
3619 958 3676 1009 et

2024 1043 2153 1095 octo
2188 1040 2353 1111 (Eccl.
2387 1044 2487 1108 x1).
2524 1063 2552 1090 ››
2585 1040 2963 1112 Septuaginta
2995 1057 3228 1113 quoque
3270 1042 3341 1097 ad
3388 1043 3672 1114 pmniten-

2024 1128 2165 1183 tiam
2196 1128 2509 1200 pertinent,
2545 1128 2683 1200 quia
2711 1127 2809 1184 ille
2836 1127 3088 1200 populus
3120 1131 3218 1202 qui
3246 1129 3360 1185 Deo
3392 1132 3677 1205 peccavit,

2024 1233 2126 1288 per
2156 1217 2527 1289 septuaginta
2555 1234 2740 1273 annos
2769 1216 2829 1271 in
2856 1216 3189 1290 captivitate
3221 1218 3532 1292 Babylonis
3563 1222 3676 1277 sub

2021 1304 2556 1361 Nabuchodonosor
2586 1322 2718 1378 rege
2750 1306 2879 1363 fuit.
2914 1307 2984 1361 Et
3033 1323 3168 1361 cum
3203 1307 3272 1362 de
3304 1308 3673 1366 remittendis

2023 1395 2274 1467 peccatis
2306 1394 2507 1450 Petrus
2542 1394 2891 1466 magistrum
2941 1394 3383 1469 interrogasset,
3421 1396 3622 1454 dicens
3656 1416 3669 1452 :

2024 1505 2051 1533 ι(
2087 1483 2321 1549 Quoties
2352 1482 2615 1555 peccabit
2647 1483 2704 1538 in
2738 1500 2828 1539 me
2860 1484 3036 1538 frater
3078 1500 3245 1539 meus
3292 1488 3349 1539 et
3379 1484 3674 1541 dimittam

2024 1570 2119 1626 ei?
2150 1588 2336 1642 usque
2366 1571 2611 1643 septies!
2648 1576 2788 1626 tunc
2816 1571 2987 1627 Jesus
3018 1571 3098 1628 ait
3121 1571 3206 1627 illi
3232 1589 3244 1627 :
3270 1573 3393 1628 Non
3427 1574 3674 1631 dicotibi

2026 1678 2212 1732 usque
2244 1661 2481 1733 septies,
2516 1661 2616 1716 sed
2652 1677 2839 1733 usque
2871 1660 3201 1734 septuagies
3232 1662 3446 1735 septies
3469 1663 3673 1735 (Matth.

2022 1753 2205 1815 xvm).
2225 1771 2251 1799 ››
2284 1749 2669 1806 Centenarius
2700 1749 2919 1822 quippe
2950 1766 3233 1807 numerus
3265 1751 3674 1823 perfectionem

2027 1840 2151 1894 vita
2183 1842 2407 1894 (sternte
2439 1838 3005 1911 signiﬁcat,sicutde
3027 1840 3230 1895 eodem
3253 1840 3673 1914 Dominus,qui

2026 1927 2224 1983 omnia
2249 1944 2356 1982 sua
2387 1943 2490 2000 pro
2519 1927 2647 1998 ejus
2678 1944 2875 1983 amore
2906 1927 3240 2002 reliquerat,
3256 1929 3365 1985 ait:
3400 1953 3427 1980 ι(
3464 1930 3675 1986 Centu-

2025 2015 2187 2089 plum
2224 2015 2487 2087 accipiet,
2521 2021 2579 2071 et
2600 2016 2777 2071 vitam
2800 2020 3075 2073 aeternam
3110 2017 3436 2090 possidebit
3464 2019 3675 2087 (Matth.

2024 2108 2160 2173 XIX).
2196 2127 2223 2154 ››
2258 2104 2446 2176 Hujus
2476 2103 2706 2160 numeri
2737 2106 3271 2173 sacramentum,in
3304 2106 3433 2179 ipsa
3466 2106 3677 2179 digito-

2024 2210 2156 2248 rum
2189 2191 2622 2265 computatione
2653 2194 3001 2261 ostenditur,
3034 2195 3269 2266 quando
3305 2196 3675 2253 centenarias

2026 2298 2307 2337 numerus
2338 2282 2408 2336 de
2440 2281 2579 2336 lzeva
2609 2282 2822 2338 transit
2850 2282 2909 2337 in
2945 2283 3262 2349 dexteram,
3298 2288 3355 2338 et
3384 2283 3670 2341 circulum

2024 2369 2457 2444 exprimens,fit
2482 2371 2540 2426 in
2572 2372 2813 2427 modum
2847 2388 3068 2428 coronae
3102 2389 3115 2425 :
3151 2371 3251 2427 illa
3279 2389 3492 2429 corona
3520 2376 3678 2430 aeter-

2026 2477 2161 2515 nam
2195 2458 2619 2515 beatitudinem
2651 2460 2967 2533 significat,
2985 2478 3161 2532 quam
3184 2477 3285 2532 pro
3317 2460 3680 2534 bonisoperi-

2023 2549 2135 2605 bus
2166 2565 2228 2604 se
2259 2553 2639 2621 accepturum
2672 2554 2928 2616 noverat,
2962 2549 3063 2621 qui
3096 2549 3360 2605 dicebat:
3389 2573 3417 2600 «
3452 2551 3711 2611 Bonum,

2025 2641 2319 2693 certamen
2352 2637 2589 2700 certavi.
2624 2654 2864 2692 cursum
2896 2636 3322 2708 consummavi,
3355 2637 3532 2694 ﬁdem
3564 2657 3678 2696 ser-

2021 2726 2171 2791 vavi,
2195 2727 2265 2782 de
2300 2725 2522 2799 reliquo
2554 2724 2807 2799 reposita
2836 2731 2926 2781 est
2979 2725 3123 2780 mihi
3173 2743 3386 2782 corona
3429 2728 3675 2798 justitiae

2026 2814 2075 2886 (Ι
2103 2816 2245 2870 Tim.
2282 2814 2381 2886 ιν).
2416 2836 2444 2863 ››
2477 2816 2546 2870 Et
2576 2832 2682 2871 nos
2712 2814 2891 2888 igitur
2918 2813 2978 2869 in
3009 2814 3118 2870 hoc
3150 2813 3524 2871 sanctissimo
3572 2833 3675 2872 no-

2025 2902 2182 2958 mine
2212 2903 2519 2959 denarium
2550 2920 2862 2959 numerum
2898 2902 3392 2975 reperimus,cum
3416 2903 3675 2978 dccalogi

2025 2992 2303 3047 mandata
2316 3009 2646 3048 servamus:
2664 2996 2930 3048 tenemus
2946 2990 3335 3057 octonarium,
3348 3008 3482 3048 cum
3500 2993 3673 3049 fidem

2024 3079 2468 3136 resurrectionis
2501 3080 2795 3136 credimus
2827 3101 2845 3135 :
2879 3080 3164 3136 habemus
3197 3085 3252 3134 et
3291 3084 3675 3169 septuagena-

265 3182 439 3238 quam
467 3167 879 3239 conciperetur
905 3168 964 3224 in
996 3175 1158 3226 utero
1191 3172 1264 3227 ab
1285 3172 1490 3246 angelo
1506 3178 1776 3230 vocatum
1809 3180 1913 3247 est,

2034 3168 2460 3241 rium,quando
2492 3173 2726 3241 peccata
2757 3173 2957 3224 nostra
2988 3169 3179 3223 ﬂendo
3201 3155 3676 3240 punimus.Tunc

265 3255 355 3310 sed
389 3255 573 3310 etiam
605 3253 778 3331 longe
811 3260 983 3313 antea
1012 3259 1358 3331 patriarchis
1380 3265 1436 3317 et
1465 3262 1765 3335 prophetis
1781 3280 1921 3335 prae-

265 3342 512 3411 dictum,
548 3344 705 3416 quod
736 3344 918 3401 Filius
951 3346 1051 3402 Dei
1080 3346 1254 3403 homo
1286 3349 1496 3416 factus,
1528 3349 1638 3406 hoc
1678 3350 1919 3407 nomine

264 3437 571 3488 vocaretur
585 3432 853 3489 videlicet
866 3434 1039 3490 Jesus
1054 3451 1067 3489 :
1084 3435 1222 3508 quia
1241 3435 1273 3490 J
1278 3453 1413 3492 esus
1432 3437 1673 3494 Hebraea
1688 3439 1916 3513 lingua,

264 3518 318 3575 in
349 3524 558 3576 nostra
588 3520 846 3579 salvator
873 3522 992 3579 sive
1020 3523 1294 3579 salutaris
1317 3524 1550 3581 dicitur.
1573 3524 1919 3602 Ubicunque

264 3611 414 3664 enim
442 3610 601 3683 apud
630 3627 736 3666 nos
766 3611 1023 3668 salutare
1053 3611 1613 3686 legitur,inHebrwo
1629 3616 1916 3674 Jesusha-

265 3696 453 3765 betur,
468 3698 624 3754 sicut
652 3702 740 3755 est
770 3699 945 3756 illud:
975 3723 1003 3751 ‹‹
1031 3700 1299 3757 Salutare
1325 3707 1494 3758 tuum
1546 3708 1914 3780 exspectabo,

265 3786 507 3843 Domine
539 3787 689 3861 (Gen.
722 3791 892 3857 xux).
930 3812 958 3839 »
990 3790 1060 3844 Et
1090 3788 1272 3846 Isaias
1298 3806 1310 3844 :
1344 3790 1620 3849 Gaudens
1649 3795 1917 3866 gaudebo

264 3873 315 3928 in
346 3876 695 3942 Domino,et
707 3876 1235 3945 exsultabitanima
1264 3895 1395 3935 mea
1425 3879 1483 3934 in
1503 3880 1618 3937 Deo
1634 3881 1772 3938 Jesu
1787 3900 1916 3941 meo

266 3963 383 4031 (Isa.
420 3966 552 4025 LXI).
592 3986 622 4013 »
652 3965 723 4021 Et
754 3965 811 4019 in
836 3964 1083 4022 Psalmis
1118 3982 1130 4021 :
1166 3988 1194 4017 «
1229 3967 1520 4025 Memento
1560 3971 1769 4038 nostri,
1806 3976 1912 4028 Do-

264 4052 435 4120 mine,
472 4053 530 4107 in
562 4052 923 4126 beneplacito
956 4053 1172 4127 populo
1203 4055 1310 4124 tui,
1335 4056 1506 4114 visita
1537 4075 1644 4115 nos
1670 4060 1730 4115 in
1763 4060 1916 4117 salu-

265 4141 366 4195 tari
412 4146 524 4197 tuo
578 4143 746 4203 (Μαι.
780 4143 971 4216 xxxv),
1005 4165 1034 4193 ››
1062 4145 1120 4199 et
1164 4143 1353 4201 multa
1382 4145 1544 4202 talia.
1578 4148 1648 4203 Et
1669 4165 1784 4204 non
1818 4167 1915 4206 so-

264 4224 375 4284 lum
398 4233 679 4286 sanctum
711 4231 840 4303 ejus
890 4248 1105 4288 nomen
1158 4249 1192 4287 a
1240 4233 1542 4307 prophetis
1573 4240 1629 4292 et
1657 4237 1913 4310 patriar-

267 4314 404 4385 chis,
436 4322 766 4391 antequam
816 4320 1236 4393 conciperetur,
1270 4323 1617 4395 praedictum
1654 4330 1762 4395 est,
1808 4329 1911 4384 sed

263 4404 429 4462 etiam
470 4410 603 4463 ante
635 4408 838 4464 omnia
864 4409 1079 4465 saacula
1109 4427 1143 4466 a
1170 4410 1286 4467 Deo
1315 4411 1482 4468 Patre
1509 4416 1842 4485 praescitum
1855 4421 1912 4472 et

264 4495 848 4564 praedestinatummt
878 4497 1034 4554 Deus
1064 4498 1241 4555 homo
1276 4500 1461 4556 factus
1491 4501 1664 4559 Jesus
1685 4520 1912 4560 vocare-

267 4588 367 4650 tur,
394 4583 450 4639 id
481 4588 575 4640 est
600 4583 873 4654 salvotor,
891 4591 955 4643 ut
986 4586 1139 4643 sicut
1169 4605 1202 4644 a
1228 4588 1461 4645 Christo
1492 4590 1913 4649 Cbristianivo-

264 4685 478 4741 camur,
493 4672 581 4729 sic
592 4672 771 4729 etiam
797 4691 832 4730 a
848 4674 1165 4745 Salvatore,
1181 4677 1385 4735 salvati
1400 4696 1594 4735 nuncu
1601 4697 1798 4753 parem
1808 4700 1877 4738 ur
1891 4700 1903 4739 :

265 4760 394 4832 quia
424 4779 543 4818 non
576 4765 669 4817 est
699 4760 859 4818 aliud
892 4780 1106 4820 nomen
1137 4766 1247 4821 sub
1272 4766 1412 4823 coelo
1433 4769 1637 4824 datum
1656 4769 1908 4827 homini-

262 4848 467 4915 bus,ut
495 4850 579 4907 ait
608 4854 818 4907 Petrus
843 4851 1163 4925 apostolus,
1180 4853 1239 4907 in
1262 4869 1377 4925 quo
1399 4860 1660 4927 oporteat
1674 4875 1779 4915 nos
1798 4860 1909 4915 sal-

260 4938 372 4992 vari
401 4938 654 5008 (ActJv).
680 4938 797 4995 Nec
827 4938 1019 4996 solum
1042 4944 1239 4998 autem
1270 4939 1330 4996 in
1363 4944 1909 5018 etymologianomi-

264 5023 347 5081 nis
374 5027 505 5097 ejus
536 5031 741 5083 nostra
769 5027 930 5084 salus
960 5029 1310 5099 continetur,
1327 5031 1429 5087 sed
1460 5031 1636 5089 etiam
1669 5034 1727 5089 in
1759 5034 1906 5109 ipsis

262 5109 460 5171 litteris
488 5115 710 5189 quibus
744 5115 852 5173 hoc
882 5134 1097 5174 nomen
1127 5120 1282 5191 apud
1324 5119 1553 5176 Graecos
1600 5123 1902 5193 scribitur,

265 5217 469 5275 magna
499 5203 664 5260 salus
685 5206 1210 5265 nostrainvenitur.
1226 5206 1398 5264 Jesus
1412 5208 1565 5264 enim
1582 5211 1737 5283 apud
1752 5212 1906 5269 διεω-

266 5302 352 5343 cos
381 5307 484 5347 sex
517 5290 726 5349 litteris
758 5292 1053 5365 scribitur,
1086 5295 1466 5360 mroran
1514 5296 1717 5354 litterae
1766 5318 1904 5358 con-

264 5376 437 5434 tinent
468 5380 533 5435 in
555 5396 616 5436 se
652 5397 934 5455 magnum
980 5400 1293 5440 numerum
1322 5388 1379 5440 et
1408 5385 1466 5441 in
1499 5386 1627 5459 ipso
1659 5406 1902 5449 numero

266 5479 536 5539 magnum
565 5473 1235 5538 sacramentum,decem
1267 5471 1535 5531 videlicet
1565 5480 1621 5532 et
1643 5483 1770 5534 octo
1802 5480 1905 5537 du-

265 5560 473 5627 centos,
508 5559 903 5634 septuaginta,
938 5562 1418 5635 quadringentos,
1443 5567 1498 5620 et
1548 5564 1759 5625 iterum
1791 5569 1903 5626 du-

2028 3261 2223 3313 autem
2254 3257 2325 3313 ad
2351 3256 2749 3313 centenarium
2780 3255 3293 3329 perveniunt,cum
3326 3261 3457 3328 post
3483 3275 3678 3330 corpo-
3736 3294 3745 3301 -

2029 3344 2213 3402 ralem
2243 3345 2726 3401 resurrectionem
2742 3346 2811 3401 ad
2831 3340 3126 3401 summam
3144 3352 3196 3401 et
3208 3346 3523 3417 perlectam
3538 3346 3672 3403 bea-

2028 3433 2340 3490 titudinem
2389 3433 2597 3489 anima:
2629 3437 2687 3489 et
2716 3433 2975 3507 corporis
3022 3433 3382 3506 perveniunt,
3409 3434 3548 3507 quia
3596 3435 3676 3491 ibi
3764 3470 3769 3477 -

2027 3524 2136 3579 erit
2166 3522 2358 3579 omnis
2390 3521 2684 3595 perfectio,
2720 3522 2820 3578 ubi
2853 3520 3015 3577 nulla
3045 3521 3219 3578 fuerit
3247 3523 3543 3595 corruptio
3598 3523 3678 3579 ibi

2026 3614 2280 3685 pertecta
2309 3611 2527 3678 laetitia,
2549 3611 2647 3667 ubi
2670 3610 2833 3667 nulla
2861 3610 3362 3683 tristitia,quando
3384 3611 3681 3684 absterget

2026 3701 2182 3757 Deus
2214 3718 2449 3757 omnem
2478 3699 2793 3774 lacrymam
2815 3700 2886 3756 ab
2903 3699 3089 3756 oculis
3106 3703 3461 3756 sanctorum.
3480 3700 3670 3783 Etiam

2027 3807 2144 3845 non
2174 3790 2284 3845 erit
2313 3789 2528 3858 luctus,
2565 3806 2753 3861 neque
2784 3788 3022 3857 clamor,
3057 3806 3245 3861 neque
3278 3787 3433 3844 ullus
3464 3789 3631 3846 dolor
3659 3807 3670 3846 :

2028 3878 2306 3951 quoniam
2335 3876 2531 3951 priora
2549 3878 2929 3943 transierunt,
2946 3878 3179 3950 quando
3200 3878 3486 3951 gaudium
3506 3883 3562 3935 et
3578 3877 3675 3933 183-

2025 3967 2215 4022 titiam
2249 3966 2599 4023 obtinebunt
2631 3966 2729 4039 qui
2754 3967 3037 4039 redempti
3063 3967 3606 4034 fuerintaDomino,
3621 3972 3678 4024 et

2024 4055 2205 4129 fugiet
2236 4056 2309 4112 ab
2340 4055 2422 4112 eis
2453 4055 2618 4111 dolor
2636 4061 2693 4111 et
2723 4055 2998 4129 gemitus,
3030 4059 3089 4111 et
3137 4056 3373 4112 venient
3418 4056 3478 4112 in
3528 4056 3669 4114 Sion

2020 4142 2304 4213 laetantes,
2340 4148 2397 4200 et
2427 4143 2627 4200 laetitia
2655 4143 3013 4217 sempiterna
3043 4160 3222 4217 super
3250 4144 3441 4216 capita
3471 4163 3673 4201 eorum

2022 4234 2523 4304 (Isa.xxnv).0uod
2554 4232 2837 4306 gaudium
2870 4233 3018 4288 bene
3050 4232 3346 4305 signiﬁcat
3375 4233 3676 4306 Isaac,qui

2021 4323 2092 4379 de
2121 4320 2452 4378 centenario
2470 4326 2632 4393 patre
2665 4326 2861 4391 natus,
2895 4324 3095 4377 octavo
3132 4320 3223 4376 die
3267 4319 3670 4387 circumcisus,

2018 4413 2163 4467 risus
2177 4407 2792 4482 interpretatur.lllum
2810 4409 3088 4464 nimirum
3105 4407 3471 4481 spiritualem
3487 4408 3670 4464 risum

2016 4498 2104 4556 vel
2117 4498 2399 4572 gaudium
2423 4497 2785 4571 signiﬁcans,
2808 4498 2960 4571 quod
2979 4497 3369 4563 nosterlsaac,
3387 4496 3672 4554 Dominus

2026 4589 2248 4645 scilicet
2274 4587 2446 4644 Jesus
2475 4586 2763 4656 Christus,
2799 4585 3070 4659 promisit
3109 4586 3308 4641 dicens
3342 4601 3354 4640 :
3393 4607 3421 4637 ‹‹
3453 4585 3670 4642 Iterum

2019 4677 2224 4734 videbo
2254 4694 2392 4746 vos;
2422 4682 2480 4733 et
2508 4676 2790 4750 gaudebit
2840 4692 2939 4731 cor
2987 4679 3266 4744 vestrum,
3301 4679 3358 4732 et
3386 4675 3670 4748 gaudium

2015 4772 2276 4825 vestrum
2308 4782 2479 4821 nemo
2510 4764 2675 4822 tollet
2707 4782 2741 4820 a
2770 4763 2933 4821 vobis
2963 4766 3149 4833 (Joan.
3183 4764 3447 4836 xw).»Et
3466 4765 3669 4837 dequo

2016 4872 2120 4930 per
2148 4856 2384 4912 beatum
2415 4854 2526 4910 Job
2558 4854 2777 4910 dicitur
2807 4871 2821 4909 :
2856 4877 2883 4904 ‹‹
2918 4852 2995 4908 Os
3024 4851 3319 4908 veracium
3351 4851 3670 4925 replebitur

2015 4946 2137 5001 risu
2171 4944 2295 5019 (Job
2325 4944 2423 5017 Vl).
2460 4966 2488 4994 »
2521 4945 2592 4999 Et
2650 4942 2709 4997 in
2740 4941 2911 4998 laude
2940 4940 3210 4997 Ecclesiae
3246 4957 3259 4996 ε
3296 4963 3323 4991 ‹‹
3357 4941 3428 4995 Et
3456 4942 3669 4998 ridebit
3742 4974 3751 4985 ο

2015 5035 2073 5089 in
2106 5033 2197 5090 die
2230 5032 2549 5088 novissima
2580 5032 2764 5100 (Prov.
2796 5031 2972 5102 xxxi).
3001 5052 3029 5080 »
3063 5030 3173 5087 Sed
3207 5029 3345 5103 quia
3373 5046 3565 5086 sermo
3596 5032 3666 5087 de

2012 5121 2457 5180 circumcisione
2471 5120 2699 5175 Domini
2715 5119 3382 5197 seintulit,libetintueri
3397 5119 3537 5191 quid
3555 5124 3663 5186 est,

2013 5213 2166 5285 quod
2200 5213 2319 5266 toto
2350 5213 2612 5280 tempore
2642 5209 2892 5265 ducatus
2906 5207 3329 5283 Moysi,nullus
3351 5207 3570 5264 exﬁliis
3588 5212 3666 5264 Is-

2014 5301 2130 5357 racl
2162 5297 2547 5356 circumcisus
2561 5298 2742 5354 fuisse
2752 5297 2982 5371 legitur,
2999 5303 3237 5370 excepto
3250 5315 3367 5354 uno
3381 5294 3500 5351 ﬁlio
3512 5297 3660 5369 ejus,

2012 5406 2187 5462 quem
2201 5386 2514 5443 uxorillius
2528 5387 2586 5443 in
2600 5386 2826 5457 itinere,
2844 5403 2915 5443 ne
2928 5388 3000 5442 ab
3020 5386 3225 5459 angelo
3241 5389 3661 5458 percuteretur,

2012 5476 2353 5535 acutissima
2366 5480 2531 5548 petra
2542 5476 2929 5543 circumcidit,
2945 5473 3175 5532 dic’ens:
3195 5498 3221 5525 ‹‹
3239 5477 3505 5548 Sponsus
3528 5491 3663 5530 san-

2014 5566 2260 5641 guinum
2294 5568 2355 5620 tu
2391 5564 2536 5621 mihi
2567 5582 2649 5623 es.
2685 5590 2713 5616 »
2747 5564 2892 5630 Quid
2927 5568 3017 5622 est
3065 5563 3221 5621 enim
3273 5565 3429 5637 quod
3470 5562 3662 5637 jussio
