4018 6180
313 309 390 374 93
636 313 643 322 ’
875 305 1286 370 HAYMONIS
1331 300 1869 367 HALBERSTAT.
1917 297 2153 362 EPlSC.
2205 298 2373 363 OPP.
2423 299 2622 363 PARS
2666 299 2743 362 Il.
2777 331 2854 343 —
2883 296 3156 361 HOMIL.
3646 297 3728 358 96

312 441 548 501 Domini
581 446 637 499 et
667 441 1027 498 consuetudo
1059 439 1301 512 antiqua
1315 436 1758 511 quadringentis
1771 437 1963 492 obser-
1989 434 2045 500 Α
2075 452 2195 490 rem
2229 435 2299 491 ad
2333 433 2859 506 concupiscendam
2889 449 3040 488 eam.
3067 430 3228 488 Unde
3253 433 3310 487 et
3341 430 3469 504 ipsa
3495 429 3730 489 Veritas

310 537 443 588 vata
495 532 573 587 sit
621 532 810 597 annis,
845 533 902 586 et
949 531 1021 585 ab
1073 529 1198 600 ipso
1247 529 1442 599 Moyse
1474 528 1809 598 frequenter
1839 524 1963 580 ﬁeri

311 621 689 686 commonita,
716 619 798 674 ita
826 637 929 691 per
959 618 1346 691 quadraginta
1364 635 1548 673 annos
1572 617 1684 670 sub
1699 619 1960 670 suotem-

314 727 451 782 pore
467 709 768 764 relictaest
799 724 943 779 pene
975 707 1143 779 quasi
1175 723 1479 777 nunquam
1495 706 1684 760 esset?
1705 704 1829 758 Non
1853 703 1963 758 hoc

313 799 440 855 sine
471 815 668 867 causa,
692 814 796 852 nec
825 797 949 851 sine
981 795 1255 867 mysterio
1286 794 1600 866 contigisse
1633 793 1961 864 putandum

315 891 421 942 est.
455 886 715 955 Denique
758 883 1108 956 praeputium
1155 883 1309 954 quod
1360 883 1471 936 sub
1522 883 1717 952 Moyse
1761 879 1959 945 crevit,

317 975 474 1031 idem
507 974 762 1047 populus
794 973 890 1045 qui
927 973 1036 1026 sub
1068 989 1133 1026 eo
1186 970 1632 1026 incircumcisus
1684 968 1962 1024 remansit

315 1062 874 1136 propterimmineus
890 1060 1105 1115 bellum
1121 1077 1154 1114 a
1166 1076 1499 1114 successore
1513 1059 1641 1128 ejus
1656 1058 1791 1113 Jesu
1811 1058 1960 1113 Nave

313 1157 680 1224 amputatum
708 1154 816 1212 est,
840 1154 896 1203 et
929 1145 1034 1202 hoc
1060 1148 1262 1202 cultris
1295 1147 1536 1218 petrinis
1567 1152 1730 1201 trans
1759 1145 1959 1200 Jorda-

317 1258 451 1296 nem
483 1240 541 1294 in
574 1237 1000 1310 campestribus
1027 1235 1962 1302 Moab,contraJericho.Breviter

321 1346 457 1401 ergo
490 1329 664 1397 hujus
699 1325 1037 1397 mysterium
1069 1323 1557 1388 videamus.Quid
1590 1323 1958 1394 perMoysen,

318 1418 429 1471 nisi
462 1415 550 1471 lex
582 1414 906 1486 ﬁguratur?
940 1413 1086 1478 Quid
1121 1429 1221 1484 per
1249 1414 1380 1466 Jesu
1426 1412 1598 1477 Nave,
1636 1411 1744 1464 nisi
1776 1412 1961 1482 gratia

314 1505 453 1562 Novi
485 1503 866 1567 Testamenti,
901 1519 1028 1574 quae
1071 1501 1179 1571 legi
1225 1500 1528 1566 successit,
1573 1499 1962 1571 exprimitur?

315 1589 461 1659 Quid
502 1611 605 1664 per
648 1591 1022 1664 praeputium,
1066 1589 1176 1643 nisi
1232 1593 1529 1660 peccatum
1557 1592 1578 1644 Ρ
1609 1587 1958 1659 Praeputium

317 1701 454 1755 ergo
509 1683 618 1737 sub
675 1681 871 1751 Moyse
919 1677 1113 1744 crevit,
1149 1677 1288 1748 quia
1318 1677 1452 1732 data
1484 1677 1626 1749 lege,
1658 1682 1960 1749 peccatum

317 1771 574 1843 amplius
603 1785 882 1840 apparere
913 1766 1268 1837 cmpit,teste
1297 1764 1592 1837 Apostolo.
1611 1789 1635 1813 ‹‹
1671 1766 1784 1820 Lex
1813 1765 1960 1820 iram

316 1864 590 1936 operatur
640 1858 811 1922 (Rom.
866 1860 961 1922 ιν),
999 1879 1025 1904 ››
1049 1857 1106 1908 et
1138 1871 1150 1907 :
1186 1878 1211 1902 α
1245 1854 1351 1909 Ubi
1403 1871 1517 1909 non
1557 1858 1646 1909 est
1694 1853 1802 1922 lex,
1860 1869 1964 1908 nec

318 1945 736 2019 praevaricatio.
771 1943 954 2012 (Ιὺίά.)
971 1965 997 1991 ››
1016 1973 1081 1983 -
1106 1942 1292 1997 «Nam
1325 1942 1858 2014 concupiscentiam
1873 1959 1966 1996 ne.

317 2034 594 2099 sciebam,
631 2031 741 2088 nisi
773 2031 862 2086 lex
911 2032 1145 2099 diceret,
1180 2032 1302 2087 Non
1352 2031 1751 2104 concupisces.
1786 2031 1962 2087 Occa-

316 2121 479 2178 sione
511 2126 716 2176 autem-
736 2124 989 2192 accepta,
1007 2125 1309 2191 peccatum
1343 2137 1444 2192 per
1476 2120 1817 2176 mandatum
1834 2137 1964 2191 ope-

316 2215 505 2266 ratum
538 2215 627 2266 est
655 2211 713 2264 in
755 2226 846 2264 me
893 2225 1127 2264 omnem
1177 2209 1736 2280 concupiscentiam,
1769 2214 1826 2264 et
1876 2210 1956 2264 fa-

320 2303 479 2355 ctum
519 2304 609 2354 est
638 2299 792 2370 quod
825 2301 950 2353 erat
979 2298 1048 2353 ad
1084 2297 1407 2363 vitam,hoc
1453 2315 1579 2354 esse
1609 2298 1680 2352 ad
1714 2302 1960 2353 mortem

319 2388 491 2460 (Rom.
525 2388 649 2458 vn).
686 2408 712 2434 »
744 2387 854 2442 Sed
889 2385 1025 2458 quia
1045 2388 1590 2458 praeputium,quod
1625 2387 1733 2442 sub
1768 2388 1961 2458 Moyse

317 2475 749 2544 crevit,a.losue
780 2478 1149 2546 amputatum
1177 2478 1283 2542 est,
1314 2474 1963 2547 signiﬁcatquiapecca-

314 2570 438 2622 tum
471 2565 626 2637 quod
663 2563 750 2619 lex
780 2563 1138 2628 ostendebat,
1158 2580 1271 2617 non
1303 2564 1478 2618 etiam
1512 2564 1960 2619 auferebat-:Do-

316 2654 514 2710 minus
557 2653 730 2709 Jesus
776 2651 1042 2707 Christus
1083 2651 1348 2706 conditor
1376 2655 1434 2706 et
1464 2651 1764 2707 ordinator
1821 2652 1960 2707 Novi

314 2741 691 2808 Testamenti,
726 2757 899 2813 quem
930 2740 1105 2795 Josue
1136 2757 1308 2812 opere
1355 2739 1704 2812 signiﬁcavit
1751 2746 1809 2796 et
1859 2758 1962 2796 no-

320 2831 496 2897 mine,
553 2847 654 2902 per
698 2829 948 2902 gratiam
999 2829 1139 2884 Novi
1198 2829 1557 2884 Testamenti
1603 2847 1718 2884 non
1767 2829 1958 2885 solum

319 2918 590 2986 ostendit,
609 2919 707 2974 sed
721 2917 897 2973 etiam
927 2917 1378 2973 misericorditer
1390 2916 1633 2972 dimisit.
1652 2919 1765 2972 Lex
1779 2919 1956 2985 enim,

313 3008 394 3064 ait
422 3005 796 3078 evangelista,
831 3022 933 3078 per
963 3006 1196 3079 Moysen
1231 3006 1366 3060 data
1396 3005 1706 3079 est,gratia
1735 3011 1792 3062 et
1821 3007 1957 3062 veri-

310 3101 401 3152 tas
451 3112 552 3168 per
598 3095 799 3151 Jesum
851 3094 1151 3150 Christum
1195 3095 1343 3151 facta
1371 3099 1459 3150 est
1488 3097 1666 3163 (Joan.
1701 3100 1762 3165 ι).
1797 3096 1958 3151 Unde

2073 523 2132 578 in
2166 523 2474 596 Evangelio
2505 523 2782 595 loquitur,
2815 521 3017 577 dicens
3049 537 3061 576 :
3090 544 3116 570 α
3137 519 3242 588 Qui
3274 520 3492 575 viderit
3515 520 3728 577 mulie-

2074 630 2193 668 rem
2239 613 2310 668 ad
2359 610 2888 683 concupiscendum
2939 627 3090 675 eam,
3117 610 3244 680 jam
3277 609 3607 665 mcechatus
3639 615 3732 666 est

2072 718 2200 756 eam
2258 701 2316 756 in
2373 701 2545 756 corde
2596 716 2721 754 suo.
2753 723 2780 749 ››
2817 700 2884 756 Ut
2922 698 3200 754 veraciter
3247 714 3380 752 cum
3440 698 3730 770 Propheta

2072 791 2262 845 dicam
2297 807 2309 845 :
2345 813 2372 839 «
2402 792 2606 844 Averte
2661 788 2860 844 oculos
2919 803 3078 843 meos
3123 803 3194 842 ne
3225 787 3462 842 videant
3501 787 3728 842 vanita-

2071 883 2208 933 tem.
2247 900 2274 927 »
2309 879 2376 934 Et
2424 878 2634 933 iterum
2672 894 2683 932 :
2721 901 2747 926 «
2781 875 2943 932 Oculi
2994 876 3106 931 mei
3139 892 3373 947 semper
3421 876 3492 930 ad
3529 877 3725 932 Domi-

2071 983 2236 1033 num,
2273 990 2300 1016 »
2343 971 2400 1021 et
2447 965 2690 1037 reliqua.
2725 967 2794 1020 Et
2849 982 2982 1020 cum
3042 965 3209 1020 beato
3266 965 3376 1020 Job
3413 983 3425 1019 :
3463 988 3491 1015 «
3529 965 3728 1038 Pepigi

2071 1056 2258 1111 fmdus
2291 1072 2424 1110 cum
2453 1055 2640 1110 oculis
2666 1053 2835 1119 meis,
2870 1058 2932 1108 ut
2959 1069 3030 1108 ne
3053 1053 3368 1124 cogitarem
3389 1054 3628 1125 quidem
3654 1054 3730 1110 de

2068 1144 2312 1216 virgine.
2348 1167 2376 1193 ››
2409 1143 2900 1200 Circumcidenda;
2947 1159 3117 1198 aures
3168 1148 3325 1210 sunt,
3362 1159 3434 1198 ne
3477 1141 3731 1200 libenter

2071 1233 2316 1288 audiant
2342 1233 2515 1288 verba
2543 1231 2938 1298 detractionis,
2974 1230 3270 1297 falsitatis,
3302 1232 3725 1286 murmuratio-

2071 1322 2247 1388 nis,et
2276 1321 2369 1376 his
2395 1320 2738 1386 similia,sed
2771 1336 3003 1392 semper
3016 1325 3228 1392 paratae
3251 1320 3371 1376 sint
3391 1322 3462 1376 ad
3486 1321 3730 1376 audien-

2071 1411 2467 1465 dumverbum
2500 1409 2786 1477 divinum,
2823 1413 2886 1462 ut
2915 1407 3229 1479 impleatur
3257 1408 3398 1463 illud
3429 1409 3487 1464 in
3504 1411 3675 1466 nobis
3713 1427 3726 1463 ε

2074 1522 2100 1548 ‹‹
2126 1498 2283 1554 Beati
2307 1498 2405 1570 qui
2434 1498 2932 1570 audiuntverbum
2951 1497 3487 1563 Dei,etcustodiunt
3506 1498 3674 1554 illud.
3703 1522 3730 1545 ››

2071 1589 2294 1643 Etcum
2315 1587 2480 1642 beato
2497 1587 2604 1642 Job
2629 1586 2817 1641 dicere
2829 1585 3127 1641 valeamus
3145 1585 3202 1658 εἶα
3217 1587 3436 1641 Auditu
3449 1587 3610 1642 auris
3624 1605 3732 1642 au-

2073 1675 2187 1730 divi
2229 1681 2300 1742 te,
2335 1674 2596 1730 Domine.
2626 1697 2653 1724 ››
2679 1676 2747 1729 Et
2775 1691 2911 1729 cum
2955 1673 3109 1729 Isaia
3142 1690 3154 1728 :
3191 1695 3217 1722 «
3257 1675 3540 1732 Dominus
3571 1676 3730 1732 Deus

2072 1764 2300 1836 aperuit
2330 1763 2474 1819 mihi
2503 1780 2726 1818 aurem.
2767 1786 2786 1812 ιο
2815 1763 2884 1816 Et
2905 1762 3365 1818 cumPsalmista
3389 1779 3400 1819 :
3429 1765 3727 1821 «Audiam

2074 1854 2212 1925 quid
2247 1852 2522 1924 loquatur
2551 1852 2610 1906 in
2633 1869 2725 1907 me
2747 1852 3030 1907 Dominus
3056 1857 3223 1907 Deus.
3266 1874 3287 1901 ιο
3315 1853 3559 1923 Etjuxta
3579 1852 3726 1910 illud

2075 1943 2229 2014 quod
2264 1941 2546 2014 propheta
2576 1941 2870 2006 admonet,
2903 1939 3107 1996 dicons
3132 1957 3144 1994 :
3166 1963 3193 1989 «
3225 1941 3356 2011 Sepi
3389 1958 3562 1998 aures
3593 1948 3728 1998 tuas

2073 2031 2279 2104 spinis,
2341 2046 2411 2084 ne
2468 2029 2714 2084 libenter
2771 2029 3014 2084 audiant
3063 2029 3239 2084 verba
3288 2030 3723 2087 detrahentium

2074 2121 2258 2192 (Eccli.
2293 2119 2506 2189 xxvm).
2522 2143 2541 2166 ιι
2560 2117 3051 2173 Circumcidenda:
3065 2122 3387 2175 suntnares
3404 2119 3476 2175 ab
3503 2119 3728 2176 illicitis

2073 2207 2371 2274 odoribus,
2403 2225 2474 2262 ne
2504 2223 2606 2278 per
2652 2205 2958 2262 illecebras
2989 2206 3186 2262 odoris
3227 2207 3462 2263 animus
3493 2208 3551 2263 in
3585 2225 3727 2264 con-

2075 2314 2312 2354 sensum
2346 2295 2749 2352 delectationis
2780 2296 3084 2363 cadat,sed
3119 2297 3443 2352 secundum
3475 2302 3733 2369 Aposto-

2075 2385 2221 2454 lum,
2256 2402 2485 2457 semper
2513 2383 2724 2439 Christi
2753 2385 2941 2439 bonus
2973 2383 3116 2439 odor
3136 2384 3324 2440 simus
3345 2385 3460 2441 Deo
3486 2385 3545 2440 in
3565 2386 3732 2442 omni

2072 2475 2218 2532 loco.
2251 2474 2735 2542 Circumcidenda
2775 2477 2865 2528 est
2897 2472 3098 2546 lingua
3128 2490 3162 2528 a
3191 2472 3730 2543 maledictionibus,

2072 2563 2368 2637 perjuriis,
2403 2562 2782 2624 falsitatibus.
2817 2562 3407 2633 murmurationibus,
3436 2567 3495 2618 et
3529 2581 3563 2618 a
3593 2580 3733 2619 con-

2071 2653 2380 2709 suetudine
2411 2650 2582 2706 otiosi
2614 2651 2921 2715 sermonis,
2947 2667 3373 2722 nonnunquam
3397 2652 3572 2708 etiam
3597 2670 3732 2725 pro-

2072 2747 2200 2815 pter
2227 2739 2638 2796 taciturnitatis
2670 2740 2996 2795 custodiam
3019 2756 3052 2794 a
3074 2739 3226 2795 bono
3260 2739 3553 2812 "colloquio
3585 2758 3729 2797 con-

2069 2830 2227 2886 venit
2257 2828 2570 2896 abstinere,
2604 2834 2671 2883 ut
2700 2846 2833 2883 cum
2863 2828 3149 2901 Propheta
3172 2829 3363 2885 dicere
3384 2829 3682 2901 possimus
3710 2849 3725 2886 :

2071 2918 2217 2986 Dixi,
2270 2917 2607 2974 Custodiam
2657 2917 2780 2972 vias
2830 2933 3013 2988 meas,
3048 2922 3114 2972 ut
3139 2934 3251 2973 non
3285 2917 3626 2990 delinquam
3661 2919 3722 2975 in

2068 3007 2270 3081 lingua
2301 3023 2450 3062 mea.
2504 3006 2677 3062 Posui
2727 3005 2811 3061 ori
2862 3023 2990 3062 meo
3041 3006 3554 3075 custodiam,cum
3587 3025 3725 3064 con-

2068 3097 2302 3152 sisteret
2333 3099 2601 3168 peccator
2631 3095 2941 3150 adversum
2975 3111 3088 3150 me.
3125 3095 3403 3151 Obmutui
3446 3101 3501 3151 et
3531 3096 3727 3152 humi-

310 3185 456 3240 bene
478 3183 684 3240 cultris
715 3182 958 3256 petrinis
985 3183 1138 3240 idem
1171 3183 1422 3257 populus
1445 3185 1673 3240 aJosue
1705 3185 1956 3240 circum-
1987 3170 2031 3238 C
2067 3185 2243 3240 liatus
2273 3201 2427 3253 sum,
2461 3189 2519 3240 et
2549 3182 2685 3238 silui
2717 3200 2752 3238 a
2780 3183 2951 3239 bonis
2985 3199 2997 3238 :
3033 3205 3060 3232 ‹‹
3094 3183 3250 3240 Mors
3270 3184 3425 3240 enim
3449 3188 3503 3240 et
3522 3184 3640 3241 vita
3661 3185 3722 3242 in

317 3273 477 3330 cisus
508 3273 740 3347 legitur,
756 3273 895 3345 quia
917 3272 1010 3329 ille
1043 3273 1201 3329 solus
1224 3279 1460 3346 peccata
1476 3273 1827 3342 dimittit,de
1844 3291 1958 3344 quo

310 3363 392 3418 ait
419 3362 730 3433 Apostolus
766 3378 778 3414 :
814 3385 840 3409 ‹‹
877 3362 1042 3415 Petra
1072 3366 1269 3416 autem
1303 3365 1425 3416 erat
1463 3361 1728 3416 Christus
1760 3361 1804 3427 (1
1831 3364 1956 3416 Cor.

312 3455 389 3518 x).
447 3473 473 3497 ››
516 3450 627 3504 Sed
677 3448 816 3519 quia
871 3448 1096 3502 Domini
1142 3450 1282 3504 Jesu
1331 3449 1541 3503 Crhisti
1598 3450 1958 3521 corporalem

312 3535 763 3593 circumsionem
789 3535 1173 3602 celebramus,
1189 3537 1469 3591 debemus
1487 3537 1556 3592 ad
1575 3542 1831 3592 nostram
1847 3538 1960 3609 spi-

313 3622 583 3680 ritualem
616 3622 1064 3679 circumsionem
1097 3624 1360 3680 animum
1395 3625 1710 3682 inflectere:
1746 3631 1957 3698 etquo-

317 3713 488 3768 modo
517 3729 636 3788 non
669 3727 908 3783 corpore
929 3713 1026 3768 sed
1053 3713 1264 3785 spiritu
1282 3712 1955 3783 circumcidiconveniat,

319 3800 1021 3858 considerare.ldeoenim
1056 3801 1151 3856 ille
1183 3802 1558 3875 corporaliter
1574 3803 1958 3860 circumcisus

310 3895 498 3956 est,ut
529 3907 634 3944 nos
668 3888 1047 3961 spiritualiter
1074 3891 1413 3946 circumcidi
1446 3892 1864 3959 doceret,sicut
1881 3894 1961 3948 ait

310 3978 621 4052 Apostolus
654 3995 665 4031 :
699 3977 836 4033 Dico
867 3977 1022 4033 enim
1057 3978 1353 4034 Christum
1385 3980 1586 4036 Jesum
1620 3981 1953 4036 ministrum

309 4067 493 4123 fuisse
520 4067 931 4124 circumsionis
962 4073 1200 4140 propter
1229 4069 1530 4124 veritatem
1559 4069 1683 4136 Dei,
1718 4071 1788 4126 ad
1821 4088 1956 4126 con-

311 4157 630 4213 ﬁrmandae
676 4155 1098 4228 promissiones
1131 4161 1364 4228 patrum
1399 4159 1570 4230 (Rom.
1612 4159 1726 4231 xv).
1764 4184 1790 4210 ››
1841 4160 1958 4215 Hoc

307 4250 500 4302 autem
537 4262 908 4317 summopere
925 4245 1415 4300 considerandum
1430 4252 1538 4316 est,
1561 4247 1697 4320 quia
1709 4247 1956 4304 circum-

306 4335 447 4392 cisio
498 4333 821 4407 spiritualis
872 4352 986 4390 non
1019 4333 1195 4390 unius
1242 4335 1507 4406 membri,
1544 4337 1644 4393 sed
1691 4339 1954 4393 omnium

307 4424 705 4481 membrorum
739 4421 878 4478 vitia
908 4427 1212 4495 amputare
1239 4424 1424 4479 docet.
1445 4425 1560 4480 Nec
1591 4427 1955 4498 prodestjam

2070 3274 2347 3329 manibus
2398 3273 2610 3345 lingua:
2642 3275 2829 3340 (Prov.
2863 3275 3044 3340 xvm).
3098 3274 3193 3328 >Et
3220 3274 3320 3346 qui
3369 3275 3626 3330 custodit
3657 3293 3725 3332 os

2071 3379 2245 3418 suum
2259 3367 2316 3418 et
2328 3361 2589 3434 linguam
2609 3360 3060 3426 suam,custodit
3072 3362 3144 3416 ab
3159 3361 3448 3435 angustiis
3460 3362 3724 3419 animam

2070 3468 2260 3507 suam.
2292 3451 2436 3505 Tota
2466 3450 2621 3504 enim
2651 3453 2850 3504 nostra
2878 3451 2994 3504 vita
3024 3449 3454 3522 quodammodo
3485 3468 3587 3524 per
3617 3452 3730 3508 lin-

2070 3557 2247 3614 guam
2270 3537 2874 3606 commaculatur,nisi
2890 3539 3000 3593 sub
3017 3539 3434 3596 taciturnitatis
3456 3542 3730 3598 custodia

2068 3633 2353 3695 teneatur,
2387 3627 2545 3700 quia,
2578 3626 2732 3682 sicut
2777 3627 2860 3682 ait
2890 3627 3226 3699 Apostolus,
3263 3651 3289 3678 «
3322 3629 3726 3703 Corrumpunt

2069 3719 2254 3775 bonos
2314 3733 2506 3773 mores
2566 3714 2856 3787 colloquia
2905 3714 3062 3771 mala
3117 3717 3164 3785 (Ι
3210 3716 3330 3773 Cor.
3372 3717 3483 3787 xv).
3512 3740 3541 3766 »
3572 3719 3723 3775 Nam

2069 3806 2221 3863 sicut
2248 3806 2501 3861 Jacobus
2515 3803 2817 3876 apostolus
2839 3804 2920 3858 ait
2944 3821 2955 3859 :
2977 3803 3082 3870 Qui
3106 3821 3167 3860 se
3183 3810 3351 3877 putat
3379 3805 3723 3880 religiosum

2067 3913 2216 3959 esse,
2251 3911 2365 3949 non
2398 3893 2714 3948 refraenans
2748 3891 3012 3965 linguam
3043 3909 3234 3960 suam,
3281 3894 3382 3950 sed
3432 3895 3724 3952 seducens

2067 4001 2168 4040 cor
2197 4000 2394 4048 suum,
2448 3981 2626 4052 hujus
2655 3997 2803 4036 vana
2831 3985 2921 4035 est
2966 3979 3192 4054 religio.
3226 3981 3292 4036 Et
3331 3982 3390 4036 in
3436 3981 3559 4056 lege
3618 4001 3724 4040 vas

2067 4073 2222 4146 quod
2253 4069 2593 4144 operculum
2640 4085 2754 4124 non
2811 4069 3005 4134 habet,
3040 4069 3190 4125 inter
3234 4069 3539 4126 immunda
3581 4089 3726 4128 vasa

2067 4163 2461 4232 computatur.
2499 4159 2566 4213 Et
2610 4157 2923 4213 Psalmista
2971 4174 3076 4213 nos
3128 4158 3422 4225 admonet,
3466 4160 3668 4216 dicens
3706 4179 3719 4214 :

2068 4249 2366 4304 «Prohibe
2397 4247 2661 4320 lingitam
2709 4250 2874 4302 tuam
2918 4264 2951 4302 a
3004 4245 3178 4314 malo,
3213 4251 3268 4302 et
3313 4247 3470 4304 iabia
3514 4252 3619 4304 tua
3650 4266 3726 4305 ne

2067 4338 2385 4410 loquantur
2413 4334 2634 4391 dolum.
2669 4356 2696 4385 ››
2724 4333 3225 4392 Circumcidamus
3249 4352 3460 4392 manus
3481 4336 3556 4392 ab
3579 4339 3726 4393 etl‘u-

2067 4426 2226 4482 sione
2257 4423 2563 4497 sanguinis
2592 4427 2650 4478 et
2679 4422 2911 4479 laesione
2943 4423 3215 4496 proximi,
3248 4429 3304 4479 et
3352 4441 3583 4498 semper
3621 4442 3726 4482 eas

307 4512 674 4568 circumcisio
705 4511 1420 4583 corporalis,ubidefuerit
1437 4513 1778 4583 spiritualis.
1798 4515 1956 4571 Unde
1985 4538 2034 4606 Β
2069 4517 2299 4587 paratas
2325 4513 2646 4568 habeamus
2679 4513 2750 4567 ad
2776 4513 3132 4584 operandum
3169 4513 3324 4585 quod
3355 4514 3572 4569 bonum
3605 4519 3720 4580 est,

307 4600 536 4672 Moyses
570 4599 886 4672 legislator,
929 4617 1062 4656 cum
1101 4600 1494 4656 mundissima
1514 4601 1613 4656 Dei
1647 4603 1820 4658 verba
1853 4621 1953 4658 au-

307 4687 511 4753 disset,
547 4686 1020 4744 incircumcisum
1055 4707 1116 4745 se
1147 4689 1318 4745 labiis
1349 4695 1709 4760 conquestus
1730 4695 1836 4758 est,
1863 4691 1954 4746 di-

308 4793 444 4832 cens
474 4793 486 4829 :
521 4776 792 4842 Obsecro,
827 4777 1090 4842 Domine,
1118 4777 1280 4833 mitte
1311 4794 1485 4848 quem
1531 4779 1827 4834 missurus
1871 4797 1952 4835 es.

310 4888 336 4912 ‹‹
368 4863 490 4919 Non
523 4865 680 4920 enim
705 4865 900 4920 audiet
930 4882 1022 4921 me
1055 4866 1297 4935 Pharao,
1322 4866 1642 4938 prmsertim
1676 4883 1810 4922 cum
1843 4869 1954 4923 sim

303 4951 754 5007 incircumcisus
782 4951 974 5010 labiis.
1012 4976 1038 5004 ››
1069 4954 1136 5009 Et
1189 4955 1520 5028 Stephanus
1569 4959 1959 5032 protomartyr

310 5038 595 5111 quosdam
621 5038 998 5097 circumcisos
1027 5059 1286 5116 corpore,
1305 5044 1747 5100 incircumcisos
1761 5048 1955 5101 autem

309 5127 481 5183 corde
513 5127 1074 5200 redarguit,dicens:
1103 5155 1128 5180 ‹‹
1153 5131 1267 5187 Vos
1292 5132 1684 5190 incircumcisi
1719 5135 1958 5190 cordeet

310 5213 822 5288 anribus,semper
849 5217 1087 5290 Spiritui
1119 5226 1320 5274 sancto
1344 5221 1832 5288 restitistis,sicut
1855 5241 1956 5296 pa-

313 5309 430 5358 tres
461 5303 655 5359 vestri.
695 5325 720 5351 »
755 5305 833 5359 Ex
863 5305 1080 5376 quibus
1108 5306 1458 5380 colligimus,
1495 5310 1647 5365 sicut
1676 5310 1952 5379 diximus,

311 5391 448 5464 quia
479 5391 845 5448 circumcisio
869 5393 1148 5466 spiritalis
1179 5413 1292 5450 non
1327 5397 1502 5454 unius
1549 5400 1818 5465 membri,
1856 5401 1954 5456 sed

311 5479 573 5535 omnium
609 5480 876 5538 vitiorum
905 5483 1074 5538 debet
1104 5500 1230 5539 esse
1267 5487 1606 5557 amputatio.
1641 5489 1955 5544 Circumci-

314 5569 483 5628 dendi
516 5574 654 5626 sunt
687 5569 838 5627 oculi
873 5573 942 5628 ab
979 5571 1178 5628 illicito
1204 5572 1352 5641 visu,
1388 5590 1456 5629 ne
1489 5577 1720 5633 videant
1751 5577 1956 5634 mulie-

2069 4609 2132 4659 ut
2162 4602 2484 4658 habeamus
2516 4601 2670 4657 unde
2700 4600 3031 4657 tribuamus
3065 4601 3470 4659 necessitatem
3501 4603 3726 4674 patien-

2067 4691 2320 4748 tibus.Et
2346 4707 2480 4745 cum
2515 4689 2826 4746 Psalmista
2856 4691 3046 4746 dicere
3069 4707 3354 4762 queamus
3389 4707 3400 4744 :
3428 4715 3455 4738 ‹‹
3492 4691 3723 4748 Lavabo

2067 4780 2218 4836 inter
2247 4780 2588 4835 innocentes
2620 4796 2832 4835 manus
2859 4783 3104 4844 meas,et
3133 4778 3507 4834 circumdabo
3537 4779 3724 4837 altare

2065 4873 2233 4924 tuum
2245 4867 2524 4935 ,Domine.
2539 4891 2564 4917 ››
2585 4869 2654 4923 Et
2676 4885 2809 4923 cum
2822 4867 3135 4936 Ecclesia,«
3152 4867 3360 4922 Manus
3375 4882 3514 4922 meas
3528 4868 3721 4923 distil-

2065 4957 2333 5014 laverunt
2354 4957 2745 5030 myrrham,et
2777 4955 2943 5029 digiti
2975 4955 3089 5012 mei
3118 4955 3273 5028 pleni
3304 4955 3542 5029 myrrha
3583 4973 3721 5029 pro-

2069 5046 2380 5103 batissima
2397 5045 2575 5118 (Cant.
2599 5045 2673 5113 v).
2697 5067 2724 5095 η
2747 5043 3542 5117 Circumcidamuspedes,ne
3565 5044 3724 5101 festi-

2067 5139 2206 5192 nent
2221 5136 2291 5190 ad
2315 5134 2733 5190 eﬂ'undendum
2757 5133 3189 5206 sanguinem,et
3205 5132 3725 5190 discordiassemi-

2067 5225 2312 5292 nandas,
2346 5223 2446 5279 sed
2498 5223 2692 5295 potius
2750 5223 2822 5277 ad
2878 5221 3193 5279 Ecclesiam
3244 5221 3609 5288 conveniant,
3645 5223 3720 5278 ad

2067 5313 2388 5369 orationem
2435 5309 2760 5367 studiosius
2820 5316 3149 5383 properent,
3201 5316 3259 5367 et
3314 5311 3468 5366 inter
3507 5310 3721 5368 fratres

2068 5419 2267 5475 pacem
2293 5405 2349 5455 et
2374 5395 2744 5454 coucordiam
2782 5404 3032 5470 portent,
3058 5404 3125 5455 ut
3153 5398 3543 5472 adimpleatur
3571 5396 3717 5454 illud

2067 5491 2221 5564 quod
2242 5489 2456 5545 dicitur
2482 5505 2492 5542 :
2523 5510 2551 5536 «
2577 5487 2733 5542 Beati
2757 5489 2932 5560 pedes
2945 5486 3468 5562 evangelizantium
3491 5499 3718 5560 pacem,

2067 5577 2589 5652 evangelizautium
2622 5577 2793 5633 bona.
2827 5599 2854 5628 »
2889 5578 3050 5644 Quod
3084 5581 3147 5633 ut
3178 5578 3362 5635 facere
3397 5576 3724 5650 possimus,
