4018 6180
275 366 345 428 97
792 454 795 455 γ
1504 356 1867 433 nouum
1913 357 1952 417 ι]

2062 356 2457 418 TEMPORE.
3611 359 3693 420 98

274 497 565 572 supplices
598 511 737 554 cum
767 454 1053 570 Dropheta
1083 510 1392 569 rogemus:
1424 516 1444 543 α
1474 491 1611 548 Vias
1646 490 1925 558 tuas,Do-
1958 488 2011 557 Α
2039 488 2214 545 etiam
2247 489 2490 562 triginta
2518 494 2575 545 et
2605 488 2794 545 tribus
2816 488 3022 546 diebus
3039 489 3305 563 posthaec
3327 492 3399 546 ab
3421 491 3691 564 ingressu

276 588 449 659 mine,
484 588 831 643 demonstra
860 584 1025 654 mihi,
1058 589 1116 641 et
1146 584 1386 640 semitas
1417 585 1549 637 tuas
1580 581 1719 636 doce
1754 596 1865 634 me.
1903 599 1929 625 υ

274 678 341 733 Et
369 676 589 732 iterum
626 691 639 731 :
673 698 701 724 ‹‹
735 674 986 730 Gressus
1037 690 1201 729 meos
1229 669 1431 745 [dirige
1462 668 1784 726 secundum
1817 665 1932 722 elo-

277 766 478 840 quium
508 768 705 819 tuum.
744 786 771 811 ››
804 762 870 817 Et
900 779 1104 818 rursus
1137 777 1150 815 :
1188 784 1215 810 ‹‹
1250 760 1463 815 Perfice
1503 773 1741 831 gressus
1772 770 1934 810 meos

278 854 332 909 in
357 851 590 909 semitis
614 851 823 917 tuis,ut
845 868 958 908 non
982 852 1325 906 moveantur
1342 846 1585 920 vestigia
1607 861 1755 900 mea.
1778 866 1804 893 ››
1819 844 1934 899 Nec

279 942 462 999 solum
488 939 916 1008 exteriora,sed
940 939 1114 995 etiam
1150 956 1276 1012 quae
1318 937 1601 993 interiora
1641 937 1801 997 sunt,
1822 932 1935 987 cir-

277 1030 607 1086 cumcidere
638 1029 942 1096 debemus,
965 1027 1021 1084 id
1057 1031 1146 1084 est
1174 1030 1375 1094 cor,ut
1405 1022 1806 1080 abstineamus
1828 1036 1937 1075 nos

280 1136 310 1175 a
339 1117 509 1174 malis
540 1122 601 1174 et
640 1116 968 1172 immundis
1014 1114 1488 1189 cogitationibus,
1521 1116 1580 1167 et
1610 1109 1804 1183 pravis
1836 1108 1937 1164 de-

280 1205 716 1271 lectationibus,
748 1208 805 1261 et
835 1205 1036 1278 iniquo
1066 1218 1466 1269 consensu,ne
1497 1216 1599 1273 per
1620 1196 1937 1254 assiduita-

279 1299 386 1351 tem
418 1294 825 1368 cogitationis,
851 1293 909 1348 in
943 1308 1298 1349 consensum
1333 1286 1735 1345 delectationis
1766 1286 1940 1341 cada-

278 1401 424 1450 mus,
458 1383 629 1456 quia,
661 1387 726 1437 ut
758 1379 1043 1437 Dominus
1074 1380 1154 1435 ait
1183 1397 1195 1435 :
1230 1378 1311 1433 De
1344 1377 1513 1433 corde
1543 1381 1753 1430 exeunt
1783 1372 1941 1445 cogi-

279 1473 520 1528 tationes
560 1470 752 1527 malae.
787 1469 854 1524 Et
885 1469 1040 1524 sicut
1067 1467 1345 1525 Salomon
1384 1482 1489 1521 nos
1520 1466 1815 1529 admonet,
1850 1461 1941 1516 di-

281 1577 409 1616 cens
435 1578 449 1616 :
474 1587 499 1609 ‹‹
529 1560 711 1615 Omni
744 1557 1010 1613 custodia
1041 1573 1208 1613 sorva
1236 1571 1336 1611 cor
1364 1550 1850 1625 tuum,quoniam
1874 1566 1941 1604 ex

280 1648 399 1722 ipso
428 1649 560 1705 vita
591 1647 855 1721 procedit
876 1647 1056 1718 (Prov.
1080 1648 1178 1713 ιν).
1210 1668 1235 1692 n
1265 1644 1422 1699 Hanc
1454 1639 1815 1714 Spiritualcm
1841 1636 1945 1693 cir-

283 1737 707 1793 cumcisionem
742 1734 1095 1809 praedicabat
1124 1732 1405 1806 propheta
1449 1729 1757 1786 tenendam
1792 1742 1941 1792 esse,

283 1843 409 1883 cum
442 1826 685 1881 dicebat
714 1841 729 1881 :
767 1820 1178 1880 Circumcidite
1208 1817 1493 1894 praeputia
1523 1818 1782 1874 cordium
1816 1830 1944 1870 ves-

284 1920 525 1971 trorum.
547 1914 617 1969 Et
632 1913 843 1968 iterum
865 1929 880 1968 :
899 1908 1398 1967 Circumcidimini
1420 1907 1668 1963 Domino
1686 1906 1802 1961 Deo
1821 1921 1947 1959 ves-

283 2006 389 2069 tro,
418 2008 477 2058 et
511 2000 700 2058 nolite
745 1998 1160 2056 circumcidere
1207 2014 1412 2053 carnes
1456 1995 1722 2069 praeputii
1753 1991 1949 2049 vestri.

285 2091 357 2147 De
378 2091 490 2146 hac
514 2091 653 2163 ipsa
677 2089 908 2161 Moyses
930 2087 1227 2160 legislator
1246 2086 1328 2141 ait
1350 2103 1363 2140 :
1385 2088 1448 2140 In
1477 2082 1813 2140 novissimis
1836 2081 1953 2136 die-

286 2180 389 2235 bus
417 2177 813 2235 circumcidet
843 2177 997 2231 Deus
1028 2191 1128 2231 cor
1154 2180 1325 2230 tuum
1354 2178 1412 2229 et
1440 2189 1552 2229 eor,
1569 2171 1812 2227 seminis
1841 2169 1947 2224 tui.

286 2269 347 2324 Et
377 2269 423 2323 si
456 2267 661 2323 taliter
679 2263 1012 2321 circumcisi
1032 2263 1341 2328 fuerimus,
1363 2265 1420 2317 et
1437 2261 1531 2316 hic
1552 2257 1947 2314 circumcisio-

286 2355 371 2411 nis
402 2354 647 2412 Domini
695 2353 1012 2426 participes
1060 2351 1303 2415 erimus,
1336 2357 1395 2405 et
1429 2350 1487 2404 in
1524 2349 1720 2404 futuro
1753 2362 1948 2417 regem

288 2445 341 2500 in
370 2446 587 2501 decore
609 2459 718 2499 suo
739 2441 935 2497 videre
957 2439 1334 2495 merebimur.
1354 2440 1583 2505 Quanta
1606 2442 1802 2491 autem
1828 2433 1948 2507 glo-

288 2533 369 2589 ria
405 2531 803 2606 praeparanda
829 2530 907 2585 sit
936 2530 1010 2598 ei,
1041 2528 1139 2601 qui
1169 2526 1553 2600 spiritualiter
1580 2521 1949 2580 circumcidi-

288 2626 395 2690 tur,
414 2621 608 2677 Isaias
630 2618 914 2693 propheta
935 2617 1175 2682 indicat,
1190 2616 1289 2688 qui
1309 2632 1443 2671 cum
1461 2614 1737 2670 dixisset:
1765 2635 1792 2662 ‹‹
1811 2612 1951 2678 Quis

290 2711 505 2783 poterit
534 2709 805 2765 habitare
834 2724 903 2762 ex
948 2705 1115 2761 vobis
1144 2721 1277 2761 cum
1324 2704 1459 2777 igne
1490 2704 1820 2764 devorante,
1850 2706 1953 2756 aut

293 2801 424 2872 quis
445 2796 744 2854 habitabit
759 2813 829 2852 ex
841 2795 1005 2851 vobis
1023 2811 1157 2851 cum
1172 2788 1480 2849 ardoribus
1496 2787 1910 2864 sempiternis?
1926 2812 1952 2837 »

297 2888 511 2961 adjecit
540 2886 845 2950 continuo,
876 2884 946 2939 de
978 2881 1265 2955 spirituali
1301 2880 1766 2937 circumcisione.
1791 2902 1817 2928 ‹‹
1847 2875 1953 2941 Qui

302 2975 571 3033 ambulat
600 2974 659 3029 in
683 2973 940 3046 justitia,
973 2976 1031 3026 et
1060 2970 1324 3042 loquitur
1351 2967 1671 3034 veritatem,
1691 2964 1791 3039 qui
1822 2981 1954 3038 pro-

291 3065 420 3138 jicit
450 3061 763 3120 avaritiam
794 3077 862 3117 ex
891 3058 1213 3129 calumnia,
1242 3061 1298 3113 et
1327 3057 1543 3113 excutit
1572 3073 1784 3112 manus
1815 3071 1955 3111 suas

302 3154 371 3210 ab
403 3154 567 3209 omni
601 3167 866 3217 munere,
899 3148 998 3221 qui
1030 3148 1281 3204 obdurat
1329 3163 1502 3203 aures
1548 3163 1687 3203 suas
1735 3162 1807 3201 ne
1852 3161 1957 3199 au-

2040 578 2241 650 tcmpli
2275 595 2337 633 se
2367 577 2678 644 abstinuit,
2711 580 2875 650 iuxta
2914 579 3091 635 ritum
3126 578 3269 652 legis
3302 595 3314 631 :
3370 596 3485 635 non
3534 580 3689 652 quod

2042 666 2161 721 ullo
2194 668 2366 720 modo
2400 666 2697 739 purificari
2738 666 3042 740 indigeret,
3077 668 3232 741 quod
3266 667 3486 723 nullius
3518 667 3695 741 origi-

2044 753 2195 809 nalis
2248 754 2467 826 peccati
2516 755 2748 811 vinculo
2796 756 3106 813 tenebatur
3152 757 3450 823 astrictus,
3482 757 3582 812 sed
3632 760 3699 812 ut

2044 842 2397 909 ostenderet,
2413 859 2545 897 cum
2572 849 2792 915 quanto
2824 844 3017 899 studio
3040 850 3095 901 et
3115 845 3509 901 sollicitudine
3530 862 3699 901 evan-

2047 929 2181 1003 gelii
2242 936 2526 1003 praecepta
2578 932 2883 989 observare
2930 934 3269 1000 debeamus,
3302 936 3538 1007 quando
3597 934 3699 990 illa

2046 1023 2333 1090 praecepta
2377 1018 2585 1084 legalia
2632 1036 2759 1092 quae
2810 1039 2913 1093 per
2959 1039 3190 1078 servum
3251 1024 3508 1092 dederat,
3560 1040 3696 1079 cum

2046 1110 2209 1162 tanta
2238 1106 2542 1179 diligentia
2571 1109 3238 1167 observavit.Decretum
3274 1128 3529 1185 namque
3551 1112 3697 1187 legis

2048 1198 2191 1261 erat,
2226 1198 2291 1249 ut
2321 1212 2465 1266 puer
2494 1212 2694 1253 recens
2737 1202 2912 1253 natus
2960 1203 3162 1255 octava
3192 1201 3285 1255 die
3316 1201 3697 1259 circumcide-

2048 1287 2300 1349 retur,et
2322 1283 2619 1363 tricesima
2638 1286 2808 1341 tertia
2830 1287 2922 1342 die
2944 1293 3075 1359 post
3096 1288 3217 1343 haec
3241 1307 3359 1344 una
3379 1307 3511 1345 cum
3536 1291 3699 1347 obla-

2048 1370 2203 1425 tione
2234 1387 2341 1425 sua
2371 1371 2428 1426 in
2459 1373 2675 1444 templo
2708 1382 3172 1446 prmsentaretur.
3208 1378 3368 1441 Quod
3400 1378 3564 1435 nulla
3595 1397 3699 1435 ne-

2050 1458 2339 1523 cessitate,
2366 1460 2465 1514 sed
2499 1461 2623 1516 sola
2650 1460 2948 1519 voluntate
2980 1465 3264 1521 Dominus
3294 1466 3476 1522 voluit
3506 1469 3701 1525 obser-
3766 1500 3771 1513 ι

2050 1563 2204 1615 vare,
2226 1550 2289 1601 ut
2318 1548 2649 1603 ostenderet
2678 1551 2801 1605 suis
2832 1554 3194 1625 temporibus
3220 1554 3406 1628 legem
3432 1562 3699 1613 sanctam

2052 1633 2234 1689 fuisse
2264 1640 2321 1689 et
2353 1632 2587 1703 b'onam,
2620 1643 2677 1692 et
2706 1638 2762 1692 in
2797 1639 2990 1712 seipso
3031 1643 3287 1714 regulam
3324 1650 3533 1701 nostra:
3567 1645 3702 1703 reli-

2052 1722 2243 1794 gionis
2275 1724 2553 1796 dignatus
2582 1731 2672 1781 est
2701 1727 3120 1786 demonstrare.
3158 1731 3220 1786 In
3252 1750 3317 1788 eo
3349 1735 3504 1805 quod
3537 1734 3701 1806 prius

2053 1811 2339 1883 templum
2373 1812 2561 1869 noluit
2615 1815 2863 1887 ingredi,
2898 1834 3074 1889 quam
3106 1820 3619 1879 circumcideretur
3646 1829 3704 1880 et

2054 1899 2480 1972 puriﬁcaretur,
2515 1904 2790 1971 ostendit,
2824 1905 2963 1978 quia
2993 1906 3308 1965 Ecclesiam
3340 1910 3556 1966 intrare
3585 1928 3703 1968 non

2055 2004 2396 2060 possumus,
2412 2007 2515 2045 nec
2538 1994 2798 2064 corporis
2819 1999 2875 2050 et
2896 1996 3203 2069 sanguinis
3232 1999 3361 2070 ejus
3392 2000 3705 2074 participes

2057 2093 2204 2142 esse,
2239 2078 2351 2132 nisi
2407 2079 2569 2151 prius
2617 2082 2689 2136 ab
2740 2082 3041 2157 originalis
3079 2087 3299 2158 peccati
3330 2087 3708 2151 immunditia

2060 2182 2160 2236 per
2189 2165 2548 2236 baptismum
2583 2169 2771 2225 simus
2818 2172 3133 2243 puriticati,
3161 2177 3330 2246 juxta
3372 2175 3517 2232 illud
3549 2166 3705 2250 quod

2060 2253 2182 2324 ipse
2202 2253 2342 2308 dicit
2367 2272 2379 2309 :
2406 2279 2431 2304 ‹‹
2456 2255 2579 2311 Nisi
2603 2258 2736 2328 quis
2759 2264 2997 2315 renatus
3026 2263 3199 2318 fuerit
3227 2281 3295 2319 ex
3326 2282 3479 2338 aqua
3507 2273 3564 2322 et
3586 2256 3709 2340 Spi-

2060 2342 2173 2397 ritu
2203 2347 2426 2411 sancto,
2450 2362 2564 2400 non
2590 2351 2779 2417 potest
2807 2347 3024 2405 intrare
3056 2351 3112 2405 in
3142 2369 3387 2425 regnum
3420 2354 3521 2410 Dei
3554 2355 3709 2427 (Joan

2060 2436 2156 2499 ιχ).
2182 2454 2209 2481 ››
2243 2431 2445 2487 Adhuc
2468 2434 2640 2504 juxta
2669 2438 3043 2494 sacratiorem
3075 2439 3612 2514 intelligentiam,in
3642 2461 3707 2500 eo

2060 2519 2215 2590 quod
2247 2520 2412 2592 prius
2442 2521 2726 2595 templum
2760 2525 2985 2599 ingredi
3016 2528 3222 2597 noluit,
3256 2548 3433 2603 quam
3467 2531 3713 2588 circum-

2060 2607 2368 2677 cideretur,
2402 2613 2458 2665 et
2487 2610 2613 2667 dies
2654 2614 3078 2684 puriﬁcationis
3108 2616 3397 2690 impleret,
3429 2621 3706 2690 ostendit,

2061 2696 2200 2769 quia
2243 2696 2301 2751 in
2354 2698 2570 2770 templo
2620 2706 2843 2756 aeterna:
2901 2704 3302 2774 beatitudinis,
3336 2709 3490 2780 quod
3534 2710 3709 2765 estin

2061 2784 2222 2852 cmlo,
2255 2803 2625 2860 nequaquam
2658 2789 3026 2861 intrabimus,
3059 2794 3171 2850 nisi
3206 2793 3262 2849 in
3293 2798 3565 2867 prmsenti
3594 2798 3712 2852 vita

2063 2891 2166 2945 per
2194 2875 2594 2945 paenitentiam
2626 2883 2682 2933 et
2706 2879 2859 2936 bona
2888 2898 3065 2951 opera
3086 2883 3371 2940 fuerimus
3395 2885 3707 2957 puriﬁcati,

2065 2968 2211 3017 teste
2240 2962 2524 3035 Propheta
2549 2982 2560 3020 :
2588 2990 2613 3015 (ί
2641 2967 2765 3023 Νοιι
2797 2968 3085 3025 habitabit
3106 2973 3276 3043 juxta
3305 2979 3363 3029 te
3392 2974 3708 3048 malignus,

2067 3068 2252 3123 neque
2284 3055 2707 3124 permanebunt
2736 3054 2943 3127 injusti
2975 3064 3111 3115 ante
3142 3061 3340 3119 oculos
3369 3067 3501 3118 tuos
3538 3064 3709 3133 (Psal.

2062 3140 2147 3210 v).
2180 3162 2208 3190 »
2244 3139 2310 3195 Et
2338 3140 2489 3196 sicut
2509 3159 2611 3214 per
2632 3142 2876 3199 Paulum
2901 3146 3115 3202 dicitur
3138 3166 3151 3202 :
3178 3173 3205 3198 «
3231 3149 3372 3205 Caro
3393 3156 3449 3207 et
3470 3152 3713 3225 sanguis

299 3243 464 3298 diant
494 3218 940 3312 sanguinem,et
967 3236 1190 3294 claudit
1217 3234 1417 3292 oculos
1448 3252 1588 3291 suos
1616 3251 1689 3291 ne
1716 3233 1954 3289 videant
1984 3218 2027 3284 C
2067 3245 2312 3301 regnum
2344 3228 2445 3286 Dei
2488 3247 2602 3286 non
2635 3231 3039 3303 possidebunt.
3074 3236 3269 3308 Neque
3300 3218 3714 3310 corruptio'in-

298 3329 545 3398 malum,
564 3329 677 3384 iste
707 3328 768 3383 in
795 3324 1037 3382 excelsis
1066 3324 1375 3395 habitabit,
1391 3323 1759 3379 munimenta
1789 3337 1955 3376 saxo-

301 3435 428 3474 rum
460 3414 804 3473 sublimitas
834 3416 995 3485 ejus;
1018 3413 1187 3486 panis
1213 3412 1264 3469 ei
1295 3413 1469 3468 datus
1500 3415 1606 3476 est,
1631 3428 1796 3483 aqua;
1828 3411 1957 3481 ejus

302 3507 501 3563 ﬁdeles
532 3509 695 3571 sunt,
730 3520 922 3577 regem
969 3503 1030 3558 in
1079 3502 1286 3559 decore
1328 3518 1437 3557 suo
1478 3501 1759 3557 videbunt
1806 3498 1957 3554 oculi

303 3597 427 3668 ejus
456 3595 592 3665 (Isa.
624 3597 847 3661 χχχιιι).
874 3615 901 3641 ››
933 3591 1148 3647 Verum
1180 3590 1673 3646 considerandum
1706 3592 1795 3644 est
1822 3586 1957 3642 dili-

306 3684 557 3757 gentius,
575 3699 650 3738 ne
677 3682 825 3738 forte
855 3678 1223 3753 spiritualem
1247 3678 1777 3743 circumcisionem,
1799 3675 1957 3731 inani

307 3771 486 3845 gloria
517 3769 893 3843 surripiente,
926 3771 1164 3840 propter
1191 3767 1517 3839 appetitum
1546 3766 1816 3821 humanae
1839 3764 1959 3820 lau-

307 3860 394 3915 dis
420 3858 918 3930 servemus,quod
951 3874 1054 3929 pro
1085 3854 1269 3912 solius
1299 3855 1480 3911 divini
1502 3854 1718 3911 amoris
1737 3854 1961 3927 gratias

311 3966 472 4022 agere
502 3949 809 4004 debemus.
831 3945 959 4017 Ipse
980 3940 1149 4000 enim‘
1169 3960 1230 3999 se
1262 3959 1461 3999 amore
1492 3942 1961 4000 circumcisionis

310 4038 510 4109 privat,
525 4036 625 4110 qui
649 4032 1013 4108 spiritualem
1036 4031 1544 4088 circumcisionem
1578 4048 1694 4086 non
1728 4036 1963 4104 propter

309 4143 560 4181 amorem
594 4124 720 4190 Dei,
754 4123 857 4179 sed
906 4126 1142 4196 propter
1187 4120 1421 4176 inanem
1469 4119 1717 4193 gloriam
1748 4125 1958 4189 servat,

308 4214 362 4269 in
391 4212 654 4286 exemplo
686 4211 1151 4276 Sichimitarum,
1187 4210 1287 4283 qui
1340 4209 1680 4283 religionem
1710 4209 1960 4265 circum-

308 4301 538 4359 cisionis
598 4318 718 4357 non
780 4303 1019 4373 propter
1075 4314 1337 4355 amorem
1392 4297 1514 4364 Dei,
1573 4298 1675 4354 sed
1725 4301 1964 4370 prOpter

313 4390 493 4447 carnis
525 4407 647 4446 suae
678 4386 973 4445 desideria
1000 4386 1287 4458 explenda
1312 4390 1733 4459 susceperunt:
1758 4389 1814 4442 et
1833 4385 1962 4441 ideo

318 4494 424 4534 non
456 4477 651 4536 solum
692 4476 961 4533 mercede
1007 4475 1216 4548 privati
1263 4479 1422 4540 sunt,
1455 4475 1555 4531 sed
1586 4475 1764 4531 etiam
1794 4474 1965 4531 tertia

316 4566 399 4623 die
427 4568 666 4641 quando
697 4565 1083 4639 gravissimus
1106 4562 1271 4620 dolor
1293 4562 1602 4619 vulnerum
1623 4563 1829 4631 inerat,
1851 4562 1962 4636 ipsi
1992 4585 2039 4649 D

320 4672 423 4712 una
450 4674 589 4713 cum
620 4654 794 4711 ruina
825 4670 944 4710 sum
995 4651 1247 4709 civitatis
1291 4652 1610 4725 perierunt.
1644 4676 1672 4703 »
1706 4652 1961 4726 Dignum

314 4749 392 4800 est
411 4746 590 4813 enim,
604 4748 672 4799 ut
693 4742 791 4816 qui
815 4742 874 4798 in
896 4740 1166 4815 praesenti
1184 4740 1303 4796 vita
1320 4740 1705 4813 spiritualiter
1719 4740 1965 4797 circum-

314 4832 601 4901 ciduntur,
634 4832 695 4887 in
730 4830 1030 4888 meliorem
1064 4828 1596 4898 circumcisionem,
1630 4830 1689 4886 id
1716 4834 1824 4898 est,
1852 4830 1965 4885 im-

318 4920 616 4977 mortalem
648 4937 779 4993 quae
813 4918 1032 4992 sanctis
1061 4917 1421 4992 repromissa
1443 4922 1552 4986 est,
1587 4924 1819 4992 semper
1840 4920 1966 4975 ani-

322 5025 475 5065 mum
506 5013 768 5065 teneant.
804 5007 967 5064 Unde
1013 5007 1162 5063 bene
1211 5007 1282 5062 de
1333 5005 1602 5076 Domino,
1637 5008 1737 5079 qui
1769 5012 1970 5065 octava

319 5097 405 5153 die
430 5096 819 5155 circumcisus
850 5100 961 5165 est,
992 5094 1183 5151 adhuc
1216 5093 1493 5152 subditur
1524 5112 1537 5152 :

387 5209 413 5234 «ι
445 5185 514 5241 Et
543 5189 858 5259 postquam
889 5182 1115 5256 impleti
1146 5187 1287 5240 sunt
1307 5183 1431 5240 dies
1451 5184 1817 5256 purgationis
1839 5187 1967 5259 ejus

322 5297 345 5321 «
376 5274 702 5330 secundum
730 5272 921 5347 legem
971 5272 1175 5346 Moysi,
1218 5270 1482 5328 tulerunt
1511 5271 1678 5329 illum
1710 5273 1769 5329 in
1800 5274 1966 5331 Jeru-

322 5385 345 5411 ‹‹
376 5361 579 5432 salem,
613 5366 680 5419 ut
709 5362 987 5420 sisterent
1015 5378 1150 5417 eum
1180 5360 1449 5426 Domino,
1471 5383 1499 5411 »
1532 5361 1590 5417 id
1622 5366 1728 5431 est,
1751 5363 1968 5420 sancti-

323 5450 573 5528 ﬂcarent.
598 5451 893 5528 Dominus
923 5451 1098 5507 Jesus
1129 5449 1396 5506 Christus
1428 5449 1527 5522 qui
1561 5467 1676 5506 non
1709 5451 1865 5508 venit
1893 5453 1966 5509 le-

324 5554 446 5611 gem
493 5526 735 5610 solvere,
770 5538 873 5597 sed
922 5537 1241 5613 adimplere
1273 5537 1480 5611 (Matth.
1514 5539 1591 5611 v),
1627 5557 1741 5596 non
1774 5539 1968 5599 solum

329 5626 699 5688 circumcisus
730 5631 821 5689 est
849 5631 1053 5688 octava
1077 5627 1190 5700 die,
1207 5643 1342 5687 cum
1374 5644 1492 5690 non
1522 5627 1840 5709 indigeret:
1866 5632 1967 5692 sed

2064 3317 2454 3389 corruptelam
2486 3319 2829 3391 possidebit.
2860 3344 2889 3371 ››
2920 3322 3065 3386 Quia
3096 3323 3248 3381 sicut
3274 3325 3414 3381 dicit
3441 3328 3715 3402 Augusti-

2065 3424 2178 3462 nus
2209 3407 2281 3463 de
2308 3424 2492 3480 agone
2521 3408 2851 3466 Christiano
2883 3428 2897 3466 :
2932 3410 3173 3469 Coeleste
3203 3430 3415 3487 corpus
3445 3416 3575 3484 erit,
3612 3416 3712 3472 ubi

2067 3495 2229 3551 nulla
2256 3497 2565 3569 corruptio.
2604 3497 2705 3553 Vel
2735 3515 2868 3555 caro
2900 3505 2957 3555 et
3004 3502 3271 3575 sanguis,
3299 3520 3474 3575 opera
3522 3504 3716 3561 carnis

2065 3589 2122 3640 et
2150 3585 2455 3658 sanguinis
2481 3585 2908 3660 intelliguntur,
2950 3594 3007 3645 et
3040 3607 3139 3646 eos
3169 3592 3270 3648 Dei
3319 3609 3565 3666 regnum
3598 3612 3714 3650 non

2066 3674 2572 3747 possessuros,qui
2588 3677 3717 3749 perseverabiliteristadilexerint.Quod

2068 3763 2126 3818 in
2152 3763 2339 3835 ipsius
2363 3763 2680 3819 matcrialis
2709 3764 2911 3838 templi
2935 3769 3369 3825 constructione
3390 3772 3721 3844 praefigura-

2068 3856 2194 3906 tum
2228 3857 2335 3919 est,
2356 3853 2591 3923 quando
2622 3853 2866 3925 lapides,
2886 3872 2953 3910 ex
2984 3855 3199 3929 quibus
3230 3859 3441 3914 domus
3473 3858 3571 3915 Dei
3588 3860 3718 3915 aedi-

2069 3942 2242 3997 ﬁcata
2267 3945 2373 4008 est,
2409 3940 2545 3998 alibi
2578 3943 2732 4009 caesi,
2765 3948 2822 3998 et
2853 3942 2992 4000 alibi
3034 3946 3344 4018 deportati,
3376 3947 3436 4003 in
3469 3948 3719 4004 aediﬁca-

2069 4030 2223 4085 tione
2254 4030 2467 4085 inventi
2501 4029 2800 4103 leguntur,
2833 4032 2916 4087 ita
2943 4038 3007 4088 ut
3048 4034 3329 4108 scriptum
3363 4043 3452 4093 est
3485 4055 3497 4092 :
3532 4062 3557 4086 ‹‹
3592 4036 3717 4093 Non

2070 4123 2159 4174 est
2174 4136 2279 4174 vox
2303 4117 2497 4175 mallei
2520 4120 2721 4176 audita
2738 4138 2923 4194 neque
2945 4124 3167 4179 securis
3191 4124 3247 4178 in
3274 4126 3447 4181 domo
3466 4124 3718 4193 Domini,

2070 4224 2203 4263 cum
2225 4208 2609 4263 mdiﬁcaretur
2633 4210 2731 4278 (III
2762 4210 2885 4281 Reg.
2920 4210 3018 4282 γι).
3054 4233 3082 4260 ››
3116 4212 3278 4267 Sicut
3305 4213 3461 4267 enim
3492 4214 3722 4276 Jerusa-

2068 4295 2342 4369 lem,quae
2358 4298 2494 4352 visio
2502 4300 2655 4367 pacis
2667 4296 3103 4370 interpretatur,
3118 4299 3409 4356 caelestem
3429 4301 3474 4355 si
3482 4300 3723 4372 gniﬁcat

2071 4384 2340 4456 patriam,
2357 4384 2442 4440 sic
2465 4385 2673 4440 domus
2696 4385 2795 4441 Dei
2819 4391 3091 4442 aeternam
3117 4387 3410 4459 signiﬁcat
3441 4404 3574 4443 cum
3601 4388 3718 4444 Deo

2072 4471 2493 4528 habitationem
2529 4477 2887 4544 sanctorum,
2923 4493 3048 4547 quae
3081 4476 3404 4532 azdificatur
3421 4494 3490 4533 ex
3510 4475 3720 4551 lapidi-

2070 4562 2181 4617 bus
2214 4561 2357 4617 vivis
2390 4564 2445 4617 et
2472 4562 2762 4635 pretiosis,
2792 4563 2850 4619 id
2898 4569 2985 4620 est
3015 4565 3329 4621 animabus
3360 4572 3720 4623 sanctorum.

2073 4652 2153 4707 De
2173 4651 2388 4723 quibus
2410 4668 2512 4723 per
2535 4652 2747 4708 Isaiam
2774 4654 3117 4726 prophetam
3145 4654 3360 4711 dicitur
3384 4673 3396 4711 :
3427 4678 3448 4707 ι
3475 4655 3723 4729 Lapides

2072 4739 2184 4795 vivi
2207 4739 2508 4796 volventur
2528 4758 2704 4813 super
2727 4746 2959 4809 terram.
2986 4766 3014 4791 ››
3037 4743 3106 4798 Et
3125 4743 3335 4799 iterum
3362 4762 3375 4799 :
3405 4768 3432 4796 ‹‹
3454 4745 3598 4802 Ecce
3617 4761 3724 4819 ego

2077 4834 2333 4885 sternam
2368 4846 2470 4901 per
2501 4829 2766 4886 ordinem
2798 4829 3023 4903 lapides
3054 4836 3207 4897 tuos,
3232 4836 3289 4888 et
3312 4833 3565 4889 fundabo
3588 4838 3643 4889 te
3664 4833 3725 4889 in

2077 4918 2390 4991 sapphyris
2410 4920 2537 4988 (lsa.
2555 4919 2685 4990 LIV).
2714 4942 2739 4967 n
2762 4919 2842 4975 De
2868 4918 3085 4977 talibus
3108 4919 3312 4976 Petrus
3333 4920 3632 4992 apostolus
3648 4916 3727 4977 di-

2077 5008 2191 5063 cit:
2217 5030 2243 5056 «
2269 5008 2337 5062 Et
2365 5024 2464 5063 vos
2485 5011 2768 5079 tanquam
2795 5005 3022 5081 lapides
3041 5008 3152 5065 vivi
3176 5009 3725 5083 superaedificamini

2077 5096 2288 5151 domus
2311 5094 2635 5168 spiritualis
2658 5096 2707 5168 (ι
2730 5097 2876 5153 Petr.
2901 5100 2984 5169 ιι).
3013 5122 3040 5147 ››
3073 5098 3320 5171 Lapides
3350 5115 3487 5173 ergo
3518 5116 3586 5155 ex
3605 5098 3729 5171 qui-

2077 5184 2188 5241 bus
2211 5185 2421 5241 domus
2449 5184 2542 5242 Dei
2564 5184 2906 5253 adificatur,
2920 5186 3057 5243 alibi
3089 5187 3411 5253 caeduntur,
3427 5192 3484 5244 et
3505 5185 3643 5242 alibi
3666 5185 3728 5241 in

2078 5274 2320 5330 aedificio
2351 5277 2652 5347 ponuntur
2680 5292 2691 5329 :
2728 5275 2867 5347 quia
2898 5277 3107 5333 animae
3137 5282 3473 5334 sanctorum
3506 5276 3564 5331 in
3591 5292 3728 5347 pre-

2078 5362 2232 5419 senti
2252 5362 2370 5419 vita
2395 5379 2497 5435 per
2518 5363 2918 5436 pmnitcntiam
2942 5369 2998 5421 et
3018 5364 3440 5438 eleemosynas,
3463 5368 3519 5421 et
3539 5364 3728 5420 cordis

2077 5468 2204 5507 com
2212 5450 2610 5523 punctionem,
2627 5457 2801 5525 atque
2823 5454 3217 5527 proximorum
3237 5453 3726 5526 compassionem,

2077 5540 2465 5614 puriticantur
2485 5545 2541 5598 et
2555 5542 2989 5614 quodammodo
3006 5541 3486 5600 tribulationibus
3506 5538 3729 5611 poliun-

2074 5635 2138 5705 tu
2148 5633 2259 5694 r,ut
2272 5629 2332 5687 in
2346 5627 2561 5707 templo
2575 5634 2799 5690 internae
2812 5630 3189 5693 beatitudinis
3201 5631 3323 5708 apti
3337 5627 3723 5703 inveniantur,
