4018 6180
360 384 437 444 99
924 388 1333 449 HAYMONIS
1378 387 1918 449 HALBEBSTAT.
1964 386 2211 453 EPISC.
2258 394 2429 454 OPP.
2475 392 2797 458 PARSII.
2830 397 3208 460 —HOMIL.

3659 400 3778 461 100

358 521 424 572 In
447 517 618 589 cujus
639 517 850 573 domus
873 517 1253 575 aedificatione
1275 523 1478 593 aptum
1502 537 1563 575 se
1584 518 1829 575 inveniri
1850 521 2009 591 Opta-
2033 521 2089 589 Α
2123 545 2152 574 ‹‹
2182 523 2306 580 Non
2339 525 2506 582 dabis
2555 531 2824 585 sanctum
2873 532 3044 585 tuum
3091 529 3287 586 videre
3334 530 3775 603 corruptionem

358 606 459 661 bat
488 605 869 678 spiritualiter
897 606 1067 680 lapis,
1100 609 1199 680 qui
1221 608 1451 664 dicebat
1482 625 1493 663 :
1525 632 1551 658 «
1588 607 1773 663 Unam
1805 608 1944 680 petii
1976 625 2011 663 a

358 693 625 765 Domino,
646 695 796 752 hanc
827 696 1144 768 requiram,
1166 701 1232 752 ut
1260 696 1583 752 inhabitem
1614 695 1673 750 in
1705 696 1878 752 domo
1897 696 2007 752 Do-

356 783 504 838 mini
537 784 812 841 omnibus
842 784 1050 842 diebus
1078 785 1208 841 vitre
1240 803 1379 841 meaa
1415 802 1428 841 :
1464 790 1529 840 ut
1557 785 1784 841 videam
1808 784 2008 858 volup-

355 875 534 928 tatem
551 873 801 942 Domini,
817 873 1113 931 etvisitem
1130 874 1411 946 templum
1435 875 1562 946 ejus
1584 875 1757 947 (Psal.
1775 874 1946 946 xxvn).
1977 896 2004 922 »

356 960 533 1035 Cujus
548 962 1042 1034 pulchritudinem
1059 963 1212 1019 idem
1232 962 1544 1018 Psalmista
1560 962 1968 1029 admirans,ait
1989 979 2002 1017 :

357 1074 385 1101 «
402 1051 584 1115 Quam
606 1051 817 1108 dilecta
832 1051 1206 1108 tabernacula
1222 1050 1591 1118 tua,Domine
1610 1069 1623 1119 ;
1643 1049 2005 1122 concupiscit

352 1145 408 1195 et
430 1141 623 1196 deficit
646 1140 841 1196 anima
858 1140 1060 1195 meain
1080 1140 1227 1196 atria
1248 1140 1495 1195 Domini.
1520 1162 1547 1189 ››
1563 1139 1777 1195 Verum
1802 1140 1849 1195 si
1875 1139 2005 1195 dili-

349 1228 581 1301 gentius
592 1230 765 1284 verba
778 1227 923 1301 legis
935 1233 1187 1284 scrutem
1197 1228 1658 1297 ur,inveniemus
1674 1246 1788 1283 non
1808 1228 1997 1285 solum

348 1317 660 1373 Dominum
677 1317 879 1373 Jesum
894 1317 1189 1373 Christum
1214 1336 1247 1373 a
1261 1319 1406 1391 jugo
1429 1316 1576 1391 legis
1597 1316 1877 1383 solutum,
1896 1317 1997 1373 sed

347 1407 522 1462 etiam
549 1411 811 1461 sanctam
846 1406 974 1478 ejus
1005 1407 1343 1479 genitricem
1370 1405 1655 1462 avinculo
1675 1405 1878 1479 legalis
1900 1406 1999 1461 ob-

345 1496 645 1552 servantiae
677 1512 803 1551 esse
837 1494 1102 1551 liberam.
1145 1495 1240 1551 Sic
1290 1495 1443 1550 enim
1496 1493 1712 1568 legitur
1760 1493 1996 1551 Levilici

343 1584 687 1641 duodecimo
720 1585 791 1638 de
814 1584 1193 1639 immunditia
1219 1582 1483 1639 mulieris
1504 1600 1997 1657 puerperae,mun-

342 1675 575 1730 datione
605 1678 662 1728 et
690 1672 982 1728 oblatione
1012 1673 1159 1743 ejus.
1196 1673 1566 1744 Locutusque
1596 1677 1684 1727 est
1710 1671 1996 1727 Dominus

340 1765 410 1819 ad
447 1763 683 1835 Moysen
714 1761 914 1816 dicens
951 1777 962 1816 :
994 1785 1021 1811 ‹‹
1058 1761 1318 1833 Loquere
1350 1760 1486 1816 filiis
1518 1760 1716 1828 Israel,
1753 1764 1809 1816 et
1834 1761 1992 1817 dices

2117 614 2288 682 (Psal.
2317 618 2428 683 xv).
2455 638 2483 665 »
2514 616 2755 689 Mystice
2782 635 2915 673 vero
2948 619 3005 674 in
3036 618 3147 674 hoc
3177 622 3464 691 praecepto
3485 637 3593 676 nos
3615 637 3775 676 com-

2115 707 2526 772 monemur,ut
2555 705 2753 762 omnia
2782 706 3172 781 primogenita
3199 712 3400 764 nostra
3431 707 3546 764 Deo
3568 708 3776 766 offera-

2115 806 2270 857 mus,
2304 790 2360 848 id
2393 797 2500 862 est,
2534 795 2822 867 quidquid
2854 796 3074 852 bonum
3106 801 3164 853 et
3185 798 3417 869 justum
3452 797 3511 852 in
3549 798 3772 855 nostris

2113 880 2388 952 operibus
2411 880 2763 955 invenimus,
2778 884 2907 956 ejus
2925 884 3145 958 gratim,
3161 902 3277 943 non
3301 885 3517 943 nostris
3540 887 3770 944 meritis

2113 970 2740 1040 reputemus,dicentes
2755 990 2768 1028 :
2785 997 2812 1023 «
2829 974 2955 1030 Non
2968 974 3554 1044 nobis,Domine,non
3569 977 3765 1047 nobis,

2113 1058 2211 1113 sed
2245 1058 2467 1114 nomini
2501 1063 2599 1116 tuo
2631 1062 2706 1117 da
2734 1061 3049 1135 gloriam.»
3074 1063 3134 1120 Si
3158 1068 3354 1120 autem
3384 1063 3766 1122 immundum

2110 1153 2332 1227 aliquid
2365 1157 2720 1229 parimus,id
2743 1161 2914 1226 est,si
2938 1166 3241 1233 peccatum
3273 1163 3333 1217 in
3364 1180 3536 1234 opere
3567 1181 3768 1236 perpe-

2107 1246 2358 1316 tramus,
2391 1250 2491 1301 aut
2520 1246 2859 1305 occidamus
2890 1248 3109 1305 malum
3144 1251 3298 1324 quod
3330 1250 3569 1318 latebat,
3592 1257 3649 1307 et
3674 1270 3766 1309 ra-

2107 1332 2325 1390 dicitus
2346 1335 2682 1404 evellamus,
2693 1338 2863 1408 juxta
2889 1324 3251 1410 Apostolum,
3275 1362 3303 1389 ‹‹
3337 1340 3761 1398 mortificantes

2108 1422 2372 1479 membra
2402 1428 2605 1481 nostra
2635 1442 2761 1497 qua
2792 1430 2933 1481 sunt
2963 1443 3139 1499 super
3164 1432 3375 1483 terram
3398 1429 3595 1497 (Calas.
3622 1434 3700 1498 v).
3727 1454 3758 1480 ››

2107 1508 2175 1565 Et
2205 1510 2450 1568 iterum:
2475 1534 2503 1564 ‹‹
2526 1513 2651 1569 Non
2683 1519 2885 1588 regnet
2904 1519 3206 1587 peccatum
3229 1515 3288 1572 in
3309 1520 3499 1573 vestro
3524 1517 3759 1575 mortali

2104 1611 2482 1679 corpore.Aut
2502 1615 2655 1667 certe
2677 1615 2938 1668 mutuem
2949 1630 3017 1669 us
3038 1630 3105 1669 ea
3125 1613 3760 1685 mundis,declinantes

2103 1713 2138 1750 a
2166 1697 2341 1770 malo,
2375 1704 2431 1754 et
2462 1699 2738 1756 facientes
2772 1700 2993 1756 bonum
3029 1718 3042 1756 :
3078 1706 3143 1756 ut
3175 1702 3327 1758 sicut
3375 1702 3758 1762 exhibuimus

2102 1786 2367 1842 membra
2397 1793 2595 1843 nostra
2623 1788 3244 1846 servireimmunditiaa
3273 1795 3329 1846 et
3356 1791 3652 1864 iniquitati
3677 1795 3754 1850 ad

340 1853 411 1952 ξλά
445 1869 542 1906 803
565 1849 814 1959 ῖΔΜυῙξῗΓ
842 1848 1189 1959 δίιδυεξεξρξο
1220 1848 1443 1959 εῗωίῐξθ
1465 1849 1689 1959 R0133?“
1719 1866 1989 1959 Ρυίξξυηξθ
2019 1893 2068 1959 Β
2101 1873 2492 1945 iniquitatem,
2525 1876 2607 1932 ita
2636 1877 2961 1934 serviamus
2988 1879 3287 1935 munditiae
3318 1878 3377 1935 in
3419 1848 3756 1938 sanctifica-

339 1940 647 1995 immunda
662 1938 773 1995 erit
788 1942 1012 2010 septem
1032 1938 1436 2009 diebus,juxta
1458 1938 1582 1993 dies
1606 1938 1990 2010 separationis

339 2033 673 2095 menstruae,
707 2032 764 2082 et
793 2031 996 2082 octava
1020 2027 1112 2082 die
1142 2027 1596 2083 circumcidetur
1627 2025 1987 2095 infantulus;

336 2119 464 2190 ipsa
480 2134 611 2172 vero
628 2116 1073 2189 trigintatribus
1095 2116 1302 2171 diebus
1324 2115 1660 2171 manebitin
1683 2115 1989 2188 sanguinis

336 2205 764 2280 purificatione.
785 2204 968 2260 Omne
996 2210 1267 2260 sanctum
1301 2222 1413 2260 non
1440 2209 1659 2277 tanget,
1678 2220 1780 2260 nec
1802 2204 1989 2277 ingre-

337 2296 531 2351 dietur
560 2295 619 2351 in
652 2293 1053 2350 sanctuarium
1080 2295 1269 2365 (Levzt.
1290 2293 1408 2366 xu).
1434 2316 1458 2343 ι)
1481 2293 1588 2349 Ubi
1612 2293 1986 2349 consideran-

335 2385 478 2439 dum
511 2388 600 2439 est
629 2381 766 2455 quia
795 2399 909 2438 non
942 2383 1044 2446 ait,
1076 2382 1270 2437 omnis
1312 2381 1523 2437 mulier
1553 2399 1678 2454 quae
1700 2380 1988 2453 pepererit

336 2489 609 2545 puerum,
640 2472 948 2527 immunda
977 2471 1105 2540 erit,
1139 2472 1237 2527 sed
1285 2488 1411 2543 quae
1463 2473 1737 2543 suscepto
1763 2469 1987 2525 semine

334 2561 721 2634 popererit,ad
744 2559 1178 2616 distinctionem
1200 2559 1361 2615 illius
1382 2577 1507 2632 qua:
1530 2575 1645 2614 non
1679 2575 1746 2613 ex
1763 2559 1985 2614 semine

331 2650 463 2722 viri,
495 2651 593 2706 sed
625 2667 694 2705 ex
723 2648 1171 2704 obumbratione
1203 2647 1460 2720 Spiritus
1492 2647 1676 2704 sancti
1721 2646 1986 2718 concepit

332 2744 389 2795 et
420 2739 641 2812 peperit
669 2737 878 2795 Filium
912 2736 1033 2793 Dei.
1058 2736 1163 2792 Illa
1192 2735 1347 2793 enim
1379 2736 1504 2793 sola
1533 2735 1697 2792 nulla
1724 2735 1981 2791 immun-

331 2828 478 2883 ditia
506 2829 816 2884 tenebatur
845 2827 1093 2881 obnoxia
1142 2831 1273 2899 post
1321 2830 1575 2898 partum,
1612 2842 1789 2897 quam
1822 2823 1983 2880 nulla

332 2917 709 2972 immunditia
760 2915 1056 2988 praecessit
1104 2918 1237 2970 ante
1284 2919 1537 2987 partum.
1572 2916 1643 2970 Et
1672 2914 1800 2969 ideo
1831 2913 1984 2969 sicut

331 3005 616 3061 Dominus
645 3005 819 3060 Jesus
849 3004 1114 3060 Christus
1144 3003 1309 3059 nulla
1339 3002 1703 3070 necessitate,
1729 3003 1825 3058 sed
1856 3000 1982 3058 sola

327 3093 624 3150 voluntate
654 3092 839 3167 legem
864 3093 1207 3153 observavit.
1232 3092 1315 3149 sic
1336 3093 1464 3164 ejus
1485 3098 1689 3148 sancta
1707 3091 1976 3165 genitrix,

329 3201 444 3239 non
477 3187 696 3248 coacta,
747 3183 846 3238 sed
883 3186 1205 3254 spontanee
1224 3183 1369 3255 jugo
1401 3180 1546 3254 legis
1579 3198 1640 3236 se
1689 3180 1974 3246 subdidit,

329 3277 393 3328 ut
422 3272 753 3328 ostenderet
773 3270 898 3327 suis
923 3271 1284 3343 temporibus
1306 3270 1491 3341 legem
1517 3274 1782 3324 sanctam
1807 3274 1863 3323 et
1884 3270 1980 3324 bo-
2008 3257 2051 3322 C

328 3378 464 3415 nam
498 3361 698 3415 fuisse.
732 3360 894 3423 Quod
926 3376 1057 3415 vero
1087 3359 1395 3430 subjungit
1428 3376 1441 3411 :

398 3471 426 3496 α
457 3448 618 3501 Sicut
648 3446 930 3517 scriptum
963 3451 1052 3501 est
1090 3446 1147 3500 in
1193 3446 1317 3517 lege
1352 3445 1599 3510 Domini,
1633 3444 1771 3516 quia
1802 3461 1973 3500 omne

327 3558 354 3585 «
381 3533 773 3589 masculinum
796 3533 1141 3605 adaperiens
1168 3531 1704 3599 vulvam,sanctum
1728 3533 1972 3589 Domino

331 3642 353 3671 α
376 3622 740 3677 vocabitur.»
761 3620 1061 3677 Consuetaa
1082 3620 1432 3677 narrationis
1451 3622 1714 3677 ordinem
1734 3627 1972 3678 secutus

323 3715 415 3766 est
442 3709 816 3783 evangelista.
840 3710 921 3765 Ex
951 3727 1016 3765 eo
1048 3709 1203 3765 enim
1235 3714 1493 3782 tempore
1524 3728 1640 3783 quo
1662 3710 1967 3781 Dominus,

321 3799 712 3872 primogenita
742 3797 1133 3871 Egyptiornm
1159 3798 1511 3871 percutiens,
1528 3798 1679 3855 filios
1701 3800 1877 3856 Israel
1901 3802 1971 3857 de

321 3887 586 3961 Egyptia
617 3888 894 3943 servitute
927 3887 1273 3943 mirabiliter
1300 3887 1587 3956 liberavit,
1623 3889 1821 3945 omnia
1850 3890 1968 3962 pri-

320 3975 618 4050 mogenita
645 3992 846 4032 eorum
878 3976 988 4031 sibi
1020 3976 1210 4032 offerri
1245 3977 1534 4050 praecepit,
1551 3982 1672 4033 tam
1694 3995 1762 4033 ex
1787 3977 1971 4034 homi-

320 4064 495 4120 nibus
525 4081 702 4137 quam
733 4081 801 4120 ex
823 4065 1130 4136 jumentis,
1165 4082 1281 4121 non
1328 4066 1519 4122 solum
1571 4067 1828 4135 mundis,
1866 4068 1966 4123 sed

317 4153 493 4210 etiam
526 4152 852 4209 immundis
886 4172 899 4209 :
935 4154 1015 4209 ita
1042 4154 1345 4222 duntaxat,
1380 4158 1445 4210 ut
1475 4156 1694 4211 munda
1725 4173 1969 4228 quaeque

315 4242 565 4299 Domino
583 4242 949 4310 offerrentur,
964 4241 1273 4299 immunda
1291 4260 1423 4300 vero
1441 4248 1541 4299 aut
1558 4249 1970 4301 mutuarentur

315 4332 575 4400 mundis,
608 4337 710 4388 aut
740 4332 1161 4389 occiderentur.
1195 4332 1360 4390 Unde
1389 4333 1446 4388 in
1477 4332 1604 4406 lege
1634 4333 1968 4407 praecipitur

314 4422 504 4489 (Exod.
539 4421 660 4493 xm)
695 4438 708 4477 :
746 4446 773 4473 «
808 4421 1265 4495 Primogenitum
1309 4422 1460 4478 asini
1490 4423 1746 4479 mutabis
1778 4440 1899 4493 ove,
1938 4446 1965 4474 »

317 4509 573 4565 hominis
615 4527 749 4565 vero
805 4511 1264 4583 primogenitum
1316 4512 1499 4582 pretio
1546 4511 1962 4567 redimebatur.

314 4599 494 4686 cujus
524 4598 843 4669 redemptio
871 4604 993 4655 erat
1026 4603 1159 4672 post
1189 4616 1373 4654 unum
1407 4615 1669 4654 mensem
1701 4600 1964 4672 quinque
1994 4621 2042 4686 D

316 4684 476 4740 siclis
498 4686 744 4758 argenti.
765 4686 859 4742 Sic
885 4689 1041 4743 enim
1064 4687 1144 4742 ait
1176 4687 1460 4743 Dominus
1492 4687 1695 4759 Moysi.
1712 4688 1963 4761 Praecipe

316 4772 453 4829 ﬁliis
485 4772 763 4840 lsrael,ut
784 4775 982 4831 omnia
1004 4775 1370 4832 sanctiﬁcent
1400 4774 1543 4830 mihi
1576 4776 1966 4849 primogenita

316 4877 455 4915 sua:
482 4878 611 4917 mea
631 4862 786 4918 enim
811 4868 949 4918 sunt
969 4863 1362 4937 primogenita
1381 4880 1722 4935 eorum,pro
1746 4865 1963 4937 primo-

314 4947 528 5019 genitis
558 4950 976 5022 Egyptiorum.
1007 4952 1118 5008 Sed
1147 4952 1413 5025 nunquid
1446 4952 1546 5007 illa
1575 4952 1964 5025 primogenita

236 5041 255 5048 '
315 5034 515 5091 omnia
530 5042 731 5093 sancta
747 5038 1017 5095 fuerunt?
1030 5041 1303 5114 Nunquid
1319 5041 1515 5097 Achab
1528 5045 1788 5107 sanctus,
1803 5048 1861 5097 et
1878 5043 1960 5099 illi

316 5122 502 5179 sancti
525 5124 897 5198 fuerunt,qui
930 5144 1062 5183 cum
1085 5147 1153 5185 ex
1174 5129 1580 5204 primogenitis
1605 5131 1723 5186 nati
1741 5137 1957 5201 essent,

316 5212 541 5285 perdite
560 5213 864 5269 vixerunt?
881 5215 1025 5270 Non.
1050 5217 1161 5271 Sed
1195 5220 1394 5275 omnia
1423 5220 1523 5276 illa
1555 5220 1743 5294 primo
1765 5222 1963 5295 genita

316 5300 565 5372 figuram
598 5301 1121 5373 primogenitorum
1147 5306 1343 5361 Sancti
1376 5314 1734 5378 sanctorum,
1769 5311 1826 5365 id
1848 5315 1956 5379 est,

316 5386 547 5442 Domini
568 5389 750 5443 nostri
769 5390 907 5446 Jesu
925 5389 1135 5446 Christi
1159 5396 1595 5469 tenuerunt,qui
1618 5400 1959 5473 unigenitus

316 5491 384 5530 ex
406 5474 1023 5552 Patre.primogenitus
1045 5484 1135 5536 est
1150 5498 1216 5537 ex
1235 5486 1419 5538 matre
1442 5500 1454 5538 :
1476 5486 1573 5556 qui
1593 5490 1798 5545 merito
1822 5507 1956 5546 san-

315 5568 445 5620 ctus
466 5564 704 5634 dicitur,
729 5568 866 5640 quia
892 5575 1195 5640 peccatum
1224 5588 1338 5627 non
1372 5572 1525 5639 fecit,
1549 5592 1653 5631 nec
1686 5577 1956 5637 inventus

313 5657 404 5718 est
426 5652 594 5715 dolus
616 5655 676 5714 in
697 5673 795 5717 ore
815 5658 1050 5734 ejus.De
1068 5676 1181 5737 quo
1200 5677 1303 5737 per
1318 5659 1689 5722 Psalmistam
1711 5666 1951 5727 dicitur:

2098 1961 2256 2018 tione
2276 1967 2452 2031 (Rom.
2471 1968 2571 2035 vr).
2593 1988 2622 2014 ››
2644 1966 2789 2021 Nam
2813 1970 3004 2039 potest
3033 1967 3166 2039 quis
3198 1969 3549 2025 mortificare
3570 1987 3755 2027 mem-

2099 2050 2223 2119 bra,
2266 2057 2321 2107 et
2369 2070 2484 2109 non
2534 2054 2720 2111 facere
2767 2055 3012 2123 bonum,
3053 2057 3155 2113 sed
3204 2073 3340 2112 cum
3385 2059 3752 2117 mortificans

2100 2149 2365 2205 membra
2376 2150 2595 2207 bonum
2614 2152 2916 2219 facit,tunc
2930 2154 3378 2210 mutuatvitium
3398 2154 3749 2223 bonis.Sive,

2097 2241 2162 2292 ut
2182 2237 2420 2310 quidam
2442 2240 2700 2307 tradunt,
2723 2239 2862 2312 quia
2882 2241 3214 2297 masculum
3238 2246 3295 2297 et
3317 2242 3592 2299 feminam
3621 2263 3753 2301 mu-

2095 2324 2203 2381 lier
2231 2326 2632 2400 primogenitis
2663 2328 2834 2400 parit,
2869 2330 2971 2384 sed
3008 2330 3059 2386 si
3091 2330 3419 2387 masculum
3451 2335 3751 2405 pepereri-

2094 2430 2250 2486 mus,
2285 2415 2342 2471 id
2387 2421 2496 2482 est,
2530 2416 2701 2473 fortia
2736 2418 3045 2485 virtutum,
3089 2418 3224 2488 Deo,
3260 2424 3326 2474 ut
3367 2420 3587 2476 dictum
3634 2426 3747 2494 est,

2094 2503 2429 2579 offeramus.
2461 2505 2518 2559 Si
2564 2510 2761 2561 autem
2809 2506 3109 2574 feminam,
3143 2507 3201 2563 id
3253 2512 3345 2564 est
3373 2509 3745 2567 immundam

2093 2591 2381 2648 actionem
2404 2593 2462 2648 in
2489 2594 2705 2650 nostris
2725 2593 3001 2666 operibus
3016 2596 3374 2667 peperimus,
3393 2603 3496 2653 aut
3520 2604 3747 2655 mutue—

2093 2697 2226 2735 mus
2244 2681 2611 2750 mundis,aut
2632 2683 2992 2739 redimamus
3010 2684 3269 2756 quinque
3291 2685 3747 2744 siclis.Hominis

2090 2794 2226 2850 ergo
2257 2778 2734 2852 primogenitum,
2750 2781 2887 2852 quia
2907 2780 3033 2836 sine
3056 2787 3291 2853 peccato
3311 2799 3439 2839 esse
3459 2801 3574 2839 non
3606 2802 3746 2857 pos-

2090 2884 2319 2934 sumus,
2353 2868 2612 2941 quinque
2642 2868 2801 2924 siclis
2839 2869 3064 2941 argenti
3112 2869 3458 2927 redimimus
3506 2875 3746 2945 quando

2090 2973 2192 3029 per
2220 2956 2477 3029 quinque
2506 2974 2716 3013 sensus
2746 2957 3007 3029 corporis
3037 2958 3191 3014 bona
3221 2976 3396 3030 opera
3427 2965 3481 3016 et
3531 2962 3746 3034 dignos

2089 3048 2317 3102 fructus
2348 3044 2699 3118 poenitentiae
2733 3046 3002 3102 facimus.
3033 3047 3112 3101 Ex
3153 3065 3219 3102 eo
3256 3064 3389 3104 vero
3420 3050 3574 3121 quod
3605 3051 3688 3106 ait
3722 3069 3737 3109 :

2089 3168 2116 3194 ‹‹
2147 3143 2292 3209 Quia
2321 3160 2493 3198 omne
2515 3141 2907 3199 masculinum
2936 3144 3277 3216 adaperiens
3294 3145 3547 3201 vulvam.
3570 3169 3597 3197 ››
3621 3146 3743 3203 ha:-

2085 3231 2247 3286 retici
2263 3230 2625 3287 occasionem
2641 3248 2871 3287 sumere
2883 3232 3210 3299 voluerunt,
3226 3233 3323 3305 qui
3338 3234 3519 3290 beatae
3543 3236 3743 3294 Maria;

2083 3319 2477 3392 virginitatem
2500 3319 2786 3375 infamare
2815 3321 3136 3393 cupientes,
3160 3321 3431 3378 dixerunt
3450 3341 3578 3380 eam
3601 3330 3743 3383 ante

2083 3414 2317 3482 partum
2347 3406 2630 3479 virginem
2662 3408 2864 3478 fuisse,
2897 3413 2955 3465 et
2983 3415 3115 3481 post
3166 3415 3399 3483 partum
3447 3412 3736 3486 virginem

2082 3514 2199 3552 non
2229 3496 2880 3568 permansisse.Quibus
2911 3515 2942 3554 e
2971 3498 3197 3554 diverso
3224 3500 3576 3573 respondere
3596 3518 3736 3574 pos-

2081 3601 2289 3642 sumus
2319 3588 2376 3640 et
2406 3584 2711 3650 debemus,
2730 3586 2869 3658 quia
2898 3585 2955 3640 in
2985 3586 3248 3644 humana
3276 3588 3593 3657 nativitate,
3615 3607 3733 3647 non

2080 3686 2219 3738 tunc
2251 3682 2507 3754 primum
2540 3681 2750 3737 mulier
2795 3682 3189 3756 virginitatem
3223 3684 3460 3751 amittit,
3495 3688 3736 3759 quando

2081 3771 2269 3826 ﬁlium
2303 3770 2474 3843 parit,
2494 3772 2595 3826 sed
2619 3770 2807 3843 magis
2835 3773 3071 3843 quando
3104 3772 3377 3845 concipit,
3392 3778 3449 3830 et
3477 3774 3608 3831 ideo
3630 3777 3737 3832 Dei

2078 3859 2327 3933 genitrix
2361 3859 2518 3932 virgo
2550 3862 2873 3932 permansit
2903 3865 3036 3932 post
3078 3866 3336 3933 partum,
3369 3862 3507 3933 quia
3535 3864 3736 3921 virum

2080 3966 2195 4004 non
2225 3948 2493 4021 cognovit
2521 3953 2655 4004 ante
2677 3952 2934 4021 partum.
2963 3950 3038 4004 De
3061 3950 3230 4021 cujus
3256 3954 3534 4023 perpetua
3553 3952 3737 4027 virgi-

2078 4037 2257 4093 nitate
2305 4036 2564 4093 Ezechiel
2608 4036 2892 4110 propheta
2938 4038 3081 4093 dicit
3113 4054 3125 4093 :
3161 4062 3189 4089 «
3240 4039 3502 4095 Converti
3536 4058 3630 4097 me
3660 4043 3733 4098 ad

2078 4140 2304 4212 portam
2329 4135 2540 4190 domus
2559 4134 2809 4201 Domini,
2824 4152 2951 4207 qua:
2968 4136 3315 4208 respiciebat
3330 4137 3402 4192 ad
3420 4137 3705 4194 orientem
3719 4181 3733 4194 .

2076 4225 2146 4280 Et
2176 4223 2322 4279 dixit
2370 4223 2653 4278 Dominus
2705 4224 2776 4278 ad
2806 4241 2898 4280 me
2930 4240 2944 4279 :
2979 4223 3152 4280 Porta
3182 4224 3304 4280 bzec
3335 4240 3514 4297 quam
3544 4225 3734 4299 vides,

2076 4312 2279 4369 clausa
2307 4311 2437 4378 erit,
2471 4316 2528 4366 et
2556 4311 2645 4365 vir
2673 4328 2789 4366 non
2839 4312 3088 4367 transiet
3135 4330 3239 4385 per
3267 4330 3417 4380 eam,
3449 4314 3588 4386 quia
3619 4315 3733 4372 Do-

2077 4401 2274 4456 minus
2296 4400 2448 4454 Deus
2476 4397 2649 4455 Israel
2672 4398 3032 4471 ingredietur
3046 4418 3151 4473 per
3169 4406 3383 4468 eam,et
3398 4402 3509 4458 erit
3529 4403 3737 4461 clausa

2076 4495 2324 4570 principi
2355 4496 2565 4565 (Ezech.
2595 4499 2762 4562 xuv).
2797 4517 2825 4546 »
2858 4499 2992 4563 Quae
3022 4503 3111 4554 est
3139 4499 3293 4554 enim
3326 4499 3440 4556 ista
3471 4505 3640 4572 porta
3668 4502 3732 4559 in

2075 4587 2248 4642 domo
2280 4584 2512 4640 Domini
2541 4583 2761 4651 clausa,
2794 4586 2905 4641 nisi
2939 4586 3122 4643 Maria
3168 4588 3332 4662 virgo
3362 4587 3630 4645 intacta?
3660 4592 3735 4647 Et

2073 4674 2213 4747 quid
2248 4673 2458 4741 est,vir
2486 4690 2600 4729 non
2633 4675 2880 4730 transiet
2910 4692 3014 4748 per
3042 4676 3321 4747 eam,nisi
3345 4676 3484 4749 quia
3507 4677 3728 4751 Joscph

2075 4776 2193 4820 non
2217 4762 2487 4834 cognovit
2515 4779 2643 4818 eam
2662 4762 2690 4818 ‘2
2719 4765 2789 4819 Et
2818 4764 2957 4835 quid
2992 4767 3101 4836 est,
3134 4766 3289 4837 quod
3321 4766 3608 4822 Dominus
3639 4766 3732 4823 in-

2074 4868 2314 4925 gressus
2347 4856 2436 4907 est
2464 4869 2566 4924 per
2593 4870 2745 4922 eam,
2775 4856 2833 4908 et
2884 4852 2993 4908 erit
3039 4852 3241 4909 clausa
3293 4852 3563 4927 principi,
3615 4856 3735 4912 nisi

2073 4940 2211 5014 quia
2240 4940 2524 4997 Dominus
2554 4942 2727 4997 matri
2754 4959 2874 4998 sua:
2905 4942 2990 4998 sic
3015 4942 3260 4998 contulit
3279 4943 3725 5011 fecunditatem,

2073 5043 2137 5094 ut
2167 5037 2559 5111 virginitatem
2592 5056 2705 5095 non
2741 5040 3034 5096 auferret?
3072 5039 3320 5112 Dignum
3355 5040 3571 5113 quippe
3601 5044 3729 5098 erat

2071 5132 2136 5182 ut
2165 5144 2298 5182 cum
2328 5127 2480 5183 Deus
2512 5128 2686 5183 homo
2717 5128 2899 5195 fieret,
2917 5145 3030 5183 non
3062 5145 3130 5184 ex
3159 5127 3274 5184 alia
3303 5145 3480 5200 quam
3508 5146 3578 5184 ex
3607 5130 3725 5184 vir-

2069 5218 2205 5290 gine
2234 5220 2593 5283 nasceretur,
2626 5219 2684 5271 et
2710 5215 2871 5289 virgo
2916 5233 3046 5289 qum
3094 5222 3341 5290 pareret,
3374 5234 3490 5273 non
3537 5216 3724 5274 alium

2070 5323 2248 5378 quam
2281 5306 2594 5361 Dominum
2625 5305 2967 5377 peperisset,
2987 5309 3044 5361 et
3064 5306 3192 5362 ideo
3215 5306 3370 5363 sicut
3398 5305 3561 5379 virgo
3591 5312 3727 5363 ante

2069 5398 2302 5468 partum
2335 5392 2565 5460 fuit,sic
2593 5393 2753 5466 virgo
2783 5398 2917 5467 post
2936 5399 3169 5467 partum
3192 5395 3725 5469 permansit.Cujus

2065 5508 2203 5548 voce
2220 5489 2421 5565 sponsi
2444 5490 2503 5545 in
2526 5489 2779 5547 Canticis
2801 5492 3165 5549 canticorum
3187 5493 3432 5550 dicitur:
3454 5516 3479 5543 (ι
3506 5493 3724 5549 Hortus

2068 5579 2382 5637 conclusus
2403 5582 2492 5634 est
2513 5593 2676 5635 soror
2697 5596 2825 5637 mea
2847 5598 3084 5653 sponsa,
3104 5583 3307 5639 hortus
3329 5581 3644 5639 conclusus
3665 5586 3726 5639 et

2066 5671 2198 5729 fons
2214 5668 2484 5746 signatus
2502 5667 2676 5748 (Gem.
2692 5669 2789 5749 ιν).
2805 5692 2835 5723 ››
2853 5675 2933 5730 De
2954 5671 3125 5748 cujus
3140 5671 3318 5736 etiam
3339 5670 3723 5752 integerrima
