4070 6190
265 395 366 455 {Oi

1480 389 1838 455 HOMILIJE
1878 390 1979 455 DE
2022 390 2419 458 TEMPORE.

3540 404 3658 465 {02

259 531 313 584 et
334 527 611 599 perpetua
637 521 973 596 virginitate
1002 523 1277 581 Sedulius
1309 524 1365 580 in
1399 526 1658 583 carmine
1690 527 1897 600 alpha—
1927 524 2152 601 A‘quia
2179 528 2470 586 incolatus
2501 546 2667 587 meus
2697 535 3076 605 prolongatus
3102 538 3212 604 est,
3234 533 3487 591 habitavi
3521 554 3657 594 cum

257 616 368 673 beti
397 612 642 688 pulchre
674 613 905 679 cecinit,
938 613 1167 669 dicens:

679 703 875 752 Beatus
905 706 1090 752 auctor
1117 703 1319 763 saeculi,

681 765 882 815 Servile
913 779 1107 829 corpus
1134 766 1328 829 induit,

679 829 749 878 Ut
777 841 935 877 carne
966 841 1180 877 carnem
1209 828 1461 887 liberans,

680 891 754 940 Ne
785 904 882 954 per
911 890 1060 940 deret
1087 904 1224 954 quos
1255 891 1510 941 condidit.

681 970 867 1039 glausa
881 970 1132 1039 _we_ntis
1159 970 1366 1039 viscera

683 1031 940 1083 Cceleslis‘
953 1031 1090 1082 intra
1119 1034 1307 1093 gratia,

679 1096 879 1145 Venter
908 1095 1102 1158 puella:
1132 1096 1333 1158 bajulat

679 1158 909 1218 Secreta,
942 1171 1062 1220 quas
1093 1171 1203 1207 non
1234 1162 1473 1208 noverat.

676 1238 876 1287 Domus
905 1236 1089 1301 pudici
1120 1238 1353 1301 pectoris

684 1309 956 1380 Te'mplum
992 1320 1211 1380 repeute
1240 1316 1298 1366 ﬁt
1328 1317 1446 1378 Dei;

678 1380 884 1429 Intacta
913 1380 1156 1429 nesciens
1185 1380 1380 1437 virum,

677 1443 852 1493 Verbo
882 1442 1124 1506 concepit
1153 1442 1318 1491 ﬁlium
1340 1443 1414 1506 (α)

680 1521 845 1585 Enixa
873 1526 963 1585 est,
981 1535 1265 1585 puerpera,

680 1584 846 1642 Quem
877 1583 1083 1634 Gabriel
1117 1583 1458 1644 praedixerat,

683 1648 850 1710 Quem
880 1648 1065 1696 matris
1084 1647 1200 1696 alvo
1229 1647 1481 1710 gestiens,

678 1709 902 1759 Clausus
928 1710 1163 1760 Joannes
1191 1709 1448 1759 senserat.

308 1812 334 1837 «ι
369 1789 441 1844 Et
472 1792 541 1845 ut
570 1789 780 1845 darent
808 1789 1060 1845 hostiam
1095 1790 1418 1845 secundum
1468 1791 1622 1863 quod
1670 1790 1892 1847 dictum

245 1899 271 1926 κ
297 1877 474 1973 estin
509 1877 637 1951 lege
668 1878 918 1973 Domini,
951 1882 1392 1973 par-turturum
1414 1884 1519 1973 aut
1537 1880 1684 1936 duos
1700 1879 1894 1973 pullos
1924 1908 1971 1973 Β

241 1965 806 2023 «columbarum.»ln
819 1966 914 2022 his
926 1966 1118 2022 verbis
1134 1967 1628 2024 considerandum
1643 1969 1898 2042 est,quia

244 2055 526 2112 Dominus
556 2056 733 2112 Jesus
772 2055 1040 2112 Christus
1071 2073 1206 2111 cum
1241 2056 1401 2112 dives
1442 2048 1623 2125 "esset,
1678 2076 1901 2132 pauper

240 2160 337 2215 pro
369 2144 546 2201 nobis
577 2144 703 2201 ﬁeri
734 2144 1011 2219 dignatus
1041 2150 1148 2213 est,
1168 2146 1897 2218 utsuanosinopiadivites

239 2232 469 2302 faceret,
500 2233 597 2289 hic
629 2234 688 2289 in
723 2234 857 2300 ﬁde,
891 2239 949 2289 ct
980 2234 1042 2289 in
1069 2234 1267 2290 futuro
1297 2234 1517 2290 ccelesti
1541 2252 1736 2308 regno.
1756 2236 1898 2291 Pras-

239 2327 469 2395 ceperat
501 2321 659 2378 enim
692 2323 976 2378 Dominus
1008 2323 1067 2378 in
1098 2321 1224 2395 lege
1246 2322 1450 2396 Moysi,
1474 2328 1539 2378 ut
1567 2324 1895 2396 diequain.

239 2409 366 2467 fans
394 2415 866 2485 praesentaretur
893 2411 953 2468 in
985 2410 1204 2484 templo
1235 2429 1353 2467 una
1374 2429 1509 2468 cum
1542 2417 1747 2479 matre,
1778 2431 1893 2470 non

238 2504 385 2557 esset
415 2518 608 2557 vacua
632 2518 846 2557 manus
876 2501 1136 2574 parentis
1166 2518 1201 2556 a
1231 2517 1492 2568 munere,
1525 2502 1625 2558 sed
1648 2498 1894 2576 tam'pro

238 2606 360 2656 sua,
392 2607 581 2663 quam
613 2607 718 2663 pro
749 2589 1404 2662 sobolispuriﬁcatione,
1432 2591 1662 2646 offerret
1675 2608 1894 2662 agnum

235 2678 579 2735 anniculum
611 2677 1062 2735 immaculatum
1086 2679 1156 2734 de
1177 2695 1371 2752 grege.
1388 2680 1548 2745 Quod
1564 2678 1611 2735 si
1626 2683 1897 2753 tam~pau~

234 2784 329 2840 per
356 2772 544 2838 esset,
578 2771 645 2823 ut
675 2785 793 2824 non
841 2767 1136 2824 sufﬁceret
1192 2785 1406 2824 manus
1454 2770 1584 2840 ejus
1634 2768 1894 2830 invenire

238 2872 452 2929 agnum
488 2858 562 2913 de
584 2874 779 2931 grege,
823 2858 1055 2913 offerret
1096 2858 1245 2913 duos
1294 2861 1578 2925 turtures,
1624 2858 1711 2914 vel
1744 2859 1893 2914 duos

239 2947 427 3018 pullos
460 2945 899 3003 columbarum.
919 2946 1116 3003 Hostia
1127 2963 1263 3020 ergo
1277 2945 1400 3002 haec
1412 2963 1734 3019 pauperum
1749 2952 1891 3003 erat.

240 3036 555 3091 Imitemur
583 3052 721 3109 ergo
752 3052 859 3091 nos
892 3034 1202 3092 Dominum
1221 3040 1510 3104 nostrum,
1542 3039 1599 3091 et
1629 3053 1903 3097 amemus

240 3129 625 3197 spontaneum
652 3128 1078 3198 paupertatem,
1111 3129 1176 3179 ut
1195 3124 1478 3180 habentes
1491 3124 1711 3180 victum
1729 3129 1785 3181 et
1799 3144 1896 3182 ve-

240 3215 463 3284 stitum,
500 3214 619 3280 his,
647 3198 1189 3287 juxta‘Apostolum,
1206 3213 1460 3270 contenti
1480 3214 1687 3280 simus,
1704 3218 1768 3270 ut
1787 3214 1893 3270 im-

2010 616 2411 674 habitantibus
2444 619 2646 692 Cedar,
2679 620 2928 676 multum
2962 621 3151 678 incola
3176 622 3286 678 fuit
3313 623 3510 680 anima
3532 643 3661 682 mea

2009 706 2179 778 (Psal.
2208 711 2379 777 cxnx).
2411 731 2440 759 ››
2471 713 2552 764 De
2584 709 2802 781 quibus
2834 710 2979 766 bene
3012 710 3254 767 dicitur:
3289 735 3315 761 ‹‹
3339 712 3531 769 Unum
3554 731 3659 786 pro

2008 799 2268 866 peccato,
2299 799 2357 850 et
2400 795 2651 852 alterum
2697 797 2758 852 in
2805 797 3168 864 holocausto,
3202 821 3231 849 »
3281 800 3418 871 quia
3466 801 3660 857 omnis

1976 888 2277 956 -peccator
2300 885 2466 958 prius
2498 884 2707 942 timore
2738 888 3176 960 compungitur,
3207 892 3263 943 et
3288 893 3419 960 post
3438 906 3655 947 amore.

2008 973 2152 1029 Cum
2184 975 2341 1030 enim
2373 975 2506 1047 quis
2539 974 2693 1031 mala
2723 993 2899 1048 opera
2918 993 3027 1033 sua
3043 978 3114 1032 ad
3134 979 3479 1035 memoriam
3499 995 3659 1036 revo-

2008 1079 2167 1129 cans,
2196 1080 2397 1135 pcenas
2415 1064 2591 1120 etiam
2610 1063 2823 1120 inferni
2843 1064 3247 1134 reminiscens,
3275 1066 3410 1122 ﬂere
3432 1068 3656 1141 incipit,

2006 1151 2268 1207 timendo
2288 1169 2359 1207 ne
2374 1153 2623 1208 ducatur
2635 1154 2704 1208 ad
2721 1154 3179 1226 pcenam,dicens
3198 1172 3332 1210 cum
3352 1156 3656 1228 Propheta:

2008 1263 2035 1289 «
2073 1240 2299 1297 Lavaho
2332 1258 2436 1314 per
2468 1232 2730 1315 singulas
2763 1247 2960 1299 noctes
2986 1241 3203 1299 lectum
3228 1245 3658 1319 meum,lacry-

2006 1328 2121 1385 mis
2151 1328 2299 1385 meis
2312 1335 2560 1385 stratum
2577 1347 2773 1387 meum
2790 1331 2991 1403 rigabo
3006 1333 3172 1403 (Psal.
3197 1335 3292 1402 v1),
3312 1355 3338 1382 η
3354 1334 3522 1405 quasi
3535 1340 3657 1391 tur-
3676 1388 3683 1391 _

2008 1421 2195 1473 turem
2226 1418 2314 1474 vel
2345 1418 2679 1474 columbam
2712 1436 2816 1492 pro
2848 1426 3084 1492 peccato
3132 1420 3319 1476 offert.
3349 1421 3494 1477 Cum
3525 1441 3658 1480 vero

2005 1522 2073 1560 ex
2102 1505 2280 1579 longa
2311 1508 2731 1563 consuetudine
2762 1508 2957 1577 flendi,
3000 1507 3235 1566 animus
3284 1512 3656 1568 securitatem

2005 1605 2312 1677 acceperit,
2345 1610 2403 1660 et
2433 1605 2672 1677 coeperit
2706 1606 2864 1673 ﬂere,
2900 1623 3015 1662 non
3046 1606 3260 1663 timens
3291 1625 3362 1664 ne
3410 1610 3659 1667 ducatur

2006 1693 2081 1748 ad
2117 1710 2373 1765 poenam,
2408 1696 2509 1750 sed
2544 1695 2683 1767 quia
2714 1698 2875 1751 tanto
2902 1699 3161 1767 tempore
3190 1696 3493 1754 differatur
3521 1716 3555 1754 a
3574 1716 3659 1755 re-

2003 1798 2138 1855 gno,
2164 1788 2408 1839 cantans
2440 1800 2574 1839 cum
2609 1783 2913 1857 Propheta,
2948 1788 3004 1839 et
3035 1784 3267 1840 dicens:
3293 1808 3320 1835 ‹‹
3346 1787 3535 1859 Super
3555 1788 3634 1843 ﬂu

2005 1870 2164 1928 mina
2194 1872 2527 1945 Babylonis,
2543 1872 2659 1928 illic
2674 1872 2937 1929 sedimus
2950 1873 3303 1940 etﬁevimus,
3320 1874 3461 1931 dum
3475 1894 3660 1933 recor-

2007 1960 2282 2016 daremur
2310 1961 2417 2027 tui,
2457 1962 2596 2018 Sion
2619 1963 2791 2032 (Psal.
2824 1966 3074 2032 cxxxvr),
3112 1985 3131 2011 ι
3163 1964 3331 2034 quasi
3365 1969 3658 2021 turturem
3725 2034 3736 2043 ο

2004 2050 2092 2105 vel
2124 2049 2455 2107 columbam
2489 2052 2547 2107 in
2581 2050 2941 2117 holocausta,
2975 2051 3161 2108 oﬁ‘crt.
3206 2052 3324 2107 Hoc
3367 2069 3504 2125 ergo
3543 2054 3633 2109 dif
3638 2086 3661 2098 -

2004 2139 2115 2193 fert
2144 2138 2297 2195 inter
2325 2139 2680 2195 sacriﬁcium
2711 2144 2768 2195 et
2815 2139 3247 2217 holocaustum,
3300 2140 3441 2213 quia
3487 2158 3659 2199 omne

2005 2227 2415 2284 holocaustum
2468 2229 2824 2285 sacriﬁcium
2873 2233 2982 2296 est,
3033 2247 3151 2284 non
3205 2247 3377 2287 omne
3432 2233 3657 2288 sacriﬁ-

2004 2316 2162 2372 cium
2220 2316 2647 2374 holocaustum.
2700 2323 2766 2373 ln
2818 2318 3105 2374 sacriﬁcio
3154 2319 3309 2375 enim
3361 2338 3496 2393 pars
3554 2339 3660 2395 pe-

2003 2406 2170 2462 cudis
2195 2408 2562 2464 offerebatur.
2617 2407 3032 2464 Holocaustum
3080 2425 3235 2478 vero,
3288 2414 3518 2467 tantum
3568 2412 3658 2467 in—

2003 2512 2245 2552 censum
2276 2501 2383 2553 est.
2416 2496 2519 2565 Qui
2567 2498 2720 2553 enim
2772 2514 2871 2553 cor
2922 2499 3240 2554 contritum
3270 2502 3328 2555 et
3377 2499 3653 2557 humilia-

2002 2589 2127 2640 tum
2161 2586 2275 2641 Deo
2307 2586 2581 2658 spiritum
2604 2603 2709 2658 pro
2728 2588 2981 2659 peccatis
2999 2588 3185 2654 offert,
3206 2588 3376 2661 quasi
3401 2594 3659 2647 turtures

2003 2678 2060 2728 et
2090 2673 2394 2730 columbas
2425 2675 2484 2730 in
2518 2675 2804 2732 sacriﬁcio
2836 2674 3123 2732 immolat.
3149 2678 3255 2743 Qui
3287 2695 3420 2734 vero
3443 2696 3559 2735 non
3591 2679 3660 2735 ti-

2004 2779 2164 2817 more
2194 2762 2491 2835 gehennte,
2529 2763 2627 2819 sed
2656 2780 2855 2819 amore
2879 2769 3102 2820 aeterne
3133 2765 3263 2819 vita;
3317 2766 3433 2836 flet,
3487 2769 3658 2840 quasi

2001 2855 2261 2908 turtures
2294 2852 2377 2908 vel
2410 2852 2713 2910 columbas
2744 2853 2804 2908 in
2835 2853 3176 2910 holocausto
3203 2857 3656 2923 mactat,dicens

2003 2957 2135 2995 cum
2168 2940 2482 3013 Propheta:
2514 2964 2542 2993 α
2574 2941 2928 2999 Holocausta
2957 2943 3277 2999 medullata
3298 2945 3535 3017 oﬂ'eram
3552 2946 3659 3003 tibi

2002 3031 2171 3097 (Psal.
2207 3031 2353 3101 μιν).
2389 3052 2417 3079 ››
2444 3029 2628 3087 Aliter
2656 3047 2790 3086 vero
2823 3049 2926 3103 per
2946 3031 3069 3088 haec
3085 3032 3198 3089 duo
3214 3036 3656 3106 generaavium,

2002 3118 2152 3173 duas
2183 3117 2449 3174 Ecclesiae
2483 3119 2807 3192 accipimus
2830 3121 3000 3188 vitas,
3053 3122 3300 3177 activam
3354 3123 3576 3180 sciiicet
3602 3130 3661 3181 et

2004 3206 2535 3279 contemplativam.
2568 3208 2686 3264 Hoc
2717 3209 2873 3263 enim
2896 3208 3047 3264 inter
3070 3209 3375 3266 columbas
3395 3217 3453 3268 et
3474 3216 3660 3269 turtu-

240 3277 465 3376 pleatur
494 3303 559 3359 in
589 3277 784 3375 nobis,
814 3277 970 3376 quod
1003 3303 1127 3376 ipse
1157 3277 1216 3358 in
1248 3302 1557 3376 Evangelio
1583 3277 1891 3375 promittit,
1926 3277 1968 3343 Ο
2006 3313 2099 3352 res
2128 3277 2389 3364 inte—rest,
2420 3297 2559 3369 quia
2586 3296 2868 3353 columba:
2900 3298 3187 3371 gregatim
3219 3299 3418 3355 volant
3444 3301 3532 3357 vel
3559 3318 3656 3374 ge-

239 3392 465 3449 dicens:
502 3415 535 3443 «
561 3391 723 3449 Beati
752 3408 1042 3465 pauperes
1072 3392 1597 3465 spiritu.quoniam
1630 3392 1892 3465 ipsorum

238 3486 323 3536 est
348 3497 607 3555 regnum
640 3479 911 3536 ccelorum
948 3482 1168 3554 (Matth.
1202 3485 1278 3548 v).
1306 3503 1335 3530 ››
1368 3482 1517 3554 Ergo
1538 3485 1659 3536 tam
1682 3498 1895 3554 paupe-

240 3585 399 3641 peres
432 3572 712 3642 parentes
738 3569 913 3642 elegit
956 3569 1262 3636 Dominus,
1315 3569 1417 3642 qui
1449 3586 1564 3625 non
1613 3569 1895 3626 haberent

240 3674 456 3731 agnum
488 3675 668 3731 quem
697 3675 799 3731 pro
812 3675 878 3714 eo
891 3658 1182 3728 offerrent,
1200 3659 1300 3715 sed
1314 3659 1650 3714 obtulerunt
1662 3664 1824 3714 tanta
1834 3676 1890 3715 m

240 3763 339 3818 par
364 3752 670 3814 tuturum,
686 3752 789 3803 aut
815 3748 963 3803 duos
982 3746 1172 3820 pullos
1184 3748 1611 3804 columbarum.
1627 3748 1738 3804 Sed
1754 3749 1897 3820 quia

239 3836 516 3909 superius
548 3837 1161 3904 commemoravimus,
1198 3837 1488 3910 quomodo
1511 3836 1895 3909 spiritualiter

240 3927 344 3980 Deo
373 3928 584 3980 nostra
616 3924 1006 3998 primogenita
1026 3925 1230 3980 offerre
1251 3925 1589 3993 debeamus,
1605 3924 1890 3980 hinccon-

240 4011 619 4069 siderandum
654 4012 907 4083 videtur,
940 4012 1138 4086 qualia
1167 4030 1413 4069 munera
1448 4030 1552 4084 pro
1600 4013 1891 4069 emunda-

238 4100 386 4157 tione
410 4106 618 4157 nostra
651 4106 764 4157 Deo
795 4102 1129 4169 offeramus,
1154 4103 1326 4173 juxta
1354 4101 1719 4174 spiritualem
1760 4118 1891 4158 vero

238 4189 706 4263 intelligentiam,
741 4190 801 4246 in
831 4190 942 4246 hoc
971 4195 1258 4263 praecepto
1290 4208 1396 4247 nos
1425 4207 1889 4259 commonemur,

238 4282 298 4333 ut
325 4278 373 4334 si
404 4279 668 4353 degrege
680 4296 926 4352 operum
945 4282 1274 4335 nostrorum
1292 4279 1889 4353 agnuminnocentiae,

238 4367 319 4423 vel
348 4367 707 4441 principales
736 4368 981 4426 virtutes
1000 4368 1624 4442 invenerimus,qualis
1646 4378 1735 4427 est
1749 4372 1891 4428 cha-

241 4455 400 4526 ritas,
437 4456 769 4521 humilitas,
803 4457 1307 4532 eleemosynarum
1337 4457 1599 4532 largitas,
1624 4463 1757 4526 etc.,
1780 4465 1892 4519 Deo

241 4546 572 4616 offeramus,
607 4546 667 4602 id
699 4550 806 4616 est,
842 4547 995 4619 quod
1026 4546 1201 4621 digne
1229 4547 1501 4616 vivimus,
1527 4565 1644 4603 non
1675 4549 1893 4606 nostris

2003 3391 2194 3453 munt,
2227 3390 2422 3441 turtur
2450 3403 2584 3441 vero
2617 3387 2761 3442 adeo
2791 3386 3263 3460 singularitatem
3286 3388 3497 3463 diligit,
3522 3396 3585 3446 ut
3607 3390 3658 3447 si

2002 3492 2140 3531 casu
2174 3476 2485 3548 conjugem
2515 3474 2603 3531 vel
2634 3492 2835 3548 parem
2868 3476 3152 3545 amiserit,
3187 3478 3260 3534 de
3291 3478 3515 3551 reliquo
3537 3479 3657 3535 sin-

2003 3564 2225 3637 gularis
2255 3570 2601 3636 perseveret.
2637 3565 2801 3622 Unde
2833 3581 2935 3637 per
2963 3565 3296 3633 columbas,
3329 3568 3426 3640 qui
3454 3584 3659 3643 grega-

2001 3653 2105 3708 tim
2138 3652 2336 3708 volant
2362 3652 2449 3708 vel
2479 3656 2742 3726 gemunt,
2769 3654 2964 3709 activae
2977 3655 3106 3710 vitae
3125 3655 3374 3712 societas
3391 3658 3659 3731 designa-

2000 3754 2203 3806 tur.De
2232 3767 2349 3822 qua
2378 3749 2668 3823 scriptum
2696 3756 2814 3806 est:
2834 3750 3277 3808 «Multitudinis
3295 3755 3656 3812 credentium

2001 3845 2124 3896 erat
2154 3856 2252 3895 cor
2276 3856 2461 3894 unum
2494 3844 2552 3895 et
2582 3839 2780 3895 anima
2829 3856 2966 3895 una.
3004 3863 3031 3890 »
3066 3842 3132 3895 Et
3173 3840 3420 3898 iterum:
3453 3867 3481 3893 ‹‹
3514 3845 3659 3901 Ecce

2001 3946 2179 4001 quam
2203 3929 2422 3984 bonum
2449 3932 2505 3983 et
2525 3945 2702 3999 quam
2719 3929 3055 4000 jucundum
3080 3928 3347 3987 habitare
3368 3932 3575 3988 fratres
3597 3933 3657 3989 in

2001 4034 2185 4073 unum
2202 4018 2664 4073 inPerturturem
2679 4035 2804 4089 qua
2820 4016 3286 4091 singularitatem
3301 4019 3511 4094 diligit,
3528 4038 3659 4079 con-

2000 4106 2349 4180 templatim
2379 4107 2509 4161 vitae
2541 4105 2785 4163 dulcedo
2816 4106 3179 4180 exprimitur,
3231 4124 3381 4179 qua,
3418 4111 3657 4168 remotis

2001 4195 2275 4252 omnibus
2306 4195 2485 4251 curis.
2518 4194 2625 4252 soli
2659 4195 3022 4252 meditationi
3054 4197 3656 4256 etorationiinsistere

2001 4286 2323 4341 desiderat:
2357 4284 2492 4356 quia
2525 4287 2745 4356 quanto
2777 4288 2866 4339 est
2897 4283 3225 4352 sublimior,
3258 4289 3421 4341 tanto
3452 4286 3652 4358 utique

2001 4373 2204 4429 rarior.
2239 4372 2408 4429 Solus
2439 4372 2594 4428 enim
2621 4372 2798 4427 Jacob
2831 4371 3125 4427 luctamen
3148 4390 3279 4428 cum
3302 4373 3655 4446 angeloiniit

2004 4463 2152 4537 (Gen.
2184 4462 2381 4534 xxxu),
2414 4460 2576 4517 solus
2607 4461 2855 4533 Moyses,
2889 4465 3132 4534 pavente
3177 4461 3378 4533 procul
3412 4461 3648 4535 populo,

2004 4555 2264 4608 montem
2297 4550 2561 4607 ascendit
2589 4551 2788 4620 (Exod.
2820 4550 3030 4622 x’xxw),
3047 4549 3209 4607 solus
3222 4551 3421 4607 Daniel
3435 4551 3655 4625 fugien-

242 4634 464 4691 meritis
494 4639 862 4709 reputemus,
882 4635 982 4691 sed
1001 4634 1606 4709 illiusgratize,quiait
1635 4637 1694 4692 in
1714 4637 1894 4693 Evan-
1924 4658 1972 4721 ι)
2004 4640 2162 4697 tibus
2194 4641 2369 4697 sociis
2401 4640 2553 4695 inter
2580 4638 2818 4712 angelos
2849 4640 3134 4695 remansit
3161 4645 3324 4711 (Dan.
3374 4641 3459 4713 ιι),
3491 4640 3653 4698 solus

242 4724 417 4797 gelio:
457 4749 483 4775 «
515 4725 653 4782 Sine
685 4742 780 4782 me
810 4723 958 4781 nihil
990 4725 1236 4798 potestis
1274 4726 1463 4782 facere
1495 4725 1676 4798 (Joan.
1708 4731 1823 4795 xv).
1860 4750 1888 4778 ››

242 4814 366 4886 Ipse
394 4815 553 4871 enim
585 4815 687 4871 dat
716 4812 862 4870 velle
892 4818 949 4870 et
978 4814 1276 4887 perﬁcere.
1312 4813 1372 4870 Si
1396 4819 1592 4871 autem
1614 4818 1735 4870 tam
1755 4833 1894 4889 pau-

242 4918 402 4974 peres
434 4921 666 4973 sumus,
701 4902 838 4958 utin
855 4920 1027 4976 opere
1042 4907 1238 4960 nostro
1264 4903 1620 4976 principales
1642 4904 1890 4960 virtutes

244 5007 351 5047 non
380 4991 778 5061 inveniamus,
793 4992 1109 5049 offeramus
1123 4992 1332 5049 saltem
1347 4993 1496 5050 duos
1507 4996 1789 5050 turtures.
1804 4993 1894 5050 vel

244 5079 384 5136 duos
417 5080 606 5155 pullos
638 5080 1069 5149 columbarum,
1103 5082 1160 5137 id
1195 5086 1283 5138 est
1315 5083 1432 5139 duo
1471 5100 1686 5155 genera
1734 5099 1890 5139 com-

244 5169 592 5239 punctionis,
625 5169 856 5226 timoris
883 5170 1150 5227 videlicet
1181 5176 1239 5228 et
1264 5172 1502 5227 amoris.
1536 5172 1700 5236 Quod
1734 5173 1892 5229 enim

245 5256 362 5313 ista:
393 5260 518 5315 duca
550 5259 788 5316 avicula:
820 5277 925 5332 pro
956 5264 1131 5316 cantu
1162 5260 1419 5334 gemitus
1463 5262 1632 5317 edere
1680 5260 1890 5330 sciant,

246 5343 464 5403 luctum
489 5354 832 5405 sanctorum
852 5348 1172 5423 signiﬁcat.
1202 5350 1301 5424 qui
1333 5350 1394 5406 in
1425 5350 1681 5407 convalle
1700 5351 1893 5424 lacry-

250 5450 471 5491 marum
500 5455 614 5495 non
648 5438 842 5495 solum
874 5456 979 5512 pro
1011 5439 1136 5497 suis
1187 5456 1549 5512 suorumque
1598 5438 1891 5497 diluendis

251 5526 513 5596 peccatis,
544 5528 647 5584 sed
679 5527 852 5583 etiam
875 5544 980 5601 pro
993 5528 1891 5603 impetrandisvirtutibus,quo-

247 5613 382 5669 tidie
415 5616 644 5686 deﬂent,
677 5617 940 5675 dicentes
970 5636 1105 5677 cum
1138 5619 1454 5694 Propheta;
1495 5641 1523 5677 α
1552 5619 1674 5678 Heu
1719 5619 1887 5679 mihi.

314 5703 392 5784 ία)
425 5704 577 5783 Virgo
604 5709 812 5769 creavit
827 5708 1053 5771 Filium.
1462 5709 1469 5715 ’

2000 4729 2279 4797 Ezechiel,
2313 4729 2531 4802 apertis
2562 4728 2718 4784 cmlis
2749 4745 2928 4801 super
2957 4728 3198 4785 fluvium
3229 4730 3478 4797 Chobar,
3514 4747 3669 4802 quae

2002 4819 2229 4892 drigam
2260 4818 2565 4875 cherubim
2594 4816 2738 4874 vidit
2769 4819 2979 4887 (Ezech.
3014 4836 3053 4887 ι,
3085 4819 3161 4886 3),
3184 4816 3344 4874 solus
3364 4819 3569 4875 Petrus
3591 4821 3651 4875 in

2002 4908 2213 4964 exstasi
2247 4911 2440 4962 mente
2470 4910 2673 4980 raptus
2705 4906 2816 4961 fuit
2838 4907 2969 4976 (Act.
3003 4906 3083 4978 x),
3111 4905 3273 4962 solus
3305 4906 3520 4963 Paulus
3551 4925 3651 4965 us-

2002 5014 2115 5069 que
2146 4997 2217 5052 ad
2248 4998 2488 5052 tertium
2520 4995 2731 5051 cmlum
2762 4996 2975 5051 ductus
3006 4995 3115 5051 fuit
3146 4997 3219 5069 (11
3260 4996 3379 5052 Cor.
3430 4997 3550 5071 xu).
3584 4983 3655 5054 Et

2002 5087 2073 5142 ad
2107 5086 2597 5158 comparationem
2630 5085 2825 5140 activa:
2854 5084 3006 5153 vitaa,
3040 5102 3169 5141 raro
3200 5085 3516 5158 invenitur,
3550 5087 3651 5160 qui

2001 5175 2109 5231 hac
2140 5174 2446 5230 dulcedine
2465 5174 2818 5246 perfruatur,
2846 5174 3045 5233 Activa
3063 5192 3196 5231 vero
3222 5174 3339 5230 vita
3357 5177 3523 5232 oll‘ert
3542 5182 3652 5233 Deo

2001 5263 2377 5331 sacriﬁcium,
2412 5261 2862 5334 contemplativa
2878 5263 3308 5321 holocaustum.
3331 5264 3475 5321 Cum
3494 5266 3651 5322 enim

2002 5353 2134 5426 quis
2163 5353 2308 5409 bene
2336 5352 2557 5423 vivens,
2591 5352 2662 5407 ad
2694 5353 2841 5409 bene
2857 5352 3167 5409 vivendum
3186 5353 3331 5410 alios
3362 5354 3651 5428 hortatur,
3726 5392 3731 5401 ς

2001 5442 2199 5498 dicens
2215 5441 2638 5514 :«Magniﬁcate
2649 5440 2965 5498 Dominum
2979 5459 3229 5511 mecum,
3252 5448 3309 5499 et
3328 5443 3651 5501 exaltemus

2000 5548 2211 5588 nomen
2245 5532 2373 5603 ejus
2401 5530 2460 5584 in
2481 5530 2760 5603 idipsum.
2781 5553 2807 5580 »
2831 5532 3201 5588 Etiterumm
3230 5532 3649 5590 Venitcadore-

2001 5638 2133 5678 mus
2164 5623 2221 5678 et
2250 5619 2625 5698 procidamus
2655 5619 3004 5691 anteDeum,
3020 5621 3317 5699 ploremus
3339 5638 3533 5681 coram
3546 5621 3651 5685 D0-
