4070 6190
410 316 526 424 los

948 350 1354 415 HAYMONIS
1402 348 1937 411 HALBERS'I‘AT.
1988 344 2234 408 EPISC.
2282 346 2452 407 OPP.
2498 344 2728 409 PARS.
2777 345 2853 406 Il.
2887 377 2966 394 —
2996 343 3268 409 HOMIL.

3699 343 3828 404 104

412 494 571 551 mino
604 490 701 563 qui
738 489 869 545 l‘rcit
901 505 1005 543 nos
1023 488 1535 556 (I’sal.ixx\t.\'xv},»
1569 482 1733 556 quasi
1768 486 2050 537 turturem
2089 483 2137 547 Α
2169 479 2451 535 humilem
2513 485 2567 534 et
2626 480 2908 552 quietum,
2960 484 3018 536 et
3062 482 3409 536 trementem
3459 478 3636 534 verba
3688 494 3832 534 mea

408 582 496 639 vel
528 579 857 638 columbam
892 576 948 632 in
983 574 1268 631 sacriﬁcio
1292 573 1637 629 oii'ert.Cum
1654 587 1788 626 vero
1820 568 2058 625 remotis

410 669 686 728 omnibus
716 666 873 723 curis
903 670 960 721 et
989 661 1505 728 sollicitudinibus,
1538 677 1603 717 ea
1635 677 1760 732 quae
1802 656 2059 714 ccelestia

412 761 551 816 sunt
582 755 949 813 solummodo
999 750 1450 824 contemplatur,
1500 748 1699 805 dicens
1743 763 1879 803 cum
1920 746 2057 801 Pro-

409 849 611 922 pheta:
648 868 674 895 «
708 843 1010 917 Ingrediar
1039 836 1675 896 inlocumtahernaculi
1693 833 2058 892 admirabilis

409 953 594 1009 usque
608 935 677 989 ad
692 934 931 988 domum
948 930 1107 998 Dei,»
1143 927 1308 1000 quasi
1323 931 1610 983 turturem
1622 925 1709 981 vel
1722 924 2055 981 columbam

408 1026 467 1082 in
499 1022 840 1080 holocausto
871 1020 1055 1076 offert.
1088 1018 1157 1072 Et
1187 1016 1325 1089 quia
1355 1020 1613 1088 utraeque
1644 1014 1767 1069 ista:
1796 1012 1924 1068 vita:
1943 1018 2056 1068 Deo

409 1117 655 1185 acceptae
690 1114 847 1177 sunt,
881 1124 997 1164 non
1015 1105 1436 1163 estdifﬁnitum
1451 1108 1651 1159 utrum
1671 1119 1774 1176 pro
1807 1101 2056 1158 Domino

324 1246 331 1251 .
406 1206 685 1264 turtures,
720 1216 791 1254 an
824 1195 1106 1252 columba
1126 1194 1243 1248 sint
1262 1191 1605 1258 oblataz,sed
1621 1192 1706 1246 sic
1729 1191 2058 1246 indifferen-

409 1297 497 1347 ter
525 1289 745 1345 dictum
781 1290 897 1341 est:
935 1306 960 1331 ‹‹
996 1282 1536 1354 Obtuleruntproeo
1564 1281 2057 1351 Dominopartur-

408 1385 627 1445 turum,
663 1379 763 1429 aut
794 1375 943 1429 duos
974 1370 1165 1447 pullos
1197 1370 1625 1426 columbarum.
1654 1391 1682 1418 ››

477 1489 503 1516 ‹‹
537 1466 608 1520 Et
638 1479 768 1519 ecce
797 1462 972 1517 homo
1007 1464 1152 1515 erat
1208 1459 1265 1514 in
1298 1457 1645 1522 Jerusalem,
1696 1456 1790 1513 cui
1836 1472 2052 1522 nomen

407 1580 433 1605 ‹‹
463 1557 585 1609 erat
615 1552 869 1607 Simeon.
890 1572 915 1595 ››
935 1545 1769 1614 QuiaDominusnosterJesus
1791 1543 2057 1598 Christus

405 1658 639 1700 omnem
662 1655 861 1695 sexum
895 1643 951 1691 et
980 1652 1213 1691 omnem
1253 1638 1482 1689 aetatem
1524 1632 1772 1689 liberare
1800 1635 2053 1700 venerat,

404 1735 649 1807 dignum
681 1735 807 1785 erat
837 1733 900 1782 ut
931 1725 1121 1782 omnis
1153 1729 1291 1780 aetas
1324 1727 1380 1778 et
1410 1740 1584 1779 sexus
1615 1722 1743 1793 ejus
1782 1722 2056 1776 incarna-

402 1824 543 1880 tioni
578 1818 982 1877 testimonium
1014 1813 1345 1887 perhiberet
1362 1831 1373 1868 :
1393 1816 1447 1868 et
1461 1812 1601 1884 quia
1614 1810 2058 1884 prophetaverat

403 1910 674 1984 copulata
703 1906 995 1979 conjugio,
1040 1902 1485 1977 prophetaverat
1528 1901 1711 1973 virgo,
1764 1898 2056 1955 Simeonis

403 2000 564 2057 senis
594 2003 651 2053 et
672 1995 820 2068 justi
834 1991 1508 2068 personaintroducitur,
1524 2006 1697 2063 quem
1722 1994 1779 2044 et
1800 1988 2059 2061 longaeva

404 2095 544 2145 satas
575 2088 850 2142 idoneum
884 2084 1116 2149 fecerat,
1149 2085 1213 2136 ut
1234 2098 1302 2135 ex
1331 2080 1491 2135 omni
1526 2083 1685 2151 parte
1707 2078 1920 2151 dignus
1961 2093 2058 2131 es-
2090 2086 2093 2091 ‘

404 2184 490 2233 set
518 2173 920 2232 testimonium
974 2171 1225 2226 Domino
1264 2168 1592 2241 perhibere,
1625 2172 1683 2221 et
1713 2165 2059 2238 impleretur

404 2266 711 2339 prophetia
742 2279 870 2335 quae
900 2260 1070 2315 dicit:
1099 2282 1123 2307 ‹‹
1160 2258 1414 2312 Laudate
1438 2256 1751 2311 Dominum
1783 2255 1852 2309 de
1874 2253 2054 2321 caelis,

402 2355 635 2410 laudate
668 2367 804 2407 eum
835 2350 894 2403 in
927 2346 1174 2404 excelsis
1200 2368 1226 2397 »
1258 2345 1528 2417 usquead
1554 2345 1611 2399 id
1628 2344 1781 2416 quod
1806 2342 1885 2397 ait
1907 2342 2056 2396 «Ju-

401 2459 576 2497 venes
607 2445 665 2497 et
692 2439 969 2512 virgines,
1005 2448 1174 2491 s'enes
1204 2432 2057 2505 cumjunioribuslaudentno-

405 2548 539 2586 men
572 2527 798 2584 Domini
858 2526 1026 2599 (Psal.
1079 2527 1328 2591 cxavm).
1366 2545 1392 2571 »
1426 2545 1451 2571 ‹‹
1484 2523 1554 2577 Et
1602 2521 1777 2576 homo
1817 2519 1926 2576 iste
1957 2520 2055 2590 ju-

406 2643 432 2670 ‹‹
467 2626 594 2675 stus
624 2621 682 2672 et
710 2616 1043 2671 timoratus.
1076 2632 1102 2663 ι)
1136 2611 1341 2668 Justus
1373 2616 1564 2666 autem
1581 2609 2067 2665 ettimoratusdi;

405 2709 573 2773 citur,
608 2710 673 2761 ut
701 2706 771 2759 ad
804 2701 1208 2758 testimonium
1232 2700 1471 2755 Domino
1488 2696 2054 2772 perhibendumido-

404 2814 550 2853 neus
580 2792 926 2850 inveniatur.
961 2791 1113 2846 Bene
1135 2788 1481 2863 priusquam
1500 2787 1871 2859 dixitjustus,
1889 2785 2055 2841 addi-

403 2888 491 2943 dit
522 2885 855 2947 timoratus,
886 2880 943 2936 id
975 2884 1065 2935 est
1094 2880 1303 2934 timore
1337 2878 1430 2933 Dei
1462 2877 1692 2949 plenus,
1722 2874 2055 2948 quiajusti-

402 2975 485 3030 tia
515 2974 640 3030 sine
665 2973 873 3027 timore
905 2968 1138 3024 difﬁcile
1154 2967 1502 3023 custoditur.
1533 2962 2027 3035 lllorumenimju

405 3064 582 3130 stitia,
617 3075 870 3134 quorum
923 3060 1149 3113 mentes
1180 3056 1357 3111 timor
1394 3055 1494 3110 Dei
1541 3053 1854 3119 illuminat,
1910 3056 2056 3108 teste

404 3151 717 3208 Psalmista
739 3148 839 3221 qui
870 3147 979 3203 ait:
1016 3168 1043 3196 ‹‹
1078 3147 1288 3202 Beatus
1304 3145 1394 3199 vir
1424 3144 1708 3216 quitimet
1723 3141 2054 3209 Dominum,

2169 569 2297 640 (Isa.
2359 567 2549 637 LXVI)?
2580 592 2608 618 »
2668 569 2737 623 Et
2779 568 2838 622 in
2886 566 3224 639 Evangelio:
3275 588 3302 615 «
3337 565 3395 622 Si
3446 564 3581 638 quis
3627 564 3834 639 diligit

2168 674 2281 725 me,
2315 674 2645 713 sermonem
2676 673 2871 713 meum
2896 655 3170 721 servabit,
3188 656 3604 712 etPaterme‘us
3620 653 3836 728 diliget

2168 763 2325 802 eum.
2364 768 2391 795 ››
2424 745 2539 802 Nec
2560 744 2752 801 solum
2771 745 3105 801 Simeonem
3124 743 3407 816 Spiritum
3431 746 3700 799 sanctum
3717 740 3833 799 Dei

2165 833 2444 890 habuisse
2476 833 2791 899 credimus,
2823 833 2925 889 sed
2957 833 3134 888 etiam
3166 835 3401 889 caeteros
3433 834 3687 897 sanctos,
3717 831 3832 904 qui

2166 923 2396 980 Domini
2431 922 2889 979 incarnationem
2924 921 3331 995 praedigzcrant,
3364 920 3647 993 Spiritum
3679 937 3833 977 san-

2166 1017 2325 1069 ctum
2357 1012 2637 1067 habuisse
2668 1028 2783 1067 non
2798 986 3600 1082 dubitamustesteap-ostolo
3628 1009 3828 1077 Petro,

2167 1102 2264 1175 qui
2299 1101 2408 1158 ait:
2444 1125 2473 1151 «
2504 1100 2629 1159 Non
2657 1099 2813 1155 enim
2847 1097 3145 1154 voluntate
3193 1097 3455 1155 humana
3504 1096 3680 1153 allata
3729 1101 3832 1154 est

2166 1190 2483 1263 aliquando
2515 1188 2840 1262 prophetia,
2871 1188 2970 1245 sed
3005 1186 3221 1259 Spiritu
3251 1186 3350 1243 Dei
3377 1185 3603 1259 repleti,
3638 1185 3827 1242 locuti

2166 1284 2305 1337 sunt
2334 1279 2434 1334 Dei
2484 1278 2754 1335 homines
2800 1278 2872 1349 (11
2918 1282 3067 1332 Patr.
3122 1277 3183 1349 1).
3218 1298 3246 1327 »
3280 1275 3427 1331 Hinc
3476 1276 3657 1333 Isaias
3705 1274 3823 1331 ait:

2167 1391 2194 1418 ‹‹
2229 1367 2483 1440 Spiritus
2515 1369 2755 1422 sanctus
2789 1365 3017 1422 Domini
3049 1381 3229 1438 super
3247 1381 3360 1432 me,
3388 1381 3455 1420 eo
3477 1365 3631 1437 quod
3647 1381 3828 1420 unxe-

2165 1456 2243 1512 rit
2272 1473 2384 1526 me,
2419 1455 2811 1529 evangelizare
2842 1453 3198 1528 pauperibus
3228 1453 3390 1509 misit
3419 1470 3532 1509 me.
3569 1476 3596 1503 »
3630 1453 3694 1509 Et
3717 1457 3828 1509 Da-

2163 1546 2256 1602 vid
2290 1544 2389 1618 qui
2422 1545 2672 1601 dixerat:
2710 1567 2738 1595 ‹‹
2770 1543 3017 1600 Audiam
3053 1543 3195 1616 quid
3223 1542 3499 1615 loquatur
3519 1543 3577 1597 in
3601 1559 3695 1597 me
3719 1546 3828 1598 Do-

2166 1635 2365 1692 minus
2396 1639 2574 1701 Deus,
2605 1656 2631 1683 »
2664 1636 2793 1704 ejus
2821 1633 3175 1704 Spiritumin
3197 1649 3260 1688 se
3291 1632 3560 1688 credebat
3574 1632 3830 1695 esse,di-

2165 1742 2331 1781 cens:
2366 1748 2395 1774 «
2428 1723 2678 1796 Spiritus
2708 1720 3724 1778 tuusbonusdeducetmeinterram
3742 1737 3833 1777 re-

2166 1818 2340 1869 ctam.
2380 1836 2406 1862 »
2439 1813 2505 1867 Et
2534 1813 2688 1867 sicut
2710 1810 3024 1885 Apostolus
3055 1809 3360 1883 discipulis
3374 1809 3498 1865 suis
3516 1809 3617 1866 ait:
3636 1810 3830 1866 «Puto

2167 1903 2411 1975 quod‘et
2441 1918 2546 1975 ego
2579 1899 2859 1974 Spiritum
2890 1901 2983 1956 Dei
3011 1900 3259 1955 habeam
3292 1899 3340 1967 (I
3368 1899 3487 1955 Cor.
3521 1903 3640 1966 vn).
3668 1921 3695 1947 ››

2239 2016 2265 2040 ‹‹
2298 1992 2367 2046 Et
2394 2007 2743 2063 responsum
2778 1988 3357 2062 acceperataSpiritu
3372 1988 3828 2054 sancto,nonvi-

2167 2104 2193 2130 ‹‹
2229 2097 2433 2135 surum
2469 2097 2531 2135 se
2562 2084 2832 2143 mortem,
2860 2078 2969 2134 nisi
2986 2078 3150 2151 prius
3167 2078 3389 2134 videret
3409 2077 3704 2133 Christum
3719 2081 3833 2132 Do-

2169 2192 2196 2219 «
2228 2169 2392 2225 mini.
2432 2192 2457 2218 ››
2488 2169 2573 2223 Ab
2604 2168 2733 2240 ipso
2765 2167 2988 2223 scilicet
3016 2167 3263 2240 Spiritu,
3297 2167 3399 2239 qui
3431 2165 3489 2222 in
3524 2166 3649 2239 ipso
3673 2170 3827 2232 erat,

2162 2257 2534 2314 invisibiliter
2558 2257 2614 2311 in
2651 2257 2824 2312 corde
2842 2272 3189 2328 responsum
3215 2255 3453 2327 accepit,
3474 2253 3829 2310 etintellexit

2165 2348 2320 2420 quod
2354 2363 2469 2402 non
2500 2350 2655 2402 esset
2684 2346 2947 2401 visurum
2979 2350 3249 2411 mortem,
3286 2342 3399 2400 nisi
3421 2344 3641 2399 videret
3660 2343 3828 2398 Chri-

2165 2441 2321 2492 stum
2357 2434 2581 2491 Domini
2615 2433 3454 2506 natum.Exquarespousione
3471 2433 3578 2488 hoc
3600 2430 3821 2487 intelli-

2164 2525 2379 2598 gimus,
2412 2525 2551 2597 quia
2581 2523 2692 2580 iste
2725 2540 2901 2581 senex
2930 2524 3164 2579 Simeon
3187 2521 3822 2579 sciebatvicinumesse

2163 2618 2397 2686 tempus
2429 2612 2738 2668 Dominicae
2779 2611 3219 2667 incarnationis.
3272 2614 3391 2665 Hoc
3438 2610 3595 2666 enim
3640 2626 3821 2666 senex

2163 2702 2424 2775 quotidie
2454 2702 2513 2757 in
2547 2701 2671 2758 suis
2701 2701 3065 2758 orationibus
3089 2700 3456 2774 precabatur,
3482 2704 3547 2755 ut
3571 2717 3677 2755 non
3703 2699 3821 2754 exi-

2165 2796 2251 2847 ret
2278 2793 2349 2848 de
2373 2792 2484 2847 hoc
2516 2792 2726 2847 saecqu
2756 2795 3073 2862 antequam
3104 2789 3324 2845 videret
3356 2789 3694 2861 natum,qui
3721 2804 3818 2844 ve-

2164 2885 2329 2937 nerat
2340 2880 2459 2936 redi
2470 2897 2625 2936 mere
2639 2879 2937 2937 saeulum.
2956 2879 3116 2935 Unde
3143 2878 3468 2934 secundum
3482 2894 3656 2933 suum
3669 2875 3820 2932 dcsi-

2164 2969 2391 3026 derium
2423 2985 2768 3042 responsum
2802 2968 3042 3041 accepit,
3077 2967 3232 3040 quod
3266 2983 3379 3023 non
3411 2971 3568 3024 esset
3584 2966 3820 3023 visurus

2164 3065 2432 3127 mortem,
2469 3059 2579 3115 nisi
2612 3058 2832 3115 videret.
2859 3057 3155 3114 Christum
3190 3057 3440 3112 Domini.
3473 3057 3587 3113 Nec
3623 3054 3818 3111 solum

2164 3148 2400 3203 Simeon
2435 3147 2722 3204 desiderio
2748 3146 2977 3203 videndi
3014 3146 3322 3201 Dominum
3345 3145 3621 3218 ﬂagrasse
3638 3142 3823 3199 credi-

404 3242 462 3297 in
495 3238 791 3299 mandatis
821 3238 948 3307 ejus
977 3235 1130 3291 volet
1151 3234 1349 3289 minis.
1387 3234 1501 3288 nEt
1532 3234 1771 3288 iterum:
1794 3255 1820 3281 ‹‹
1855 3230 2055 3286 Timor
2084 3216 2127 3283 C
2166 3254 2320 3305 mus,
2356 3238 2452 3292 sed
2489 3236 2665 3292 etiam
2699 3253 2901 3291 omnes
2919 3235 3240 3308 sancti,qui
3276 3216 3822 3307 perspiritumsan-

404 3329 631 3386 Domini
646 3332 909 3392 sanctus,
925 3340 1273 3397 permanens
1287 3322 1343 3377 in
1358 3321 1636 3377 saeculum
1651 3336 1759 3376 saac
1769 3318 2053 3389 uli,justi-

402 3419 484 3473 tia
516 3416 744 3472 Domini
776 3430 910 3468 vera
932 3412 1255 3483 justiticata
1287 3411 1345 3465 in
1379 3409 1713 3481 semetipsa.
1747 3430 1774 3458 »
1797 3407 1863 3461 Et
1883 3405 2050 3462 alibi:

404 3530 433 3556 ‹‹
466 3504 706 3559 Initium
742 3500 1041 3573 sapientia:
1072 3499 1248 3553 timor
1297 3496 1550 3553 Domini.
1589 3520 1615 3545 υ
1648 3498 1718 3551 Et
1743 3495 2050 3551 Salomon:

402 3617 430 3644 ‹‹
464 3593 569 3659 Qui
601 3593 770 3646 timet
801 3588 1111 3644 Dominum
1132 3585 1552 3659 nihilnegligit.
1573 3608 1598 3633 ››
1614 3585 1820 3640 Justus
1838 3583 2054 3656 quippe

402 3686 543 3749 erat,
579 3679 717 3753 quia
746 3695 862 3733 non
895 3676 1085 3732 solum
1118 3692 1308 3740 suam,
1342 3675 1442 3730 sed
1472 3675 1653 3729 totius
1682 3672 1880 3746 populi
1903 3672 2057 3728 salu-

402 3776 520 3826 tem
554 3768 868 3841 quaerebat.
905 3788 933 3815 ‹‹
969 3766 1322 3836 Exspectans
1341 3762 1796 3819 consolationem
1820 3759 2050 3816 Israel.»

404 3856 735 3915 Consolatio
762 3853 961 3921 Israel,
995 3853 1052 3908 id
1086 3858 1193 3919 est,
1226 3852 1561 3907 videntibus
1594 3857 1774 3906 Deum
1825 3849 2054 3905 Domini

402 3948 687 4003 adventus
719 3944 782 4001 in
811 3959 984 3998 carne
1019 3941 1148 3997 fuit.
1184 3941 1380 3997 Sancti
1430 3941 1589 3996 enim
1633 3940 1853 4004 Patres,
1905 3956 2054 4012 quos

404 4014 596 4092 metus
623 4032 927 4106 originalis
959 4030 1177 4103 peccati
1221 4030 1623 4096 contristabat,
1675 4045 1779 4101 per
1822 4028 2053 4085 Domini

403 4124 863 4179 incarnationem
894 4119 1182 4175 consolari
1197 4119 1530 4185 credebant,
1552 4124 1607 4174 et
1620 4119 1748 4174 ideo
1760 4118 2054 4191 prophetae

402 4213 868 4286 quotiescunque
902 4208 1131 4264 Domini
1164 4208 1475 4264 adventum
1501 4207 1914 4281 praedicabant,
1938 4224 2053 4262 non

402 4318 639 4376 parvam
653 4298 1108 4357 consolationem
1122 4297 1493 4353 credentibus
1509 4296 1877 4353 exhibebant.
1898 4296 2055 4353 Unde

403 4391 586 4448 Isaias
617 4406 749 4446 cum
783 4387 1014 4444 Domini
1042 4387 1353 4442 adventum
1368 4386 1725 4459 praediceret,
1741 4384 2052 4457 specialem

407 4479 861 4535 consolationem
911 4475 1124 4549 populo
1172 4474 1391 4539 intulit,
1441 4475 1678 4530 dicens:
1721 4497 1748 4525 «
1780 4473 2051 4530 Consola-

2162 3330 2320 3380 ctum
2354 3326 2482 3396 ejus
2497 3325 2954 3380 incarnationem
2973 3323 3376 3397 praeviderunt,
3397 3338 3531 3378 cum
3547 3338 3819 3394 corpora-

2161 3412 2314 3484 liter,
2347 3412 2396 3468 si
2429 3412 2551 3468 ﬁeri
2583 3416 2801 3485 posset,
2835 3413 3029 3469 videre
3060 3416 3425 3485 optaverunt,
3451 3415 3621 3484 juxta
3663 3409 3815 3465 illud

2164 3502 2316 3573 quod
2352 3502 2632 3557 Dominus
2662 3501 2942 3574 loquitur,
2976 3502 3204 3557 dicens:
3241 3526 3266 3551 ‹‹
3303 3501 3435 3556 Dico
3465 3499 3629 3556 vobis
3660 3498 3821 3572 quod

2164 3589 2333 3645 multi
2392 3590 2683 3662 propheta:
2741 3595 2799 3647 et
2855 3607 3022 3664 reges
3069 3589 3381 3646 voluerunt
3436 3589 3631 3646 videre
3688 3605 3821 3661 quas

2162 3696 2263 3735 vos
2293 3679 2521 3748 videtis,
2556 3684 2614 3736 et
2663 3697 2779 3735 non
2833 3680 3138 3735 viderunt:
3173 3683 3232 3734 et
3280 3678 3486 3735 audire
3536 3694 3662 3750 qua
3713 3693 3820 3733 au-

2164 3767 2321 3836 ditis,
2354 3772 2411 3823 et
2442 3785 2557 3824 non
2587 3768 2903 3824 audierunt
2930 3768 3079 3841 (Luc.
3111 3771 3191 3836 x).
3230 3790 3257 3817 ››
3279 3767 3398 3824 Hoc
3420 3764 3710 3822 desiderio
3726 3765 3827 3820 ﬂa-

2163 3857 2371 3930 grabat
2400 3857 2747 3913 venerabilis
2778 3874 2953 3913 senex
2981 3857 3183 3922 Jacoh,
3215 3856 3314 3928 qui
3339 3872 3472 3911 cum
3498 3855 3827 3911 moriturus

2167 3945 2315 4002 ﬁlios
2344 3947 2730 4012 benediceret,
2752 3947 2875 4014 ait;
2912 3968 2939 3996 ‹‹
2963 3945 3229 4003 Salutare
3247 3952 3415 4001 tuum
3445 3944 3823 4016 exspectabo,

2167 4035 2407 4090 Domine
2467 4038 2621 4104 (Gen.
2680 4036 2791 4107 XL).
2830 4057 2858 4085 »
2904 4035 3020 4089 Hoc
3082 4035 3258 4090 etiam
3321 4050 3519 4089 amore
3578 4032 3830 4089 ardebat

2166 4124 2366 4187 Isaias,
2414 4140 2547 4179 cum
2597 4124 2849 4179 dicebat.
2883 4146 2910 4173 «
2947 4122 3177 4179 Utinam
3210 4123 3609 4195 disrumperes
3646 4121 3828 4177 caelos

2163 4216 2220 4265 et
2277 4211 2658 4267 descenderes
2714 4214 2844 4281 (Isa.
2909 4212 3087 4284 xxxv)!
3152 4236 3180 4261 ››
3241 4212 3311 4268 Et
3369 4210 3544 4266 David
3614 4210 3827 4266 eodem

2163 4304 2415 4356 aestuans
2458 4317 2673 4368 amore,
2727 4300 2948 4357 aiebat:
3003 4325 3029 4351 ‹‹
3068 4301 3327 4365 Domine,
3379 4298 3599 4355 inclina
3645 4298 3829 4356 oculos

2162 4393 2318 4455 tuos,
2351 4393 2408 4443 et
2422 4389 2728 4445 descende.
2762 4410 2789 4439 »
2816 4390 2885 4445 Et
2907 4406 3059 4446 unus
3073 4390 3492 4463 prophetarnm
3515 4388 3624 4444 hoc
3642 4388 3826 4444 etiam

2164 4479 2404 4533 ardebat
2433 4493 2651 4543 amore,
2669 4494 2803 4533 cum
2817 4478 3074 4534 dicebat:
3092 4503 3118 4529 «
3137 4478 3492 4551 Exspectabo
3508 4476 3825 4533 Dominum

406 4567 570 4632 mini,
605 4564 1011 4630 consolamini,
1040 4563 1251 4637 popule
1282 4580 1468 4630 meus,
1502 4563 1643 4619 dicit
1676 4569 1824 4619 Deus
1860 4568 2053 4619 vester
2079 4583 2129 4650 Β
2166 4566 2512 4622 salvatorem
2546 4582 2768 4632 meum,
2800 4571 2859 4624 et
2887 4567 3267 4639 praestolabor
3294 4583 3429 4623 eum
3460 4567 3603 4622 dum
3635 4582 3825 4638 prope

406 4656 535 4727 (lsa.
568 4654 682 4725 XL).
720 4676 748 4702 »
780 4655 849 4708 Et
880 4654 1122 4708 iterum:
1159 4675 1187 4703 «
1221 4652 1403 4707 Dicite
1435 4651 1857 4723 pusillanimis:
1908 4669 2048 4707 con-

369 4758 373 4763 '
407 4742 707 4799 fortamini
738 4748 796 4798 et
825 4740 1006 4797 nolite
1037 4742 1262 4796 timere.
1295 4741 1440 4795 Ecce
1480 4745 1630 4795 Deus
1676 4745 1884 4809 vester,
1930 4742 2056 4814 ipse

404 4832 596 4888 veniet
624 4837 681 4887 et
701 4830 951 4887 salvabit
967 4847 1087 4886 vos.
1114 4852 1142 4880 ››
1157 4830 1315 4885 Hanc
1329 4827 1783 4884 consolationem
1797 4829 2054 4901 Simeon,

406 4920 508 4995 qui
539 4920 817 4976 obediens
848 4920 1285 4990 interpretatur,
1319 4917 1710 4989 exspectabat,
1736 4935 1909 4989 quem
1942 4936 2061 4975 ma-

407 5014 541 5065 tura
570 5012 708 5063 aetas
739 5010 809 5063 de
842 5008 1062 5063 mundo
1094 5004 1761 5077 utexiretcompellebat,
1781 5023 1913 5062 cum
1932 5025 2059 5081 pro-

408 5101 535 5169 pter
550 5095 911 5151 desiderium
922 5096 1152 5151 videndi
1171 5096 1478 5152 Dominum
1494 5094 1553 5150 in
1567 5111 1738 5152 carne
1757 5096 2056 5154 manebat.

410 5184 532 5239 «Et
563 5184 808 5256 spiritus
856 5188 1094 5239 sanctus
1138 5189 1261 5240 erat
1289 5184 1350 5240 in
1395 5201 1483 5241 eo.
1520 5208 1546 5234 ››
1597 5184 1747 5240 Bene
1797 5184 2061 5241 dicturus

410 5270 770 5345 evangelista
800 5272 871 5328 de
902 5271 1190 5340 Simeone,
1225 5273 1363 5345 quia
1386 5273 1638 5346 Spiritus
1660 5276 1898 5329 sanctus
1937 5279 2063 5330 erat

410 5360 472 5416 in
505 5377 592 5429 eo,
629 5360 915 5433 praemisit
943 5361 1099 5433 quod
1131 5366 1253 5416 erat
1284 5385 1303 5410 ι
1332 5362 1533 5431 justus
1575 5366 1633 5418 et
1662 5362 1995 5432 timoratus,
2030 5388 2059 5413 ››

411 5449 693 5523 quoniam
725 5450 785 5505 in
820 5448 1057 5506 illorum
1088 5449 1362 5506 cordibus
1390 5456 1535 5508 Deus
1567 5450 1815 5522 habitat,
1852 5452 1953 5524 qui
1985 5453 2062 5507 ti-

411 5543 638 5598 mentes
669 5542 852 5594 Deum
877 5538 1175 5612 justitiam
1207 5544 1457 5607 servent,
1487 5541 1640 5596 sicut
1660 5541 1786 5613 ipse
1809 5557 1912 5614 per
1931 5559 2066 5614 pro-

410 5629 646 5713 phetam
681 5626 852 5687 dicit:
886 5638 917 5683 κς
953 5628 1139 5705 Supcr
1168 5643 1344 5704 quem
1363 5629 1727 5705 requiescam
1744 5630 1858 5689 nisi
1889 5648 2066 5708 super

2160 4658 2249 4709 est
2282 4653 2468 4726 (Mz'ch.
2501 4653 2626 4723 vn).
2665 4675 2691 4702 »
2712 4654 3512 4726 Quwriturquaredicatmon
3529 4651 3834 4709 essevisu.

2167 4760 2295 4798 rum
2328 4747 2602 4809 mortem,
2617 4759 2750 4798 cum
2777 4760 2936 4799 mors
2950 4743 3143 4816 potius
3157 4742 3361 4798 oculus
3374 4741 3625 4808 claudat,
3639 4733 3829 4812 quam

2168 4831 2413 4903 aperiat.
2449 4831 2561 4887 Sed
2594 4833 2664 4888 ad
2697 4832 2805 4888 hoc
2837 4832 3172 4900 dicendum,
3209 4833 3348 4904 quia
3375 4830 3569 4887 videre
3622 4830 3681 4884 in
3712 4829 3829 4886 hoc

2170 4920 2313 4988 loco,
2347 4937 2451 4992 pro
2483 4921 2700 4976 sentire
2729 4920 2816 4976 vel
2858 4920 3101 4992 experiri
3154 4921 3388 4975 dicitur.
3445 4921 3562 4974 Iste
3611 4918 3829 4973 modus

2168 5009 2227 5064 in
2258 5009 2577 5081 Scripturis
2605 5009 3030 5066 usitatissimus
3046 5014 3155 5076 est,
3187 5014 3253 5066 ut
3268 5009 3462 5065 videre
3483 5024 3586 5080 pro
3604 5007 3829 5063 sentire

2167 5097 2254 5154 vel
2270 5099 2514 5171 experiri
2530 5097 2687 5170 aliqu
2710 5098 2849 5153 inde
2860 5088 3132 5170 ponatur,
3160 5098 3381 5154 sicutin
3397 5095 3709 5168 Evangelio
3721 5100 3830 5152 Do-

2171 5187 2368 5243 minus
2399 5186 2571 5241 dicit:
2594 5209 2615 5235 α
2635 5185 2693 5241 Si
2706 5186 2839 5257 quis
2853 5185 3359 5260 diligitscrmones
3372 5201 3557 5253 meos,
3572 5189 3828 5239 mortem

2171 5293 2287 5332 non
2301 5275 3159 5339 videbitinaeternum,»Etideo
3172 5276 3325 5348 quod
3341 5272 3827 5345 dicitevangelis-

2169 5369 2250 5430 ta,
2272 5386 2298 5415 ‹‹
2320 5381 2435 5420 non
2450 5378 2576 5419 esse
2587 5361 2854 5417 visurum
2869 5368 3115 5420 mortem
3126 5405 3139 5431 ,
3161 5386 3190 5414 »
3207 5363 3321 5420 tale
3332 5366 3422 5420 est
3431 5379 3498 5418 ac
3510 5361 3561 5419 si
3579 5361 3827 5429 diceret,

2174 5470 2289 5510 non
2320 5469 2447 5509 esse
2476 5454 2850 5525 gustaturum
2885 5452 2943 5507 in
2976 5469 3037 5509 se
3066 5453 3154 5510 vel
3187 5467 3503 5510 sensurum
3549 5455 3826 5507 mortem.

2245 5564 2272 5592 «
2307 5544 2375 5596 Et
2404 5540 2561 5596 venit
2591 5540 2647 5594 in
2683 5540 2895 5613 spiritu
2924 5542 2984 5598 in
3018 5541 3325 5615 templum.
3364 5565 3393 5591 ››
3423 5540 3550 5597 Non
3582 5543 3831 5613 putatur

2174 5632 2234 5690 in
2267 5630 2481 5688 exstasi
2514 5632 2716 5706 raptus
2735 5630 2962 5690 venisse
2981 5630 3041 5688 in
3066 5630 3371 5708 templum,
3394 5630 3548 5689 sicut
3565 5628 3845 5692 Joannes
