4070 6190
223 344 328 405 109

1459 341 1814 403 HOMILUE
1858 342 1960 402 DE
2002 341 2400 402 TEMPORE.

3510 346 3627 403 H0

216 476 291 532 tia
320 475 551 531 decima
579 476 675 532 die
705 476 1026 533 nativitatis
1052 475 1207 549 magi
1239 475 1311 531 ab
1333 475 1555 531 oriente
1585 478 1870 531 venerunt
1896 476 1953 542 Α
1985 489 2098 545 quc
2130 472 2187 528 in
2220 477 2396 541 terra,
2428 473 2530 529 sed
2565 488 2667 545 per
2708 487 2844 528 aera
2885 471 3272 540 discurrebat,
3322 479 3389 529 ut
3429 475 3546 530 dux
3574 482 3633 533 et

218 563 696 636 Hierosolymam.

278 677 305 703 ‹‹
339 652 644 709 Dicentes:
679 653 786 710 Ubi
811 658 901 709 est
920 653 1020 726 qui
1038 658 1323 710 natusest
1346 655 1464 709 Rex
1490 653 1867 710 Judaeorum‘?

215 766 239 793 «ι
267 742 545 797 Vidimus
572 742 730 798 enim
751 742 980 799 stellam
1005 744 1134 815 ejus
1156 743 1215 798 in
1245 744 1486 809 oriente,
1512 747 1571 798 et
1595 741 1865 798 venimus

217 853 241 882 ο(
268 831 516 887 adorare
556 848 713 888 eum.
740 854 767 881 »
800 832 870 887 Et
899 832 1044 888 bene
1074 832 1147 887 ab
1175 831 1395 888 oriente
1422 831 1735 887 veniebant
1764 828 1864 902 qui

212 920 494 977 orientem
512 920 874 992 quaerebant,
890 918 1085 992 ipsum
1108 918 1330 975 scilicet
1351 920 1422 976 de
1444 936 1559 993 quo
1580 917 1864 991 scriptum

212 1015 320 1066 est:
379 1033 407 1057 κ
440 1011 587 1066 Ecce
617 1009 724 1077 vir,
773 1008 979 1066 Oriens
1020 1026 1233 1065 nomen
1273 1010 1421 1080 ejus,
1448 1032 1477 1058 »
1520 1013 1578 1065 et
1606 1009 1860 1064 iterum:

212 1122 237 1150 «
261 1098 538 1155 Visitavit
559 1115 669 1154 nos
694 1098 899 1155 Oriens
918 1114 988 1154 ex
1016 1098 1133 1154 alto
1156 1099 1305 1170 (Luc.
1338 1101 1401 1166 1).
1429 1119 1456 1145 ››
1496 1097 1622 1152 Non
1663 1101 1860 1152 autem

210 1204 366 1255 casu,
400 1188 507 1244 sed
538 1186 736 1242 divina
777 1186 1212 1259 dispensatione
1242 1190 1437 1241 actum
1469 1189 1577 1249 est,
1614 1189 1677 1239 ut
1707 1183 1864 1257 magi

210 1292 401 1349 regem
425 1282 635 1332 natum
659 1274 914 1347 primum
938 1274 1342 1348 Hierosolyma:
1363 1276 1709 1346 quaererent,
1733 1290 1861 1345 qua:

210 1370 293 1422 est
319 1363 672 1437 metropolis
701 1363 907 1420 civitas
933 1364 1290 1431 Judzeorum,
1314 1366 1383 1419 ut
1403 1362 1625 1420 scilicet
1645 1362 1757 1435 ipsi
1779 1360 1862 1418 lo-

209 1471 334 1509 cum
365 1452 693 1511 nativitatis
713 1469 748 1508 a
770 1453 800 1508 J
812 1453 990 1509 udazis
1010 1453 1323 1520 discerent,
1345 1452 1602 1508 etJudaei
1624 1452 1696 1507 ab
1718 1450 1864 1523 ipsis

206 1558 401 1615 regem
419 1559 600 1597 suum
622 1546 829 1597 natum
852 1542 1123 1597 audirent
1145 1559 1160 1597 :
1180 1547 1236 1598 et
1257 1540 1303 1597 si
1323 1558 1457 1596 cum
1480 1540 1625 1612 ipsis
1647 1540 1717 1595 ad
1733 1539 1865 1595 ado-

210 1632 460 1687 randum
513 1636 846 1704 pergerent,
886 1628 1286 1686 salvarentur:
1321 1629 1369 1684 si
1402 1632 1597 1685 autem
1627 1645 1865 1701 pergere

209 1720 449 1787 nollent,
475 1717 907 1777 inexcusabiles
936 1723 1154 1775 essent.
1179 1718 1289 1774 Sed
1309 1717 1420 1790 ipsi
1446 1717 1638 1774 locum
1662 1718 1867 1772 nativi-

208 1808 337 1865 tatis
349 1807 562 1865 exsuis
574 1807 745 1869 libris
756 1807 885 1865 aliis
898 1808 1279 1864 ostenderunt
1290 1807 1389 1863 sed
1405 1812 1685 1879 tanquam
1701 1806 1863 1862 stulti

208 1903 256 1954 et
272 1897 413 1954 caeci
431 1897 493 1952 in
512 1896 773 1953 tenebris
795 1901 1266 1970 permanserunt.
1294 1896 1568 1968 Factique
1590 1900 1729 1951 sunt
1748 1894 1865 1951 illis

208 1985 371 2058 quasi
414 1984 645 2059 lapides
673 1984 733 2039 in
782 1984 1052 2042 milliario
1084 1984 1184 2057 qui
1236 1984 1649 2040 itinerantihus
1707 1984 1863 2038 viam

207 2076 551 2143 ostendunt,
585 2074 688 2131 sed
706 2078 902 2129 tamen
924 2074 1010 2129 eis
1027 2073 1577 2145 pertranseuntibus
1596 2071 1792 2129 stolidi
1810 2076 1867 2127 et

205 2162 547 2221 immobiles
576 2165 921 2236 permanent
944 2180 958 2229 ;
984 2162 1066 2217 ita
1082 2162 1319 2234 quidem
1341 2166 1398 2217 et
1426 2162 1609 2218 Judaei
1634 2160 1765 2218 aliis
1787 2159 1871 2216 lo-

204 2268 337 2307 cum
371 2251 701 2307 nativitatis
744 2250 960 2307 Christi
989 2250 1393 2323 ostenderunt,
1415 2251 1518 2307 sed
1553 2251 1613 2306 in
1644 2267 1707 2306 se
1737 2256 1866 2308 stu-

203 2340 321 2411 pidi
354 2344 792 2396 remanserunt.
826 2339 962 2402 Quae
1006 2343 1202 2396 autem
1248 2338 1342 2395 hic
1371 2340 1446 2394 ab
1498 2340 1867 2412 Evangelista

203 2427 610 2501 Hierosolyma
627 2433 830 2489 vocata
860 2433 969 2497 est,
1004 2428 1130 2501 ipsa
1158 2433 1247 2484 est
1278 2428 1637 2502 civitasquae
1667 2447 1702 2484 a
1728 2430 1864 2486 Sem

202 2516 319 2573 ﬁlio
350 2517 475 2573 .\'oe
494 2516 800 2585 aediﬁcata,
824 2519 1084 2590 primum
1113 2519 1271 2573 dicta
1298 2522 1388 2573 est
1417 2517 1639 2584 Salem,
1662 2523 1867 2591 postea

200 2622 325 2662 vero
357 2610 608 2678 propter
635 2604 995 2663 habitatores
1026 2607 1428 2663 Jebusazorum
1461 2607 1750 2680 appellata
1777 2612 1866 2664 est

201 2694 405 2751 Jebus.
444 2693 611 2750 Unde
648 2698 708 2750 et
738 2712 801 2750 ex
838 2696 1107 2767 utrisque
1129 2695 1521 2768 compositum
1546 2700 1634 2752 est
1650 2712 1863 2752 nomen

203 2785 322 2855 ejus
354 2782 719 2840 Jerusalem.
753 2783 1139 2856 Temporibus
1169 2801 1302 2840 vero
1330 2784 1658 2841 Salomonis
1689 2786 1862 2858 regis,

203 2874 323 2944 ejus
375 2871 677 2945 sapientia
705 2877 762 2928 et
791 2873 997 2929 decore
1048 2872 1317 2946 ampliori
1347 2872 1566 2929 honore
1592 2873 1862 2942 exaltata,

204 2961 355 3017 dicta
385 2965 484 3017 est
512 2960 931 3034 Hierosolyma,
959 2961 1129 3033 quasi
1151 2961 1668 3019 Hierosolomonia.
1704 2964 1867 3019 Unde

204 3050 453 3121 quidam
486 3049 866 3115 metricorum
889 3049 1006 3106 ait:
1042 3074 1069 3101 ‹‹
1095 3050 1264 3107 Hiero
1285 3068 1459 3124 quem
1482 3051 1684 3125 genuit
1713 3051 1869 3108 Salo-

1978 562 2192 635 praevia
2207 579 2515 635 magorum
2534 578 2721 634 usque
2739 561 2812 617 ad
2832 565 3034 617 natum
3058 577 3306 634 puerum
3329 567 3503 619 esset.
3522 564 3635 620 Sed

1978 669 2168 724 neque
2201 655 2373 707 antea
2406 650 2587 706 fuisse
2620 650 2897 717 creditur,
2920 668 3108 724 neque
3138 656 3340 724 postea
3369 668 3637 724 perman-

1978 739 2147 807 sisse,
2173 740 2272 796 sed
2292 757 2427 795 cum
2458 756 2642 795 novus
2664 739 2841 795 homo
2864 743 3037 795 natus
3058 743 3148 795 est
3167 738 3227 794 in
3249 740 3494 809 mundo,
3528 756 3633 797 no-

1973 845 2109 883 vum
2145 829 2311 884 sidus
2341 828 2613 901 apparuit
2641 827 2700 883 in
2724 826 2886 884 ccelo.
2911 827 3122 884 Omnia
3152 828 3309 884 enim
3341 827 3632 885 elementa

1974 915 2301 974 Creatorem
2352 933 2527 973 suum
2557 916 2617 971 in
2667 916 2889 972 mundo
2933 917 3167 973 venisse
3209 921 3625 991 cognoverunt.

1974 1005 2197 1063 Caelum
2229 1006 2517 1080 cognovit,
2553 1006 2694 1078 quia
2720 1023 2855 1062 mox
2891 1023 2957 1062 eo
2990 1012 3124 1062 nato
3155 1005 3386 1063 stellam
3415 1023 3627 1064 novam

1974 1095 2169 1163 misit;
2198 1112 2361 1152 mare
2392 1095 2683 1169 cognovit,
2708 1095 2849 1168 quia
2879 1095 2990 1151 sub
3011 1095 3231 1168 plantis
3261 1096 3389 1168 ejus
3416 1112 3483 1153 se
3512 1096 3626 1152 cale

1973 1182 2158 1239 cabile
2189 1183 2437 1257 praebuit
2466 1202 2479 1252 ;
2512 1183 2598 1240 sol
2629 1184 2916 1257 cognovit,
2943 1184 3081 1256 quia
3101 1185 3161 1241 in
3181 1186 3312 1256 ejus
3332 1189 3519 1241 morte
3541 1202 3631 1243 ra-

1972 1273 2100 1329 dios
2132 1273 2224 1330 sui
2256 1272 2500 1329 luminis
2530 1273 2881 1329 abscondit:
2910 1290 3051 1328 saxa
3079 1277 3138 1328 et
3166 1272 3390 1346 lapides
3421 1289 3629 1346 cogno-

1970 1365 2200 1427 verunt,
2233 1362 2371 1435 quia
2397 1378 2464 1417 eo
2494 1361 2776 1418 moriente
2806 1361 3001 1416 scissa:
3033 1365 3198 1429 sunt;
3233 1365 3389 1417 terra
3418 1377 3629 1434 cogno-

1971 1450 2074 1517 vit,
2106 1450 2245 1522 quia
2293 1466 2359 1507 eo
2407 1452 2744 1521 rosurgente
2789 1449 3139 1504 contremuit
3185 1448 3393 1518 (Matth.
3424 1453 3622 1519 xxvu).

1973 1539 2086 1594 Sed
2127 1556 2303 1611 quem
2327 1538 2691 1594 irrationales
2723 1543 3001 1593 creaturae
3031 1544 3446 1611 cognoverunt,
3479 1540 3628 1595 dura

1972 1633 2030 1684 et
2061 1627 2242 1683 stulta
2271 1626 2443 1682 corda
2488 1626 2825 1683 Judteorum
2856 1626 3048 1682 adhuc
3079 1643 3195 1683 non
3242 1631 3623 1700 cognoscunt.

1973 1717 2085 1772 Sed
2120 1715 2263 1771 illud
2314 1716 2881 1788 praetermittendum
2931 1733 3047 1771 non
3080 1720 3190 1784 est,
3222 1716 3362 1789 quia
3390 1717 3628 1773 fuerunt

1974 1804 2433 1861 Priscillianistm
2461 1804 2737 1872 haeretici,
2771 1804 2872 1877 qui
2912 1805 3186 1861 dixerunt
3229 1822 3624 1878 unumquem-

1974 1911 2087 1966 que
2116 1893 2414 1950 hominem
2438 1894 2548 1949 sub
2576 1895 2693 1950 t'ato
2715 1892 3019 1950 stellarum
3044 1895 3226 1962 nasci,
3245 1893 3355 1951 hoc
3375 1894 3434 1949 in
3457 1895 3625 1966 adju-

1972 1984 2189 2039 torium
2222 1982 2315 2039 sui
2344 1982 2556 2039 erroris
2587 2000 2888 2039 assumere
2917 1983 3197 2054 volentes,
3226 1984 3368 2056 quia
3397 2000 3533 2039 mox
3561 1988 3627 2039 ut

1973 2071 2259 2128 Dominus
2288 2077 2465 2128 natus
2493 2077 2604 2139 est,
2635 2073 2764 2144 ejus
2790 2070 2958 2129 stella
2988 2072 3048 2127 in
3080 2071 3299 2128 oriente
3329 2071 3623 2146 apparuit.

1974 2161 2197 2227 Quibus
2237 2178 2267 2215 e
2316 2161 2542 2217 diverso
2574 2177 2681 2217 nos
2710 2161 3137 2234 respondemus
3167 2148 3306 2234 quia
3334 2178 3451 2218 non
3482 2178 3628 2233 puer

1973 2251 2045 2305 ad
2078 2249 2330 2318 stellam,
2382 2251 2482 2305 sed
2514 2250 2683 2306 stella
2713 2251 2785 2305 ad
2835 2267 3083 2322 puerum
3116 2250 3307 2306 venit:
3346 2250 3396 2306 si
3428 2250 3627 2307 liceret

1974 2340 2087 2395 dici
2112 2339 2232 2396 ullo
2248 2340 2442 2408 modo,
2462 2339 2651 2413 magis
2672 2356 2816 2412 puer
2830 2340 3016 2395 fatum
3037 2339 3238 2408 stellae,
3258 2357 3436 2413 quam
3459 2339 3628 2397 stella

1974 2430 2158 2485 fatum
2206 2430 2370 2501 pueri
2403 2430 2755 2485 crederetur.
2797 2429 3081 2485 Dicebant
3109 2433 3306 2486 autem
3337 2429 3494 2502 quod
3524 2430 3627 2503 qui

1974 2519 2086 2575 sub
2108 2519 2274 2591 signo
2309 2519 2700 2574 nascebantur
2723 2517 2926 2584 Librae,
2968 2519 3279 2592 trapezitae
3308 2535 3438 2576 esse
3466 2518 3627 2575 futu-

1973 2624 2091 2678 ros,
2141 2606 2409 2679 plurimae
2458 2611 2655 2662 autem
2704 2610 2907 2680 gentes
2955 2612 3113 2677 sunt,
3146 2623 3273 2680 qua;
3312 2607 3627 2680 trapezitas

1973 2713 2089 2752 non
2120 2696 2355 2761 habent,
2388 2699 2445 2751 et
2473 2700 2669 2751 tamen
2720 2697 2830 2751 sub
2860 2696 3064 2752 eodem
3108 2696 3276 2768 signo
3318 2695 3488 2751 multi
3519 2695 3645 2752 ho-'

1974 2786 2186 2850 mines,
2220 2784 2372 2840 sicut
2400 2784 2459 2839 in
2501 2783 2631 2840 aliis
2677 2785 3034 2857 regionibus,
3086 2788 3426 2840 nascuntur.
3458 2783 3624 2841 Dice-

1972 2875 2117 2930 bant
2145 2874 2323 2929 etiam
2373 2890 2472 2929 eos
2516 2873 2617 2945 qui
2650 2874 2761 2929 sub
2808 2874 2977 2947 signo
3023 2873 3263 2945 Aquarii
3302 2873 3623 2930 nasceban-

1974 2967 2071 3017 tur
2100 2963 2420 3034 piscatores
2466 2978 2595 3017 esse
2635 2962 2884 3029 futuros,
2915 2978 3050 3018 cum
3081 2963 3208 3019 sine
3244 2963 3423 3020 dubio
3455 2961 3626 3019 multi

1976 3051 2243 3107 homines
2270 3051 2381 3106 sub
2405 3050 2608 3106 eodem
2630 3050 2839 3119 sidere,
2865 3051 3018 3107 sicut
3038 3050 3097 3106 in
3128 3052 3352 3108 caeteris
3382 3051 3631 3124 regioni-

205 3139 403 3194 monia
439 3154 656 3211 regem.
686 3162 715 3189 »
747 3140 882 3195 Suis
900 3156 1132 3212 quoque
1147 3139 1339 3196 verbis
1356 3140 1512 3214 magi
1532 3158 1668 3196 eum
1690 3157 1864 3214 quem
1976 3140 2108 3207 bus,
2168 3147 2501 3208 nascantur,
2554 3139 2654 3211 qui
2702 3139 3022 3212 piscatores
3050 3156 3167 3196 non
3198 3144 3356 3196 sunt.
3389 3139 3538 3195 Nam
3567 3139 3630 3195 in

202 3228 572 3298 querebant.
604 3226 906 3283 hominem
937 3244 1132 3301 regem
1153 3229 1487 3301 pariterque
1517 3230 1701 3285 Deum
1734 3231 1869 3285 fate-
1898 3214 1941 3281 C
1979 3227 2221 3284 Francia
2250 3227 2756 3301 plurimarumque
2801 3228 3066 3301 gentium
3111 3228 3329 3302 regnis,
3362 3244 3529 3301 reges
3557 3244 3631 3284 ex

200 3314 444 3371 bantur.
503 3314 813 3371 Hominem
864 3317 1082 3389 quippe
1140 3334 1397 3389 quaerere
1426 3335 1488 3375 se
1527 3318 1865 3385 ostendunt,

199 3419 328 3459 cum
391 3402 645 3459 dicunt:
682 3426 709 3454 «
745 3403 855 3460 Ubi
903 3410 997 3460 est
1042 3405 1143 3477 qui
1195 3411 1373 3462 natus
1409 3407 1541 3462 est?
1572 3429 1601 3456 »
1647 3424 1865 3480 regem,

196 3506 326 3546 cum
359 3492 769 3565 subjungunt,
802 3516 830 3542 «
866 3510 966 3549 rex
994 3493 1355 3552 Judazorum.
1387 3518 1416 3544 »
1465 3496 1870 3567 Eumdemque

198 3578 378 3635 Deum
415 3597 556 3635 esse
586 3581 960 3637 conﬁtentur.
985 3599 1119 3638 cum
1148 3583 1510 3654 subjiciunt:
1546 3583 1870 3640 «Vidimus

196 3668 347 3724 enim
384 3668 632 3726 stellam
681 3670 811 3742 ejus
841 3670 902 3724 in
952 3671 1196 3743 oriente,
1229 3676 1285 3727 et
1328 3672 1597 3729 venimus
1628 3673 1870 3729 adorare

195 3773 347 3814 eum.
374 3783 406 3809 ››
453 3758 567 3814 Sed
591 3758 740 3816 forte
764 3760 973 3832 quaerit
993 3758 1208 3832 aliquis
1226 3777 1354 3832 qua:
1376 3760 1489 3816 ista
1509 3762 1587 3817 sit
1607 3761 1871 3817 diti'eren-

198 3844 294 3913 tia,
346 3855 421 3903 ut
479 3846 672 3921 magis
720 3848 780 3903 in
811 3849 1030 3905 oriente
1076 3849 1398 3906 nativitatis
1436 3850 1667 3905 Domini
1700 3851 1872 3907 index

199 3935 365 3991 stella
384 3937 698 4009 apparuit,
720 3954 857 3993 cum
880 3936 1124 4010 angelus
1140 3937 1199 3993 in
1216 3938 1421 3995 Judaea
1440 3940 1703 3996 eamdem
1728 3938 1876 3994 nati-

199 4022 441 4081 vitatem
483 4024 821 4098 pastoribus
844 4026 1216 4082 nuntiaverit.
1238 4028 1322 4082 Ad
1347 4029 1499 4101 quod
1524 4028 1874 4101 responden-

201 4111 335 4167 dum
368 4118 495 4180 est,
529 4112 672 4185 quia
687 4113 933 4186 dignum
962 4114 1070 4170 fuit
1091 4118 1155 4170 ut
1182 4117 1539 4187 pastoribus,
1564 4117 1666 4188 qui
1688 4118 1873 4173 Israe-

200 4197 308 4255 lita:
359 4216 543 4259 erant
574 4206 631 4258 et
678 4201 865 4259 Deum
898 4202 1026 4259 coeli
1074 4205 1522 4276 cognoscebant,
1573 4204 1874 4262 rationalis

200 4295 501 4357 creatura,
536 4291 594 4346 id
627 4295 720 4348 est
748 4291 995 4365 angelus
1016 4298 1340 4365 appareret,
1365 4293 1466 4365 qui
1496 4311 1596 4350 eos
1626 4295 1695 4350 de
1724 4294 1872 4351 nati-

198 4374 369 4434 vitate
387 4378 634 4435 Domini
652 4378 1000 4448 instrueret;
1015 4379 1205 4453 magis
1226 4398 1381 4450 vero,
1396 4387 1677 4454 tanquam
1695 4383 1878 4456 genti-

197 4463 351 4523 libus
371 4471 432 4524 ct
446 4467 682 4524 ratione
694 4468 1050 4537 carentibus,
1067 4468 1421 4525 irrationalis
1432 4476 1698 4527 creatura
1709 4471 1877 4528 stella

1975 3318 2198 3391 origine
2220 3317 2532 3373 succedere
2555 3316 2765 3384 solent,
2788 3322 2846 3373 et
2874 3316 3075 3373 nullus
3095 3317 3326 3390 ignorat
3346 3317 3487 3389 quia
3515 3316 3626 3373 sub

1974 3408 2178 3463 eodem
2210 3406 2377 3479 signo
2408 3410 2463 3461 et
2492 3405 2695 3462 eadem
2738 3405 2884 3462 hora
2912 3422 3030 3479 qua
3058 3404 3215 3462 ﬁlius
3244 3404 3399 3479 regis
3429 3404 3627 3461 nasci-

1976 3500 2090 3564 tur,
2116 3495 2287 3550 multi
2317 3513 2385 3551 ex
2416 3494 2610 3551 servili
2640 3495 2972 3551 conditione
2991 3496 3053 3550 in
3074 3495 3278 3551 eodem
3306 3510 3484 3568 regno
3515 3493 3627 3550 sub

1976 3585 2180 3641 eodem
2207 3584 2396 3640 sidere
2429 3587 2769 3650 nascuntur,
2792 3589 2850 3639 et
2880 3589 3079 3641 tamen
3108 3583 3265 3639 ﬁlius
3292 3584 3471 3656 regis,
3493 3598 3629 3638 cum

1978 3673 2215 3729 adultus
2249 3673 2441 3740 fuerit,
2472 3673 2636 3746 regni
2662 3673 2944 3746 dignitate
2973 3672 3346 3741 sublimatur,
3381 3686 3515 3729 cum
3542 3670 3628 3726 illi

1978 3764 2234 3835 quicum
2264 3779 2330 3818 eo
2363 3761 2481 3817 nati
2513 3766 2653 3818 sunt
2681 3778 2867 3833 usque
2897 3762 2970 3817 ad
3002 3766 3249 3818 mortem
3270 3761 3332 3816 in
3352 3760 3630 3820 servitute

1978 3855 2376 3924 permaneant.
2429 3852 2539 3907 Sed
2590 3868 2662 3906 ne
2700 3867 2877 3923 parva
2905 3851 3026 3906 haec
3054 3851 3127 3907 ad
3160 3849 3631 3908 Priscillianista-

1979 3958 2110 3996 rum
2141 3940 2410 3996 haeresim
2458 3940 2879 3995 destruendam
2907 3940 3236 4007 videantur,
3269 3937 3445 3996 etiam
3476 3939 3652 3996 Scri-'

1980 4035 2164 4102 pturze
2211 4046 2411 4089 sacra.
2441 4029 2849 4085 auctoritatem
2898 4029 3306 4086 adhibeamus.
3358 4028 3632 4101 Legimus

1980 4118 2135 4174 enim
2158 4118 2297 4190 quia
2320 4135 2435 4173 una
2455 4119 2778 4189 eademque
2799 4117 2964 4186 hora,
2990 4134 3059 4173 ex
3081 4118 3291 4173 iisdem
3308 4116 3632 4173 visceribus

1981 4207 2456 4263 Rebecca'mater
2501 4208 2650 4262 duos
2680 4206 2835 4262 ﬁlios
2884 4207 3111 4273 habuit,
3142 4207 3296 4262 Esau
3327 4204 3547 4261 scilicet
3576 4209 3635 4261 et

1980 4296 2178 4365 Jacob,
2203 4300 2259 4351 et
2289 4300 2486 4351 tamen
2504 4312 2661 4351 unus
2682 4294 2922 4360 electus,
2946 4295 3091 4351 alter
3109 4311 3240 4350 vero
3264 4294 3630 4366 reprobatus,

1983 4385 2213 4442 dicente
2242 4384 2527 4440 Domino:
2567 4408 2587 4434 α
2625 4382 2805 4439 Jacob
2840 4382 3033 4451 dilexi,
3080 4384 3235 4439 Esau
3274 4386 3469 4439 autem
3501 4381 3634 4438 odio

1982 4474 2161 4531 habui
2191 4475 2363 4547 (Rom.
2390 4476 2485 4542 ix).
2521 4495 2550 4523 ››
2581 4471 2641 4529 Si
2690 4477 2887 4528 autem
2919 4473 3106 4529 fatum
3135 4476 3312 4539 esset,
3344 4475 3447 4528 aut
3477 4475 3638 4528 uter-

201 4562 544 4648 appareret,
560 4574 707 4648 quae
739 4557 978 4648 insolito
1021 4557 1244 4630 fulgore
1275 4574 1591 4648 coruscans
1619 4561 1678 4615 in
1710 4561 1874 4630 caelo,
1907 4584 1953 4648 D
1986 4581 2098 4637 que
2120 4563 2359 4631 electus,
2381 4566 2484 4618 aut
2503 4566 2747 4635 uterque
2766 4565 2921 4617 esset
2937 4562 3303 4633 reprobatus.
3324 4560 3405 4616 Ex
3420 4560 3640 4633 quibus

201 4660 397 4716 regem
432 4644 572 4701 σεειὶ
607 4646 667 4701 in
702 4645 872 4701 terris
903 4650 1107 4703 natum
1139 4647 1493 4715 ostenderet,
1522 4653 1578 4705 et
1606 4650 1687 4705 ita
1716 4651 1878 4706 ﬁeret
1907 4644 1943 4648 _
1986 4653 2263 4709 omnibus
2293 4650 2722 4725 cognoscimus,
2761 4650 2901 4723 quia
2935 4667 3050 4706 non
3074 4649 3266 4706 fatalis
3296 4648 3639 4716 accidentia,

202 4736 263 4786 ut
291 4738 350 4788 et
372 4733 465 4789 illi
491 4752 601 4807 per
630 4734 933 4807 angelum,
967 4740 1025 4792 et
1055 4736 1151 4792 isti
1176 4753 1281 4810 per
1308 4736 1537 4793 stellam
1569 4740 1874 4807 admoniti,

204 4822 271 4877 ad
303 4823 669 4897 angularem
699 4822 958 4897 lapidem
978 4830 1298 4894 currerent,
1332 4832 1390 4881 et
1418 4844 1487 4883 ex
1510 4832 1754 4900 utroque
1782 4845 1879 4900 po-

205 4911 342 4982 pulo
368 4929 572 4968 unum
603 4913 892 4986 parietem
918 4914 1193 4983 facerent,
1227 4914 1299 4970 ab
1333 4915 1430 4971 illo
1452 4917 1774 4989 conjuncti,
1808 4918 1881 4973 de

207 5016 319 5071 quo
350 5001 440 5057 ait
472 5001 799 5075 Apostolus
825 5018 838 5057 :
864 5026 891 5053 «
921 5003 1050 5076 Ipse
1074 5008 1165 5058 est
1193 5020 1305 5076 pax
1349 5010 1567 5072 nostra,
1613 5007 1715 5079 qui
1746 5008 1882 5062 fecit

209 5093 462 5163 utraque
498 5108 710 5158 unum,
742 5096 800 5147 et
822 5090 1079 5148 medium
1106 5093 1385 5165 parietem
1418 5094 1728 5166 copulavit,
1762 5096 1880 5152 dis-

206 5177 432 5236 solvens
470 5180 828 5237 inimicitias
861 5181 923 5238 in
953 5199 1128 5239 carne
1151 5200 1280 5249 sua,
1297 5186 1355 5238 et
1384 5185 1622 5239 veniens
1644 5201 1890 5259 evange-

212 5266 403 5325 lizavit
466 5286 683 5342 pacem
742 5269 835 5327 his
895 5271 995 5344 qui
1052 5270 1221 5344 longe
1266 5276 1322 5327 et
1375 5272 1475 5344 qui
1525 5290 1702 5345 prope
1755 5279 1894 5330 sunt

219 5356 427 5429 (Ephes.
462 5376 534 5415 ιι.
562 5360 579 5430 )
613 5382 643 5409 ››
674 5359 785 5415 Sed
808 5359 955 5415 forte
973 5359 1294 5434 interrogat
1314 5361 1525 5434 aliquis
1553 5366 1751 5418 utrum
1773 5363 1894 5418 hac

218 5445 388 5502 stella
418 5448 485 5502 in
515 5447 662 5504 ccelo
715 5447 941 5504 sidereo
975 5454 1360 5521 permaneret,
1389 5449 1543 5506 sicut
1570 5454 1626 5505 et
1655 5454 1894 5518 caeteras,

218 5532 305 5591 vel
342 5552 451 5610 per
492 5552 697 5592 aerem
740 5553 813 5592 an
847 5553 950 5609 per
976 5541 1193 5593 terram
1225 5537 1600 5595 discurreret.
1630 5540 1707 5595 Ad
1739 5541 1895 5613 quod

223 5624 559 5685 dicendum
578 5625 716 5700 quia
736 5642 925 5703 neque
955 5625 1013 5684 in
1045 5626 1186 5686 coelo
1217 5627 1444 5691 sidereo
1476 5629 1590 5689 ﬁxa
1619 5633 1764 5702 erat,
1797 5647 1895 5690 ne-

1986 4743 2085 4798 sed
2106 4742 2304 4797 divina
2318 4741 2681 4814 providentia
2703 4740 3011 4796 hominum
3031 4740 3213 4795 vitam
3234 4739 3470 4795 ordinat
3491 4754 3641 4810 aque

1986 4830 2283 4904 disponit;
2315 4831 2417 4886 sed
2461 4829 2651 4886 solent
2681 4829 2755 4885 ad
2785 4828 2908 4884 haec
2946 4827 3344 4883 mathematici
3393 4826 3644 4899 objicere

1990 4921 2130 4993 quia
2158 4918 2522 4977 constellatio
2555 4917 2743 4974 fatalis
2769 4918 2829 4973 in
2863 4917 2983 4973 ictu
3004 4917 3323 4990 pungentis
3355 4917 3475 4973 ﬁat.
3508 4915 3645 4985 Qui-

1989 5010 2102 5066 bus
2133 5026 2241 5065 nos
2262 5008 2584 5065 econtrario
2615 5006 3042 5078 respondemus
3075 5007 3214 5079 quia
3233 5005 3410 5063 homo
3444 5021 3559 5062 non
3586 5005 3646 5061 in

1991 5100 2112 5155 ictu
2144 5097 2427 5165 nascitur,
2456 5097 2556 5152 sed
2582 5095 2860 5152 nascendi
2895 5112 3088 5151 moras
3121 5095 3261 5169 agit.
3292 5097 3360 5152 Et
3390 5094 3440 5153 si
3460 5095 3650 5152 fatum

1999 5189 2357 5245 credendum
2396 5191 2574 5252 esset,
2609 5189 2696 5241 tot
2744 5184 3090 5258 cegerentur
3136 5185 3291 5242 credi
3346 5185 3465 5241 fata
3511 5186 3655 5256 quot

2001 5283 2143 5334 sunt
2197 5274 2455 5333 hominis
2514 5274 2797 5330 membra.
2846 5275 2973 5331 Non
3030 5291 3168 5348 ergo
3216 5272 3385 5331 stella
3433 5289 3563 5345 quae
3592 5271 3655 5328 in

2001 5367 2220 5423 oriente
2253 5363 2530 5437 apparuit
2559 5368 2762 5418 natum
2795 5380 3043 5436 puerum
3087 5363 3310 5436 aliquid
3342 5362 3519 5435 juvit,
3553 5362 3656 5418 sed

2003 5454 2287 5510 indicium
2320 5452 2616 5529 nascentis
2633 5451 2760 5521 fuit,
2787 5457 2960 5525 atpue
2981 5470 3091 5509 sua
3109 5451 3509 5509 coruscatione
3531 5467 3657 5507 ma-

2003 5559 2211 5616 gorum
2252 5546 2482 5599 mentes
2511 5541 2584 5597 ad
2616 5540 2997 5614 quaerendum
3028 5556 3165 5596 eum
3196 5539 3295 5613 qui
3327 5544 3501 5596 natus
3530 5538 3657 5594 fue-

2004 5637 2096 5709 rat
2122 5630 2495 5692 illuminavit.
2529 5631 2697 5694 Forte
2715 5629 2891 5692 etiam
2921 5630 3131 5708 querit
3157 5627 3389 5704 aliquis,
3424 5626 3525 5702 qui
3555 5623 3654 5685 isti
