  <div class='ocr_page' id='page_1' title='image "/cluster/home/n/w/nwhite01/storage/ocr_20150623/118/hvd.32044073505158/061.png"; bbox 0 0 4070 6190; ppageno 0'>
   <div class='ocr_carea' id='block_1_1' title="bbox 400 342 509 403">
    <p class='ocr_par' dir='ltr' id='par_1_1' title="bbox 400 342 509 403">
     <span class='ocr_line' id='line_1_1' title="bbox 400 342 509 403; baseline 0.009 -2"><span class='ocrx_word' id='word_1_1' title='bbox 400 342 509 403; x_wconf 69' lang='lat' dir='ltr'>ill</span> 
     </span>
    </p>
   </div>
   <div class='ocr_carea' id='block_1_2' title="bbox 963 334 3253 437">
    <p class='ocr_par' dir='ltr' id='par_1_2' title="bbox 963 334 3253 437">
     <span class='ocr_line' id='line_1_2' title="bbox 963 334 3253 437; baseline -0.003 -38"><span class='ocrx_word' id='word_1_2' title='bbox 963 338 1375 437; x_wconf 46' lang='lat' dir='ltr'>HIAYMONIS</span> <span class='ocrx_word' id='word_1_3' title='bbox 1423 338 1965 400; x_wconf 83' lang='lat' dir='ltr'>HALBERSTA&#39;I‘.</span> <span class='ocrx_word' id='word_1_4' title='bbox 2010 335 2255 398; x_wconf 89' lang='lat' dir='ltr'>EPISC.</span> <span class='ocrx_word' id='word_1_5' title='bbox 2304 335 2475 397; x_wconf 87' lang='lat' dir='ltr'>OPP.</span> <span class='ocrx_word' id='word_1_6' title='bbox 2522 336 2722 398; x_wconf 82' lang='lat' dir='ltr'>PARS</span> <span class='ocrx_word' id='word_1_7' title='bbox 2769 336 2845 397; x_wconf 88' lang='lat' dir='ltr'>II.</span> <span class='ocrx_word' id='word_1_8' title='bbox 2877 369 2948 381; x_wconf 88' lang='lat'><strong>--</strong></span> <span class='ocrx_word' id='word_1_9' title='bbox 2985 334 3253 398; x_wconf 88' lang='lat' dir='ltr'>HOMIL.</span> 
     </span>
    </p>
   </div>
   <div class='ocr_carea' id='block_1_3' title="bbox 3688 337 3818 396">
    <p class='ocr_par' dir='ltr' id='par_1_3' title="bbox 3688 337 3818 396">
     <span class='ocr_line' id='line_1_3' title="bbox 3688 337 3818 396; baseline 0 0"><span class='ocrx_word' id='word_1_10' title='bbox 3688 337 3818 396; x_wconf 59' lang='lat' dir='ltr'>.llﬁ</span> 
     </span>
    </p>
   </div>
   <div class='ocr_carea' id='block_1_4' title="bbox 397 467 3822 547">
    <p class='ocr_par' dir='ltr' id='par_1_4' title="bbox 397 467 3822 547">
     <span class='ocr_line' id='line_1_4' title="bbox 397 467 3822 547; baseline -0.001 -16"><span class='ocrx_word' id='word_1_11' title='bbox 397 472 554 547; x_wconf 79' lang='lat' dir='ltr'>magi</span> <span class='ocrx_word' id='word_1_12' title='bbox 578 473 833 545; x_wconf 87' lang='lat' dir='ltr'>fuerunt,</span> <span class='ocrx_word' id='word_1_13' title='bbox 858 471 945 529; x_wconf 87' lang='lat' dir='ltr'>vel</span> <span class='ocrx_word' id='word_1_14' title='bbox 976 488 1044 528; x_wconf 82' lang='lat' dir='ltr'>ex</span> <span class='ocrx_word' id='word_1_15' title='bbox 1073 489 1190 546; x_wconf 90' lang='lat' dir='ltr'>qua</span> <span class='ocrx_word' id='word_1_16' title='bbox 1210 476 1379 545; x_wconf 87' lang='lat' dir='ltr'>gente</span> <span class='ocrx_word' id='word_1_17' title='bbox 1400 476 1703 542; x_wconf 86' lang='lat' dir='ltr'>venerunt,</span> <span class='ocrx_word' id='word_1_18' title='bbox 1723 471 1824 545; x_wconf 88' lang='lat' dir='ltr'>qui</span> <span class='ocrx_word' id='word_1_19' title='bbox 1846 474 2049 528; x_wconf 88' lang='lat' dir='ltr'>natum</span> <span class='ocrx_word' id='word_1_20' title='bbox 2079 471 2135 539; x_wconf 85' lang='grc' dir='ltr'><strong>Α</strong></span> <span class='ocrx_word' id='word_1_21' title='bbox 2165 471 2319 543; x_wconf 89' lang='lat' dir='ltr'>quod</span> <span class='ocrx_word' id='word_1_22' title='bbox 2343 469 2481 527; x_wconf 87' lang='lat' dir='ltr'>totis</span> <span class='ocrx_word' id='word_1_23' title='bbox 2496 469 2642 527; x_wconf 88' lang='lat' dir='ltr'>votis</span> <span class='ocrx_word' id='word_1_24' title='bbox 2663 468 3093 536; x_wconf 74' lang='lat' dir='ltr'>desiderabant,</span> <span class='ocrx_word' id='word_1_25' title='bbox 3126 486 3242 542; x_wconf 67' lang='lat' dir='ltr'>prae</span> <span class='ocrx_word' id='word_1_26' title='bbox 3267 468 3451 527; x_wconf 86' lang='lat' dir='ltr'>nimia</span> <span class='ocrx_word' id='word_1_27' title='bbox 3472 467 3670 526; x_wconf 64' lang='lat' dir='ltr'>laetitia</span> <span class='ocrx_word' id='word_1_28' title='bbox 3699 472 3822 526; x_wconf 81' lang='lat' dir='ltr'>tur-</span> 
     </span>
    </p>
   </div>
   <div class='ocr_carea' id='block_1_5' title="bbox 397 560 2055 637">
    <p class='ocr_par' dir='ltr' id='par_1_5' title="bbox 397 560 2055 637">
     <span class='ocr_line' id='line_1_5' title="bbox 397 560 2055 637; baseline -0.002 -17"><span class='ocrx_word' id='word_1_29' title='bbox 397 579 650 637; x_wconf 87' lang='lat' dir='ltr'>puerum</span> <span class='ocrx_word' id='word_1_30' title='bbox 670 567 791 619; x_wconf 88' lang='lat' dir='ltr'>tam</span> <span class='ocrx_word' id='word_1_31' title='bbox 809 561 1055 619; x_wconf 83' lang='lat' dir='ltr'>sollicite</span> <span class='ocrx_word' id='word_1_32' title='bbox 1074 563 1147 619; x_wconf 86' lang='lat' dir='ltr'>ad</span> <span class='ocrx_word' id='word_1_33' title='bbox 1169 562 1534 619; x_wconf 88' lang='lat' dir='ltr'>adorandum</span> <span class='ocrx_word' id='word_1_34' title='bbox 1549 562 1924 634; x_wconf 69' lang='lat' dir='ltr'>quaesierunt.</span> <span class='ocrx_word' id='word_1_35' title='bbox 1950 560 2055 617; x_wconf 87' lang='lat' dir='ltr'>Cui</span> 
     </span>
    </p>
   </div>
   <div class='ocr_carea' id='block_1_6' title="bbox 400 650 2056 725">
    <p class='ocr_par' dir='ltr' id='par_1_6' title="bbox 400 650 2056 725">
     <span class='ocr_line' id='line_1_6' title="bbox 400 650 2056 725; baseline -0.001 -17"><span class='ocrx_word' id='word_1_36' title='bbox 400 669 506 710; x_wconf 89' lang='lat' dir='ltr'>nos</span> <span class='ocrx_word' id='word_1_37' title='bbox 536 651 897 709; x_wconf 89' lang='lat' dir='ltr'>diversorum</span> <span class='ocrx_word' id='word_1_38' title='bbox 930 652 1233 725; x_wconf 81' lang='lat' dir='ltr'>opiniones</span> <span class='ocrx_word' id='word_1_39' title='bbox 1261 653 1331 709; x_wconf 88' lang='lat' dir='ltr'>de</span> <span class='ocrx_word' id='word_1_40' title='bbox 1362 652 1455 708; x_wconf 88' lang='lat' dir='ltr'>his</span> <span class='ocrx_word' id='word_1_41' title='bbox 1476 652 1847 719; x_wconf 83' lang='lat' dir='ltr'>adhibemus,</span> <span class='ocrx_word' id='word_1_42' title='bbox 1869 655 1933 707; x_wconf 92' lang='lat' dir='ltr'>ut</span> <span class='ocrx_word' id='word_1_43' title='bbox 1953 650 2056 707; x_wconf 87' lang='lat' dir='ltr'>eli-</span> 
     </span>
    </p>
   </div>
   <div class='ocr_carea' id='block_1_7' title="bbox 397 740 2056 815">
    <p class='ocr_par' dir='ltr' id='par_1_7' title="bbox 397 740 2056 815">
     <span class='ocr_line' id='line_1_7' title="bbox 397 740 2056 815; baseline -0.001 -17"><span class='ocrx_word' id='word_1_44' title='bbox 397 746 499 815; x_wconf 94' lang='lat' dir='ltr'>gat</span> <span class='ocrx_word' id='word_1_45' title='bbox 528 742 683 815; x_wconf 91' lang='lat' dir='ltr'>quod</span> <span class='ocrx_word' id='word_1_46' title='bbox 715 741 1012 799; x_wconf 84' lang='lat' dir='ltr'>salubrius</span> <span class='ocrx_word' id='word_1_47' title='bbox 1036 742 1404 814; x_wconf 82' lang='lat' dir='ltr'>judicavcrit.</span> <span class='ocrx_word' id='word_1_48' title='bbox 1429 740 1705 798; x_wconf 87' lang='lat' dir='ltr'>Nonnulli</span> <span class='ocrx_word' id='word_1_49' title='bbox 1726 742 1883 797; x_wconf 88' lang='lat' dir='ltr'>enim</span> <span class='ocrx_word' id='word_1_50' title='bbox 1904 741 2056 797; x_wconf 83' lang='lat' dir='ltr'>dixe-</span> 
     </span>
    </p>
   </div>
   <div class='ocr_carea' id='block_1_8' title="bbox 401 829 2055 899">
    <p class='ocr_par' dir='ltr' id='par_1_8' title="bbox 401 829 2055 899">
     <span class='ocr_line' id='line_1_8' title="bbox 401 829 2055 899; baseline -0.002 -12"><span class='ocrx_word' id='word_1_51' title='bbox 401 835 541 888; x_wconf 89' lang='lat' dir='ltr'>runt</span> <span class='ocrx_word' id='word_1_52' title='bbox 570 848 669 888; x_wconf 90' lang='lat' dir='ltr'>eos</span> <span class='ocrx_word' id='word_1_53' title='bbox 699 848 768 888; x_wconf 84' lang='lat' dir='ltr'>ex</span> <span class='ocrx_word' id='word_1_54' title='bbox 814 831 1037 887; x_wconf 88' lang='lat' dir='ltr'>Tharso</span> <span class='ocrx_word' id='word_1_55' title='bbox 1067 831 1153 886; x_wconf 92' lang='lat' dir='ltr'>vel</span> <span class='ocrx_word' id='word_1_56' title='bbox 1184 830 1394 887; x_wconf 84' lang='lat' dir='ltr'>Arabia</span> <span class='ocrx_word' id='word_1_57' title='bbox 1425 831 1752 899; x_wconf 86' lang='lat' dir='ltr'>advenisse,</span> <span class='ocrx_word' id='word_1_58' title='bbox 1784 834 1841 886; x_wconf 88' lang='lat' dir='ltr'>et</span> <span class='ocrx_word' id='word_1_59' title='bbox 1872 829 1930 884; x_wconf 89' lang='lat' dir='ltr'>in</span> <span class='ocrx_word' id='word_1_60' title='bbox 1962 829 2055 884; x_wconf 88' lang='lat' dir='ltr'>his</span> 
     </span>
    </p>
   </div>
   <div class='ocr_carea' id='block_1_9' title="bbox 401 919 2055 995">
    <p class='ocr_par' dir='ltr' id='par_1_9' title="bbox 401 919 2055 995">
     <span class='ocr_line' id='line_1_9' title="bbox 401 919 2055 995; baseline -0.001 -20"><span class='ocrx_word' id='word_1_61' title='bbox 401 919 706 995; x_wconf 89' lang='lat' dir='ltr'>impletam</span> <span class='ocrx_word' id='word_1_62' title='bbox 738 920 943 978; x_wconf 88' lang='lat' dir='ltr'>volunt</span> <span class='ocrx_word' id='word_1_63' title='bbox 968 938 1098 978; x_wconf 89' lang='lat' dir='ltr'>esse</span> <span class='ocrx_word' id='word_1_64' title='bbox 1126 920 1490 994; x_wconf 81' lang='lat' dir='ltr'>prophetiam</span> <span class='ocrx_word' id='word_1_65' title='bbox 1515 921 1587 977; x_wconf 90' lang='lat' dir='ltr'>ad</span> <span class='ocrx_word' id='word_1_66' title='bbox 1620 920 1895 986; x_wconf 84' lang='lat' dir='ltr'>litteram,</span> <span class='ocrx_word' id='word_1_67' title='bbox 1930 934 2055 991; x_wconf 66' lang='lat' dir='ltr'>quea</span> 
     </span>
    </p>
   </div>
   <div class='ocr_carea' id='block_1_10' title="bbox 402 1009 2053 1083">
    <p class='ocr_par' dir='ltr' id='par_1_10' title="bbox 402 1009 2053 1083">
     <span class='ocr_line' id='line_1_10' title="bbox 402 1009 2053 1083; baseline -0.002 -16"><span class='ocrx_word' id='word_1_68' title='bbox 402 1010 579 1067; x_wconf 90' lang='lat' dir='ltr'>dicit:</span> <span class='ocrx_word' id='word_1_69' title='bbox 612 1033 640 1061; x_wconf 83' lang='lat'><strong><em>«</em></strong></span> <span class='ocrx_word' id='word_1_70' title='bbox 674 1011 859 1083; x_wconf 83' lang='lat' dir='ltr'>Reges</span> <span class='ocrx_word' id='word_1_71' title='bbox 890 1010 1132 1067; x_wconf 87' lang='lat' dir='ltr'>Tharsis</span> <span class='ocrx_word' id='word_1_72' title='bbox 1162 1014 1218 1066; x_wconf 89' lang='lat' dir='ltr'>et</span> <span class='ocrx_word' id='word_1_73' title='bbox 1266 1010 1469 1066; x_wconf 82' lang='lat' dir='ltr'>insulae</span> <span class='ocrx_word' id='word_1_74' title='bbox 1503 1026 1746 1067; x_wconf 88' lang='lat' dir='ltr'>munera</span> <span class='ocrx_word' id='word_1_75' title='bbox 1793 1009 2053 1076; x_wconf 84' lang='lat' dir='ltr'>otl&#39;erent,</span> 
     </span>
    </p>
   </div>
   <div class='ocr_carea' id='block_1_11' title="bbox 401 1098 2053 1174">
    <p class='ocr_par' dir='ltr' id='par_1_11' title="bbox 401 1098 2053 1174">
     <span class='ocr_line' id='line_1_11' title="bbox 401 1098 2053 1174; baseline -0.001 -18"><span class='ocrx_word' id='word_1_76' title='bbox 401 1117 567 1174; x_wconf 90' lang='lat' dir='ltr'>reges</span> <span class='ocrx_word' id='word_1_77' title='bbox 594 1100 853 1159; x_wconf 84' lang='lat' dir='ltr'>Arabum</span> <span class='ocrx_word' id='word_1_78' title='bbox 879 1103 935 1154; x_wconf 90' lang='lat' dir='ltr'>et</span> <span class='ocrx_word' id='word_1_79' title='bbox 965 1099 1117 1155; x_wconf 87' lang='lat' dir='ltr'>Saba</span> <span class='ocrx_word' id='word_1_80' title='bbox 1139 1099 1293 1155; x_wconf 90' lang='lat' dir='ltr'>dona</span> <span class='ocrx_word' id='word_1_81' title='bbox 1308 1100 1602 1156; x_wconf 88' lang='lat' dir='ltr'>adducent</span> <span class='ocrx_word' id='word_1_82' title='bbox 1627 1117 1640 1168; x_wconf 93' lang='lat'><strong>;</strong></span> <span class='ocrx_word' id='word_1_83' title='bbox 1669 1122 1697 1150; x_wconf 88' lang='grc'><strong>››</strong></span> <span class='ocrx_word' id='word_1_84' title='bbox 1723 1102 1780 1155; x_wconf 91' lang='lat' dir='ltr'>et</span> <span class='ocrx_word' id='word_1_85' title='bbox 1810 1098 2053 1155; x_wconf 83' lang='lat' dir='ltr'>iterum:</span> 
     </span>
    </p>
   </div>
   <div class='ocr_carea' id='block_1_12' title="bbox 402 1188 2054 1254">
    <p class='ocr_par' dir='ltr' id='par_1_12' title="bbox 402 1188 2054 1254">
     <span class='ocr_line' id='line_1_12' title="bbox 402 1188 2054 1254; baseline 0.002 -15"><span class='ocrx_word' id='word_1_86' title='bbox 402 1212 430 1239; x_wconf 85' lang='lat'><strong><em>«</em></strong></span> <span class='ocrx_word' id='word_1_87' title='bbox 465 1189 680 1245; x_wconf 88' lang='lat' dir='ltr'>Omnes</span> <span class='ocrx_word' id='word_1_88' title='bbox 712 1188 782 1243; x_wconf 92' lang='lat' dir='ltr'>de</span> <span class='ocrx_word' id='word_1_89' title='bbox 805 1188 958 1245; x_wconf 87' lang='lat' dir='ltr'>Saba</span> <span class='ocrx_word' id='word_1_90' title='bbox 979 1188 1210 1253; x_wconf 80' lang='lat' dir='ltr'>venient</span> <span class='ocrx_word' id='word_1_91' title='bbox 1231 1206 1441 1246; x_wconf 90' lang='lat' dir='ltr'>aurum</span> <span class='ocrx_word' id='word_1_92' title='bbox 1469 1194 1525 1245; x_wconf 88' lang='lat' dir='ltr'>et</span> <span class='ocrx_word' id='word_1_93' title='bbox 1548 1188 1686 1244; x_wconf 90' lang='lat' dir='ltr'>thus</span> <span class='ocrx_word' id='word_1_94' title='bbox 1708 1189 2054 1254; x_wconf 86' lang='lat' dir='ltr'>deterentes,</span> 
     </span>
    </p>
   </div>
   <div class='ocr_carea' id='block_1_13' title="bbox 401 1276 2057 1334">
    <p class='ocr_par' dir='ltr' id='par_1_13' title="bbox 401 1276 2057 1334">
     <span class='ocr_line' id='line_1_13' title="bbox 401 1276 2057 1334; baseline -0.001 -1"><span class='ocrx_word' id='word_1_95' title='bbox 401 1283 459 1334; x_wconf 88' lang='lat' dir='ltr'>et</span> <span class='ocrx_word' id='word_1_96' title='bbox 488 1278 719 1333; x_wconf 84' lang='lat' dir='ltr'>laudem</span> <span class='ocrx_word' id='word_1_97' title='bbox 756 1278 997 1333; x_wconf 85' lang='lat' dir='ltr'>Domino</span> <span class='ocrx_word' id='word_1_98' title='bbox 1030 1279 1463 1334; x_wconf 87' lang='lat' dir='ltr'>annuntiantes.</span> <span class='ocrx_word' id='word_1_99' title='bbox 1491 1303 1518 1327; x_wconf 86' lang='grc'>››</span> <span class='ocrx_word' id='word_1_100' title='bbox 1549 1276 1659 1332; x_wconf 83' lang='lat' dir='ltr'>Alii</span> <span class='ocrx_word' id='word_1_101' title='bbox 1690 1277 1961 1333; x_wconf 85' lang='lat' dir='ltr'>dixerunt</span> <span class='ocrx_word' id='word_1_102' title='bbox 1991 1291 2057 1332; x_wconf 77' lang='lat' dir='ltr'>ex</span> 
     </span>
    </p>
   </div>
   <div class='ocr_carea' id='block_1_14' title="bbox 401 1366 2057 1441">
    <p class='ocr_par' dir='ltr' id='par_1_14' title="bbox 401 1366 2057 1441">
     <span class='ocr_line' id='line_1_14' title="bbox 401 1366 2057 1441; baseline -0.001 -19"><span class='ocrx_word' id='word_1_103' title='bbox 401 1368 707 1423; x_wconf 87' lang='lat' dir='ltr'>Persarum</span> <span class='ocrx_word' id='word_1_104' title='bbox 741 1368 974 1441; x_wconf 78' lang='lat' dir='ltr'>regione</span> <span class='ocrx_word' id='word_1_105' title='bbox 1007 1385 1103 1422; x_wconf 87' lang='lat' dir='ltr'>eos</span> <span class='ocrx_word' id='word_1_106' title='bbox 1136 1368 1382 1435; x_wconf 84' lang='lat' dir='ltr'>venisse,</span> <span class='ocrx_word' id='word_1_107' title='bbox 1417 1367 1566 1423; x_wconf 84' lang='lat' dir='ltr'>sicut</span> <span class='ocrx_word' id='word_1_108' title='bbox 1589 1367 1828 1439; x_wconf 89' lang='lat' dir='ltr'>quidam</span> <span class='ocrx_word' id='word_1_109' title='bbox 1862 1366 1931 1421; x_wconf 89' lang='lat' dir='ltr'>de</span> <span class='ocrx_word' id='word_1_110' title='bbox 1964 1382 2057 1422; x_wconf 88' lang='lat' dir='ltr'>sa-</span> 
     </span>
    </p>
   </div>
   <div class='ocr_carea' id='block_1_15' title="bbox 400 1456 903 1532">
    <p class='ocr_par' dir='ltr' id='par_1_15' title="bbox 400 1456 903 1532">
     <span class='ocr_line' id='line_1_15' title="bbox 400 1456 903 1532; baseline -0.006 -19"><span class='ocrx_word' id='word_1_111' title='bbox 400 1456 700 1532; x_wconf 87' lang='lat' dir='ltr'>pientibus</span> <span class='ocrx_word' id='word_1_112' title='bbox 732 1456 903 1512; x_wconf 89' lang='lat' dir='ltr'>dicit:</span> 
     </span>
    </p>
   </div>
   <div class='ocr_carea' id='block_1_16' title="bbox 492 1545 1961 1609">
    <p class='ocr_par' dir='ltr' id='par_1_16' title="bbox 492 1545 1961 1609">
     <span class='ocr_line' id='line_1_16' title="bbox 492 1545 1961 1609; baseline -0.002 -13"><span class='ocrx_word' id='word_1_113' title='bbox 492 1547 641 1596; x_wconf 88' lang='lat' dir='ltr'>Tune</span> <span class='ocrx_word' id='word_1_114' title='bbox 664 1545 819 1609; x_wconf 86' lang='lat' dir='ltr'>jubet</span> <span class='ocrx_word' id='word_1_115' title='bbox 852 1550 903 1595; x_wconf 88' lang='lat' dir='ltr'>et</span> <span class='ocrx_word' id='word_1_116' title='bbox 933 1546 1120 1596; x_wconf 87' lang='lat' dir='ltr'>Persas</span> <span class='ocrx_word' id='word_1_117' title='bbox 1150 1545 1351 1595; x_wconf 88' lang='lat' dir='ltr'>celeres</span> <span class='ocrx_word' id='word_1_118' title='bbox 1382 1546 1700 1609; x_wconf 83' lang='lat' dir='ltr'>pertendere</span> <span class='ocrx_word' id='word_1_119' title='bbox 1729 1559 1961 1609; x_wconf 81' lang='lat' dir='ltr'>gressus.</span> 
     </span>
    </p>
   </div>
   <div class='ocr_carea' id='block_1_17' title="bbox 404 1634 2054 1709">
    <p class='ocr_par' dir='ltr' id='par_1_17' title="bbox 404 1634 2054 1709">
     <span class='ocr_line' id='line_1_17' title="bbox 404 1634 2054 1709; baseline -0.002 -17"><span class='ocrx_word' id='word_1_120' title='bbox 404 1635 671 1709; x_wconf 90' lang='lat' dir='ltr'>Plerique</span> <span class='ocrx_word' id='word_1_121' title='bbox 702 1640 898 1691; x_wconf 87' lang='lat' dir='ltr'>autem</span> <span class='ocrx_word' id='word_1_122' title='bbox 931 1634 1191 1691; x_wconf 82' lang='lat' dir='ltr'>arbitrati</span> <span class='ocrx_word' id='word_1_123' title='bbox 1224 1640 1365 1691; x_wconf 91' lang='lat' dir='ltr'>sunt</span> <span class='ocrx_word' id='word_1_124' title='bbox 1394 1652 1493 1691; x_wconf 89' lang='lat' dir='ltr'>eos</span> <span class='ocrx_word' id='word_1_125' title='bbox 1522 1634 1823 1691; x_wconf 74' lang='lat' dir='ltr'>Chaldzros</span> <span class='ocrx_word' id='word_1_126' title='bbox 1856 1634 2054 1703; x_wconf 89' lang='lat' dir='ltr'>fuisse,</span> 
     </span>
    </p>
   </div>
   <div class='ocr_carea' id='block_1_18' title="bbox 402 1723 2056 1799">
    <p class='ocr_par' dir='ltr' id='par_1_18' title="bbox 402 1723 2056 1799">
     <span class='ocr_line' id='line_1_18' title="bbox 402 1723 2056 1799; baseline -0.003 -17"><span class='ocrx_word' id='word_1_127' title='bbox 402 1726 541 1799; x_wconf 87' lang='lat' dir='ltr'>quia</span> <span class='ocrx_word' id='word_1_128' title='bbox 560 1724 810 1781; x_wconf 63' lang='lat' dir='ltr'>Chaldrei</span> <span class='ocrx_word' id='word_1_129' title='bbox 832 1723 1034 1780; x_wconf 87' lang='lat' dir='ltr'>stellas</span> <span class='ocrx_word' id='word_1_130' title='bbox 1050 1724 1175 1780; x_wconf 62' lang='grc' dir='ltr'>εαξιὶ</span> <span class='ocrx_word' id='word_1_131' title='bbox 1200 1726 1339 1780; x_wconf 87' lang='lat' dir='ltr'>deos</span> <span class='ocrx_word' id='word_1_132' title='bbox 1364 1741 1491 1780; x_wconf 88' lang='lat' dir='ltr'>esse</span> <span class='ocrx_word' id='word_1_133' title='bbox 1515 1728 1885 1797; x_wconf 86' lang='lat' dir='ltr'>putaverunt,</span> <span class='ocrx_word' id='word_1_134' title='bbox 1912 1729 1968 1779; x_wconf 86' lang='lat' dir='ltr'>et</span> <span class='ocrx_word' id='word_1_135' title='bbox 1997 1724 2056 1778; x_wconf 88' lang='lat' dir='ltr'>in</span> 
     </span>
    </p>
   </div>
   <div class='ocr_carea' id='block_1_19' title="bbox 403 1812 2137 1915">
    <p class='ocr_par' dir='ltr' id='par_1_19' title="bbox 403 1812 2137 1915">
     <span class='ocr_line' id='line_1_19' title="bbox 403 1812 2137 1915; baseline -0.002 -44"><span class='ocrx_word' id='word_1_136' title='bbox 403 1818 526 1871; x_wconf 83' lang='lat' dir='ltr'>arte</span> <span class='ocrx_word' id='word_1_137' title='bbox 542 1812 934 1869; x_wconf 89' lang='lat' dir='ltr'>astronomica</span> <span class='ocrx_word' id='word_1_138' title='bbox 944 1812 1286 1884; x_wconf 90' lang='lat' dir='ltr'>peritissimi</span> <span class='ocrx_word' id='word_1_139' title='bbox 1312 1815 1567 1871; x_wconf 87' lang='lat' dir='ltr'>fuerunt.</span> <span class='ocrx_word' id='word_1_140' title='bbox 1590 1814 1701 1870; x_wconf 88' lang='lat' dir='ltr'>Alii</span> <span class='ocrx_word' id='word_1_141' title='bbox 1718 1814 1892 1871; x_wconf 89' lang='lat' dir='ltr'>etiam</span> <span class='ocrx_word' id='word_1_142' title='bbox 1907 1812 2059 1869; x_wconf 86' lang='lat' dir='ltr'>dixe-</span> <span class='ocrx_word' id='word_1_143' title='bbox 2091 1850 2137 1915; x_wconf 76' lang='grc' dir='ltr'>Β</span> 
     </span>
    </p>
   </div>
   <div class='ocr_carea' id='block_1_20' title="bbox 404 1900 2057 1975">
    <p class='ocr_par' dir='ltr' id='par_1_20' title="bbox 404 1900 2057 1975">
     <span class='ocr_line' id='line_1_20' title="bbox 404 1900 2057 1975; baseline -0.001 -17"><span class='ocrx_word' id='word_1_144' title='bbox 404 1906 544 1959; x_wconf 88' lang='lat' dir='ltr'>runt</span> <span class='ocrx_word' id='word_1_145' title='bbox 563 1919 633 1957; x_wconf 80' lang='lat' dir='ltr'>ex</span> <span class='ocrx_word' id='word_1_146' title='bbox 649 1902 832 1973; x_wconf 84' lang='lat' dir='ltr'>stirpe</span> <span class='ocrx_word' id='word_1_147' title='bbox 853 1900 1088 1958; x_wconf 89' lang='lat' dir='ltr'>Balaam</span> <span class='ocrx_word' id='word_1_148' title='bbox 1106 1902 1397 1975; x_wconf 73' lang='lat' dir='ltr'>propheta:</span> <span class='ocrx_word' id='word_1_149' title='bbox 1417 1920 1515 1959; x_wconf 90' lang='lat' dir='ltr'>eos</span> <span class='ocrx_word' id='word_1_150' title='bbox 1537 1903 1931 1970; x_wconf 89' lang='lat' dir='ltr'>descendisse,</span> <span class='ocrx_word' id='word_1_151' title='bbox 1958 1902 2057 1974; x_wconf 90' lang='lat' dir='ltr'>qui</span> 
     </span>
    </p>
   </div>
   <div class='ocr_carea' id='block_1_21' title="bbox 338 1982 2061 2066">
    <p class='ocr_par' dir='ltr' id='par_1_21' title="bbox 338 1982 2061 2066">
     <span class='ocr_line' id='line_1_21' title="bbox 338 1982 2061 2066; baseline 0.001 -19"><span class='ocrx_word' id='word_1_152' title='bbox 338 1982 357 1989; x_wconf 68' lang='grc'><strong>’</strong></span> <span class='ocrx_word' id='word_1_153' title='bbox 404 2007 539 2047; x_wconf 79' lang='lat' dir='ltr'>mox</span> <span class='ocrx_word' id='word_1_154' title='bbox 552 1994 616 2047; x_wconf 89' lang='lat' dir='ltr'>ut</span> <span class='ocrx_word' id='word_1_155' title='bbox 627 2008 833 2047; x_wconf 86' lang='lat' dir='ltr'>novam</span> <span class='ocrx_word' id='word_1_156' title='bbox 856 1989 1086 2047; x_wconf 88' lang='lat' dir='ltr'>stellam</span> <span class='ocrx_word' id='word_1_157' title='bbox 1100 1991 1389 2061; x_wconf 90' lang='lat' dir='ltr'>viderunt,</span> <span class='ocrx_word' id='word_1_158' title='bbox 1414 2009 1608 2066; x_wconf 85' lang='lat' dir='ltr'>regem</span> <span class='ocrx_word' id='word_1_159' title='bbox 1624 1996 1826 2049; x_wconf 88' lang='lat' dir='ltr'>natum</span> <span class='ocrx_word' id='word_1_160' title='bbox 1841 1991 2061 2048; x_wconf 74' lang='lat' dir='ltr'>intelle~</span> 
     </span>
    </p>
   </div>
   <div class='ocr_carea' id='block_1_22' title="bbox 402 2079 2059 2155">
    <p class='ocr_par' dir='ltr' id='par_1_22' title="bbox 402 2079 2059 2155">
     <span class='ocr_line' id='line_1_22' title="bbox 402 2079 2059 2155; baseline 0.001 -19"><span class='ocrx_word' id='word_1_161' title='bbox 402 2084 630 2149; x_wconf 81' lang='lat' dir='ltr'>xerunt,</span> <span class='ocrx_word' id='word_1_162' title='bbox 663 2083 719 2136; x_wconf 91' lang='lat' dir='ltr'>et</span> <span class='ocrx_word' id='word_1_163' title='bbox 749 2079 1067 2137; x_wconf 88' lang='lat' dir='ltr'>recolentes</span> <span class='ocrx_word' id='word_1_164' title='bbox 1112 2081 1478 2155; x_wconf 85' lang='lat' dir='ltr'>prophetiam</span> <span class='ocrx_word' id='word_1_165' title='bbox 1521 2082 1779 2150; x_wconf 88' lang='lat' dir='ltr'>Balaam,</span> <span class='ocrx_word' id='word_1_166' title='bbox 1811 2081 2059 2138; x_wconf 86' lang='lat' dir='ltr'>dicentis</span> 
     </span>
    </p>
   </div>
   <div class='ocr_carea' id='block_1_23' title="bbox 403 2169 2060 2243">
    <p class='ocr_par' dir='ltr' id='par_1_23' title="bbox 403 2169 2060 2243">
     <span class='ocr_line' id='line_1_23' title="bbox 403 2169 2060 2243; baseline -0.001 -17"><span class='ocrx_word' id='word_1_167' title='bbox 403 2169 587 2239; x_wconf 80' lang='lat' dir='ltr'>(Num.</span> <span class='ocrx_word' id='word_1_168' title='bbox 620 2169 811 2243; x_wconf 72' lang='lat' dir='ltr'>xx:v):&#39;</span> <span class='ocrx_word' id='word_1_169' title='bbox 832 2194 858 2220; x_wconf 87' lang='grc'>‹‹</span> <span class='ocrx_word' id='word_1_170' title='bbox 895 2170 1126 2226; x_wconf 88' lang='lat' dir='ltr'>Orietur</span> <span class='ocrx_word' id='word_1_171' title='bbox 1171 2170 1338 2227; x_wconf 87' lang='lat' dir='ltr'>stella</span> <span class='ocrx_word' id='word_1_172' title='bbox 1368 2189 1436 2228; x_wconf 84' lang='lat' dir='ltr'>ex</span> <span class='ocrx_word' id='word_1_173' title='bbox 1464 2172 1665 2237; x_wconf 87' lang='lat' dir='ltr'>Jacob,</span> <span class='ocrx_word' id='word_1_174' title='bbox 1701 2176 1759 2228; x_wconf 91' lang='lat' dir='ltr'>et</span> <span class='ocrx_word' id='word_1_175' title='bbox 1789 2174 2060 2243; x_wconf 83' lang='lat' dir='ltr'>exsurget</span> 
     </span>
    </p>
   </div>
   <div class='ocr_carea' id='block_1_24' title="bbox 403 2258 2059 2334">
    <p class='ocr_par' dir='ltr' id='par_1_24' title="bbox 403 2258 2059 2334">
     <span class='ocr_line' id='line_1_24' title="bbox 403 2258 2059 2334; baseline 0.001 -20"><span class='ocrx_word' id='word_1_176' title='bbox 403 2258 580 2317; x_wconf 89' lang='lat' dir='ltr'>homo</span> <span class='ocrx_word' id='word_1_177' title='bbox 592 2259 871 2328; x_wconf 88' lang='lat' dir='ltr'>delsrael,</span> <span class='ocrx_word' id='word_1_178' title='bbox 891 2260 1661 2334; x_wconf 87' lang='lat' dir='ltr'>etdominabiturgentium;</span> <span class='ocrx_word' id='word_1_179' title='bbox 1685 2286 1705 2313; x_wconf 72' lang='grc' dir='ltr'><strong><em>ι</em></strong></span> <span class='ocrx_word' id='word_1_180' title='bbox 1731 2261 1903 2333; x_wconf 88' lang='lat' dir='ltr'>primi</span> <span class='ocrx_word' id='word_1_181' title='bbox 1923 2277 2059 2315; x_wconf 92' lang='lat' dir='ltr'>cum</span> 
     </span>
    </p>
   </div>
   <div class='ocr_carea' id='block_1_25' title="bbox 404 2348 2060 2407">
    <p class='ocr_par' dir='ltr' id='par_1_25' title="bbox 404 2348 2060 2407">
     <span class='ocr_line' id='line_1_25' title="bbox 404 2348 2060 2407; baseline 0 -3"><span class='ocrx_word' id='word_1_182' title='bbox 404 2348 751 2405; x_wconf 87' lang='lat' dir='ltr'>muneribus</span> <span class='ocrx_word' id='word_1_183' title='bbox 779 2349 853 2405; x_wconf 88' lang='lat' dir='ltr'>ad</span> <span class='ocrx_word' id='word_1_184' title='bbox 897 2349 1261 2405; x_wconf 87' lang='lat' dir='ltr'>adorandum</span> <span class='ocrx_word' id='word_1_185' title='bbox 1304 2366 1439 2406; x_wconf 90' lang='lat' dir='ltr'>eum</span> <span class='ocrx_word' id='word_1_186' title='bbox 1472 2351 1912 2407; x_wconf 84' lang='lat' dir='ltr'>festinaverunt.</span> <span class='ocrx_word' id='word_1_187' title='bbox 1946 2349 2060 2405; x_wconf 89' lang='lat' dir='ltr'>Sed</span> 
     </span>
    </p>
   </div>
   <div class='ocr_carea' id='block_1_26' title="bbox 406 2436 2061 2509">
    <p class='ocr_par' dir='ltr' id='par_1_26' title="bbox 406 2436 2061 2509">
     <span class='ocr_line' id='line_1_26' title="bbox 406 2436 2061 2509; baseline 0.001 -17"><span class='ocrx_word' id='word_1_188' title='bbox 406 2441 602 2493; x_wconf 89' lang='lat' dir='ltr'>tamen</span> <span class='ocrx_word' id='word_1_189' title='bbox 653 2436 754 2509; x_wconf 88' lang='lat' dir='ltr'>qui</span> <span class='ocrx_word' id='word_1_190' title='bbox 803 2436 1052 2509; x_wconf 88' lang='lat' dir='ltr'>quilibet</span> <span class='ocrx_word' id='word_1_191' title='bbox 1099 2438 1309 2495; x_wconf 89' lang='lat' dir='ltr'>horum</span> <span class='ocrx_word' id='word_1_192' title='bbox 1342 2440 1580 2509; x_wconf 83' lang='lat' dir='ltr'>fuerint,</span> <span class='ocrx_word' id='word_1_193' title='bbox 1633 2439 1939 2496; x_wconf 90' lang='lat' dir='ltr'>sciendum</span> <span class='ocrx_word' id='word_1_194' title='bbox 1970 2441 2061 2495; x_wconf 88' lang='lat' dir='ltr'>est</span> 
     </span>
    </p>
   </div>
   <div class='ocr_carea' id='block_1_27' title="bbox 406 2525 2059 2602">
    <p class='ocr_par' dir='ltr' id='par_1_27' title="bbox 406 2525 2059 2602">
     <span class='ocr_line' id='line_1_27' title="bbox 406 2525 2059 2602; baseline 0.001 -21"><span class='ocrx_word' id='word_1_195' title='bbox 406 2525 545 2597; x_wconf 85' lang='lat' dir='ltr'>quia</span> <span class='ocrx_word' id='word_1_196' title='bbox 573 2525 844 2597; x_wconf 74' lang='lat' dir='ltr'>primitia:</span> <span class='ocrx_word' id='word_1_197' title='bbox 892 2526 1157 2599; x_wconf 90' lang='lat' dir='ltr'>gentium</span> <span class='ocrx_word' id='word_1_198' title='bbox 1198 2527 1454 2598; x_wconf 88' lang='lat' dir='ltr'>fuerunt,</span> <span class='ocrx_word' id='word_1_199' title='bbox 1486 2532 1543 2585; x_wconf 93' lang='lat' dir='ltr'>et</span> <span class='ocrx_word' id='word_1_200' title='bbox 1570 2532 1772 2602; x_wconf 85' lang='lat' dir='ltr'>gentes</span> <span class='ocrx_word' id='word_1_201' title='bbox 1802 2529 1860 2584; x_wconf 91' lang='lat' dir='ltr'>in</span> <span class='ocrx_word' id='word_1_202' title='bbox 1893 2527 2059 2584; x_wconf 90' lang='lat' dir='ltr'>Chri-</span> 
     </span>
    </p>
   </div>
   <div class='ocr_carea' id='block_1_28' title="bbox 407 2614 2063 2690">
    <p class='ocr_par' dir='ltr' id='par_1_28' title="bbox 407 2614 2063 2690">
     <span class='ocr_line' id='line_1_28' title="bbox 407 2614 2063 2690; baseline 0.001 -21"><span class='ocrx_word' id='word_1_203' title='bbox 407 2617 565 2670; x_wconf 86' lang='lat' dir='ltr'>stum</span> <span class='ocrx_word' id='word_1_204' title='bbox 588 2614 912 2671; x_wconf 88' lang='lat' dir='ltr'>credituras</span> <span class='ocrx_word' id='word_1_205' title='bbox 934 2615 1329 2688; x_wconf 79' lang='lat' dir='ltr'>signaverunt.</span> <span class='ocrx_word' id='word_1_206' title='bbox 1355 2618 1507 2674; x_wconf 91' lang='lat' dir='ltr'>Bene</span> <span class='ocrx_word' id='word_1_207' title='bbox 1529 2624 1723 2675; x_wconf 89' lang='lat' dir='ltr'>autem</span> <span class='ocrx_word' id='word_1_208' title='bbox 1754 2623 1873 2673; x_wconf 89' lang='lat' dir='ltr'>tres</span> <span class='ocrx_word' id='word_1_209' title='bbox 1902 2616 2063 2690; x_wconf 83' lang='lat' dir='ltr'>magi</span> 
     </span>
    </p>
   </div>
   <div class='ocr_carea' id='block_1_29' title="bbox 409 2702 2060 2780">
    <p class='ocr_par' dir='ltr' id='par_1_29' title="bbox 409 2702 2060 2780">
     <span class='ocr_line' id='line_1_29' title="bbox 409 2702 2060 2780; baseline 0.002 -22"><span class='ocrx_word' id='word_1_210' title='bbox 409 2702 592 2760; x_wconf 86' lang='lat' dir='ltr'>fuisse</span> <span class='ocrx_word' id='word_1_211' title='bbox 621 2703 915 2770; x_wconf 86' lang='lat' dir='ltr'>dicuntur,</span> <span class='ocrx_word' id='word_1_212' title='bbox 941 2706 1077 2777; x_wconf 89' lang='lat' dir='ltr'>quia</span> <span class='ocrx_word' id='word_1_213' title='bbox 1107 2707 1343 2779; x_wconf 89' lang='lat' dir='ltr'>gentilis</span> <span class='ocrx_word' id='word_1_214' title='bbox 1374 2707 1626 2780; x_wconf 90' lang='lat' dir='ltr'>populus</span> <span class='ocrx_word' id='word_1_215' title='bbox 1654 2709 1726 2763; x_wconf 90' lang='lat' dir='ltr'>ad</span> <span class='ocrx_word' id='word_1_216' title='bbox 1760 2708 1934 2762; x_wconf 82' lang='lat' dir='ltr'>fidem</span> <span class='ocrx_word' id='word_1_217' title='bbox 1965 2724 2060 2762; x_wconf 82' lang='lat' dir='ltr'>ve-</span> 
     </span>
    </p>
   </div>
   <div class='ocr_carea' id='block_1_30' title="bbox 408 2792 2058 2862">
    <p class='ocr_par' dir='ltr' id='par_1_30' title="bbox 408 2792 2058 2862">
     <span class='ocr_line' id='line_1_30' title="bbox 408 2792 2058 2862; baseline 0.001 -13"><span class='ocrx_word' id='word_1_218' title='bbox 408 2792 596 2862; x_wconf 89' lang='lat' dir='ltr'>niens,</span> <span class='ocrx_word' id='word_1_219' title='bbox 622 2793 982 2851; x_wconf 88' lang='lat' dir='ltr'>individuam</span> <span class='ocrx_word' id='word_1_220' title='bbox 1004 2795 1325 2853; x_wconf 85' lang='lat' dir='ltr'>trinitatem</span> <span class='ocrx_word' id='word_1_221' title='bbox 1353 2799 1529 2853; x_wconf 90' lang='lat' dir='ltr'>Deum</span> <span class='ocrx_word' id='word_1_222' title='bbox 1553 2796 1811 2853; x_wconf 85' lang='lat' dir='ltr'>conﬁteri</span> <span class='ocrx_word' id='word_1_223' title='bbox 1835 2795 2058 2851; x_wconf 90' lang='lat' dir='ltr'>didicit.</span> 
     </span>
    </p>
   </div>
   <div class='ocr_carea' id='block_1_31' title="bbox 408 2880 2063 2958">
    <p class='ocr_par' dir='ltr' id='par_1_31' title="bbox 408 2880 2063 2958">
     <span class='ocr_line' id='line_1_31' title="bbox 408 2880 2063 2958; baseline 0.001 -21"><span class='ocrx_word' id='word_1_224' title='bbox 408 2880 536 2939; x_wconf 87' lang='lat' dir='ltr'>Sive</span> <span class='ocrx_word' id='word_1_225' title='bbox 555 2886 675 2938; x_wconf 91' lang='lat' dir='ltr'>tres</span> <span class='ocrx_word' id='word_1_226' title='bbox 702 2882 959 2951; x_wconf 80' lang='lat' dir='ltr'>fuerunt,</span> <span class='ocrx_word' id='word_1_227' title='bbox 984 2884 1124 2955; x_wconf 89' lang='lat' dir='ltr'>quia</span> <span class='ocrx_word' id='word_1_228' title='bbox 1144 2885 1243 2956; x_wconf 92' lang='lat' dir='ltr'>qui</span> <span class='ocrx_word' id='word_1_229' title='bbox 1270 2886 1450 2941; x_wconf 89' lang='lat' dir='ltr'>Deum</span> <span class='ocrx_word' id='word_1_230' title='bbox 1474 2887 1737 2955; x_wconf 89' lang='lat' dir='ltr'>adorant,</span> <span class='ocrx_word' id='word_1_231' title='bbox 1766 2890 1885 2941; x_wconf 90' lang='lat' dir='ltr'>tres</span> <span class='ocrx_word' id='word_1_232' title='bbox 1906 2884 2063 2958; x_wconf 89' lang='lat' dir='ltr'>prin-</span> 
     </span>
    </p>
   </div>
   <div class='ocr_carea' id='block_1_32' title="bbox 411 2970 2059 3048">
    <p class='ocr_par' dir='ltr' id='par_1_32' title="bbox 411 2970 2059 3048">
     <span class='ocr_line' id='line_1_32' title="bbox 411 2970 2059 3048; baseline 0.001 -21"><span class='ocrx_word' id='word_1_233' title='bbox 411 2970 627 3044; x_wconf 89' lang='lat' dir='ltr'>cipales</span> <span class='ocrx_word' id='word_1_234' title='bbox 650 2971 898 3029; x_wconf 87' lang='lat' dir='ltr'>virtutes</span> <span class='ocrx_word' id='word_1_235' title='bbox 929 2972 1141 3030; x_wconf 90' lang='lat' dir='ltr'>habere</span> <span class='ocrx_word' id='word_1_236' title='bbox 1173 2975 1403 3043; x_wconf 88' lang='lat' dir='ltr'>debent,</span> <span class='ocrx_word' id='word_1_237' title='bbox 1428 2975 1627 3043; x_wconf 87' lang='lat' dir='ltr'>ﬁdem,</span> <span class='ocrx_word' id='word_1_238' title='bbox 1650 2991 1835 3048; x_wconf 91' lang='lat' dir='ltr'>spem,</span> <span class='ocrx_word' id='word_1_239' title='bbox 1868 2974 2059 3029; x_wconf 86' lang='lat' dir='ltr'>chari-</span> 
     </span>
    </p>
   </div>
   <div class='ocr_carea' id='block_1_33' title="bbox 408 3058 2058 3137">
    <p class='ocr_par' dir='ltr' id='par_1_33' title="bbox 408 3058 2058 3137">
     <span class='ocr_line' id='line_1_33' title="bbox 408 3058 2058 3137; baseline 0.002 -23"><span class='ocrx_word' id='word_1_240' title='bbox 408 3063 627 3128; x_wconf 86' lang='lat' dir='ltr'>tatem;</span> <span class='ocrx_word' id='word_1_241' title='bbox 680 3058 797 3115; x_wconf 90' lang='lat' dir='ltr'>sive</span> <span class='ocrx_word' id='word_1_242' title='bbox 827 3063 980 3116; x_wconf 88' lang='lat' dir='ltr'>certe</span> <span class='ocrx_word' id='word_1_243' title='bbox 1010 3064 1127 3117; x_wconf 90' lang='lat' dir='ltr'>tres</span> <span class='ocrx_word' id='word_1_244' title='bbox 1159 3062 1413 3131; x_wconf 90' lang='lat' dir='ltr'>fuerunt,</span> <span class='ocrx_word' id='word_1_245' title='bbox 1446 3064 1585 3136; x_wconf 91' lang='lat' dir='ltr'>quia</span> <span class='ocrx_word' id='word_1_246' title='bbox 1615 3065 1714 3137; x_wconf 91' lang='lat' dir='ltr'>qui</span> <span class='ocrx_word' id='word_1_247' title='bbox 1763 3064 1947 3119; x_wconf 91' lang='lat' dir='ltr'>Deum</span> <span class='ocrx_word' id='word_1_248' title='bbox 1976 3063 2058 3118; x_wconf 92' lang='lat' dir='ltr'>vi-</span> 
     </span>
    </p>
   </div>
   <div class='ocr_carea' id='block_1_34' title="bbox 410 3147 2060 3225">
    <p class='ocr_par' dir='ltr' id='par_1_34' title="bbox 410 3147 2060 3225">
     <span class='ocr_line' id='line_1_34' title="bbox 410 3147 2060 3225; baseline 0.003 -22"><span class='ocrx_word' id='word_1_249' title='bbox 410 3147 545 3204; x_wconf 89' lang='lat' dir='ltr'>dere</span> <span class='ocrx_word' id='word_1_250' title='bbox 591 3148 944 3220; x_wconf 89' lang='lat' dir='ltr'>desiderant,</span> <span class='ocrx_word' id='word_1_251' title='bbox 981 3150 1411 3222; x_wconf 89' lang='lat' dir='ltr'>cogitationem,</span> <span class='ocrx_word' id='word_1_252' title='bbox 1445 3153 1793 3209; x_wconf 88' lang='lat' dir='ltr'>locutionem</span> <span class='ocrx_word' id='word_1_253' title='bbox 1825 3157 1882 3208; x_wconf 89' lang='lat' dir='ltr'>et</span> <span class='ocrx_word' id='word_1_254' title='bbox 1925 3169 2060 3225; x_wconf 91' lang='lat' dir='ltr'>ope-</span> 
     </span>
    </p>
   </div>
   <div class='ocr_carea' id='block_1_35' title="bbox 2164 558 3823 634">
    <p class='ocr_par' dir='ltr' id='par_1_35' title="bbox 2164 558 3823 634">
     <span class='ocr_line' id='line_1_35' title="bbox 2164 558 3823 634; baseline 0 -19"><span class='ocrx_word' id='word_1_255' title='bbox 2164 559 2475 617; x_wconf 89' lang='lat' dir='ltr'>babantur.</span> <span class='ocrx_word' id='word_1_256' title='bbox 2508 559 2671 625; x_wconf 84' lang='lat' dir='ltr'>Quod</span> <span class='ocrx_word' id='word_1_257' title='bbox 2702 558 2859 615; x_wconf 92' lang='lat' dir='ltr'>enim</span> <span class='ocrx_word' id='word_1_258' title='bbox 2891 577 3006 632; x_wconf 83' lang='lat' dir='ltr'>prae</span> <span class='ocrx_word' id='word_1_259' title='bbox 3055 574 3269 634; x_wconf 92' lang='lat' dir='ltr'>magno</span> <span class='ocrx_word' id='word_1_260' title='bbox 3298 559 3511 632; x_wconf 78' lang='lat' dir='ltr'>gaudio</span> <span class='ocrx_word' id='word_1_261' title='bbox 3553 558 3823 616; x_wconf 76' lang='lat' dir='ltr'>humana</span> 
     </span>
    </p>
   </div>
   <div class='ocr_carea' id='block_1_36' title="bbox 2165 648 3821 722">
    <p class='ocr_par' dir='ltr' id='par_1_36' title="bbox 2165 648 3821 722">
     <span class='ocr_line' id='line_1_36' title="bbox 2165 648 3821 722; baseline -0.001 -16"><span class='ocrx_word' id='word_1_262' title='bbox 2165 666 2333 707; x_wconf 90' lang='lat' dir='ltr'>mens</span> <span class='ocrx_word' id='word_1_263' title='bbox 2354 648 2538 706; x_wconf 88' lang='lat' dir='ltr'>soleat</span> <span class='ocrx_word' id='word_1_264' title='bbox 2557 648 2914 717; x_wconf 82' lang='lat' dir='ltr'>conturbari,</span> <span class='ocrx_word' id='word_1_265' title='bbox 2931 648 3195 722; x_wconf 80' lang='lat' dir='ltr'>exemplo</span> <span class='ocrx_word' id='word_1_266' title='bbox 3214 648 3365 706; x_wconf 88' lang='lat' dir='ltr'>Petri</span> <span class='ocrx_word' id='word_1_267' title='bbox 3386 648 3691 718; x_wconf 84' lang='lat' dir='ltr'>discimus,</span> <span class='ocrx_word' id='word_1_268' title='bbox 3715 648 3821 721; x_wconf 85' lang='lat' dir='ltr'>qui</span> 
     </span>
    </p>
   </div>
   <div class='ocr_carea' id='block_1_37' title="bbox 2165 737 3819 806">
    <p class='ocr_par' dir='ltr' id='par_1_37' title="bbox 2165 737 3819 806">
     <span class='ocr_line' id='line_1_37' title="bbox 2165 737 3819 806; baseline 0.001 -12"><span class='ocrx_word' id='word_1_269' title='bbox 2165 756 2300 796; x_wconf 89' lang='lat' dir='ltr'>cum</span> <span class='ocrx_word' id='word_1_270' title='bbox 2332 739 2574 796; x_wconf 85' lang='lat' dir='ltr'>vidisset</span> <span class='ocrx_word' id='word_1_271' title='bbox 2604 739 2917 796; x_wconf 89' lang='lat' dir='ltr'>Dominum</span> <span class='ocrx_word' id='word_1_272' title='bbox 2940 737 3002 795; x_wconf 90' lang='lat' dir='ltr'>in</span> <span class='ocrx_word' id='word_1_273' title='bbox 3025 742 3221 795; x_wconf 91' lang='lat' dir='ltr'>monte</span> <span class='ocrx_word' id='word_1_274' title='bbox 3242 737 3647 806; x_wconf 82' lang='lat' dir='ltr'>clariﬁcatum,</span> <span class='ocrx_word' id='word_1_275' title='bbox 3680 753 3819 795; x_wconf 55' lang='lat' dir='ltr'>cono</span> 
     </span>
    </p>
   </div>
   <div class='ocr_carea' id='block_1_38' title="bbox 2166 828 3318 901">
    <p class='ocr_par' dir='ltr' id='par_1_38' title="bbox 2166 828 3318 901">
     <span class='ocr_line' id='line_1_38' title="bbox 2166 828 3318 901; baseline -0.002 -16"><span class='ocrx_word' id='word_1_276' title='bbox 2166 828 2438 885; x_wconf 89' lang='lat' dir='ltr'>turbatus</span> <span class='ocrx_word' id='word_1_277' title='bbox 2469 833 2582 894; x_wconf 91' lang='lat' dir='ltr'>est,</span> <span class='ocrx_word' id='word_1_278' title='bbox 2614 828 2881 885; x_wconf 90' lang='lat' dir='ltr'>nesciens</span> <span class='ocrx_word' id='word_1_279' title='bbox 2910 828 3050 901; x_wconf 91' lang='lat' dir='ltr'>quid</span> <span class='ocrx_word' id='word_1_280' title='bbox 3082 828 3318 885; x_wconf 80' lang='lat' dir='ltr'>diceret.</span> 
     </span>
    </p>
   </div>
   <div class='ocr_carea' id='block_1_39' title="bbox 2239 916 3827 990">
    <p class='ocr_par' dir='ltr' id='par_1_39' title="bbox 2239 916 3827 990">
     <span class='ocr_line' id='line_1_39' title="bbox 2239 916 3827 990; baseline 0.004 -23"><span class='ocrx_word' id='word_1_281' title='bbox 2239 942 2266 967; x_wconf 88' lang='grc'>‹‹</span> <span class='ocrx_word' id='word_1_282' title='bbox 2300 917 2370 972; x_wconf 86' lang='lat' dir='ltr'>Et</span> <span class='ocrx_word' id='word_1_283' title='bbox 2395 934 2723 974; x_wconf 87' lang='lat' dir='ltr'>convocans</span> <span class='ocrx_word' id='word_1_284' title='bbox 2769 934 2974 974; x_wconf 89' lang='lat' dir='ltr'>omnes</span> <span class='ocrx_word' id='word_1_285' title='bbox 3022 916 3316 990; x_wconf 86' lang='lat' dir='ltr'>principes</span> <span class='ocrx_word' id='word_1_286' title='bbox 3364 918 3733 979; x_wconf 84' lang='lat' dir='ltr'>sacerdotum</span> <span class='ocrx_word' id='word_1_287' title='bbox 3767 922 3827 974; x_wconf 83' lang='lat' dir='ltr'>et</span> 
     </span>
    </p>
   </div>
   <div class='ocr_carea' id='block_1_40' title="bbox 2169 1005 3824 1081">
    <p class='ocr_par' dir='ltr' id='par_1_40' title="bbox 2169 1005 3824 1081">
     <span class='ocr_line' id='line_1_40' title="bbox 2169 1005 3824 1081; baseline 0.004 -23"><span class='ocrx_word' id='word_1_288' title='bbox 2169 1029 2195 1058; x_wconf 82' lang='lat'><strong>«</strong></span> <span class='ocrx_word' id='word_1_289' title='bbox 2231 1007 2458 1064; x_wconf 86' lang='lat' dir='ltr'>scribas</span> <span class='ocrx_word' id='word_1_290' title='bbox 2489 1005 2711 1081; x_wconf 87' lang='lat' dir='ltr'>populi,</span> <span class='ocrx_word' id='word_1_291' title='bbox 2741 1006 3152 1064; x_wconf 80' lang='lat' dir='ltr'>sciscitabatur</span> <span class='ocrx_word' id='word_1_292' title='bbox 3198 1007 3272 1063; x_wconf 81' lang='lat' dir='ltr'>ab</span> <span class='ocrx_word' id='word_1_293' title='bbox 3303 1006 3388 1063; x_wconf 88' lang='lat' dir='ltr'>eis</span> <span class='ocrx_word' id='word_1_294' title='bbox 3417 1006 3520 1064; x_wconf 91' lang='lat' dir='ltr'>ubi</span> <span class='ocrx_word' id='word_1_295' title='bbox 3548 1006 3824 1065; x_wconf 75' lang='lat' dir='ltr'>Christus</span> 
     </span>
    </p>
   </div>
   <div class='ocr_carea' id='block_1_41' title="bbox 2168 1096 3823 1170">
    <p class='ocr_par' dir='ltr' id='par_1_41' title="bbox 2168 1096 3823 1170">
     <span class='ocr_line' id='line_1_41' title="bbox 2168 1096 3823 1170; baseline 0 -17"><span class='ocrx_word' id='word_1_296' title='bbox 2168 1119 2195 1148; x_wconf 85' lang='lat'>«</span> <span class='ocrx_word' id='word_1_297' title='bbox 2231 1101 2638 1153; x_wconf 86' lang='lat' dir='ltr'>nasceretur.»</span> <span class='ocrx_word' id='word_1_298' title='bbox 2674 1096 2738 1153; x_wconf 90' lang='lat' dir='ltr'>In</span> <span class='ocrx_word' id='word_1_299' title='bbox 2791 1113 2857 1153; x_wconf 91' lang='lat' dir='ltr'>eo</span> <span class='ocrx_word' id='word_1_300' title='bbox 2908 1101 3105 1153; x_wconf 89' lang='lat' dir='ltr'>autem</span> <span class='ocrx_word' id='word_1_301' title='bbox 3163 1096 3318 1170; x_wconf 91' lang='lat' dir='ltr'>quod</span> <span class='ocrx_word' id='word_1_302' title='bbox 3377 1097 3656 1164; x_wconf 86' lang='lat' dir='ltr'>Herodes,</span> <span class='ocrx_word' id='word_1_303' title='bbox 3688 1098 3823 1153; x_wconf 75' lang='lat' dir='ltr'>novi</span> 
     </span>
    </p>
   </div>
   <div class='ocr_carea' id='block_1_42' title="bbox 2167 1185 3821 1260">
    <p class='ocr_par' dir='ltr' id='par_1_42' title="bbox 2167 1185 3821 1260">
     <span class='ocr_line' id='line_1_42' title="bbox 2167 1185 3821 1260; baseline -0.001 -17"><span class='ocrx_word' id='word_1_304' title='bbox 2167 1185 2321 1260; x_wconf 89' lang='lat' dir='ltr'>regis</span> <span class='ocrx_word' id='word_1_305' title='bbox 2353 1185 2652 1242; x_wconf 88' lang='lat' dir='ltr'>nativitate</span> <span class='ocrx_word' id='word_1_306' title='bbox 2682 1186 2904 1255; x_wconf 88' lang='lat' dir='ltr'>audita,</span> <span class='ocrx_word' id='word_1_307' title='bbox 2936 1186 3267 1243; x_wconf 82' lang='lat' dir='ltr'>sacerdotes</span> <span class='ocrx_word' id='word_1_308' title='bbox 3296 1190 3354 1242; x_wconf 90' lang='lat' dir='ltr'>et</span> <span class='ocrx_word' id='word_1_309' title='bbox 3382 1186 3821 1259; x_wconf 81' lang='lat' dir='ltr'>Scripturarum</span> 
     </span>
    </p>
   </div>
   <div class='ocr_carea' id='block_1_43' title="bbox 2168 1273 3824 1348">
    <p class='ocr_par' dir='ltr' id='par_1_43' title="bbox 2168 1273 3824 1348">
     <span class='ocr_line' id='line_1_43' title="bbox 2168 1273 3824 1348; baseline 0.001 -18"><span class='ocrx_word' id='word_1_310' title='bbox 2168 1275 2481 1348; x_wconf 86' lang='lat' dir='ltr'>magistros</span> <span class='ocrx_word' id='word_1_311' title='bbox 2512 1274 2907 1348; x_wconf 82' lang='lat' dir='ltr'>interrogavit,</span> <span class='ocrx_word' id='word_1_312' title='bbox 2934 1273 3222 1331; x_wconf 87' lang='lat' dir='ltr'>imitabile</span> <span class='ocrx_word' id='word_1_313' title='bbox 3271 1275 3442 1333; x_wconf 89' lang='lat' dir='ltr'>nobis</span> <span class='ocrx_word' id='word_1_314' title='bbox 3488 1275 3824 1347; x_wconf 86' lang='lat' dir='ltr'>exemplum</span> 
     </span>
    </p>
   </div>
   <div class='ocr_carea' id='block_1_44' title="bbox 2169 1363 3822 1437">
    <p class='ocr_par' dir='ltr' id='par_1_44' title="bbox 2169 1363 3822 1437">
     <span class='ocr_line' id='line_1_44' title="bbox 2169 1363 3822 1437; baseline 0.001 -18"><span class='ocrx_word' id='word_1_315' title='bbox 2169 1363 2423 1436; x_wconf 89' lang='lat' dir='ltr'>reliquit,</span> <span class='ocrx_word' id='word_1_316' title='bbox 2447 1369 2513 1420; x_wconf 89' lang='lat' dir='ltr'>ut</span> <span class='ocrx_word' id='word_1_317' title='bbox 2529 1365 2758 1437; x_wconf 90' lang='lat' dir='ltr'>quoties</span> <span class='ocrx_word' id='word_1_318' title='bbox 2778 1363 3000 1436; x_wconf 89' lang='lat' dir='ltr'>aliquid</span> <span class='ocrx_word' id='word_1_319' title='bbox 3022 1380 3237 1420; x_wconf 90' lang='lat' dir='ltr'>novum</span> <span class='ocrx_word' id='word_1_320' title='bbox 3253 1364 3314 1420; x_wconf 92' lang='lat' dir='ltr'>in</span> <span class='ocrx_word' id='word_1_321' title='bbox 3337 1364 3596 1421; x_wconf 83' lang='lat' dir='ltr'>Ecclesia</span> <span class='ocrx_word' id='word_1_322' title='bbox 3612 1366 3822 1432; x_wconf 84' lang='lat' dir='ltr'>oritur,</span> 
     </span>
    </p>
   </div>
   <div class='ocr_carea' id='block_1_45' title="bbox 2169 1454 3824 1527">
    <p class='ocr_par' dir='ltr' id='par_1_45' title="bbox 2169 1454 3824 1527">
     <span class='ocr_line' id='line_1_45' title="bbox 2169 1454 3824 1527; baseline 0 -16"><span class='ocrx_word' id='word_1_323' title='bbox 2169 1470 2400 1525; x_wconf 88' lang='lat' dir='ltr'>semper</span> <span class='ocrx_word' id='word_1_324' title='bbox 2428 1454 2502 1511; x_wconf 88' lang='lat' dir='ltr'>ad</span> <span class='ocrx_word' id='word_1_325' title='bbox 2532 1454 2939 1510; x_wconf 88' lang='lat' dir='ltr'>auctoritatem</span> <span class='ocrx_word' id='word_1_326' title='bbox 2961 1454 3395 1527; x_wconf 79' lang='lat' dir='ltr'>Scripturarum</span> <span class='ocrx_word' id='word_1_327' title='bbox 3429 1470 3824 1526; x_wconf 73' lang='lat' dir='ltr'>reservamus,</span> 
     </span>
    </p>
   </div>
   <div class='ocr_carea' id='block_1_46' title="bbox 2168 1542 3826 1615">
    <p class='ocr_par' dir='ltr' id='par_1_46' title="bbox 2168 1542 3826 1615">
     <span class='ocr_line' id='line_1_46' title="bbox 2168 1542 3826 1615; baseline 0.002 -18"><span class='ocrx_word' id='word_1_328' title='bbox 2168 1548 2405 1615; x_wconf 87' lang='lat' dir='ltr'>propter</span> <span class='ocrx_word' id='word_1_329' title='bbox 2433 1542 2577 1599; x_wconf 90' lang='lat' dir='ltr'>illud</span> <span class='ocrx_word' id='word_1_330' title='bbox 2609 1544 2764 1615; x_wconf 89' lang='lat' dir='ltr'>quod</span> <span class='ocrx_word' id='word_1_331' title='bbox 2797 1542 3080 1615; x_wconf 87' lang='lat' dir='ltr'>scriptum</span> <span class='ocrx_word' id='word_1_332' title='bbox 3111 1547 3228 1599; x_wconf 87' lang='lat' dir='ltr'>est:</span> <span class='ocrx_word' id='word_1_333' title='bbox 3262 1543 3519 1599; x_wconf 85' lang='lat' dir='ltr'>«Omnia</span> <span class='ocrx_word' id='word_1_334' title='bbox 3535 1558 3669 1599; x_wconf 90' lang='lat' dir='ltr'>eum</span> <span class='ocrx_word' id='word_1_335' title='bbox 3687 1559 3826 1600; x_wconf 87' lang='lat' dir='ltr'>con-</span> 
     </span>
    </p>
   </div>
   <div class='ocr_carea' id='block_1_47' title="bbox 2169 1631 3827 1705">
    <p class='ocr_par' dir='ltr' id='par_1_47' title="bbox 2169 1631 3827 1705">
     <span class='ocr_line' id='line_1_47' title="bbox 2169 1631 3827 1705; baseline 0.001 -18"><span class='ocrx_word' id='word_1_336' title='bbox 2169 1631 2300 1688; x_wconf 91' lang='lat' dir='ltr'>silio</span> <span class='ocrx_word' id='word_1_337' title='bbox 2333 1631 2444 1702; x_wconf 89' lang='lat' dir='ltr'>fac,</span> <span class='ocrx_word' id='word_1_338' title='bbox 2467 1656 2495 1681; x_wconf 87' lang='grc'>››</span> <span class='ocrx_word' id='word_1_339' title='bbox 2528 1635 2584 1687; x_wconf 91' lang='lat' dir='ltr'>et</span> <span class='ocrx_word' id='word_1_340' title='bbox 2611 1648 2682 1687; x_wconf 89' lang='lat' dir='ltr'>ea</span> <span class='ocrx_word' id='word_1_341' title='bbox 2711 1632 3175 1703; x_wconf 86' lang='lat' dir='ltr'>respondeamus</span> <span class='ocrx_word' id='word_1_342' title='bbox 3207 1649 3335 1704; x_wconf 70' lang='lat' dir='ltr'>qua</span> <span class='ocrx_word' id='word_1_343' title='bbox 3365 1637 3561 1705; x_wconf 79' lang='lat' dir='ltr'>patres</span> <span class='ocrx_word' id='word_1_344' title='bbox 3592 1638 3827 1689; x_wconf 84' lang='lat' dir='ltr'>nostros</span> 
     </span>
    </p>
   </div>
   <div class='ocr_carea' id='block_1_48' title="bbox 2169 1720 3828 1794">
    <p class='ocr_par' dir='ltr' id='par_1_48' title="bbox 2169 1720 3828 1794">
     <span class='ocr_line' id='line_1_48' title="bbox 2169 1720 3828 1794; baseline 0.001 -18"><span class='ocrx_word' id='word_1_345' title='bbox 2169 1722 2540 1793; x_wconf 88' lang='lat' dir='ltr'>respondisse</span> <span class='ocrx_word' id='word_1_346' title='bbox 2571 1720 2658 1777; x_wconf 89' lang='lat' dir='ltr'>vel</span> <span class='ocrx_word' id='word_1_347' title='bbox 2682 1720 2941 1777; x_wconf 87' lang='lat' dir='ltr'>tenuisse</span> <span class='ocrx_word' id='word_1_348' title='bbox 2969 1722 3436 1794; x_wconf 87' lang='lat' dir='ltr'>cognoverimus,</span> <span class='ocrx_word' id='word_1_349' title='bbox 3455 1723 3696 1793; x_wconf 80' lang='lat' dir='ltr'>etjuxta</span> <span class='ocrx_word' id='word_1_350' title='bbox 3725 1738 3828 1778; x_wconf 81' lang='lat' dir='ltr'>vo-</span> 
     </span>
    </p>
   </div>
   <div class='ocr_carea' id='block_1_49' title="bbox 2170 1809 3828 1884">
    <p class='ocr_par' dir='ltr' id='par_1_49' title="bbox 2170 1809 3828 1884">
     <span class='ocr_line' id='line_1_49' title="bbox 2170 1809 3828 1884; baseline 0.001 -19"><span class='ocrx_word' id='word_1_351' title='bbox 2170 1827 2291 1866; x_wconf 88' lang='lat' dir='ltr'>cem</span> <span class='ocrx_word' id='word_1_352' title='bbox 2309 1811 2640 1868; x_wconf 87' lang='lat' dir='ltr'>Salomonis</span> <span class='ocrx_word' id='word_1_353' title='bbox 2658 1828 2669 1866; x_wconf 94' lang='lat'>:</span> <span class='ocrx_word' id='word_1_354' title='bbox 2688 1834 2712 1860; x_wconf 82' lang='grc'>‹‹</span> <span class='ocrx_word' id='word_1_355' title='bbox 2730 1811 2854 1867; x_wconf 92' lang='lat' dir='ltr'>Non</span> <span class='ocrx_word' id='word_1_356' title='bbox 2869 1809 3828 1884; x_wconf 84' lang='lat' dir='ltr'>transgrediamurterminosanti-</span> 
     </span>
    </p>
   </div>
   <div class='ocr_carea' id='block_1_50' title="bbox 2168 1900 3824 1973">
    <p class='ocr_par' dir='ltr' id='par_1_50' title="bbox 2168 1900 3824 1973">
     <span class='ocr_line' id='line_1_50' title="bbox 2168 1900 3824 1973; baseline 0.001 -17"><span class='ocrx_word' id='word_1_357' title='bbox 2168 1916 2338 1972; x_wconf 92' lang='lat' dir='ltr'>quos,</span> <span class='ocrx_word' id='word_1_358' title='bbox 2362 1922 2388 1949; x_wconf 83' lang='grc'><strong>››</strong></span> <span class='ocrx_word' id='word_1_359' title='bbox 2406 1916 2555 1973; x_wconf 89' lang='lat' dir='ltr'>quos</span> <span class='ocrx_word' id='word_1_360' title='bbox 2574 1904 2896 1973; x_wconf 89' lang='lat' dir='ltr'>posuerunt</span> <span class='ocrx_word' id='word_1_361' title='bbox 2912 1904 3107 1972; x_wconf 87' lang='lat' dir='ltr'>patres</span> <span class='ocrx_word' id='word_1_362' title='bbox 3123 1901 3328 1969; x_wconf 85' lang='lat' dir='ltr'>nostri,</span> <span class='ocrx_word' id='word_1_363' title='bbox 3349 1900 3452 1955; x_wconf 86' lang='lat' dir='ltr'>sed</span> <span class='ocrx_word' id='word_1_364' title='bbox 3472 1900 3824 1972; x_wconf 84' lang='lat' dir='ltr'>impleamus</span> 
     </span>
    </p>
   </div>
   <div class='ocr_carea' id='block_1_51' title="bbox 2168 1988 3825 2062">
    <p class='ocr_par' dir='ltr' id='par_1_51' title="bbox 2168 1988 3825 2062">
     <span class='ocr_line' id='line_1_51' title="bbox 2168 1988 3825 2062; baseline 0.001 -18"><span class='ocrx_word' id='word_1_365' title='bbox 2168 1988 2314 2045; x_wconf 88' lang='lat' dir='ltr'>illud</span> <span class='ocrx_word' id='word_1_366' title='bbox 2336 1990 2491 2062; x_wconf 91' lang='lat' dir='ltr'>quod</span> <span class='ocrx_word' id='word_1_367' title='bbox 2515 2006 2618 2061; x_wconf 92' lang='lat' dir='ltr'>per</span> <span class='ocrx_word' id='word_1_368' title='bbox 2635 1988 2948 2046; x_wconf 83' lang='lat' dir='ltr'>Jeremiam</span> <span class='ocrx_word' id='word_1_369' title='bbox 2971 1989 3316 2062; x_wconf 86' lang='lat' dir='ltr'>prophetam</span> <span class='ocrx_word' id='word_1_370' title='bbox 3335 1990 3575 2046; x_wconf 87' lang='lat' dir='ltr'>dicitur:</span> <span class='ocrx_word' id='word_1_371' title='bbox 3610 2012 3639 2040; x_wconf 84' lang='lat'><strong><em>«</em></strong></span> <span class='ocrx_word' id='word_1_372' title='bbox 3660 1990 3825 2046; x_wconf 83' lang='lat' dir='ltr'>State</span> 
     </span>
    </p>
   </div>
   <div class='ocr_carea' id='block_1_52' title="bbox 2168 2078 3825 2152">
    <p class='ocr_par' dir='ltr' id='par_1_52' title="bbox 2168 2078 3825 2152">
     <span class='ocr_line' id='line_1_52' title="bbox 2168 2078 3825 2152; baseline -0.001 -17"><span class='ocrx_word' id='word_1_373' title='bbox 2168 2095 2348 2151; x_wconf 90' lang='lat' dir='ltr'>super</span> <span class='ocrx_word' id='word_1_374' title='bbox 2374 2078 2520 2149; x_wconf 87' lang='lat' dir='ltr'>vias,</span> <span class='ocrx_word' id='word_1_375' title='bbox 2553 2083 2610 2133; x_wconf 90' lang='lat' dir='ltr'>et</span> <span class='ocrx_word' id='word_1_376' title='bbox 2638 2078 2993 2151; x_wconf 87' lang='lat' dir='ltr'>interrogate</span> <span class='ocrx_word' id='word_1_377' title='bbox 3022 2080 3094 2134; x_wconf 91' lang='lat' dir='ltr'>de</span> <span class='ocrx_word' id='word_1_378' title='bbox 3124 2079 3352 2134; x_wconf 90' lang='lat' dir='ltr'>semitis</span> <span class='ocrx_word' id='word_1_379' title='bbox 3382 2078 3657 2150; x_wconf 86' lang='lat' dir='ltr'>antiquis,</span> <span class='ocrx_word' id='word_1_380' title='bbox 3692 2094 3825 2152; x_wconf 70' lang='lat' dir='ltr'>quae</span> 
     </span>
    </p>
   </div>
   <div class='ocr_carea' id='block_1_53' title="bbox 2168 2161 3826 2240">
    <p class='ocr_par' dir='ltr' id='par_1_53' title="bbox 2168 2161 3826 2240">
     <span class='ocr_line' id='line_1_53' title="bbox 2168 2161 3826 2240; baseline 0 -15"><span class='ocrx_word' id='word_1_381' title='bbox 2168 2167 2245 2225; x_wconf 89' lang='lat' dir='ltr'>sit</span> <span class='ocrx_word' id='word_1_382' title='bbox 2274 2169 2425 2224; x_wconf 88' lang='lat' dir='ltr'>bona</span> <span class='ocrx_word' id='word_1_383' title='bbox 2443 2168 2554 2236; x_wconf 90' lang='lat' dir='ltr'>via,</span> <span class='ocrx_word' id='word_1_384' title='bbox 2569 2172 2626 2224; x_wconf 89' lang='lat' dir='ltr'>et</span> <span class='ocrx_word' id='word_1_385' title='bbox 2655 2166 2955 2224; x_wconf 89' lang='lat' dir='ltr'>ambulate</span> <span class='ocrx_word' id='word_1_386' title='bbox 2976 2168 3035 2223; x_wconf 90' lang='lat' dir='ltr'>in</span> <span class='ocrx_word' id='word_1_387' title='bbox 3067 2184 3135 2225; x_wconf 87' lang='lat' dir='ltr'>ea</span> <span class='ocrx_word' id='word_1_388' title='bbox 3163 2170 3387 2237; x_wconf 80' lang='lat' dir='ltr'>(Jerem.</span> <span class='ocrx_word' id='word_1_389' title='bbox 3421 2170 3519 2240; x_wconf 77' lang='lat' dir='ltr'>vr).</span> <span class='ocrx_word' id='word_1_390' title='bbox 3547 2161 3575 2219; x_wconf 54' lang='lat' dir='ltr'>ii</span> <span class='ocrx_word' id='word_1_391' title='bbox 3597 2169 3706 2225; x_wconf 90' lang='lat' dir='ltr'>Sed</span> <span class='ocrx_word' id='word_1_392' title='bbox 3728 2185 3826 2225; x_wconf 83' lang='lat' dir='ltr'>sa-</span> 
     </span>
    </p>
   </div>
   <div class='ocr_carea' id='block_1_54' title="bbox 2168 2245 3828 2329">
    <p class='ocr_par' dir='ltr' id='par_1_54' title="bbox 2168 2245 3828 2329">
     <span class='ocr_line' id='line_1_54' title="bbox 2168 2245 3828 2329; baseline 0 -15"><span class='ocrx_word' id='word_1_393' title='bbox 2168 2258 2432 2314; x_wconf 87' lang='lat' dir='ltr'>cerdotes</span> <span class='ocrx_word' id='word_1_394' title='bbox 2458 2261 2516 2314; x_wconf 89' lang='lat' dir='ltr'>et</span> <span class='ocrx_word' id='word_1_395' title='bbox 2543 2256 2749 2313; x_wconf 68' lang='lat' dir='ltr'>scribae</span> <span class='ocrx_word' id='word_1_396' title='bbox 2781 2257 3049 2329; x_wconf 88' lang='lat' dir='ltr'>requisiti</span> <span class='ocrx_word' id='word_1_397' title='bbox 3076 2245 3149 2314; x_wconf 81' lang='lat' dir='ltr'>ab</span> <span class='ocrx_word' id='word_1_398' title='bbox 3171 2258 3394 2314; x_wconf 88' lang='lat' dir='ltr'>Herode</span> <span class='ocrx_word' id='word_1_399' title='bbox 3424 2259 3524 2314; x_wconf 90' lang='lat' dir='ltr'>ubi</span> <span class='ocrx_word' id='word_1_400' title='bbox 3556 2257 3828 2315; x_wconf 85' lang='lat' dir='ltr'>Christus</span> 
     </span>
    </p>
   </div>
   <div class='ocr_carea' id='block_1_55' title="bbox 2169 2346 3826 2420">
    <p class='ocr_par' dir='ltr' id='par_1_55' title="bbox 2169 2346 3826 2420">
     <span class='ocr_line' id='line_1_55' title="bbox 2169 2346 3826 2420; baseline -0.001 -15"><span class='ocrx_word' id='word_1_401' title='bbox 2169 2351 2527 2414; x_wconf 87' lang='lat' dir='ltr'>nasceretur,</span> <span class='ocrx_word' id='word_1_402' title='bbox 2556 2347 2711 2420; x_wconf 92' lang='lat' dir='ltr'>quod</span> <span class='ocrx_word' id='word_1_403' title='bbox 2741 2346 3002 2419; x_wconf 89' lang='lat' dir='ltr'>legerant</span> <span class='ocrx_word' id='word_1_404' title='bbox 3046 2351 3104 2403; x_wconf 90' lang='lat' dir='ltr'>et</span> <span class='ocrx_word' id='word_1_405' title='bbox 3147 2348 3472 2404; x_wconf 87' lang='lat' dir='ltr'>didicerant</span> <span class='ocrx_word' id='word_1_406' title='bbox 3502 2347 3826 2420; x_wconf 87' lang='lat' dir='ltr'>responde-</span> 
     </span>
    </p>
   </div>
   <div class='ocr_carea' id='block_1_56' title="bbox 2169 2436 2658 2503">
    <p class='ocr_par' dir='ltr' id='par_1_56' title="bbox 2169 2436 2658 2503">
     <span class='ocr_line' id='line_1_56' title="bbox 2169 2436 2658 2503; baseline -0.008 -10"><span class='ocrx_word' id='word_1_407' title='bbox 2169 2439 2327 2503; x_wconf 87' lang='lat' dir='ltr'>runt,</span> <span class='ocrx_word' id='word_1_408' title='bbox 2359 2436 2621 2491; x_wconf 88' lang='lat' dir='ltr'>dicentes</span> <span class='ocrx_word' id='word_1_409' title='bbox 2644 2452 2658 2489; x_wconf 88' lang='lat'>:</span> 
     </span>
    </p>
   </div>
   <div class='ocr_carea' id='block_1_57' title="bbox 2240 2523 3826 2593">
    <p class='ocr_par' dir='ltr' id='par_1_57' title="bbox 2240 2523 3826 2593">
     <span class='ocr_line' id='line_1_57' title="bbox 2240 2523 3826 2593; baseline 0.005 -18"><span class='ocrx_word' id='word_1_410' title='bbox 2240 2548 2267 2574; x_wconf 88' lang='grc'><em>‹‹</em></span> <span class='ocrx_word' id='word_1_411' title='bbox 2306 2529 2371 2579; x_wconf 88' lang='lat' dir='ltr'>In</span> <span class='ocrx_word' id='word_1_412' title='bbox 2400 2523 2736 2580; x_wconf 89' lang='lat' dir='ltr'>Bethlehem</span> <span class='ocrx_word' id='word_1_413' title='bbox 2766 2525 2951 2593; x_wconf 83' lang='lat' dir='ltr'>Judae,</span> <span class='ocrx_word' id='word_1_414' title='bbox 2988 2547 3018 2576; x_wconf 84' lang='lat'>»</span> <span class='ocrx_word' id='word_1_415' title='bbox 3047 2527 3462 2584; x_wconf 79' lang='lat' dir='ltr'>eonﬁrmanles</span> <span class='ocrx_word' id='word_1_416' title='bbox 3493 2526 3600 2582; x_wconf 90' lang='lat' dir='ltr'>hoc</span> <span class='ocrx_word' id='word_1_417' title='bbox 3628 2530 3826 2583; x_wconf 84' lang='lat' dir='ltr'>aucto-</span> 
     </span>
    </p>
   </div>
   <div class='ocr_carea' id='block_1_58' title="bbox 2169 2613 3087 2686">
    <p class='ocr_par' dir='ltr' id='par_1_58' title="bbox 2169 2613 3087 2686">
     <span class='ocr_line' id='line_1_58' title="bbox 2169 2613 3087 2686; baseline 0.001 -16"><span class='ocrx_word' id='word_1_418' title='bbox 2169 2614 2341 2670; x_wconf 89' lang='lat' dir='ltr'>ritate</span> <span class='ocrx_word' id='word_1_419' title='bbox 2371 2613 2730 2686; x_wconf 89' lang='lat' dir='ltr'>prophetica,</span> <span class='ocrx_word' id='word_1_420' title='bbox 2763 2614 3087 2671; x_wconf 88' lang='lat' dir='ltr'>discentes:</span> 
     </span>
    </p>
   </div>
   <div class='ocr_carea' id='block_1_59' title="bbox 2245 2703 3825 2778">
    <p class='ocr_par' dir='ltr' id='par_1_59' title="bbox 2245 2703 3825 2778">
     <span class='ocr_line' id='line_1_59' title="bbox 2245 2703 3825 2778; baseline 0.005 -24"><span class='ocrx_word' id='word_1_421' title='bbox 2245 2726 2272 2754; x_wconf 86' lang='grc'><em>‹‹</em></span> <span class='ocrx_word' id='word_1_422' title='bbox 2306 2705 2447 2759; x_wconf 86' lang='lat' dir='ltr'>Ettu</span> <span class='ocrx_word' id='word_1_423' title='bbox 2466 2703 2803 2760; x_wconf 87' lang='lat' dir='ltr'>Bethlehem</span> <span class='ocrx_word' id='word_1_424' title='bbox 2820 2708 2975 2760; x_wconf 89' lang='lat' dir='ltr'>terra</span> <span class='ocrx_word' id='word_1_425' title='bbox 2988 2704 3019 2759; x_wconf 87' lang='lat' dir='ltr'><strong>J</strong></span> <span class='ocrx_word' id='word_1_426' title='bbox 3024 2706 3161 2773; x_wconf 92' lang='lat' dir='ltr'>uda,</span> <span class='ocrx_word' id='word_1_427' title='bbox 3180 2722 3552 2778; x_wconf 86' lang='lat' dir='ltr'>nequaquam</span> <span class='ocrx_word' id='word_1_428' title='bbox 3574 2706 3825 2762; x_wconf 84' lang='lat' dir='ltr'>minima</span> 
     </span>
    </p>
   </div>
   <div class='ocr_carea' id='block_1_60' title="bbox 2171 2792 3825 2869">
    <p class='ocr_par' dir='ltr' id='par_1_60' title="bbox 2171 2792 3825 2869">
     <span class='ocr_line' id='line_1_60' title="bbox 2171 2792 3825 2869; baseline 0.004 -25"><span class='ocrx_word' id='word_1_429' title='bbox 2171 2816 2198 2843; x_wconf 86' lang='lat'><strong>«</strong></span> <span class='ocrx_word' id='word_1_430' title='bbox 2229 2808 2291 2848; x_wconf 82' lang='lat' dir='ltr'>es</span> <span class='ocrx_word' id='word_1_431' title='bbox 2323 2793 2380 2848; x_wconf 89' lang='lat' dir='ltr'>in</span> <span class='ocrx_word' id='word_1_432' title='bbox 2432 2792 2796 2865; x_wconf 88' lang='lat' dir='ltr'>principibus</span> <span class='ocrx_word' id='word_1_433' title='bbox 2825 2792 2998 2848; x_wconf 86' lang='lat' dir='ltr'>Juda.</span> <span class='ocrx_word' id='word_1_434' title='bbox 3030 2816 3060 2844; x_wconf 87' lang='lat'><strong>»</strong></span> <span class='ocrx_word' id='word_1_435' title='bbox 3107 2793 3232 2850; x_wconf 88' lang='lat' dir='ltr'>Non</span> <span class='ocrx_word' id='word_1_436' title='bbox 3259 2794 3450 2851; x_wconf 87' lang='lat' dir='ltr'>solum</span> <span class='ocrx_word' id='word_1_437' title='bbox 3494 2796 3649 2852; x_wconf 89' lang='lat' dir='ltr'>enim</span> <span class='ocrx_word' id='word_1_438' title='bbox 3681 2796 3825 2869; x_wconf 82' lang='lat' dir='ltr'>quia</span> 
     </span>
    </p>
   </div>
   <div class='ocr_carea' id='block_1_61' title="bbox 2170 2882 3822 2952">
    <p class='ocr_par' dir='ltr' id='par_1_61' title="bbox 2170 2882 3822 2952">
     <span class='ocr_line' id='line_1_61' title="bbox 2170 2882 3822 2952; baseline 0.001 -13"><span class='ocrx_word' id='word_1_439' title='bbox 2170 2882 2437 2939; x_wconf 87' lang='lat' dir='ltr'>Christus</span> <span class='ocrx_word' id='word_1_440' title='bbox 2486 2887 2824 2938; x_wconf 87' lang='lat' dir='ltr'>nasceretur</span> <span class='ocrx_word' id='word_1_441' title='bbox 2852 2888 3150 2952; x_wconf 86' lang='lat' dir='ltr'>noverant,</span> <span class='ocrx_word' id='word_1_442' title='bbox 3183 2885 3282 2941; x_wconf 88' lang='lat' dir='ltr'>sed</span> <span class='ocrx_word' id='word_1_443' title='bbox 3315 2884 3491 2941; x_wconf 87' lang='lat' dir='ltr'>etiam</span> <span class='ocrx_word' id='word_1_444' title='bbox 3522 2884 3624 2941; x_wconf 90' lang='lat' dir='ltr'>ubi</span> <span class='ocrx_word' id='word_1_445' title='bbox 3653 2884 3822 2941; x_wconf 83' lang='lat' dir='ltr'>Chri-</span> 
     </span>
    </p>
   </div>
   <div class='ocr_carea' id='block_1_62' title="bbox 2170 2972 3822 3045">
    <p class='ocr_par' dir='ltr' id='par_1_62' title="bbox 2170 2972 3822 3045">
     <span class='ocr_line' id='line_1_62' title="bbox 2170 2972 3822 3045; baseline 0.002 -17"><span class='ocrx_word' id='word_1_446' title='bbox 2170 2975 2300 3028; x_wconf 85' lang='lat' dir='ltr'>stus</span> <span class='ocrx_word' id='word_1_447' title='bbox 2330 2978 2687 3029; x_wconf 88' lang='lat' dir='ltr'>nasceretur.</span> <span class='ocrx_word' id='word_1_448' title='bbox 2722 2972 3007 3035; x_wconf 86' lang='lat' dir='ltr'>Quoniam</span> <span class='ocrx_word' id='word_1_449' title='bbox 3032 2972 3284 3045; x_wconf 89' lang='lat' dir='ltr'>Spiritus</span> <span class='ocrx_word' id='word_1_450' title='bbox 3316 2978 3577 3043; x_wconf 79' lang='lat' dir='ltr'>sanctus,</span> <span class='ocrx_word' id='word_1_451' title='bbox 3609 2980 3674 3030; x_wconf 91' lang='lat' dir='ltr'>ut</span> <span class='ocrx_word' id='word_1_452' title='bbox 3691 2992 3822 3031; x_wconf 92' lang='lat' dir='ltr'>om-</span> 
     </span>
    </p>
   </div>
   <div class='ocr_carea' id='block_1_63' title="bbox 2170 3061 3821 3132">
    <p class='ocr_par' dir='ltr' id='par_1_63' title="bbox 2170 3061 3821 3132">
     <span class='ocr_line' id='line_1_63' title="bbox 2170 3061 3821 3132; baseline 0.004 -17"><span class='ocrx_word' id='word_1_453' title='bbox 2170 3077 2303 3116; x_wconf 89' lang='lat' dir='ltr'>nem</span> <span class='ocrx_word' id='word_1_454' title='bbox 2336 3061 2698 3117; x_wconf 88' lang='lat' dir='ltr'>occasionem</span> <span class='ocrx_word' id='word_1_455' title='bbox 2731 3078 2847 3117; x_wconf 88' lang='lat' dir='ltr'>non</span> <span class='ocrx_word' id='word_1_456' title='bbox 2869 3063 3141 3119; x_wconf 87' lang='lat' dir='ltr'>credendi</span> <span class='ocrx_word' id='word_1_457' title='bbox 3173 3064 3446 3132; x_wconf 78' lang='lat' dir='ltr'>auferret,</span> <span class='ocrx_word' id='word_1_458' title='bbox 3480 3081 3595 3121; x_wconf 90' lang='lat' dir='ltr'>non</span> <span class='ocrx_word' id='word_1_459' title='bbox 3625 3063 3821 3121; x_wconf 85' lang='lat' dir='ltr'>solum</span> 
     </span>
    </p>
   </div>
   <div class='ocr_carea' id='block_1_64' title="bbox 2168 3149 3827 3225">
    <p class='ocr_par' dir='ltr' id='par_1_64' title="bbox 2168 3149 3827 3225">
     <span class='ocr_line' id='line_1_64' title="bbox 2168 3149 3827 3225; baseline 0.002 -20"><span class='ocrx_word' id='word_1_460' title='bbox 2168 3149 2465 3206; x_wconf 90' lang='lat' dir='ltr'>Christum</span> <span class='ocrx_word' id='word_1_461' title='bbox 2516 3166 2618 3222; x_wconf 90' lang='lat' dir='ltr'>per</span> <span class='ocrx_word' id='word_1_462' title='bbox 2661 3151 2977 3223; x_wconf 90' lang='lat' dir='ltr'>prophetas</span> <span class='ocrx_word' id='word_1_463' title='bbox 3004 3154 3367 3208; x_wconf 90' lang='lat' dir='ltr'>nasciturum</span> <span class='ocrx_word' id='word_1_464' title='bbox 3399 3152 3680 3225; x_wconf 68' lang='lat' dir='ltr'>praedixit,</span> <span class='ocrx_word' id='word_1_465' title='bbox 3713 3152 3827 3209; x_wconf 82' lang='lat' dir='ltr'>sed</span> 
     </span>
    </p>
   </div>
   <div class='ocr_carea' id='block_1_65' title="bbox 406 3223 3826 3315">
    <p class='ocr_par' dir='ltr' id='par_1_65' title="bbox 406 3223 3826 3315">
     <span class='ocr_line' id='line_1_65' title="bbox 406 3223 3826 3315; baseline 0.002 -24"><span class='ocrx_word' id='word_1_466' title='bbox 406 3237 693 3295; x_wconf 89' lang='lat' dir='ltr'>rationem</span> <span class='ocrx_word' id='word_1_467' title='bbox 750 3256 917 3295; x_wconf 88' lang='lat' dir='ltr'>suam</span> <span class='ocrx_word' id='word_1_468' title='bbox 969 3239 1273 3296; x_wconf 84' lang='lat' dir='ltr'>observare</span> <span class='ocrx_word' id='word_1_469' title='bbox 1304 3242 1517 3297; x_wconf 88' lang='lat' dir='ltr'>debent</span> <span class='ocrx_word' id='word_1_470' title='bbox 1543 3260 1577 3297; x_wconf 88' lang='lat' dir='ltr'>a</span> <span class='ocrx_word' id='word_1_471' title='bbox 1607 3241 1798 3308; x_wconf 88' lang='lat' dir='ltr'>malis,</span> <span class='ocrx_word' id='word_1_472' title='bbox 1831 3246 1888 3297; x_wconf 91' lang='lat' dir='ltr'>et</span> <span class='ocrx_word' id='word_1_473' title='bbox 1935 3223 2054 3297; x_wconf 77' lang='lat' dir='ltr'>me-</span> <span class='ocrx_word' id='word_1_474' title='bbox 2088 3223 2131 3289; x_wconf 86' lang='lat' dir='ltr'>C</span> <span class='ocrx_word' id='word_1_475' title='bbox 2169 3238 2345 3295; x_wconf 88' lang='lat' dir='ltr'>etiam</span> <span class='ocrx_word' id='word_1_476' title='bbox 2374 3238 2567 3295; x_wconf 90' lang='lat' dir='ltr'>locum</span> <span class='ocrx_word' id='word_1_477' title='bbox 2601 3240 2700 3295; x_wconf 92' lang='lat' dir='ltr'>ubi</span> <span class='ocrx_word' id='word_1_478' title='bbox 2734 3240 3068 3296; x_wconf 89' lang='lat' dir='ltr'>nasciturus</span> <span class='ocrx_word' id='word_1_479' title='bbox 3097 3247 3221 3297; x_wconf 90' lang='lat' dir='ltr'>erat</span> <span class='ocrx_word' id='word_1_480' title='bbox 3249 3223 3593 3315; x_wconf 81' lang='lat' dir='ltr'>designavit,</span> <span class='ocrx_word' id='word_1_481' title='bbox 3621 3242 3826 3299; x_wconf 84' lang='lat' dir='ltr'>dicens</span> 
     </span>
    </p>
   </div>
   <div class='ocr_carea' id='block_1_66' title="bbox 403 3326 2058 3402">
    <p class='ocr_par' dir='ltr' id='par_1_66' title="bbox 403 3326 2058 3402">
     <span class='ocr_line' id='line_1_66' title="bbox 403 3326 2058 3402; baseline 0.001 -20"><span class='ocrx_word' id='word_1_482' title='bbox 403 3326 671 3392; x_wconf 89' lang='lat' dir='ltr'>moriam,</span> <span class='ocrx_word' id='word_1_483' title='bbox 697 3327 1058 3384; x_wconf 86' lang='lat' dir='ltr'>intellectum</span> <span class='ocrx_word' id='word_1_484' title='bbox 1080 3333 1138 3385; x_wconf 90' lang='lat' dir='ltr'>et</span> <span class='ocrx_word' id='word_1_485' title='bbox 1166 3328 1527 3386; x_wconf 85' lang='lat' dir='ltr'>voluntatem</span> <span class='ocrx_word' id='word_1_486' title='bbox 1558 3346 1841 3402; x_wconf 88' lang='lat' dir='ltr'>occupare</span> <span class='ocrx_word' id='word_1_487' title='bbox 1870 3329 1930 3384; x_wconf 91' lang='lat' dir='ltr'>in</span> <span class='ocrx_word' id='word_1_488' title='bbox 1962 3330 2058 3385; x_wconf 90' lang='lat' dir='ltr'>bo-</span> 
     </span>
    </p>
   </div>
   <div class='ocr_carea' id='block_1_67' title="bbox 400 3414 2056 3490">
    <p class='ocr_par' dir='ltr' id='par_1_67' title="bbox 400 3414 2056 3490">
     <span class='ocr_line' id='line_1_67' title="bbox 400 3414 2056 3490; baseline 0.001 -18"><span class='ocrx_word' id='word_1_489' title='bbox 400 3414 515 3472; x_wconf 90' lang='lat' dir='ltr'>nis.</span> <span class='ocrx_word' id='word_1_490' title='bbox 546 3415 649 3471; x_wconf 75' lang='lat' dir='ltr'>Vel</span> <span class='ocrx_word' id='word_1_491' title='bbox 709 3420 862 3472; x_wconf 90' lang='lat' dir='ltr'>certe</span> <span class='ocrx_word' id='word_1_492' title='bbox 912 3422 1032 3472; x_wconf 90' lang='lat' dir='ltr'>tres</span> <span class='ocrx_word' id='word_1_493' title='bbox 1083 3418 1237 3490; x_wconf 88' lang='lat' dir='ltr'>magi</span> <span class='ocrx_word' id='word_1_494' title='bbox 1290 3435 1423 3474; x_wconf 89' lang='lat' dir='ltr'>cum</span> <span class='ocrx_word' id='word_1_495' title='bbox 1472 3418 1663 3475; x_wconf 90' lang='lat' dir='ltr'>tribus</span> <span class='ocrx_word' id='word_1_496' title='bbox 1710 3419 2056 3475; x_wconf 87' lang='lat' dir='ltr'>muneribus</span> 
     </span>
    </p>
   </div>
   <div class='ocr_carea' id='block_1_68' title="bbox 399 3504 2053 3579">
    <p class='ocr_par' dir='ltr' id='par_1_68' title="bbox 399 3504 2053 3579">
     <span class='ocr_line' id='line_1_68' title="bbox 399 3504 2053 3579; baseline 0.002 -19"><span class='ocrx_word' id='word_1_497' title='bbox 399 3507 704 3573; x_wconf 88' lang='lat' dir='ltr'>venerunt,</span> <span class='ocrx_word' id='word_1_498' title='bbox 750 3504 889 3576; x_wconf 91' lang='lat' dir='ltr'>quia</span> <span class='ocrx_word' id='word_1_499' title='bbox 934 3506 1171 3578; x_wconf 89' lang='lat' dir='ltr'>gentilis</span> <span class='ocrx_word' id='word_1_500' title='bbox 1203 3506 1456 3579; x_wconf 91' lang='lat' dir='ltr'>populus</span> <span class='ocrx_word' id='word_1_501' title='bbox 1483 3509 1551 3563; x_wconf 91' lang='lat' dir='ltr'>ad</span> <span class='ocrx_word' id='word_1_502' title='bbox 1588 3509 1761 3563; x_wconf 85' lang='lat' dir='ltr'>ﬁdem</span> <span class='ocrx_word' id='word_1_503' title='bbox 1794 3508 2053 3575; x_wconf 90' lang='lat' dir='ltr'>veniens,</span> 
     </span>
    </p>
   </div>
   <div class='ocr_carea' id='block_1_69' title="bbox 401 3593 2056 3671">
    <p class='ocr_par' dir='ltr' id='par_1_69' title="bbox 401 3593 2056 3671">
     <span class='ocr_line' id='line_1_69' title="bbox 401 3593 2056 3671; baseline 0.003 -24"><span class='ocrx_word' id='word_1_504' title='bbox 401 3596 522 3649; x_wconf 89' lang='lat' dir='ltr'>tres</span> <span class='ocrx_word' id='word_1_505' title='bbox 553 3593 853 3650; x_wconf 90' lang='lat' dir='ltr'>naturales</span> <span class='ocrx_word' id='word_1_506' title='bbox 872 3593 1117 3651; x_wconf 81' lang='lat' dir='ltr'>virtutes</span> <span class='ocrx_word' id='word_1_507' title='bbox 1140 3612 1336 3652; x_wconf 90' lang='lat' dir='ltr'>secum</span> <span class='ocrx_word' id='word_1_508' title='bbox 1363 3597 1590 3664; x_wconf 89' lang='lat' dir='ltr'>detulit,</span> <span class='ocrx_word' id='word_1_509' title='bbox 1624 3597 1927 3671; x_wconf 78' lang='lat' dir='ltr'>physicam</span> <span class='ocrx_word' id='word_1_510' title='bbox 1950 3596 2056 3653; x_wconf 91' lang='lat' dir='ltr'>sci-</span> 
     </span>
    </p>
   </div>
   <div class='ocr_carea' id='block_1_70' title="bbox 399 3681 2054 3757">
    <p class='ocr_par' dir='ltr' id='par_1_70' title="bbox 399 3681 2054 3757">
     <span class='ocr_line' id='line_1_70' title="bbox 399 3681 2054 3757; baseline 0.003 -20"><span class='ocrx_word' id='word_1_511' title='bbox 399 3681 554 3754; x_wconf 85' lang='lat' dir='ltr'>licet,</span> <span class='ocrx_word' id='word_1_512' title='bbox 600 3682 851 3739; x_wconf 89' lang='lat' dir='ltr'>ethicam</span> <span class='ocrx_word' id='word_1_513' title='bbox 881 3687 939 3738; x_wconf 92' lang='lat' dir='ltr'>et</span> <span class='ocrx_word' id='word_1_514' title='bbox 966 3682 1238 3757; x_wconf 91' lang='lat' dir='ltr'>logicam,</span> <span class='ocrx_word' id='word_1_515' title='bbox 1272 3685 1329 3741; x_wconf 90' lang='lat' dir='ltr'>id</span> <span class='ocrx_word' id='word_1_516' title='bbox 1361 3690 1450 3742; x_wconf 91' lang='lat' dir='ltr'>est</span> <span class='ocrx_word' id='word_1_517' title='bbox 1479 3685 1830 3754; x_wconf 89' lang='lat' dir='ltr'>naturalem,</span> <span class='ocrx_word' id='word_1_518' title='bbox 1865 3704 2054 3742; x_wconf 87' lang='lat' dir='ltr'>mora-</span> 
     </span>
    </p>
   </div>
   <div class='ocr_carea' id='block_1_71' title="bbox 401 3770 1001 3828">
    <p class='ocr_par' dir='ltr' id='par_1_71' title="bbox 401 3770 1001 3828">
     <span class='ocr_line' id='line_1_71' title="bbox 401 3770 1001 3828; baseline 0.003 -2"><span class='ocrx_word' id='word_1_519' title='bbox 401 3770 518 3828; x_wconf 91' lang='lat' dir='ltr'>lem</span> <span class='ocrx_word' id='word_1_520' title='bbox 549 3776 604 3828; x_wconf 90' lang='lat' dir='ltr'>et</span> <span class='ocrx_word' id='word_1_521' title='bbox 635 3770 1001 3828; x_wconf 89' lang='lat' dir='ltr'>rationalem.</span> 
     </span>
    </p>
   </div>
   <div class='ocr_carea' id='block_1_72' title="bbox 476 3860 2060 3937">
    <p class='ocr_par' dir='ltr' id='par_1_72' title="bbox 476 3860 2060 3937">
     <span class='ocr_line' id='line_1_72' title="bbox 476 3860 2060 3937; baseline 0.009 -27"><span class='ocrx_word' id='word_1_522' title='bbox 476 3860 793 3917; x_wconf 76' lang='lat' dir='ltr'>«Audiens</span> <span class='ocrx_word' id='word_1_523' title='bbox 839 3864 1035 3917; x_wconf 89' lang='lat' dir='ltr'>autem</span> <span class='ocrx_word' id='word_1_524' title='bbox 1084 3863 1338 3921; x_wconf 89' lang='lat' dir='ltr'>Herodes</span> <span class='ocrx_word' id='word_1_525' title='bbox 1386 3883 1504 3937; x_wconf 86' lang='lat' dir='ltr'>rex,</span> <span class='ocrx_word' id='word_1_526' title='bbox 1565 3867 1836 3923; x_wconf 90' lang='lat' dir='ltr'>turbatus</span> <span class='ocrx_word' id='word_1_527' title='bbox 1886 3871 1974 3924; x_wconf 88' lang='lat' dir='ltr'>est</span> <span class='ocrx_word' id='word_1_528' title='bbox 2001 3872 2060 3924; x_wconf 90' lang='lat' dir='ltr'>et</span> 
     </span>
    </p>
   </div>
   <div class='ocr_carea' id='block_1_73' title="bbox 405 3949 2056 4026">
    <p class='ocr_par' dir='ltr' id='par_1_73' title="bbox 405 3949 2056 4026">
     <span class='ocr_line' id='line_1_73' title="bbox 405 3949 2056 4026; baseline 0.007 -25"><span class='ocrx_word' id='word_1_529' title='bbox 405 3972 432 4000; x_wconf 86' lang='grc'><em>‹‹</em></span> <span class='ocrx_word' id='word_1_530' title='bbox 465 3949 661 4006; x_wconf 89' lang='lat' dir='ltr'>omnis</span> <span class='ocrx_word' id='word_1_531' title='bbox 690 3949 1087 4024; x_wconf 83' lang='lat' dir='ltr'>Hierosolyma</span> <span class='ocrx_word' id='word_1_532' title='bbox 1116 3970 1249 4009; x_wconf 91' lang='lat' dir='ltr'>cum</span> <span class='ocrx_word' id='word_1_533' title='bbox 1280 3953 1398 4011; x_wconf 92' lang='lat' dir='ltr'>illo.</span> <span class='ocrx_word' id='word_1_534' title='bbox 1426 3978 1455 4005; x_wconf 83' lang='lat'>»</span> <span class='ocrx_word' id='word_1_535' title='bbox 1505 3956 1759 4012; x_wconf 86' lang='lat' dir='ltr'>Herodes</span> <span class='ocrx_word' id='word_1_536' title='bbox 1789 3958 1879 4026; x_wconf 91' lang='lat' dir='ltr'>(ut</span> <span class='ocrx_word' id='word_1_537' title='bbox 1908 3957 2056 4013; x_wconf 80' lang='lat' dir='ltr'>dixi-</span> 
     </span>
    </p>
   </div>
   <div class='ocr_carea' id='block_1_74' title="bbox 408 4039 2060 4119">
    <p class='ocr_par' dir='ltr' id='par_1_74' title="bbox 408 4039 2060 4119">
     <span class='ocr_line' id='line_1_74' title="bbox 408 4039 2060 4119; baseline 0.005 -26"><span class='ocrx_word' id='word_1_538' title='bbox 408 4042 586 4108; x_wconf 87' lang='lat' dir='ltr'>mus),</span> <span class='ocrx_word' id='word_1_539' title='bbox 622 4039 722 4111; x_wconf 89' lang='lat' dir='ltr'>qui</span> <span class='ocrx_word' id='word_1_540' title='bbox 755 4040 1153 4097; x_wconf 86' lang='lat' dir='ltr'>fraudulenter</span> <span class='ocrx_word' id='word_1_541' title='bbox 1180 4047 1237 4099; x_wconf 92' lang='lat' dir='ltr'>et</span> <span class='ocrx_word' id='word_1_542' title='bbox 1257 4042 1462 4100; x_wconf 91' lang='lat' dir='ltr'>callide</span> <span class='ocrx_word' id='word_1_543' title='bbox 1486 4062 1732 4119; x_wconf 91' lang='lat' dir='ltr'>regnum</span> <span class='ocrx_word' id='word_1_544' title='bbox 1759 4046 2060 4103; x_wconf 89' lang='lat' dir='ltr'>obtinebat</span> 
     </span>
    </p>
   </div>
   <div class='ocr_carea' id='block_1_75' title="bbox 405 4126 2056 4203">
    <p class='ocr_par' dir='ltr' id='par_1_75' title="bbox 405 4126 2056 4203">
     <span class='ocr_line' id='line_1_75' title="bbox 405 4126 2056 4203; baseline 0.005 -21"><span class='ocrx_word' id='word_1_545' title='bbox 405 4126 764 4195; x_wconf 73' lang='lat' dir='ltr'>Judceorum,</span> <span class='ocrx_word' id='word_1_546' title='bbox 816 4144 950 4184; x_wconf 83' lang='lat' dir='ltr'>mox</span> <span class='ocrx_word' id='word_1_547' title='bbox 996 4133 1060 4185; x_wconf 93' lang='lat' dir='ltr'>ut</span> <span class='ocrx_word' id='word_1_548' title='bbox 1090 4147 1284 4203; x_wconf 87' lang='lat' dir='ltr'>regem</span> <span class='ocrx_word' id='word_1_549' title='bbox 1333 4133 1671 4189; x_wconf 73' lang='lat' dir='ltr'>Judaeorum</span> <span class='ocrx_word' id='word_1_550' title='bbox 1704 4134 1927 4190; x_wconf 86' lang='lat' dir='ltr'>audivit</span> <span class='ocrx_word' id='word_1_551' title='bbox 1954 4152 2056 4191; x_wconf 87' lang='lat' dir='ltr'>na-</span> 
     </span>
    </p>
   </div>
   <div class='ocr_carea' id='block_1_76' title="bbox 408 4220 2056 4294">
    <p class='ocr_par' dir='ltr' id='par_1_76' title="bbox 408 4220 2056 4294">
     <span class='ocr_line' id='line_1_76' title="bbox 408 4220 2056 4294; baseline 0.005 -23"><span class='ocrx_word' id='word_1_552' title='bbox 408 4221 558 4286; x_wconf 91' lang='lat' dir='ltr'>tum,</span> <span class='ocrx_word' id='word_1_553' title='bbox 589 4220 857 4273; x_wconf 89' lang='lat' dir='ltr'>metuens</span> <span class='ocrx_word' id='word_1_554' title='bbox 879 4234 1297 4290; x_wconf 89' lang='lat' dir='ltr'>successorem,</span> <span class='ocrx_word' id='word_1_555' title='bbox 1323 4223 1708 4280; x_wconf 86' lang='lat' dir='ltr'>conturbatus</span> <span class='ocrx_word' id='word_1_556' title='bbox 1729 4227 1818 4280; x_wconf 90' lang='lat' dir='ltr'>est</span> <span class='ocrx_word' id='word_1_557' title='bbox 1838 4224 2056 4294; x_wconf 89' lang='lat' dir='ltr'>animo,</span> 
     </span>
    </p>
   </div>
   <div class='ocr_carea' id='block_1_77' title="bbox 405 4306 2057 4383">
    <p class='ocr_par' dir='ltr' id='par_1_77' title="bbox 405 4306 2057 4383">
     <span class='ocr_line' id='line_1_77' title="bbox 405 4306 2057 4383; baseline 0.004 -21"><span class='ocrx_word' id='word_1_558' title='bbox 405 4306 622 4363; x_wconf 90' lang='lat' dir='ltr'>timens</span> <span class='ocrx_word' id='word_1_559' title='bbox 651 4311 714 4363; x_wconf 90' lang='lat' dir='ltr'>ut</span> <span class='ocrx_word' id='word_1_560' title='bbox 740 4308 894 4379; x_wconf 91' lang='lat' dir='ltr'>quod</span> <span class='ocrx_word' id='word_1_561' title='bbox 917 4308 1134 4380; x_wconf 89' lang='lat' dir='ltr'>injuste</span> <span class='ocrx_word' id='word_1_562' title='bbox 1154 4310 1407 4383; x_wconf 88' lang='lat' dir='ltr'>tenebat,</span> <span class='ocrx_word' id='word_1_563' title='bbox 1422 4313 1582 4383; x_wconf 90' lang='lat' dir='ltr'>justc</span> <span class='ocrx_word' id='word_1_564' title='bbox 1604 4313 1913 4382; x_wconf 87' lang='lat' dir='ltr'>amitteret,</span> <span class='ocrx_word' id='word_1_565' title='bbox 1942 4332 2057 4371; x_wconf 89' lang='lat' dir='ltr'>non</span> 
     </span>
    </p>
   </div>
   <div class='ocr_carea' id='block_1_78' title="bbox 404 4394 2058 4474">
    <p class='ocr_par' dir='ltr' id='par_1_78' title="bbox 404 4394 2058 4474">
     <span class='ocr_line' id='line_1_78' title="bbox 404 4394 2058 4474; baseline 0.004 -23"><span class='ocrx_word' id='word_1_566' title='bbox 404 4394 737 4467; x_wconf 85' lang='lat' dir='ltr'>intelligens</span> <span class='ocrx_word' id='word_1_567' title='bbox 765 4397 903 4469; x_wconf 89' lang='lat' dir='ltr'>quia</span> <span class='ocrx_word' id='word_1_568' title='bbox 930 4396 1024 4454; x_wconf 90' lang='lat' dir='ltr'>ille</span> <span class='ocrx_word' id='word_1_569' title='bbox 1050 4416 1162 4455; x_wconf 90' lang='lat' dir='ltr'>non</span> <span class='ocrx_word' id='word_1_570' title='bbox 1199 4405 1431 4457; x_wconf 89' lang='lat' dir='ltr'>venerat</span> <span class='ocrx_word' id='word_1_571' title='bbox 1464 4406 1526 4457; x_wconf 90' lang='lat' dir='ltr'>ut</span> <span class='ocrx_word' id='word_1_572' title='bbox 1559 4401 1782 4459; x_wconf 81' lang='lat' dir='ltr'>tolleret</span> <span class='ocrx_word' id='word_1_573' title='bbox 1811 4419 2058 4474; x_wconf 84' lang='lat' dir='ltr'>regnum</span> 
     </span>
    </p>
   </div>
   <div class='ocr_carea' id='block_1_79' title="bbox 404 4487 2056 4553">
    <p class='ocr_par' dir='ltr' id='par_1_79' title="bbox 404 4487 2056 4553">
     <span class='ocr_line' id='line_1_79' title="bbox 404 4487 2056 4553; baseline 0.005 -14"><span class='ocrx_word' id='word_1_574' title='bbox 404 4489 724 4553; x_wconf 88' lang='lat' dir='ltr'>terrenum,</span> <span class='ocrx_word' id='word_1_575' title='bbox 770 4487 871 4543; x_wconf 87' lang='lat' dir='ltr'>sed</span> <span class='ocrx_word' id='word_1_576' title='bbox 927 4492 989 4543; x_wconf 91' lang='lat' dir='ltr'>ut</span> <span class='ocrx_word' id='word_1_577' title='bbox 1013 4490 1385 4546; x_wconf 90' lang='lat' dir='ltr'>credentibus</span> <span class='ocrx_word' id='word_1_578' title='bbox 1436 4491 1724 4547; x_wconf 90' lang='lat' dir='ltr'>conferret</span> <span class='ocrx_word' id='word_1_579' title='bbox 1752 4496 2056 4548; x_wconf 71' lang='lat' dir='ltr'>aaternum.</span> 
     </span>
    </p>
   </div>
   <div class='ocr_carea' id='block_1_80' title="bbox 405 4572 2134 4662">
    <p class='ocr_par' dir='ltr' id='par_1_80' title="bbox 405 4572 2134 4662">
     <span class='ocr_line' id='line_1_80' title="bbox 405 4572 2134 4662; baseline 0.006 -35"><span class='ocrx_word' id='word_1_580' title='bbox 405 4572 515 4627; x_wconf 90' lang='lat' dir='ltr'>Sed</span> <span class='ocrx_word' id='word_1_581' title='bbox 543 4573 689 4662; x_wconf 84' lang='lat' dir='ltr'>quia</span> <span class='ocrx_word' id='word_1_582' title='bbox 719 4591 835 4629; x_wconf 91' lang='lat' dir='ltr'>non</span> <span class='ocrx_word' id='word_1_583' title='bbox 860 4575 1047 4631; x_wconf 90' lang='lat' dir='ltr'>solum</span> <span class='ocrx_word' id='word_1_584' title='bbox 1074 4578 1349 4647; x_wconf 89' lang='lat' dir='ltr'>Herodes,</span> <span class='ocrx_word' id='word_1_585' title='bbox 1382 4579 1482 4634; x_wconf 89' lang='lat' dir='ltr'>sed</span> <span class='ocrx_word' id='word_1_586' title='bbox 1506 4578 1682 4635; x_wconf 88' lang='lat' dir='ltr'>etiam</span> <span class='ocrx_word' id='word_1_587' title='bbox 1702 4580 1895 4637; x_wconf 90' lang='lat' dir='ltr'>omnis</span> <span class='ocrx_word' id='word_1_588' title='bbox 1925 4580 2058 4637; x_wconf 82' lang='lat' dir='ltr'>Hie-</span> <span class='ocrx_word' id='word_1_589' title='bbox 2088 4597 2134 4662; x_wconf 73' lang='grc' dir='ltr'>Ι)</span> 
     </span>
    </p>
   </div>
   <div class='ocr_carea' id='block_1_81' title="bbox 405 4660 2054 4734">
    <p class='ocr_par' dir='ltr' id='par_1_81' title="bbox 405 4660 2054 4734">
     <span class='ocr_line' id='line_1_81' title="bbox 405 4660 2054 4734; baseline 0.008 -19"><span class='ocrx_word' id='word_1_590' title='bbox 405 4660 699 4734; x_wconf 83' lang='lat' dir='ltr'>rosolyma</span> <span class='ocrx_word' id='word_1_591' title='bbox 728 4679 860 4718; x_wconf 91' lang='lat' dir='ltr'>cum</span> <span class='ocrx_word' id='word_1_592' title='bbox 894 4663 992 4720; x_wconf 93' lang='lat' dir='ltr'>illo</span> <span class='ocrx_word' id='word_1_593' title='bbox 1024 4667 1257 4721; x_wconf 83' lang='lat' dir='ltr'>turbata</span> <span class='ocrx_word' id='word_1_594' title='bbox 1293 4683 1423 4721; x_wconf 83' lang='lat' dir='ltr'>esse</span> <span class='ocrx_word' id='word_1_595' title='bbox 1464 4666 1713 4724; x_wconf 87' lang='lat' dir='ltr'>dicitur:</span> <span class='ocrx_word' id='word_1_596' title='bbox 1748 4671 2054 4727; x_wconf 88' lang='lat' dir='ltr'>sciendum</span> 
     </span>
    </p>
   </div>
   <div class='ocr_carea' id='block_1_82' title="bbox 405 4750 2054 4828">
    <p class='ocr_par' dir='ltr' id='par_1_82' title="bbox 405 4750 2054 4828">
     <span class='ocr_line' id='line_1_82' title="bbox 405 4750 2054 4828; baseline 0.006 -23"><span class='ocrx_word' id='word_1_597' title='bbox 405 4754 495 4807; x_wconf 88' lang='lat' dir='ltr'>est</span> <span class='ocrx_word' id='word_1_598' title='bbox 536 4750 676 4823; x_wconf 89' lang='lat' dir='ltr'>quia</span> <span class='ocrx_word' id='word_1_599' title='bbox 707 4769 774 4808; x_wconf 83' lang='lat' dir='ltr'>ex</span> <span class='ocrx_word' id='word_1_600' title='bbox 807 4771 923 4809; x_wconf 89' lang='lat' dir='ltr'>una</span> <span class='ocrx_word' id='word_1_601' title='bbox 952 4771 1261 4827; x_wconf 86' lang='lat' dir='ltr'>magorum</span> <span class='ocrx_word' id='word_1_602' title='bbox 1300 4754 1752 4828; x_wconf 88' lang='lat' dir='ltr'>interrogatione</span> <span class='ocrx_word' id='word_1_603' title='bbox 1784 4776 1897 4814; x_wconf 91' lang='lat' dir='ltr'>non</span> <span class='ocrx_word' id='word_1_604' title='bbox 1929 4777 2054 4814; x_wconf 85' lang='lat' dir='ltr'>om-</span> 
     </span>
    </p>
   </div>
   <div class='ocr_carea' id='block_1_83' title="bbox 366 4836 2058 4905">
    <p class='ocr_par' dir='ltr' id='par_1_83' title="bbox 366 4836 2058 4905">
     <span class='ocr_line' id='line_1_83' title="bbox 366 4836 2058 4905; baseline 0.007 -12"><span class='ocrx_word' id='word_1_605' title='bbox 366 4836 385 4847; x_wconf 63' lang='grc'>”’</span> <span class='ocrx_word' id='word_1_606' title='bbox 406 4856 508 4895; x_wconf 89' lang='lat' dir='ltr'>nes</span> <span class='ocrx_word' id='word_1_607' title='bbox 522 4857 637 4896; x_wconf 90' lang='lat' dir='ltr'>uno</span> <span class='ocrx_word' id='word_1_608' title='bbox 652 4843 1055 4899; x_wconf 80' lang='lat' dir='ltr'>modoturbati</span> <span class='ocrx_word' id='word_1_609' title='bbox 1072 4842 1483 4898; x_wconf 78' lang='lat' dir='ltr'>dicunturzalii</span> <span class='ocrx_word' id='word_1_610' title='bbox 1499 4844 1654 4901; x_wconf 89' lang='lat' dir='ltr'>enim</span> <span class='ocrx_word' id='word_1_611' title='bbox 1668 4847 2058 4905; x_wconf 88' lang='lat' dir='ltr'>turbabantur</span> 
     </span>
    </p>
   </div>
   <div class='ocr_carea' id='block_1_84' title="bbox 406 4931 2055 5009">
    <p class='ocr_par' dir='ltr' id='par_1_84' title="bbox 406 4931 2055 5009">
     <span class='ocr_line' id='line_1_84' title="bbox 406 4931 2055 5009; baseline 0.005 -25"><span class='ocrx_word' id='word_1_612' title='bbox 406 4934 642 5005; x_wconf 80' lang='lat' dir='ltr'>propter</span> <span class='ocrx_word' id='word_1_613' title='bbox 668 4931 966 4998; x_wconf 81' lang='lat' dir='ltr'>invidiam,</span> <span class='ocrx_word' id='word_1_614' title='bbox 990 4931 1145 4986; x_wconf 88' lang='lat' dir='ltr'>sicut</span> <span class='ocrx_word' id='word_1_615' title='bbox 1168 4931 1422 4987; x_wconf 87' lang='lat' dir='ltr'>Herodes</span> <span class='ocrx_word' id='word_1_616' title='bbox 1446 4948 1460 4999; x_wconf 90' lang='lat'><strong>;</strong></span> <span class='ocrx_word' id='word_1_617' title='bbox 1488 4932 1584 4989; x_wconf 88' lang='lat' dir='ltr'>alii</span> <span class='ocrx_word' id='word_1_618' title='bbox 1618 4940 1853 5009; x_wconf 90' lang='lat' dir='ltr'>propter</span> <span class='ocrx_word' id='word_1_619' title='bbox 1884 4937 2055 4993; x_wconf 89' lang='lat' dir='ltr'>timo-</span> 
     </span>
    </p>
   </div>
   <div class='ocr_carea' id='block_1_85' title="bbox 406 5019 2052 5097">
    <p class='ocr_par' dir='ltr' id='par_1_85' title="bbox 406 5019 2052 5097">
     <span class='ocr_line' id='line_1_85' title="bbox 406 5019 2052 5097; baseline 0.005 -23"><span class='ocrx_word' id='word_1_620' title='bbox 406 5035 552 5087; x_wconf 90' lang='lat' dir='ltr'>rem,</span> <span class='ocrx_word' id='word_1_621' title='bbox 586 5021 877 5086; x_wconf 67' lang='lat' dir='ltr'>utJudaai,</span> <span class='ocrx_word' id='word_1_622' title='bbox 918 5020 1016 5091; x_wconf 88' lang='lat' dir='ltr'>qui</span> <span class='ocrx_word' id='word_1_623' title='bbox 1049 5019 1354 5077; x_wconf 85' lang='lat' dir='ltr'>audientes</span> <span class='ocrx_word' id='word_1_624' title='bbox 1386 5039 1579 5095; x_wconf 73' lang='lat' dir='ltr'>regem</span> <span class='ocrx_word' id='word_1_625' title='bbox 1614 5025 1793 5097; x_wconf 80' lang='lat' dir='ltr'>quaeri</span> <span class='ocrx_word' id='word_1_626' title='bbox 1824 5025 2052 5082; x_wconf 78' lang='lat' dir='ltr'>Judan-</span> 
     </span>
    </p>
   </div>
   <div class='ocr_carea' id='block_1_86' title="bbox 406 5107 2055 5182">
    <p class='ocr_par' dir='ltr' id='par_1_86' title="bbox 406 5107 2055 5182">
     <span class='ocr_line' id='line_1_86' title="bbox 406 5107 2055 5182; baseline 0.005 -19"><span class='ocrx_word' id='word_1_627' title='bbox 406 5125 559 5178; x_wconf 89' lang='lat' dir='ltr'>rum,</span> <span class='ocrx_word' id='word_1_628' title='bbox 596 5108 956 5165; x_wconf 88' lang='lat' dir='ltr'>occasionem</span> <span class='ocrx_word' id='word_1_629' title='bbox 992 5107 1102 5164; x_wconf 90' lang='lat' dir='ltr'>sibi</span> <span class='ocrx_word' id='word_1_630' title='bbox 1154 5108 1411 5182; x_wconf 85' lang='lat' dir='ltr'>aliquam</span> <span class='ocrx_word' id='word_1_631' title='bbox 1446 5114 1797 5169; x_wconf 86' lang='lat' dir='ltr'>nascendam</span> <span class='ocrx_word' id='word_1_632' title='bbox 1831 5119 2055 5172; x_wconf 86' lang='lat' dir='ltr'>metue-</span> 
     </span>
    </p>
   </div>
   <div class='ocr_carea' id='block_1_87' title="bbox 404 5197 2053 5271">
    <p class='ocr_par' dir='ltr' id='par_1_87' title="bbox 404 5197 2053 5271">
     <span class='ocr_line' id='line_1_87' title="bbox 404 5197 2053 5271; baseline 0.005 -18"><span class='ocrx_word' id='word_1_633' title='bbox 404 5198 567 5265; x_wconf 86' lang='lat' dir='ltr'>bant,</span> <span class='ocrx_word' id='word_1_634' title='bbox 601 5202 719 5252; x_wconf 90' lang='lat' dir='ltr'>tam</span> <span class='ocrx_word' id='word_1_635' title='bbox 753 5214 821 5251; x_wconf 84' lang='lat' dir='ltr'>ex</span> <span class='ocrx_word' id='word_1_636' title='bbox 849 5200 1011 5268; x_wconf 88' lang='lat' dir='ltr'>parte</span> <span class='ocrx_word' id='word_1_637' title='bbox 1042 5197 1283 5255; x_wconf 88' lang='lat' dir='ltr'>Herodis</span> <span class='ocrx_word' id='word_1_638' title='bbox 1331 5218 1508 5271; x_wconf 80' lang='lat' dir='ltr'>quam</span> <span class='ocrx_word' id='word_1_639' title='bbox 1541 5202 1714 5257; x_wconf 90' lang='lat' dir='ltr'>etiam</span> <span class='ocrx_word' id='word_1_640' title='bbox 1746 5220 1815 5259; x_wconf 84' lang='lat' dir='ltr'>ex</span> <span class='ocrx_word' id='word_1_641' title='bbox 1845 5204 2053 5260; x_wconf 84' lang='lat' dir='ltr'>Roma-</span> 
     </span>
    </p>
   </div>
   <div class='ocr_carea' id='block_1_88' title="bbox 404 5284 2059 5365">
    <p class='ocr_par' dir='ltr' id='par_1_88' title="bbox 404 5284 2059 5365">
     <span class='ocr_line' id='line_1_88' title="bbox 404 5284 2059 5365; baseline 0.005 -24"><span class='ocrx_word' id='word_1_642' title='bbox 404 5302 614 5341; x_wconf 90' lang='lat' dir='ltr'>norum</span> <span class='ocrx_word' id='word_1_643' title='bbox 639 5303 653 5353; x_wconf 88' lang='lat'><strong>;</strong></span> <span class='ocrx_word' id='word_1_644' title='bbox 687 5284 785 5340; x_wconf 89' lang='lat' dir='ltr'>alii</span> <span class='ocrx_word' id='word_1_645' title='bbox 817 5302 948 5340; x_wconf 89' lang='lat' dir='ltr'>vero</span> <span class='ocrx_word' id='word_1_646' title='bbox 977 5303 1080 5341; x_wconf 89' lang='lat' dir='ltr'>nec</span> <span class='ocrx_word' id='word_1_647' title='bbox 1111 5289 1662 5360; x_wconf 83' lang='lat' dir='ltr'>propterinvidiam,</span> <span class='ocrx_word' id='word_1_648' title='bbox 1687 5308 1791 5348; x_wconf 91' lang='lat' dir='ltr'>nec</span> <span class='ocrx_word' id='word_1_649' title='bbox 1820 5298 2059 5365; x_wconf 88' lang='lat' dir='ltr'>propter</span> 
     </span>
    </p>
   </div>
   <div class='ocr_carea' id='block_1_89' title="bbox 400 5374 2055 5450">
    <p class='ocr_par' dir='ltr' id='par_1_89' title="bbox 400 5374 2055 5450">
     <span class='ocr_line' id='line_1_89' title="bbox 400 5374 2055 5450; baseline 0.006 -21"><span class='ocrx_word' id='word_1_650' title='bbox 400 5374 695 5439; x_wconf 88' lang='lat' dir='ltr'>timorem,</span> <span class='ocrx_word' id='word_1_651' title='bbox 751 5374 850 5429; x_wconf 87' lang='lat' dir='ltr'>sed</span> <span class='ocrx_word' id='word_1_652' title='bbox 881 5390 984 5444; x_wconf 90' lang='lat' dir='ltr'>pro</span> <span class='ocrx_word' id='word_1_653' title='bbox 1017 5375 1139 5432; x_wconf 90' lang='lat' dir='ltr'>solo</span> <span class='ocrx_word' id='word_1_654' title='bbox 1166 5377 1380 5449; x_wconf 86' lang='lat' dir='ltr'>gaudio</span> <span class='ocrx_word' id='word_1_655' title='bbox 1408 5379 1816 5437; x_wconf 87' lang='lat' dir='ltr'>turbabantur.</span> <span class='ocrx_word' id='word_1_656' title='bbox 1854 5382 2055 5450; x_wconf 85' lang='lat' dir='ltr'>Qualis</span> 
     </span>
    </p>
   </div>
   <div class='ocr_carea' id='block_1_90' title="bbox 401 5460 2051 5541">
    <p class='ocr_par' dir='ltr' id='par_1_90' title="bbox 401 5460 2051 5541">
     <span class='ocr_line' id='line_1_90' title="bbox 401 5460 2051 5541; baseline 0.008 -24"><span class='ocrx_word' id='word_1_657' title='bbox 401 5465 527 5517; x_wconf 89' lang='lat' dir='ltr'>erat</span> <span class='ocrx_word' id='word_1_658' title='bbox 569 5460 803 5517; x_wconf 89' lang='lat' dir='ltr'>Simeon</span> <span class='ocrx_word' id='word_1_659' title='bbox 846 5479 1042 5532; x_wconf 85' lang='lat' dir='ltr'>senex,</span> <span class='ocrx_word' id='word_1_660' title='bbox 1077 5468 1134 5521; x_wconf 89' lang='lat' dir='ltr'>et</span> <span class='ocrx_word' id='word_1_661' title='bbox 1159 5467 1326 5522; x_wconf 80' lang='lat' dir='ltr'>Anna</span> <span class='ocrx_word' id='word_1_662' title='bbox 1354 5468 1548 5537; x_wconf 82' lang='lat' dir='ltr'>vidua,</span> <span class='ocrx_word' id='word_1_663' title='bbox 1582 5473 1639 5525; x_wconf 92' lang='lat' dir='ltr'>et</span> <span class='ocrx_word' id='word_1_664' title='bbox 1665 5470 1854 5527; x_wconf 60' lang='lat' dir='ltr'>caeteri</span> <span class='ocrx_word' id='word_1_665' title='bbox 1884 5471 2051 5541; x_wconf 91' lang='lat' dir='ltr'>tales,</span> 
     </span>
    </p>
   </div>
   <div class='ocr_carea' id='block_1_91' title="bbox 401 5548 2053 5625">
    <p class='ocr_par' dir='ltr' id='par_1_91' title="bbox 401 5548 2053 5625">
     <span class='ocr_line' id='line_1_91' title="bbox 401 5548 2053 5625; baseline 0.009 -21"><span class='ocrx_word' id='word_1_666' title='bbox 401 5549 525 5623; x_wconf 91' lang='lat' dir='ltr'>qui,</span> <span class='ocrx_word' id='word_1_667' title='bbox 547 5548 765 5621; x_wconf 89' lang='lat' dir='ltr'>Spiritu</span> <span class='ocrx_word' id='word_1_668' title='bbox 779 5557 980 5610; x_wconf 90' lang='lat' dir='ltr'>sancto</span> <span class='ocrx_word' id='word_1_669' title='bbox 1003 5553 1309 5625; x_wconf 89' lang='lat' dir='ltr'>revelante,</span> <span class='ocrx_word' id='word_1_670' title='bbox 1326 5556 1909 5618; x_wconf 86' lang='lat' dir='ltr'>didicerantvicinam</span> <span class='ocrx_word' id='word_1_671' title='bbox 1923 5574 2053 5619; x_wconf 81' lang='lat' dir='ltr'>esse</span> 
     </span>
    </p>
   </div>
   <div class='ocr_carea' id='block_1_92' title="bbox 337 5637 2045 5724">
    <p class='ocr_par' dir='ltr' id='par_1_92' title="bbox 337 5637 2045 5724">
     <span class='ocr_line' id='line_1_92' title="bbox 337 5637 2045 5724; baseline 0.007 -31"><span class='ocrx_word' id='word_1_672' title='bbox 337 5682 344 5693; x_wconf 86' lang='lat'>.</span> <span class='ocrx_word' id='word_1_673' title='bbox 401 5637 613 5707; x_wconf 79' lang='lat' dir='ltr'>Christi</span> <span class='ocrx_word' id='word_1_674' title='bbox 669 5640 1050 5704; x_wconf 87' lang='lat' dir='ltr'>nativitatem.</span> <span class='ocrx_word' id='word_1_675' title='bbox 1086 5644 1196 5708; x_wconf 85' lang='lat' dir='ltr'>Sed</span> <span class='ocrx_word' id='word_1_676' title='bbox 1253 5661 1387 5703; x_wconf 90' lang='lat' dir='ltr'>cum</span> <span class='ocrx_word' id='word_1_677' title='bbox 1447 5646 1749 5706; x_wconf 87' lang='lat' dir='ltr'>audissent</span> <span class='ocrx_word' id='word_1_678' title='bbox 1808 5651 2045 5724; x_wconf 67' lang='lat' dir='ltr'>factum,</span> 
     </span>
    </p>
   </div>
   <div class='ocr_carea' id='block_1_93' title="bbox 2166 3327 3826 3400">
    <p class='ocr_par' dir='ltr' id='par_1_93' title="bbox 2166 3327 3826 3400">
     <span class='ocr_line' id='line_1_93' title="bbox 2166 3327 3826 3400; baseline 0.002 -17"><span class='ocrx_word' id='word_1_679' title='bbox 2166 3343 2270 3399; x_wconf 89' lang='lat' dir='ltr'>per</span> <span class='ocrx_word' id='word_1_680' title='bbox 2318 3327 2620 3384; x_wconf 75' lang='lat' dir='ltr'>Michaaam</span> <span class='ocrx_word' id='word_1_681' title='bbox 2647 3346 2659 3384; x_wconf 93' lang='lat'>:</span> <span class='ocrx_word' id='word_1_682' title='bbox 2686 3352 2712 3379; x_wconf 86' lang='grc'><strong>‹‹</strong></span> <span class='ocrx_word' id='word_1_683' title='bbox 2748 3330 2818 3384; x_wconf 88' lang='lat' dir='ltr'>Et</span> <span class='ocrx_word' id='word_1_684' title='bbox 2847 3333 2912 3385; x_wconf 89' lang='lat' dir='ltr'>tu</span> <span class='ocrx_word' id='word_1_685' title='bbox 2949 3330 3285 3386; x_wconf 87' lang='lat' dir='ltr'>Bethlehem</span> <span class='ocrx_word' id='word_1_686' title='bbox 3329 3335 3484 3387; x_wconf 89' lang='lat' dir='ltr'>terra</span> <span class='ocrx_word' id='word_1_687' title='bbox 3511 3330 3684 3400; x_wconf 82' lang='lat' dir='ltr'>Juda,</span> <span class='ocrx_word' id='word_1_688' title='bbox 3714 3347 3826 3387; x_wconf 91' lang='lat' dir='ltr'>ne-</span> 
     </span>
    </p>
   </div>
   <div class='ocr_carea' id='block_1_94' title="bbox 2166 3418 3826 3489">
    <p class='ocr_par' dir='ltr' id='par_1_94' title="bbox 2166 3418 3826 3489">
     <span class='ocr_line' id='line_1_94' title="bbox 2166 3418 3826 3489; baseline 0.003 -18"><span class='ocrx_word' id='word_1_689' title='bbox 2166 3433 2464 3489; x_wconf 87' lang='lat' dir='ltr'>quaquam</span> <span class='ocrx_word' id='word_1_690' title='bbox 2495 3418 2745 3473; x_wconf 92' lang='lat' dir='ltr'>minima</span> <span class='ocrx_word' id='word_1_691' title='bbox 2777 3434 2860 3485; x_wconf 89' lang='lat' dir='ltr'>es,</span> <span class='ocrx_word' id='word_1_692' title='bbox 2896 3441 2924 3468; x_wconf 87' lang='lat'>»</span> <span class='ocrx_word' id='word_1_693' title='bbox 2955 3423 3089 3486; x_wconf 89' lang='lat' dir='ltr'>etc.,</span> <span class='ocrx_word' id='word_1_694' title='bbox 3123 3435 3188 3476; x_wconf 90' lang='lat' dir='ltr'>ac</span> <span class='ocrx_word' id='word_1_695' title='bbox 3220 3420 3268 3475; x_wconf 92' lang='lat' dir='ltr'>si</span> <span class='ocrx_word' id='word_1_696' title='bbox 3301 3419 3550 3477; x_wconf 88' lang='lat' dir='ltr'>diceret:</span> <span class='ocrx_word' id='word_1_697' title='bbox 3577 3420 3621 3477; x_wconf 91' lang='lat'>0</span> <span class='ocrx_word' id='word_1_698' title='bbox 3652 3420 3826 3477; x_wconf 86' lang='lat' dir='ltr'>Beth-</span> 
     </span>
    </p>
   </div>
   <div class='ocr_carea' id='block_1_95' title="bbox 2166 3504 3825 3578">
    <p class='ocr_par' dir='ltr' id='par_1_95' title="bbox 2166 3504 3825 3578">
     <span class='ocr_line' id='line_1_95' title="bbox 2166 3504 3825 3578; baseline 0.004 -19"><span class='ocrx_word' id='word_1_699' title='bbox 2166 3504 2355 3562; x_wconf 87' lang='lat' dir='ltr'>lehem</span> <span class='ocrx_word' id='word_1_700' title='bbox 2388 3523 2515 3578; x_wconf 64' lang='lat' dir='ltr'>qua:</span> <span class='ocrx_word' id='word_1_701' title='bbox 2538 3523 2602 3563; x_wconf 89' lang='lat' dir='ltr'>es</span> <span class='ocrx_word' id='word_1_702' title='bbox 2630 3507 2691 3562; x_wconf 90' lang='lat' dir='ltr'>in</span> <span class='ocrx_word' id='word_1_703' title='bbox 2722 3511 2878 3563; x_wconf 87' lang='lat' dir='ltr'>terra</span> <span class='ocrx_word' id='word_1_704' title='bbox 2902 3509 3073 3576; x_wconf 83' lang='lat' dir='ltr'>Juda,</span> <span class='ocrx_word' id='word_1_705' title='bbox 3104 3508 3320 3565; x_wconf 86' lang='lat' dir='ltr'>videris</span> <span class='ocrx_word' id='word_1_706' title='bbox 3351 3507 3410 3564; x_wconf 90' lang='lat' dir='ltr'>in</span> <span class='ocrx_word' id='word_1_707' title='bbox 3442 3508 3825 3566; x_wconf 86' lang='lat' dir='ltr'>multitudine</span> 
     </span>
    </p>
   </div>
   <div class='ocr_carea' id='block_1_96' title="bbox 2165 3593 3820 3669">
    <p class='ocr_par' dir='ltr' id='par_1_96' title="bbox 2165 3593 3820 3669">
     <span class='ocr_line' id='line_1_96' title="bbox 2165 3593 3820 3669; baseline 0.002 -20"><span class='ocrx_word' id='word_1_708' title='bbox 2165 3593 2364 3667; x_wconf 90' lang='lat' dir='ltr'>populi</span> <span class='ocrx_word' id='word_1_709' title='bbox 2400 3594 2610 3665; x_wconf 90' lang='lat' dir='ltr'>minor,</span> <span class='ocrx_word' id='word_1_710' title='bbox 2645 3595 2705 3651; x_wconf 91' lang='lat' dir='ltr'>in</span> <span class='ocrx_word' id='word_1_711' title='bbox 2736 3595 3126 3669; x_wconf 89' lang='lat' dir='ltr'>amplitudine</span> <span class='ocrx_word' id='word_1_712' title='bbox 3156 3613 3461 3653; x_wconf 89' lang='lat' dir='ltr'>murorum</span> <span class='ocrx_word' id='word_1_713' title='bbox 3492 3597 3820 3669; x_wconf 85' lang='lat' dir='ltr'>angustior,</span> 
     </span>
    </p>
   </div>
   <div class='ocr_carea' id='block_1_97' title="bbox 2166 3683 3827 3758">
    <p class='ocr_par' dir='ltr' id='par_1_97' title="bbox 2166 3683 3827 3758">
     <span class='ocr_line' id='line_1_97' title="bbox 2166 3683 3827 3758; baseline 0.001 -19"><span class='ocrx_word' id='word_1_714' title='bbox 2166 3683 2474 3740; x_wconf 90' lang='lat' dir='ltr'>altitudine</span> <span class='ocrx_word' id='word_1_715' title='bbox 2487 3685 2631 3740; x_wconf 88' lang='lat' dir='ltr'>turri</span> <span class='ocrx_word' id='word_1_716' title='bbox 2641 3702 2739 3741; x_wconf 92' lang='lat' dir='ltr'>um</span> <span class='ocrx_word' id='word_1_717' title='bbox 2752 3684 2789 3740; x_wconf 90' lang='lat' dir='ltr'>h</span> <span class='ocrx_word' id='word_1_718' title='bbox 2799 3684 3053 3753; x_wconf 90' lang='lat' dir='ltr'>umilior,</span> <span class='ocrx_word' id='word_1_719' title='bbox 3069 3686 3170 3743; x_wconf 90' lang='lat' dir='ltr'>sed</span> <span class='ocrx_word' id='word_1_720' title='bbox 3188 3695 3559 3758; x_wconf 84' lang='lat' dir='ltr'>nequaquam</span> <span class='ocrx_word' id='word_1_721' title='bbox 3577 3685 3827 3741; x_wconf 88' lang='lat' dir='ltr'>minima</span> 
     </span>
    </p>
   </div>
   <div class='ocr_carea' id='block_1_98' title="bbox 2165 3772 3829 3847">
    <p class='ocr_par' dir='ltr' id='par_1_98' title="bbox 2165 3772 3829 3847">
     <span class='ocr_line' id='line_1_98' title="bbox 2165 3772 3829 3847; baseline 0.001 -18"><span class='ocrx_word' id='word_1_722' title='bbox 2165 3772 2302 3830; x_wconf 88' lang='lat' dir='ltr'>eris.</span> <span class='ocrx_word' id='word_1_723' title='bbox 2331 3775 2521 3840; x_wconf 88' lang='lat' dir='ltr'>Quare</span> <span class='ocrx_word' id='word_1_724' title='bbox 2541 3775 2569 3829; x_wconf 69' lang='lat'>‘2</span> <span class='ocrx_word' id='word_1_725' title='bbox 2612 3774 2752 3847; x_wconf 90' lang='lat' dir='ltr'>quia</span> <span class='ocrx_word' id='word_1_726' title='bbox 2781 3797 2810 3825; x_wconf 85' lang='lat'><strong>«</strong></span> <span class='ocrx_word' id='word_1_727' title='bbox 2843 3791 2912 3830; x_wconf 85' lang='lat' dir='ltr'>ex</span> <span class='ocrx_word' id='word_1_728' title='bbox 2938 3778 2995 3831; x_wconf 88' lang='lat' dir='ltr'>te</span> <span class='ocrx_word' id='word_1_729' title='bbox 3024 3775 3175 3831; x_wconf 84' lang='lat' dir='ltr'>exiet</span> <span class='ocrx_word' id='word_1_730' title='bbox 3214 3776 3352 3843; x_wconf 78' lang='lat' dir='ltr'>dux,</span> <span class='ocrx_word' id='word_1_731' title='bbox 3386 3775 3486 3847; x_wconf 93' lang='lat' dir='ltr'>qui</span> <span class='ocrx_word' id='word_1_732' title='bbox 3526 3779 3687 3847; x_wconf 86' lang='lat' dir='ltr'>regat</span> <span class='ocrx_word' id='word_1_733' title='bbox 3716 3791 3829 3847; x_wconf 89' lang='lat' dir='ltr'>po-</span> 
     </span>
    </p>
   </div>
   <div class='ocr_carea' id='block_1_99' title="bbox 2166 3862 3826 3937">
    <p class='ocr_par' dir='ltr' id='par_1_99' title="bbox 2166 3862 3826 3937">
     <span class='ocr_line' id='line_1_99' title="bbox 2166 3862 3826 3937; baseline 0.002 -21"><span class='ocrx_word' id='word_1_734' title='bbox 2166 3886 2193 3912; x_wconf 91' lang='grc'>‹‹</span> <span class='ocrx_word' id='word_1_735' title='bbox 2228 3862 2434 3935; x_wconf 91' lang='lat' dir='ltr'>pulum</span> <span class='ocrx_word' id='word_1_736' title='bbox 2477 3879 2673 3919; x_wconf 90' lang='lat' dir='ltr'>meum</span> <span class='ocrx_word' id='word_1_737' title='bbox 2726 3862 2923 3920; x_wconf 82' lang='lat' dir='ltr'>Israel.</span> <span class='ocrx_word' id='word_1_738' title='bbox 2960 3885 2988 3913; x_wconf 86' lang='grc'><strong>››</strong></span> <span class='ocrx_word' id='word_1_739' title='bbox 3019 3863 3181 3919; x_wconf 91' lang='lat' dir='ltr'>Unus</span> <span class='ocrx_word' id='word_1_740' title='bbox 3201 3865 3329 3934; x_wconf 84' lang='lat' dir='ltr'>jam</span> <span class='ocrx_word' id='word_1_741' title='bbox 3361 3881 3430 3920; x_wconf 80' lang='lat' dir='ltr'>ex</span> <span class='ocrx_word' id='word_1_742' title='bbox 3459 3869 3519 3920; x_wconf 89' lang='lat' dir='ltr'>te</span> <span class='ocrx_word' id='word_1_743' title='bbox 3548 3880 3826 3937; x_wconf 71' lang='lat' dir='ltr'>egressus</span> 
     </span>
    </p>
   </div>
   <div class='ocr_carea' id='block_1_100' title="bbox 2166 3951 3828 4026">
    <p class='ocr_par' dir='ltr' id='par_1_100' title="bbox 2166 3951 3828 4026">
     <span class='ocr_line' id='line_1_100' title="bbox 2166 3951 3828 4026; baseline 0.002 -19"><span class='ocrx_word' id='word_1_744' title='bbox 2166 3955 2275 4018; x_wconf 89' lang='lat' dir='ltr'>est,</span> <span class='ocrx_word' id='word_1_745' title='bbox 2309 3952 2409 4008; x_wconf 87' lang='lat' dir='ltr'>sed</span> <span class='ocrx_word' id='word_1_746' title='bbox 2436 3951 2583 4008; x_wconf 88' lang='lat' dir='ltr'>alter</span> <span class='ocrx_word' id='word_1_747' title='bbox 2611 3951 2957 4025; x_wconf 88' lang='lat' dir='ltr'>egredietur.</span> <span class='ocrx_word' id='word_1_748' title='bbox 3010 3952 3296 4026; x_wconf 87' lang='lat' dir='ltr'>Egressus</span> <span class='ocrx_word' id='word_1_749' title='bbox 3334 3959 3423 4010; x_wconf 88' lang='lat' dir='ltr'>est</span> <span class='ocrx_word' id='word_1_750' title='bbox 3452 3953 3632 4009; x_wconf 87' lang='lat' dir='ltr'>David</span> <span class='ocrx_word' id='word_1_751' title='bbox 3663 3952 3828 4010; x_wconf 85' lang='lat' dir='ltr'>ﬁlius</span> 
     </span>
    </p>
   </div>
   <div class='ocr_carea' id='block_1_101' title="bbox 2165 4040 3825 4115">
    <p class='ocr_par' dir='ltr' id='par_1_101' title="bbox 2165 4040 3825 4115">
     <span class='ocr_line' id='line_1_101' title="bbox 2165 4040 3825 4115; baseline 0.001 -18"><span class='ocrx_word' id='word_1_752' title='bbox 2165 4040 2349 4108; x_wconf 83' lang='lat' dir='ltr'>Jesse,</span> <span class='ocrx_word' id='word_1_753' title='bbox 2410 4040 2813 4114; x_wconf 89' lang='lat' dir='ltr'>temporaliter</span> <span class='ocrx_word' id='word_1_754' title='bbox 2858 4056 3132 4110; x_wconf 88' lang='lat' dir='ltr'>nascens,</span> <span class='ocrx_word' id='word_1_755' title='bbox 3162 4046 3221 4097; x_wconf 89' lang='lat' dir='ltr'>et</span> <span class='ocrx_word' id='word_1_756' title='bbox 3266 4042 3667 4115; x_wconf 88' lang='lat' dir='ltr'>temporaliter</span> <span class='ocrx_word' id='word_1_757' title='bbox 3696 4058 3825 4098; x_wconf 83' lang='lat' dir='ltr'>mo-</span> 
     </span>
    </p>
   </div>
   <div class='ocr_carea' id='block_1_102' title="bbox 2167 4129 3825 4205">
    <p class='ocr_par' dir='ltr' id='par_1_102' title="bbox 2167 4129 3825 4205">
     <span class='ocr_line' id='line_1_102' title="bbox 2167 4129 3825 4205; baseline 0.002 -20"><span class='ocrx_word' id='word_1_758' title='bbox 2167 4129 2323 4185; x_wconf 83' lang='lat' dir='ltr'>riens</span> <span class='ocrx_word' id='word_1_759' title='bbox 2348 4148 2360 4187; x_wconf 91' lang='lat'>:</span> <span class='ocrx_word' id='word_1_760' title='bbox 2394 4130 2727 4204; x_wconf 88' lang='lat' dir='ltr'>egredietur</span> <span class='ocrx_word' id='word_1_761' title='bbox 2757 4131 2933 4187; x_wconf 82' lang='lat' dir='ltr'>Filius</span> <span class='ocrx_word' id='word_1_762' title='bbox 2960 4131 3053 4187; x_wconf 88' lang='lat' dir='ltr'>Dei</span> <span class='ocrx_word' id='word_1_763' title='bbox 3079 4147 3147 4188; x_wconf 80' lang='lat' dir='ltr'>ex</span> <span class='ocrx_word' id='word_1_764' title='bbox 3169 4131 3362 4189; x_wconf 71' lang='lat' dir='ltr'>Mariae</span> <span class='ocrx_word' id='word_1_765' title='bbox 3383 4131 3624 4205; x_wconf 87' lang='lat' dir='ltr'>virginis</span> <span class='ocrx_word' id='word_1_766' title='bbox 3654 4136 3825 4188; x_wconf 87' lang='lat' dir='ltr'>utero</span> 
     </span>
    </p>
   </div>
   <div class='ocr_carea' id='block_1_103' title="bbox 2164 4219 3821 4295">
    <p class='ocr_par' dir='ltr' id='par_1_103' title="bbox 2164 4219 3821 4295">
     <span class='ocr_line' id='line_1_103' title="bbox 2164 4219 3821 4295; baseline 0.002 -21"><span class='ocrx_word' id='word_1_767' title='bbox 2164 4219 2563 4292; x_wconf 89' lang='lat' dir='ltr'>temporaliter</span> <span class='ocrx_word' id='word_1_768' title='bbox 2611 4237 2877 4290; x_wconf 89' lang='lat' dir='ltr'>nascens,</span> <span class='ocrx_word' id='word_1_769' title='bbox 2920 4221 3021 4277; x_wconf 88' lang='lat' dir='ltr'>sed</span> <span class='ocrx_word' id='word_1_770' title='bbox 3051 4220 3399 4277; x_wconf 66' lang='lat' dir='ltr'>mternaliter</span> <span class='ocrx_word' id='word_1_771' title='bbox 3427 4237 3821 4295; x_wconf 85' lang='lat' dir='ltr'>permanens:</span> 
     </span>
    </p>
   </div>
   <div class='ocr_carea' id='block_1_104' title="bbox 2166 4308 3824 4385">
    <p class='ocr_par' dir='ltr' id='par_1_104' title="bbox 2166 4308 3824 4385">
     <span class='ocr_line' id='line_1_104' title="bbox 2166 4308 3824 4385; baseline 0.002 -21"><span class='ocrx_word' id='word_1_772' title='bbox 2166 4324 2439 4382; x_wconf 88' lang='lat' dir='ltr'>egressus</span> <span class='ocrx_word' id='word_1_773' title='bbox 2468 4313 2558 4364; x_wconf 88' lang='lat' dir='ltr'>est</span> <span class='ocrx_word' id='word_1_774' title='bbox 2586 4308 2762 4365; x_wconf 82' lang='lat' dir='ltr'>David</span> <span class='ocrx_word' id='word_1_775' title='bbox 2809 4311 3054 4366; x_wconf 90' lang='lat' dir='ltr'>decorus</span> <span class='ocrx_word' id='word_1_776' title='bbox 3079 4314 3136 4366; x_wconf 91' lang='lat' dir='ltr'>et</span> <span class='ocrx_word' id='word_1_777' title='bbox 3166 4310 3425 4384; x_wconf 90' lang='lat' dir='ltr'>pulcher,</span> <span class='ocrx_word' id='word_1_778' title='bbox 3460 4312 3557 4367; x_wconf 88' lang='lat' dir='ltr'>sed</span> <span class='ocrx_word' id='word_1_779' title='bbox 3592 4310 3824 4385; x_wconf 87' lang='lat' dir='ltr'>egredi-</span> 
     </span>
    </p>
   </div>
   <div class='ocr_carea' id='block_1_105' title="bbox 2168 4390 3825 4473">
    <p class='ocr_par' dir='ltr' id='par_1_105' title="bbox 2168 4390 3825 4473">
     <span class='ocr_line' id='line_1_105' title="bbox 2168 4390 3825 4473; baseline 0.002 -20"><span class='ocrx_word' id='word_1_780' title='bbox 2168 4401 2264 4453; x_wconf 88' lang='lat' dir='ltr'>tur</span> <span class='ocrx_word' id='word_1_781' title='bbox 2293 4397 2595 4469; x_wconf 89' lang='lat' dir='ltr'>speciosus</span> <span class='ocrx_word' id='word_1_782' title='bbox 2626 4398 2813 4454; x_wconf 85' lang='lat' dir='ltr'>forma</span> <span class='ocrx_word' id='word_1_783' title='bbox 2855 4416 2971 4471; x_wconf 79' lang='lat' dir='ltr'>prae</span> <span class='ocrx_word' id='word_1_784' title='bbox 3002 4397 3138 4455; x_wconf 83' lang='lat' dir='ltr'>ﬁliis</span> <span class='ocrx_word' id='word_1_785' title='bbox 3170 4390 3510 4456; x_wconf 76' lang='lat' dir='ltr'>hominum:</span> <span class='ocrx_word' id='word_1_786' title='bbox 3546 4416 3825 4473; x_wconf 90' lang='lat' dir='ltr'>egressus</span> 
     </span>
    </p>
   </div>
   <div class='ocr_carea' id='block_1_106' title="bbox 2168 4485 3834 4562">
    <p class='ocr_par' dir='ltr' id='par_1_106' title="bbox 2168 4485 3834 4562">
     <span class='ocr_line' id='line_1_106' title="bbox 2168 4485 3834 4562; baseline 0.002 -21"><span class='ocrx_word' id='word_1_787' title='bbox 2168 4491 2255 4542; x_wconf 86' lang='lat' dir='ltr'>est</span> <span class='ocrx_word' id='word_1_788' title='bbox 2272 4485 2449 4542; x_wconf 86' lang='lat' dir='ltr'>David</span> <span class='ocrx_word' id='word_1_789' title='bbox 2460 4529 2473 4553; x_wconf 98' lang='lat'>,</span> <span class='ocrx_word' id='word_1_790' title='bbox 2491 4502 2736 4559; x_wconf 88' lang='lat' dir='ltr'>regnum</span> <span class='ocrx_word' id='word_1_791' title='bbox 2760 4487 2933 4544; x_wconf 90' lang='lat' dir='ltr'>Israel</span> <span class='ocrx_word' id='word_1_792' title='bbox 2952 4487 3375 4544; x_wconf 88' lang='lat' dir='ltr'>rationabiliter</span> <span class='ocrx_word' id='word_1_793' title='bbox 3386 4489 3457 4544; x_wconf 91' lang='lat' dir='ltr'>ad</span> <span class='ocrx_word' id='word_1_794' title='bbox 3471 4493 3707 4561; x_wconf 89' lang='lat' dir='ltr'>tempus</span> <span class='ocrx_word' id='word_1_795' title='bbox 3720 4505 3834 4562; x_wconf 89' lang='lat' dir='ltr'>gu-</span> 
     </span>
    </p>
   </div>
   <div class='ocr_carea' id='block_1_107' title="bbox 2167 4576 3824 4650">
    <p class='ocr_par' dir='ltr' id='par_1_107' title="bbox 2167 4576 3824 4650">
     <span class='ocr_line' id='line_1_107' title="bbox 2167 4576 3824 4650; baseline 0.002 -19"><span class='ocrx_word' id='word_1_796' title='bbox 2167 4576 2447 4631; x_wconf 76' lang='lat' dir='ltr'>bernans:</span> <span class='ocrx_word' id='word_1_797' title='bbox 2472 4580 2528 4631; x_wconf 89' lang='lat' dir='ltr'>et</span> <span class='ocrx_word' id='word_1_798' title='bbox 2545 4576 2878 4649; x_wconf 88' lang='lat' dir='ltr'>egredietur</span> <span class='ocrx_word' id='word_1_799' title='bbox 2891 4576 3071 4635; x_wconf 88' lang='lat' dir='ltr'>Filius</span> <span class='ocrx_word' id='word_1_800' title='bbox 3082 4576 3206 4647; x_wconf 89' lang='lat' dir='ltr'>Dei,</span> <span class='ocrx_word' id='word_1_801' title='bbox 3221 4578 3323 4650; x_wconf 89' lang='lat' dir='ltr'>qui</span> <span class='ocrx_word' id='word_1_802' title='bbox 3339 4576 3824 4634; x_wconf 85' lang='lat' dir='ltr'>lsraelvidentem</span> 
     </span>
    </p>
   </div>
   <div class='ocr_carea' id='block_1_108' title="bbox 2165 4664 3822 4739">
    <p class='ocr_par' dir='ltr' id='par_1_108' title="bbox 2165 4664 3822 4739">
     <span class='ocr_line' id='line_1_108' title="bbox 2165 4664 3822 4739; baseline 0.001 -18"><span class='ocrx_word' id='word_1_803' title='bbox 2165 4664 2371 4733; x_wconf 91' lang='lat' dir='ltr'>Deum,</span> <span class='ocrx_word' id='word_1_804' title='bbox 2404 4669 2461 4720; x_wconf 89' lang='lat' dir='ltr'>et</span> <span class='ocrx_word' id='word_1_805' title='bbox 2483 4664 2577 4720; x_wconf 90' lang='lat' dir='ltr'>hic</span> <span class='ocrx_word' id='word_1_806' title='bbox 2598 4666 2672 4721; x_wconf 92' lang='lat' dir='ltr'>ab</span> <span class='ocrx_word' id='word_1_807' title='bbox 2696 4666 3029 4722; x_wconf 89' lang='lat' dir='ltr'>incursione</span> <span class='ocrx_word' id='word_1_808' title='bbox 3051 4666 3386 4723; x_wconf 66' lang='lat' dir='ltr'>daemonum</span> <span class='ocrx_word' id='word_1_809' title='bbox 3408 4665 3822 4739; x_wconf 86' lang='lat' dir='ltr'>spiritualibus</span> 
     </span>
    </p>
   </div>
   <div class='ocr_carea' id='block_1_109' title="bbox 2166 4754 3822 4830">
    <p class='ocr_par' dir='ltr' id='par_1_109' title="bbox 2166 4754 3822 4830">
     <span class='ocr_line' id='line_1_109' title="bbox 2166 4754 3822 4830; baseline 0.002 -20"><span class='ocrx_word' id='word_1_810' title='bbox 2166 4754 2347 4811; x_wconf 90' lang='lat' dir='ltr'>armis</span> <span class='ocrx_word' id='word_1_811' title='bbox 2377 4756 2666 4825; x_wconf 89' lang='lat' dir='ltr'>defendet,</span> <span class='ocrx_word' id='word_1_812' title='bbox 2700 4760 2757 4812; x_wconf 90' lang='lat' dir='ltr'>et</span> <span class='ocrx_word' id='word_1_813' title='bbox 2786 4757 2845 4812; x_wconf 91' lang='lat' dir='ltr'>in</span> <span class='ocrx_word' id='word_1_814' title='bbox 2879 4758 3073 4813; x_wconf 88' lang='lat' dir='ltr'>futuro</span> <span class='ocrx_word' id='word_1_815' title='bbox 3114 4756 3184 4811; x_wconf 89' lang='lat' dir='ltr'>ad</span> <span class='ocrx_word' id='word_1_816' title='bbox 3217 4755 3470 4813; x_wconf 65' lang='lat' dir='ltr'>caelestis</span> <span class='ocrx_word' id='word_1_817' title='bbox 3520 4756 3683 4830; x_wconf 90' lang='lat' dir='ltr'>regni</span> <span class='ocrx_word' id='word_1_818' title='bbox 3714 4773 3822 4830; x_wconf 87' lang='lat' dir='ltr'>pa-</span> 
     </span>
    </p>
   </div>
   <div class='ocr_carea' id='block_1_110' title="bbox 2166 4846 2627 4916">
    <p class='ocr_par' dir='ltr' id='par_1_110' title="bbox 2166 4846 2627 4916">
     <span class='ocr_line' id='line_1_110' title="bbox 2166 4846 2627 4916; baseline 0.004 -16"><span class='ocrx_word' id='word_1_819' title='bbox 2166 4861 2307 4900; x_wconf 89' lang='lat' dir='ltr'>scua</span> <span class='ocrx_word' id='word_1_820' title='bbox 2335 4846 2627 4916; x_wconf 89' lang='lat' dir='ltr'>perducet.</span> 
     </span>
    </p>
   </div>
   <div class='ocr_carea' id='block_1_111' title="bbox 2236 4933 3825 5009">
    <p class='ocr_par' dir='ltr' id='par_1_111' title="bbox 2236 4933 3825 5009">
     <span class='ocr_line' id='line_1_111' title="bbox 2236 4933 3825 5009; baseline 0.004 -25"><span class='ocrx_word' id='word_1_821' title='bbox 2236 4956 2263 4983; x_wconf 87' lang='grc'>‹‹</span> <span class='ocrx_word' id='word_1_822' title='bbox 2296 4937 2456 4989; x_wconf 88' lang='lat' dir='ltr'>Tunc</span> <span class='ocrx_word' id='word_1_823' title='bbox 2485 4933 2739 4991; x_wconf 84' lang='lat' dir='ltr'>Herodes</span> <span class='ocrx_word' id='word_1_824' title='bbox 2792 4934 2944 4991; x_wconf 88' lang='lat' dir='ltr'>clam</span> <span class='ocrx_word' id='word_1_825' title='bbox 2994 4935 3211 4992; x_wconf 86' lang='lat' dir='ltr'>vocatis</span> <span class='ocrx_word' id='word_1_826' title='bbox 3262 4934 3471 5008; x_wconf 90' lang='lat' dir='ltr'>magis,</span> <span class='ocrx_word' id='word_1_827' title='bbox 3505 4933 3825 5009; x_wconf 88' lang='lat' dir='ltr'>diligenter</span> 
     </span>
    </p>
   </div>
   <div class='ocr_carea' id='block_1_112' title="bbox 2167 5022 3821 5097">
    <p class='ocr_par' dir='ltr' id='par_1_112' title="bbox 2167 5022 3821 5097">
     <span class='ocr_line' id='line_1_112' title="bbox 2167 5022 3821 5097; baseline -0.001 -17"><span class='ocrx_word' id='word_1_828' title='bbox 2167 5047 2193 5075; x_wconf 76' lang='grc' dir='ltr'><strong>(ι</strong></span> <span class='ocrx_word' id='word_1_829' title='bbox 2228 5022 2432 5080; x_wconf 87' lang='lat' dir='ltr'>didicit</span> <span class='ocrx_word' id='word_1_830' title='bbox 2462 5024 2534 5079; x_wconf 90' lang='lat' dir='ltr'>ab</span> <span class='ocrx_word' id='word_1_831' title='bbox 2565 5024 2650 5079; x_wconf 88' lang='lat' dir='ltr'>eis</span> <span class='ocrx_word' id='word_1_832' title='bbox 2680 5029 2915 5096; x_wconf 91' lang='lat' dir='ltr'>tempus</span> <span class='ocrx_word' id='word_1_833' title='bbox 2947 5024 3127 5081; x_wconf 72' lang='lat' dir='ltr'>stellze</span> <span class='ocrx_word' id='word_1_834' title='bbox 3158 5041 3286 5097; x_wconf 59' lang='lat' dir='ltr'>quae</span> <span class='ocrx_word' id='word_1_835' title='bbox 3331 5022 3604 5096; x_wconf 89' lang='lat' dir='ltr'>apparuit</span> <span class='ocrx_word' id='word_1_836' title='bbox 3646 5023 3751 5080; x_wconf 90' lang='lat' dir='ltr'>eis.</span> <span class='ocrx_word' id='word_1_837' title='bbox 3788 5048 3821 5074; x_wconf 77' lang='grc' dir='ltr'><strong><em>υ</em></strong></span> 
     </span>
    </p>
   </div>
   <div class='ocr_carea' id='block_1_113' title="bbox 2165 5111 3822 5185">
    <p class='ocr_par' dir='ltr' id='par_1_113' title="bbox 2165 5111 3822 5185">
     <span class='ocr_line' id='line_1_113' title="bbox 2165 5111 3822 5185; baseline -0.001 -16"><span class='ocrx_word' id='word_1_838' title='bbox 2165 5114 2479 5185; x_wconf 86' lang='lat' dir='ltr'>Postquam</span> <span class='ocrx_word' id='word_1_839' title='bbox 2506 5114 2756 5169; x_wconf 84' lang='lat' dir='ltr'>Herodes</span> <span class='ocrx_word' id='word_1_840' title='bbox 2778 5112 2967 5168; x_wconf 91' lang='lat' dir='ltr'>locum</span> <span class='ocrx_word' id='word_1_841' title='bbox 2993 5111 3312 5169; x_wconf 88' lang='lat' dir='ltr'>nativitatis</span> <span class='ocrx_word' id='word_1_842' title='bbox 3330 5112 3545 5169; x_wconf 87' lang='lat' dir='ltr'>Christi</span> <span class='ocrx_word' id='word_1_843' title='bbox 3568 5112 3822 5168; x_wconf 84' lang='lat' dir='ltr'>auctori-</span> 
     </span>
    </p>
   </div>
   <div class='ocr_carea' id='block_1_114' title="bbox 2162 5200 3820 5274">
    <p class='ocr_par' dir='ltr' id='par_1_114' title="bbox 2162 5200 3820 5274">
     <span class='ocr_line' id='line_1_114' title="bbox 2162 5200 3820 5274; baseline 0.003 -18"><span class='ocrx_word' id='word_1_844' title='bbox 2162 5206 2281 5258; x_wconf 89' lang='lat' dir='ltr'>tate</span> <span class='ocrx_word' id='word_1_845' title='bbox 2311 5202 2621 5274; x_wconf 71' lang='lat' dir='ltr'>Scripturae</span> <span class='ocrx_word' id='word_1_846' title='bbox 2652 5201 2875 5273; x_wconf 87' lang='lat' dir='ltr'>didicit,</span> <span class='ocrx_word' id='word_1_847' title='bbox 2910 5203 2983 5258; x_wconf 93' lang='lat' dir='ltr'>ad</span> <span class='ocrx_word' id='word_1_848' title='bbox 3005 5201 3250 5259; x_wconf 89' lang='lat' dir='ltr'>callidas</span> <span class='ocrx_word' id='word_1_849' title='bbox 3280 5200 3526 5258; x_wconf 90' lang='lat' dir='ltr'>insidias</span> <span class='ocrx_word' id='word_1_850' title='bbox 3548 5201 3820 5261; x_wconf 87' lang='lat' dir='ltr'>animum</span> 
     </span>
    </p>
   </div>
   <div class='ocr_carea' id='block_1_115' title="bbox 2163 5291 3820 5364">
    <p class='ocr_par' dir='ltr' id='par_1_115' title="bbox 2163 5291 3820 5364">
     <span class='ocr_line' id='line_1_115' title="bbox 2163 5291 3820 5364; baseline 0.002 -17"><span class='ocrx_word' id='word_1_851' title='bbox 2163 5291 2462 5359; x_wconf 91' lang='lat' dir='ltr'>convertit,</span> <span class='ocrx_word' id='word_1_852' title='bbox 2499 5295 2751 5347; x_wconf 85' lang='lat' dir='ltr'>tractans</span> <span class='ocrx_word' id='word_1_853' title='bbox 2782 5293 3073 5364; x_wconf 92' lang='lat' dir='ltr'>quomodo</span> <span class='ocrx_word' id='word_1_854' title='bbox 3117 5291 3341 5349; x_wconf 88' lang='lat' dir='ltr'>occulte</span> <span class='ocrx_word' id='word_1_855' title='bbox 3386 5307 3523 5347; x_wconf 90' lang='lat' dir='ltr'>eum</span> <span class='ocrx_word' id='word_1_856' title='bbox 3572 5291 3820 5362; x_wconf 85' lang='lat' dir='ltr'>perdere</span> 
     </span>
    </p>
   </div>
   <div class='ocr_carea' id='block_1_116' title="bbox 2162 5378 3819 5454">
    <p class='ocr_par' dir='ltr' id='par_1_116' title="bbox 2162 5378 3819 5454">
     <span class='ocr_line' id='line_1_116' title="bbox 2162 5378 3819 5454; baseline -0.001 -16"><span class='ocrx_word' id='word_1_857' title='bbox 2162 5385 2379 5454; x_wconf 88' lang='lat' dir='ltr'>posset,</span> <span class='ocrx_word' id='word_1_858' title='bbox 2413 5395 2585 5452; x_wconf 90' lang='lat' dir='ltr'>quem</span> <span class='ocrx_word' id='word_1_859' title='bbox 2619 5378 2811 5451; x_wconf 91' lang='lat' dir='ltr'>palam</span> <span class='ocrx_word' id='word_1_860' title='bbox 2860 5379 3125 5437; x_wconf 87' lang='lat' dir='ltr'>audierat</span> <span class='ocrx_word' id='word_1_861' title='bbox 3154 5396 3431 5453; x_wconf 68' lang='lat' dir='ltr'>quaerere.</span> <span class='ocrx_word' id='word_1_862' title='bbox 3463 5378 3819 5452; x_wconf 88' lang='lat' dir='ltr'>Vocatisque</span> 
     </span>
    </p>
   </div>
   <div class='ocr_carea' id='block_1_117' title="bbox 2160 5467 3817 5544">
    <p class='ocr_par' dir='ltr' id='par_1_117' title="bbox 2160 5467 3817 5544">
     <span class='ocr_line' id='line_1_117' title="bbox 2160 5467 3817 5544; baseline -0.001 -18"><span class='ocrx_word' id='word_1_863' title='bbox 2160 5469 2312 5527; x_wconf 87' lang='lat' dir='ltr'>clam</span> <span class='ocrx_word' id='word_1_864' title='bbox 2344 5468 2549 5541; x_wconf 89' lang='lat' dir='ltr'>magis,</span> <span class='ocrx_word' id='word_1_865' title='bbox 2575 5467 2633 5523; x_wconf 92' lang='lat' dir='ltr'>id</span> <span class='ocrx_word' id='word_1_866' title='bbox 2664 5472 2751 5525; x_wconf 89' lang='lat' dir='ltr'>est</span> <span class='ocrx_word' id='word_1_867' title='bbox 2772 5468 3017 5542; x_wconf 88' lang='lat' dir='ltr'>occulte,</span> <span class='ocrx_word' id='word_1_868' title='bbox 3050 5470 3360 5544; x_wconf 89' lang='lat' dir='ltr'>diligenter</span> <span class='ocrx_word' id='word_1_869' title='bbox 3386 5468 3594 5525; x_wconf 89' lang='lat' dir='ltr'>didicit</span> <span class='ocrx_word' id='word_1_870' title='bbox 3622 5468 3696 5524; x_wconf 89' lang='lat' dir='ltr'>ab</span> <span class='ocrx_word' id='word_1_871' title='bbox 3728 5467 3817 5525; x_wconf 89' lang='lat' dir='ltr'>eis</span> 
     </span>
    </p>
   </div>
   <div class='ocr_carea' id='block_1_118' title="bbox 2160 5556 3816 5633">
    <p class='ocr_par' dir='ltr' id='par_1_118' title="bbox 2160 5556 3816 5633">
     <span class='ocr_line' id='line_1_118' title="bbox 2160 5556 3816 5633; baseline -0.001 -18"><span class='ocrx_word' id='word_1_872' title='bbox 2160 5564 2396 5631; x_wconf 88' lang='lat' dir='ltr'>tempus</span> <span class='ocrx_word' id='word_1_873' title='bbox 2426 5556 2606 5613; x_wconf 79' lang='lat' dir='ltr'>stellae</span> <span class='ocrx_word' id='word_1_874' title='bbox 2633 5574 2760 5630; x_wconf 74' lang='lat' dir='ltr'>qua:</span> <span class='ocrx_word' id='word_1_875' title='bbox 2802 5559 3073 5633; x_wconf 88' lang='lat' dir='ltr'>apparuit</span> <span class='ocrx_word' id='word_1_876' title='bbox 3096 5558 3201 5616; x_wconf 90' lang='lat' dir='ltr'>eis.</span> <span class='ocrx_word' id='word_1_877' title='bbox 3236 5559 3397 5629; x_wconf 88' lang='lat' dir='ltr'>Quod</span> <span class='ocrx_word' id='word_1_878' title='bbox 3428 5558 3652 5614; x_wconf 88' lang='lat' dir='ltr'>scilicet</span> <span class='ocrx_word' id='word_1_879' title='bbox 3682 5557 3816 5614; x_wconf 89' lang='lat' dir='ltr'>ideo</span> 
     </span>
    </p>
   </div>
   <div class='ocr_carea' id='block_1_119' title="bbox 2160 5646 3820 5727">
    <p class='ocr_par' dir='ltr' id='par_1_119' title="bbox 2160 5646 3820 5727">
     <span class='ocr_line' id='line_1_119' title="bbox 2160 5646 3820 5727; baseline 0.001 -21"><span class='ocrx_word' id='word_1_880' title='bbox 2160 5647 2314 5719; x_wconf 87' lang='lat' dir='ltr'>fecit,</span> <span class='ocrx_word' id='word_1_881' title='bbox 2350 5651 2414 5705; x_wconf 91' lang='lat' dir='ltr'>ut</span> <span class='ocrx_word' id='word_1_882' title='bbox 2435 5646 2480 5708; x_wconf 87' lang='lat' dir='ltr'>si</span> <span class='ocrx_word' id='word_1_883' title='bbox 2514 5647 2670 5727; x_wconf 85' lang='lat' dir='ltr'>magi</span> <span class='ocrx_word' id='word_1_884' title='bbox 2701 5649 2773 5706; x_wconf 89' lang='lat' dir='ltr'>ad</span> <span class='ocrx_word' id='word_1_885' title='bbox 2803 5667 2938 5710; x_wconf 88' lang='lat' dir='ltr'>eum</span> <span class='ocrx_word' id='word_1_886' title='bbox 2970 5666 3088 5710; x_wconf 89' lang='lat' dir='ltr'>non</span> <span class='ocrx_word' id='word_1_887' title='bbox 3118 5650 3393 5722; x_wconf 86' lang='lat' dir='ltr'>redirent,</span> <span class='ocrx_word' id='word_1_888' title='bbox 3425 5648 3580 5725; x_wconf 85' lang='lat' dir='ltr'>quod</span> <span class='ocrx_word' id='word_1_889' title='bbox 3609 5650 3820 5725; x_wconf 83' lang='lat' dir='ltr'>postea</span> 
     </span>
    </p>
   </div>
  </div>
