4070 6190
261 305 396 427 ιη’
1327 405 1361 434 .

1490 364 1849 428 HOMILLE
1892 364 1995 426 DE
2038 358 2439 428 TEMPORE.

3554 359 3671 429 H8

258 497 315 556 in
344 497 474 571 ejus
502 495 834 573 cognitione
859 497 1060 570 crevit,
1076 502 1143 557 ut
1176 494 1247 557 ad
1267 498 1763 574 comparationem
1781 500 1911 572 ejus
1939 498 1993 566 Α
2024 500 2203 567 (Deut.
2236 501 2471 571 xxxlu);
2508 522 2535 550 »
2569 502 2625 556 et
2654 514 2757 573 per
2782 492 3129 572 Apostolum
3162 512 3174 554 :
3211 519 3239 548 ‹‹
3270 495 3497 555 Etenim
3514 498 3669 559 Deus

258 587 607 663 cognitionis
634 587 780 645 nihil
812 605 873 645 se
901 584 1031 646 esse
1059 592 1291 662 putaret
1317 589 1473 663 quod
1504 589 1669 662 prius
1701 589 1772 646 de
1811 588 1909 645 illo

258 681 624 751 cognoverat,
637 677 834 733 etideo
865 677 1079 733 dicitm
1098 679 1167 735 Et
1196 695 1302 751 ego
1333 678 1665 735 nesciebam
1695 695 1907 747 eum;»

260 782 321 822 ac
352 765 400 822 si
430 764 672 833 diceret,
704 770 823 822 tam
856 767 1106 839 perfecte
1139 768 1471 825 nesciebam
1503 786 1659 836 eum,
1692 768 1751 823 in
1793 785 1910 841 quo

259 859 483 911 tantam
514 854 918 925 excellentiam
951 856 1274 914 divinitatis
1306 858 1567 913 nondum
1600 874 1729 913 esse
1760 872 1912 913 com-

260 960 546 1018 pereram.
571 943 715 999 Cum
747 944 905 1001 enim
937 945 1198 1019 baptista
1230 946 1459 1002 Domini
1494 946 1680 1001 Patris
1708 962 1908 1005 vocem

261 1034 509 1106 desuper
534 1032 900 1089 intonantem
932 1035 1174 1101 audivit,
1189 1040 1245 1091 et
1261 1034 1543 1109 Spiritum
1566 1034 1908 1092 sanctumin

261 1121 451 1196 specie
482 1121 770 1178 columbae
801 1124 1251 1180 descendentem
1283 1124 1448 1190 vidit,
1481 1142 1597 1183 non
1629 1129 1718 1181 est
1747 1124 1913 1180 dubi-

260 1210 505 1267 tandum
535 1228 604 1266 ex
635 1211 745 1267 hoc
775 1212 902 1268 visu
935 1216 993 1267 et
1021 1213 1229 1269 auditu
1262 1213 1321 1268 in
1353 1213 1549 1269 divina
1579 1214 1910 1288 cognitione

261 1317 389 1355 eum
424 1299 679 1355 multum
707 1300 1040 1373 profecisse.
1056 1302 1166 1357 Sed
1186 1302 1323 1374 quia
1343 1303 1413 1358 ad
1437 1302 1545 1358 hoc
1576 1303 1729 1358 Deus
1744 1303 1911 1358 Pater

262 1388 471 1445 Filium
504 1406 681 1444 suum
714 1389 991 1446 revelavit
1017 1390 1333 1457 Joanni,ut
1354 1408 1457 1463 per
1472 1391 1599 1463 ejus
1629 1392 1905 1465 praedica-

258 1476 477 1533 tionem
508 1475 639 1532 aliis
669 1479 1094 1551 ostenderetur,
1127 1484 1281 1539 recte
1312 1480 1723 1554 subjungitur:
1746 1505 1771 1531 ‹‹
1797 1482 1906 1537 Sed

259 1590 283 1616 α
315 1570 381 1622 ut
411 1567 1355 1642 manifestaturlsrael,pr0pterea
1378 1570 1508 1626 veni
1539 1587 1644 1643 ego
1677 1570 1734 1625 in
1756 1587 1909 1644 aqua

261 1678 286 1703 u
309 1653 652 1727 baptizans;
688 1678 717 1707 »
749 1658 904 1729 quod
958 1661 1049 1713 est
1086 1663 1283 1731 aperte
1328 1657 1517 1714 dicere
1552 1677 1564 1715 :
1601 1661 1725 1715 Non
1776 1658 1906 1714 ideo

260 1743 479 1800 missus
509 1760 643 1800 sum
674 1748 807 1801 ante
836 1745 1003 1802 illum
1032 1746 1091 1803 in
1115 1764 1269 1821 aqua
1298 1748 1695 1821 baptizare,ut
1717 1748 1904 1821 bapti-

2020 592 2219 646 noster
2245 588 2399 663 ignis
2430 606 2784 647 consumens
2813 593 2904 646 est
2931 589 3124 659 (Hebr.
3156 590 3281 653 xu).
3317 610 3344 639 »
3376 588 3495 645 Hoc
3536 588 3672 662 igne

2018 678 2256 734 illorum
2320 680 2496 735 corda
2554 679 2831 735 calefacta
2888 679 3140 746 fuerant,
3193 677 3295 750 qui
3350 677 3668 734 dicebant:

2021 768 2266 823 «Nonne
2299 785 2397 824 cor
2428 773 2694 825 nostrum
2726 768 2938 824 ardens
2966 771 3093 822 erat
3120 766 3177 821 in
3212 766 3379 823 nobis
3397 766 3490 839 (de
3504 766 3670 837 Jesu)

2018 856 2160 911 dum
2192 856 2531 929 loqueretur
2581 856 2640 911 in
2689 857 2804 923 via,
2837 860 2892 912 et
2922 856 3175 929 aperiret
3199 856 3366 912 nobis
3403 855 3668 928 Scriptu—

2019 962 2114 1001 ras
2130 947 2195 1001 ?«
2213 946 2361 1018 (Luc.
2375 947 2550 1018 xxxv.)
2569 946 2731 1012 Quod
2763 962 2938 1017 super
2968 945 3282 1001 Dominum
3308 944 3365 1000 in
3381 945 3665 1001 columbas

2018 1034 2231 1107 specie,
2265 1038 2321 1090 et
2351 1051 2527 1107 super
2558 1033 2849 1107 apostolos
2881 1034 3111 1107 insigne
3141 1034 3432 1107 apparuit,
3448 1033 3561 1090 cito
3577 1051 3669 1090 co-

2017 1124 2378 1196 gnoscimus,
2412 1123 2461 1179 si
2494 1123 2961 1196 uniuscujusque
3010 1139 3269 1194 personae
3321 1121 3664 1195 qualitatem

2018 1212 2294 1269 subtilius
2316 1212 2773 1268 consideremus.
2790 1211 2934 1278 Quia
2954 1211 3109 1267 enim
3138 1211 3409 1267 columba
3424 1211 3667 1283 (utdixi-

2018 1306 2174 1372 mus)
2206 1303 2456 1375 simplex
2477 1306 2564 1357 est
2595 1300 2736 1370 avis,
2770 1305 2921 1356 recte
2950 1300 3201 1373 Spiritus
3232 1304 3663 1374 sanctussuper

2016 1392 2330 1448 Dominum
2346 1391 2404 1446 in
2419 1391 2701 1447 columba:
2715 1389 2906 1463 specie
2920 1388 3209 1463 apparuit,
3224 1388 3363 1460 quia
3392 1388 3449 1443 in
3466 1387 3656 1461 primo

2015 1482 2264 1537 adventu
2299 1498 2405 1537 suo
2434 1485 2672 1555 peccata
2702 1483 2903 1535 nostra
2923 1496 3037 1533 non
3062 1495 3163 1551 per
3183 1478 3369 1534 zelum
3383 1478 3537 1533 venit
3550 1494 3664 1551 pu—

2014 1570 2162 1639 nire,
2197 1572 2297 1627 sed
2334 1587 2434 1643 per
2462 1567 2973 1625 mansuetudinem
3008 1566 3316 1622 dimittere.
3341 1566 3488 1633 Quia
3525 1581 3660 1624 vero

2014 1660 2367 1733 apostoli,ut
2397 1660 2528 1733 puri
2560 1658 2983 1723 bomines,non
3006 1655 3195 1711 solum
3228 1673 3261 1710 a
3290 1660 3659 1728 peccatorum

2014 1748 2283 1822 rubigine
2309 1747 2668 1822 excoquendi
2700 1746 3002 1811 orant,sed
3033 1744 3207 1799 etiam
3238 1745 3309 1799 ad
3343 1734 3664 1817 praedicari;

256 1832 439 1939 ‘z'ando
745 1833 947 1935 tollere
994 1836 1239 1909 possim,
1274 1836 1376 1893 sed
1427 1840 1490 1893 ut
1536 1838 1594 1938 in
1645 1855 1712 1893 eo
1762 1838 1901 1911 bap-
1934 1874 1982 1939 Β
2014 1836 2545 1939 dumEvangelium
2576 1836 2696 1891 zelo
2727 1833 3094 1939 rectitudinis
3120 1832 3659 1939 ascendendi,ree.t.e

255 1920 426 1978 tismo
473 1920 637 1979 illius
684 1923 1046 1997 baptismum
1097 1943 1439 1999 praecurem,
1492 1926 1593 1999 qui
1635 1931 1768 2000 post
1806 1944 1899 1982 me
1934 1920 1982 1939 "
2010 1927 2165 1983 idem
2197 1926 2449 1999 Spiritus
2476 1942 2653 1998 super
2680 1942 2779 1981 eos
2808 1924 2869 1980 in
2901 1923 3119 1996 linguis
3152 1922 3339 1995 igneis
3362 1923 3653 1995 apparuit.

251 2014 531 2066 venturus
562 2011 622 2067 in
661 2012 882 2085 Spiritu
913 2017 1115 2070 sancto
1163 2019 1287 2070 erat
1340 2015 1761 2089 baptizaturus.
1800 2015 1899 2071 llle

252 2103 444 2156 autem
476 2099 639 2158 solus
666 2102 924 2175 baptizat
950 2101 1011 2157 in
1044 2102 1265 2175 Spiritu
1299 2103 1900 2178 sancto,quiperSpi-

250 2187 428 2244 ritum
459 2193 730 2247 sanctum
753 2194 989 2263 peccata
1009 2190 1067 2246 in
1100 2192 1392 2265 baptismo
1414 2192 1676 2259 dimittit,
1696 2194 1792 2266 qui
1817 2194 1899 2250 ait

248 2275 304 2333 in
334 2277 647 2352 Evangelio
682 2295 695 2333 :
722 2301 750 2328 ‹‹
774 2278 897 2336 Nisi
928 2280 1026 2353 qui
1058 2284 1296 2336 renatus
1344 2281 1517 2337 fuerit
1543 2299 1612 2338 ex
1661 2299 1814 2355 aqua
1841 2286 1899 2338 et

247 2364 466 2439 Spiritu
497 2372 719 2435 sancto,
753 2384 869 2424 non
900 2372 1090 2442 potest
1118 2369 1336 2425 intrare
1390 2368 1451 2424 in
1500 2386 1747 2444 regnum
1792 2370 1892 2427 Dei

249 2454 422 2527 (Joan.
448 2456 555 2527 ιιι).
584 2478 613 2506 »
644 2456 723 2513 De
754 2474 871 2530 quo
894 2457 1186 2531 baptismo
1217 2458 1642 2514 ascensurusin
1658 2458 1890 2526 cmlum,

246 2542 551 2616 discipulis
583 2544 705 2601 ait:
740 2568 769 2596 «
799 2545 917 2602 Vos
947 2550 1143 2602 autem
1184 2547 1626 2619 baptizabimini
1672 2549 1888 2620 Spiritu

246 2636 449 2689 sancto
480 2650 596 2688 non
626 2638 759 2706 post
788 2634 1005 2692 multos
1028 2624 1161 2692 ’hos
1209 2636 1332 2693 dies
1366 2637 1502 2709 (Act.
1538 2642 1636 2702 χι).
1671 2660 1697 2685 υ
1728 2639 1888 2704 Quod

245 2720 384 2793 quia
410 2720 784 2778 invisibiliter
811 2727 869 2779 et
897 2740 1012 2779 non
1027 2724 1334 2781 visibiliter
1353 2726 1439 2793 fit,
1456 2725 1736 2785 Dominus
1751 2726 1889 2782 alibi

249 2809 591 2865 manifestat
619 2810 796 2882 (Joan.
828 2815 914 2877 ιιι)
947 2829 960 2867 :
995 2813 1092 2885 qui
1123 2830 1256 2869 eum
1304 2815 1375 2869 de
1423 2815 1626 2870 eodem
1677 2816 1889 2887 spiritu

243 2898 491 2954 dixisset
526 2914 539 2954 :
581 2918 603 2947 ι
633 2899 887 2972 Spiritus
916 2900 1017 2957 ubi
1046 2901 1171 2957 vult
1199 2901 1400 2974 spirat,
1433 2906 1490 2959 et
1517 2919 1714 2959 vocem
1761 2905 1890 2976 ejus

242 2986 432 3053 audis,
448 2991 507 3042 et
534 2987 727 3045 nescis
755 2990 909 3045 unde
938 2991 1268 3059 veniat,aut
1298 3008 1413 3064 quo
1444 2993 1633 3060 vadat,
1653 3016 1679 3042 ››
1712 2994 1892 3049 conti-

241 3092 357 3132 nuo
389 3076 684 3149 adjunxit:
705 3102 733 3128 ‹‹
754 3077 857 3134 Dic
869 3079 1063 3136 omnis
1093 3080 1191 3152 qui
1218 3084 1391 3136 natus
1411 3083 1500 3137 est
1514 3097 1582 3137 ex
1604 3081 1835 3153 spiritu.
1860 3104 1886 3133 ››

240 3164 307 3220 Et
334 3165 623 3237 quoniam
671 3167 864 3223 omnis
916 3167 1016 3241 qui
1069 3168 1324 3224 divinam
1357 3169 1626 3225 notitiam
1657 3170 1885 3243 accipit,

2010 2016 2120 2072 Sed
2155 2015 2292 2089 quia
2321 2032 2389 2071 ex
2417 2015 2699 2071 hodierna
2727 2012 2972 2069 lectione
3002 2012 3285 2084 Spiritum
3308 2018 3575 2068 sanetum
3597 2012 3657 2067 in

2008 2105 2289 2161 columbae
2322 2105 2513 2177 specie
2545 2101 2891 2177 apparuisse
2922 2100 3276 2168 audivimus,
3302 2102 3371 2156 ad
3395 2100 3659 2157 conside-

2007 2195 2257 2250 randum
2293 2198 2562 2249 naturam
2584 2190 2865 2249 columbae
2889 2189 3229 2264 diligentius
3247 2190 3576 2259 redeamus,
3593 2195 3661 2246 ut

2006 2283 2053 2339 si
2068 2282 2345 2356 Spiritum
2370 2286 2638 2339 sanctum
2654 2279 3217 2354 acciperevolumus.
3234 2279 3343 2334 hoc
3357 2295 3658 2336 servemus

2005 2372 2065 2428 in
2097 2377 2291 2428 mente
2337 2372 2492 2444 quod
2533 2370 2802 2426 columba
2831 2369 3007 2425 habet
3039 2368 3097 2423 in
3129 2384 3386 2440 corpore.
3420 2372 3655 2441 Septem

2003 2462 2219 2534 quippe
2251 2459 2548 2516 naturales
2572 2458 2926 2515 differentias
2949 2457 3007 2512 in
3041 2474 3103 2513 se
3133 2455 3406 2512 columba
3436 2456 3655 2514 habere

2000 2551 2252 2606 traditur
2274 2548 2631 2620 unam,quia
2651 2547 2781 2603 felle
2803 2544 3214 2602 amaritudinis
3236 2548 3424 2612 caret;
3446 2544 3644 2615 aliam,

2001 2639 2141 2711 quia
2170 2656 2273 2711 pro
2304 2641 2477 2693 cantu
2508 2636 2763 2710 gemitus
2807 2636 2973 2691 edere
3013 2633 3159 2689 solet
3184 2652 3197 2702 ;
3220 2633 3474 2702 tertiam,
3508 2634 3649 2706 quia

1948 2790 1951 2793 λ
2000 2727 2281 2802 gregatim
2330 2727 2531 2809 volatu
2555 2725 2642 2782 vel
2694 2725 2910 2798 gemit;
2955 2726 3245 2795 quartam,
3299 2721 3438 2809 quia
3474 2723 3645 2793 juxta

2001 2817 2217 2873 fluenta
2249 2808 2538 2891 aquarum
2570 2814 2822 2870 residere
2870 2811 3139 2877 delectat,
3171 2815 3236 2865 ut
3276 2808 3505 2871 facilius
3535 2811 3675 2869 ιιεί-⁸

1996 2910 2234 2962 ventum
2267 2904 2560 2978 accipitris
2594 2918 2910 2978 praecavere
2941 2899 3164 2973 possit;
3198 2898 3643 2972 quintam,quia

1999 2994 2144 3050 nihil
2175 2994 2366 3049 vivum
2399 2992 2651 3050 comedit
2676 3010 2689 3059 ;
2719 2994 2962 3057 sextam,
2996 2988 3135 3061 quia
3165 3005 3281 3044 non
3304 3005 3437 3044 cum
3451 3006 3643 3063 ungu-

1997 3083 2093 3151 lis,
2127 3100 2232 3139 nec
2263 3100 2396 3138 cum
2426 3086 2636 3146 rostro,
2661 3079 2819 3135 velut
2850 3081 3066 3134 caetera:
3097 3094 3330 3144 aves,se
3360 3078 3642 3145 defendit,

1998 3173 2099 3229 sed
2130 3189 2258 3229 sese
2290 3169 2651 3228 defendendo
2681 3168 2790 3224 alis
2815 3166 3064 3240 percutit
3096 3183 3110 3220 :
3139 3166 3472 3239 septimam,
3507 3166 3647 3238 quia

239 3252 368 3309 aliis
400 3254 751 3312 annuntiare
782 3240 972 3324 debet,
988 3261 1141 3314 recte
1169 3258 1240 3314 de
1270 3256 1473 3314 eodem
1502 3260 1719 3315 Joanne
1748 3240 1885 3315 sub-
1916 3240 1960 3313 C
2000 3261 2057 3316 in
2085 3261 2265 3334 petris
2294 3259 2574 3315 nidificat.
2601 3257 2883 3313 Columba
2911 3272 3047 3329 ergo
3077 3253 3208 3311 felle
3229 3253 3643 3310 amaritudinis

237 3341 397 3400 ditur
426 3361 440 3399 :

306 3456 335 3481 σι
361 3433 433 3488 Et
462 3434 866 3491 testimonium
889 3434 1184 3508 perhibuit
1202 3436 1479 3504 Joannes,
1496 3437 1887 3506 dicenszQuia

242 3543 269 3570 «
299 3521 415 3577 vidi
446 3522 731 3595 Spiritum
765 3522 1214 3580 descendentem
1247 3525 1414 3597 quasi
1448 3525 1780 3583 columbam
1813 3529 1885 3584 de

245 3610 520 3678 «cmlo,et
548 3612 767 3667 mansit
797 3628 974 3683 super
1001 3628 1200 3669 eum.»
1223 3614 1285 3669 In
1318 3613 1534 3686 quibus
1564 3617 1754 3673 verbis
1768 3634 1881 3672 non

249 3698 430 3755 solum
473 3701 858 3772 quaerendum
906 3705 995 3756 est
1051 3717 1232 3773 quare
1276 3701 1594 3775 aliquando
1632 3705 1882 3777 Spiritus

253 3792 481 3845 sanctus
522 3789 581 3844 in
633 3788 823 3863 specie
870 3788 1173 3858 columbae,
1206 3790 1522 3863 aliquando
1555 3792 1611 3847 in
1664 3792 1883 3867 linguis

257 3872 428 3945 igneis
445 3876 608 3933 visus
628 3895 757 3934 esse
778 3876 1027 3951 legatur,
1053 3880 1151 3934 sed
1180 3878 1357 3935 etiam
1380 3879 1524 3935 illud
1558 3879 1805 3937 sollicite
1823 3881 1881 3937 in

260 3963 644 4037 vestigandum
660 3983 766 4025 cur
776 3983 956 4040 super
973 3967 1285 4023 Dominum
1300 3968 1358 4023 in
1374 3969 1565 4041 specie
1577 3969 1701 4025 colu
1712 3971 1878 4039 mbae,

259 4054 308 4103 et
332 4068 496 4125 super
519 4054 821 4127 apostolos
850 4056 907 4111 in
940 4056 1074 4131 igne
1105 4058 1491 4130 apparuit,ita
1506 4061 1569 4113 ut
1589 4076 1885 4132 necsuper

259 4136 552 4199 Dominum
610 4143 671 4199 in
717 4143 871 4216 igne,
907 4162 1011 4201 nec
1056 4162 1234 4218 super
1276 4145 1571 4219 apostolos
1602 4147 1658 4201 in
1693 4148 1882 4220 specie

257 4226 517 4286 columbae
548 4231 715 4287 visus
740 4233 836 4288 sit.
873 4233 978 4289 Per
1006 4234 1257 4307 singula,
1290 4251 1426 4308 ergo
1464 4234 1585 4290 hmc
1633 4236 1882 4292 manife-

255 4318 449 4374 stands
473 4324 633 4376 sunt.
667 4320 815 4386 Quia
842 4321 997 4377 enim
1031 4322 1305 4378 columba
1334 4323 1581 4396 simplex
1610 4328 1698 4379 est
1735 4326 1877 4393 avis,

254 4410 392 4462 recte
419 4407 669 4481 Spiritus
701 4414 940 4467 sanctus
971 4410 1030 4465 in
1064 4411 1258 4483 specie
1291 4412 1573 4469 columbae
1610 4414 1882 4486 apparuit

254 4496 317 4546 ut
340 4498 663 4555 ostenderet
676 4498 1058 4572 quiaillorum
1073 4500 1245 4556 corda
1263 4499 1570 4568 inhabitat,
1591 4501 1690 4574 qui
1715 4519 1879 4557 man-

1995 3354 2151 3406 caret
2183 3367 2196 3404 :
2230 3354 2288 3405 et
2318 3366 2446 3413 nos,
2472 3348 2640 3419 juxta
2670 3344 3065 3401 admotionem
3089 3343 3238 3399 Petri
3262 3341 3641 3415 apostoli,de-

1994 3456 2285 3511 ponamus
2314 3453 2548 3493 omnem
2579 3435 2727 3490 iram
2758 3436 2816 3488 et
2838 3431 3274 3487 simulationem
3288 3430 3638 3486 etinvidiam

1994 3529 2039 3600 (I
2067 3530 2211 3584 Petr.
2246 3530 2327 3597 ιι).
2362 3525 2641 3582 Columba
2672 3540 2775 3595 pro
2810 3525 2984 3577 cantu
3032 3519 3285 3591 gemitus
3328 3518 3505 3575 habet
3536 3535 3550 3573 :
3584 3523 3644 3575 et

1994 3633 2099 3671 nos
2131 3617 2189 3671 in
2221 3614 2477 3671 convalle
2505 3613 2896 3685 lacrymarum
2929 3609 3125 3682 positi,
3159 3624 3275 3662 non
3308 3606 3499 3663 solum
3532 3623 3639 3680 pro

1994 3703 2359 3759 remittendis
2390 3700 2781 3775 peccatis,sed
2804 3700 2979 3755 etiam
3006 3713 3109 3771 pro
3131 3696 3637 3769 perceptionevitae

1992 3797 2218 3849 aeterna:
2250 3791 2445 3847 miseri
2472 3787 3091 3860 sumus,etlugeamus
3114 3784 3173 3841 in
3197 3783 3462 3859 exemplo
3479 3783 3640 3842 illius

1993 3880 2092 3955 qui
2125 3881 2235 3936 ait:
2255 3903 2282 3931 ‹‹
2302 3880 2530 3936 Lavabo
2554 3896 2656 3951 per
2677 3876 2941 3950 singulas
2961 3878 3160 3932 noctes
3186 3874 3401 3930 lectum
3416 3891 3636 3943 meum,

1992 3969 2265 4042 lacrymis
2316 3968 2464 4023 meis
2515 3969 2763 4022 stratum
2816 3980 3012 4020 meum
3055 3962 3256 4036 rigabo
3291 3964 3439 4036 (Pal.
3470 3967 3571 4032 vr),
3611 3986 3638 4011 ››

1992 4064 2057 4114 ut
2084 4058 2399 4131 impleatur
2428 4057 2489 4111 in
2513 4055 2680 4111 nobis
2713 4054 2867 4126 quod
2921 4052 3201 4107 Dominus
3235 4052 3316 4106 ait
3347 4068 3361 4105 ε
3398 4073 3425 4099 ‹‹
3459 4050 3635 4119 Beati,

1992 4148 2090 4221 qui
2127 4164 2282 4202 nunc
2318 4146 2495 4211 fletis;
2522 4143 2798 4217 quoniam
2841 4141 2953 4214 ipsi
2999 4139 3263 4195 ridebitis
3289 4141 3439 4208 (Luc.
3473 4138 3572 4207 v1).
3610 4162 3637 4187 ››

1991 4236 2273 4292 Columba
2303 4232 2586 4307 gregatim
2606 4230 2788 4286 volat:
2814 4235 2868 4285 et
2891 4247 2998 4285 nos
3027 4227 3473 4284 unanimitatem
3504 4225 3635 4280 dili-

1991 4341 2220 4398 gamus,
2253 4326 2308 4378 et
2339 4339 2453 4377 non
2487 4319 2676 4375 solum
2711 4318 3159 4386 amicis,verum
3192 4312 3638 4370 etiaminimicis

1990 4414 2209 4469 bonum
2246 4411 2399 4485 quod
2433 4424 2770 4482 possumus,
2806 4409 3041 4479 propter
3069 4402 3380 4458 Dominum
3410 4400 3639 4473 impen-

1989 4501 2371 4565 damus,utin
2405 4514 2605 4554 eorum
2629 4512 2871 4551 numero
2899 4492 3409 4565 computemur,dc
3423 4489 3638 4562 quibus

255 4584 390 4682 sueti
422 4590 475 4640 et
502 4586 759 4644 humiles
790 4589 960 4644 corde
990 4588 1327 4647 unanimem
1352 4590 1720 4646 concordiam
1746 4608 1877 4646 cum
1918 4619 1962 4682 Ι)
1993 4591 2209 4647 dicitur
2243 4608 2254 4643 :
2291 4613 2315 4635 ‹‹
2355 4585 2747 4643 Multitudinis
2781 4581 3142 4639 credentium
3171 4583 3423 4682 eratneor
3451 4595 3636 4634 unum

258 4668 516 4729 fratribus
537 4680 793 4741 servant,
807 4681 862 4732 et
874 4693 1074 4748 pacem
1097 4680 1429 4749 sequuntur
1449 4694 1581 4733 cum
1611 4679 1885 4737 omnibus

256 4761 313 4811 et
336 4761 793 4832 sanctimoniam,
819 4765 988 4836 juxta
1015 4765 1158 4820 illud
1202 4765 1356 4837 quod
1402 4765 1687 4839 scriptum
1747 4773 1837 4824 est
1870 4787 1902 4825 ε·

259 4866 285 4891 α
301 4845 472 4921 Super
492 4866 666 4922 quem
697 4854 1020 4924 requiescet
1038 4853 1289 4926 Spiritus
1311 4856 1696 4919 sanctus,nisi
1711 4874 1890 4929 super

258 4931 523 4995 humilem
535 4939 870 5011 etquietum
882 4984 895 5006 .
907 4944 963 4996 et
978 4946 1323 4998 trementem
1339 4958 1638 5000 sermones
1652 4946 1845 5001 meos?
1861 4969 1881 4995 ι

258 5037 421 5094 quam
452 5026 788 5100 significant
831 5027 1032 5084 oscula
1076 5030 1509 5087 columbarum.
1560 5032 1705 5097 Quia
1754 5052 1887 5091 vero

258 5110 397 5184 ignis
427 5117 579 5187 quod
611 5117 802 5189 tangit
841 5118 1105 5173 accendit
1132 5122 1190 5174 et
1217 5119 1490 5185 illumina
1521 5125 1695 5193 recte,
1730 5122 1886 5178 idem

257 5202 483 5271 spiritus
503 5205 560 5259 in
584 5204 743 5278 ignis
762 5206 983 5262 visione
1005 5208 1293 5278 apparuit,
1314 5210 1454 5280 quia
1470 5226 1568 5265 cor
1585 5211 1736 5282 quod
1758 5214 1885 5267 tan-

258 5288 337 5359 git
358 5296 411 5345 et
437 5292 494 5347 in
528 5309 791 5348 amorem
823 5293 1149 5350 inﬂammat
1177 5296 1250 5350 ad
1281 5297 1596 5353 videndum
1630 5301 1759 5369 ejus
1788 5318 1883 5357 vo—

257 5372 520 5436 luntatem
549 5380 985 5437 illuminat.Hie
1014 5387 1102 5438 est
1120 5382 1218 5439 ille
1248 5384 1889 5458 ignisdequoSalvator

256 5461 311 5517 in
338 5466 637 5542 Evangelio
664 5469 748 5524 ait
781 5487 795 5524 :
828 5493 853 5519 ‹‹
894 5471 1090 5543 Ignem
1113 5473 1241 5528 veni
1274 5474 1507 5531 mittere
1539 5476 1595 5530 in
1643 5481 1882 5546 terram,

251 5555 305 5606 et
330 5554 460 5627 quid
490 5555 619 5613 volo
650 5557 765 5612 nisi
793 5562 859 5614 ut
889 5560 1089 5615 ardeat
1116 5560 1265 5633 (Luc.
1280 5562 1421 5631 xu)?
1450 5587 1477 5613 »
1510 5565 1589 5620 De
1615 5564 1722 5622 hoc
1756 5568 1886 5640 igne

248 5655 345 5710 per
387 5643 622 5717 Moysen
654 5645 915 5703 dicitur:
955 5671 981 5697 ‹‹
1015 5648 1078 5704 In
1121 5650 1354 5707 dextera
1402 5652 1530 5722 ejus
1579 5653 1750 5727 ignea
1797 5657 1885 5714 lex

1995 4686 2051 4736 et
2084 4680 2280 4734 anima
2331 4676 2603 4744 una'(Act.
2637 4678 2714 4739 1x)
2743 4698 2756 4739 ;
2793 4695 2819 4721 ››
2852 4676 2909 4727 et
2941 4671 3152 4725 iterum
3187 4686 3199 4724 :
3227 4692 3255 4716 «
3288 4668 3429 4723 Ecce
3458 4684 3638 4739 quam

1996 4770 2215 4825 bonum
2238 4771 2294 4822 et
2312 4781 2489 4838 quam
2504 4762 2838 4835 jucundum
2868 4758 3132 4814 habitare
3164 4758 3341 4812 frates
3368 4756 3427 4810 in
3454 4771 3640 4809 unum

1996 4855 2414 4926 (Psal.cxxxu).
2438 4877 2463 4902 ››
2482 4852 2764 4909 Columba
2787 4850 2959 4921 juxta
2983 4848 3201 4901 fluenta
3230 4859 3518 4916 aquarum
3550 4859 3641 4915 re-

1997 4946 2188 5002 sidere
2219 4943 2382 5011 solet,
2417 4946 2482 4997 ut
2511 4942 2822 4997 adventum
2855 4934 3149 5007 accipitris
3182 4932 3412 4989 facilius
3444 4948 3645 4988 cavere

1996 5032 2182 5106 possit
2212 5049 2226 5088 :
2262 5036 2319 5088 et
2366 5047 2472 5086 nos
2502 5033 2566 5085 ut
2598 5025 2811 5083 diaboli
2839 5024 3088 5080 insidias
3115 5022 3429 5096 praevidere
3457 5025 3515 5077 et
3544 5039 3645 5078 ca-

1996 5139 2125 5178 vere
2156 5120 2475 5193 possimus,
2509 5118 2567 5171 in
2601 5114 2980 5171 meditatione
3011 5111 3448 5184 Scripturarum’
3488 5109 3643 5166 dele-

1995 5210 2287 5267 ctabiliter
2318 5207 2761 5269 insistamus,ut
2782 5201 3172 5275 impleaturin
3206 5199 3373 5256 nobis
3395 5200 3452 5254 in
3486 5199 3643 5271 quod

1997 5301 2169 5356 laude
2199 5296 2465 5354 Ecclesiae
2496 5294 2745 5350 dicitur:
2784 5318 2808 5341 ‹‹
2845 5291 3006 5348 Oculi
3040 5292 3145 5357 tui,
3170 5287 3320 5345 oculi
3344 5288 3643 5343 columba-

1997 5386 2415 5457 runt(Canl.v),
2434 5401 2602 5456 “qua:
2634 5382 2781 5437 lacte
2802 5385 2943 5437 sunt
2972 5377 3647 5447 lota3,etresibentjuxta

1996 5480 2215 5535 ﬂuenta
2263 5471 2643 5547 plenissima;
2677 5475 2733 5526 et
2781 5470 2991 5525 iterum
3024 5486 3038 5523 :
3074 5491 3100 5516 ‹‹
3137 5464 3298 5522 Oculi
3347 5464 3455 5531 tui,
3490 5464 3644 5519 oculi

1995 5566 2430 5623 columbrarum
2460 5562 2638 5633 (Cant.
2672 5560 2773 5626 ιν),
2801 5583 2827 5609 ››
2860 5559 3113 5630 absquee
3145 5573 3210 5612 eo
3242 5555 3398 5627 quod
3431 5552 3640 5608 intrin-

1996 5672 2163 5713 secus
2194 5652 2351 5709 latet.
2385 5651 2667 5708 Columba
2689 5647 2835 5704 nihil
2864 5647 3060 5703 vivum
3099 5642 3350 5701 comedit
3379 5658 3392 5695 :
3427 5644 3484 5695 et
3513 5655 3642 5704 nos,
