4070 6190
355 343 471 411 H9
540 382 546 389 ν

911 348 1321 413 ΗΑΥΜΟΝ18
1364 345 1908 413 HALBEBSTA’I‘.
1955 341 2198 406 EPISG.
2245 345 2418 407 OPP.
2464 343 2784 421 PARSJI.
2817 379 2895 391 -—
2926 343 3198 409 HOMIL.

3651 341 3770 409 £30

346 481 519 555 juxta
535 480 797 555 Apostoli
828 483 1176 541 sententiam
1210 484 1432 557 (Colore.
1464 483 2009 557 m),mortiﬁcemur
2037 481 2088 544 Α
2121 500 2149 528 α
2179 476 2357 551 ptizat
2406 479 2465 535 in
2516 479 2735 553 Spiritu
2785 483 3007 561 sancto.
3043 503 3071 530 ››
3104 476 3211 537 Ubi
3245 477 3550 551 qumritur,
3584 495 3768 552 quare

358 572 625 632 membra
649 576 850 629 nostra
881 590 1006 645 quaa
1034 577 1175 629 sunt
1196 591 1374 645 super
1403 579 1640 637 terram,
1674 573 1729 628 id
1754 577 1856 629 est
1885 571 2001 628 for-

356 659 1205 731 nicationem,immunditiam,
1229 662 1557 729 avaritiam,
1577 662 1729 734 quod
1760 666 1850 717 est
1880 661 2002 717 ido-

356 747 547 808 lorum
581 747 851 805 servitus.
885 750 1167 807 Columba
1196 767 1309 807 non
1342 768 1475 807 cum
1510 749 1846 824 ungulisvel
1869 766 2004 805 cum

359 841 548 895 rostro
578 853 642 894 se
671 838 1034 896 defendit:et
1066 856 1171 896 nos
1202 840 1666 913 quotiesCunque
1680 839 2006 912 abinjustis

359 925 821 999 persecutionem
848 928 1127 999 patimur,
1150 945 1262 984 non
1297 929 1368 985 ad
1398 928 1717 985 vindictam
1752 946 2009 986 commo-

359 1032 621 1081 veamur,
656 1015 759 1073 sed
791 1017 985 1088 potius
1015 1017 1279 1089 exempla
1304 1022 1641 1074 sanctorum
1671 1023 2004 1091 sequentes,

363 1104 704 1177 patientiam
737 1105 1073 1177 diligamus,
1108 1123 1179 1161 ne
1206 1106 1495 1162 efficiatur
1544 1106 1745 1178 lingua
1786 1110 2008 1172 nostra,

362 1202 546 1258 arma,
570 1196 628 1248 et
659 1192 890 1263 sagitta,
924 1197 981 1250 et
1002 1194 1276 1265 glaudius
1301 1200 1529 1261 acutus,
1563 1196 1836 1251 timentes
1866 1195 2011 1251 illud

363 1281 517 1352 quod
549 1280 765 1339 Paulus
798 1282 1100 1352 apostolus
1133 1284 1287 1339 ait:«
1314 1286 1475 1351 Quod
1504 1284 1551 1340 si
1577 1284 1823 1341 invicem
1848 1302 2007 1341 mor-
2042 1281 2049 1285 ’

363 1368 512 1425 dctis
539 1373 598 1424 et
626 1370 954 1438 comeditis,
982 1371 1169 1427 videte
1199 1387 1271 1427 ne
1301 1374 1373 1428 ab
1402 1372 1649 1428 invicem
1698 1390 2011 1428 consuma-

362 1457 508 1517 miui
538 1458 679 1527 (Gal.
709 1460 788 1527 v),
824 1482 851 1509 »
887 1464 948 1515 ut
981 1459 1295 1531 impleatur
1322 1460 1543 1516 illudzu
1565 1461 1721 1517 Beati
1758 1462 2010 1534 pacilici,

2112 568 2280 625 Pater
2309 569 2380 624 ad
2413 570 2879 640 cegnoscendum
2913 567 3282 640 unigenitum
3325 567 3537 625 Filium
3585 585 3762 628 suum

2110 655 2227 713 tale
2259 656 2492 729 signum
2527 658 2665 714 dare
2697 656 2897 725 voluit,
2921 674 3054 713 cum
3078 657 3234 713 idem
3254 656 3436 714 Filius
3457 656 3765 729 discipulis

2115 746 2238 802 suis
2270 748 2890 818 repromittit,dicens:
2912 770 2939 796 ‹‹
2974 747 3209 820 Rogabo
3241 745 3766 812 Patrem,etalium

2115 834 2475 907 paracletum
2517 836 2678 891 dabit
2726 836 2890 892 vobis
2938 839 3001 892 ut
3059 840 3293 890 maneat
3344 835 3653 893 vobiscum
3705 836 3768 893 in

2116 928 2416 992 aeternum,
2453 925 2725 997 spiritum
2772 924 3032 981 veritatis
3074 924 3173 997 qui
3208 941 3241 980 a
3270 925 3437 981 Patre
3483 924 3768 996 procedit,

2118 1030 2291 1086 quem
2326 1014 2583 1069 mundus
2616 1032 2727 1069 non
2762 1017 2951 1087 potest
2981 1013 3261 1086 accipere,
3298 1012 3437 1085 quia
3466 1028 3583 1068 non
3628 1012 3773 1068 vidit

2119 1119 2251 1157 eum
2287 1118 2391 1157 nec
2423 1104 2533 1157 scit
2561 1120 2724 1170 eum;
2749 1120 2852 1159 vos
2873 1107 3064 1159 autem
3084 1102 3773 1174 cognoscetiseum,quia

2120 1192 2274 1264 apud
2300 1209 2401 1246 vos
2433 1192 2712 1259 manebit,
2746 1197 2805 1247 et
2834 1192 2893 1247 in
2926 1192 3089 1248 vobis
3120 1191 3225 1247 erit
3259 1191 3431 1263 (Joan.
3469 1193 3608 1258 xcv).
3645 1213 3673 1239 ››
3707 1190 3770 1247 Si

2122 1297 2257 1353 ergo
2286 1284 2343 1336 et
2372 1280 2429 1336 in
2464 1280 2771 1353 discipulis
2804 1285 3002 1336 manet
3032 1280 3306 1352 Spiritus,
3341 1279 3440 1352 qui
3482 1295 3769 1352 magnum

2123 1370 2169 1426 si
2203 1384 2379 1441 super
2407 1370 2773 1443 unigenitum
2797 1369 3010 1425 Filium
3025 1368 3121 1426 Dei
3134 1367 3773 1425 descenditetmansit?

2124 1458 2231 1514 Sed
2268 1458 2453 1515 facilis
2484 1459 2555 1513 ad
2584 1459 2704 1514 haec
2734 1462 2893 1532 patet
2918 1457 3401 1531 responsio,quia
3421 1456 3589 1513 aliter
3602 1473 3771 1513 acoe-

362 1546 640 1617 quoniam
672 1545 775 1603 filii
808 1548 911 1604 Dei
943 1549 1310 1605 vocabuntur
1340 1550 1555 1617 (Matth.
1587 1556 1665 1617 v).
1690 1574 1715 1599 ››
1734 1550 2018 1607 Columba
2127 1550 2338 1620 perunt
2369 1547 2474 1612 illi,
2508 1553 2564 1603 et
2595 1547 2763 1604 aliter
2791 1547 2908 1603 ille.
2946 1546 3066 1604 Illis
3104 1547 3262 1604 enim
3312 1547 3383 1602 ad
3425 1562 3771 1603 mensuram

362 1633 424 1689 in
457 1636 637 1707 petris
670 1634 963 1692 nidiﬁcat:
998 1640 1054 1692 et
1083 1653 1189 1692 nos
1220 1650 1453 1694 omnem
1488 1656 1649 1711 spem
1686 1644 1948 1695 nostram
1963 1644 2019 1695 et
2127 1637 2300 1691 datus
2331 1640 2420 1691 est
2450 1636 2798 1708 Spiritus,in
2832 1636 2931 1692 illo
2961 1641 3158 1692 autem
3190 1636 3419 1691 habitat
3436 1634 3631 1691 omnis
3656 1634 3774 1708 ple-

361 1719 769 1779 fortitudinem
800 1723 859 1779 in
890 1729 1054 1795 petra
1083 1741 1213 1796 qua:
1254 1730 1344 1782 est
1390 1726 1677 1795 Christus,
1707 1742 2017 1800 ponamus,

2128 1726 2332 1781 nitudo
2363 1725 2683 1782 divinitatis
2714 1725 3089 1797 corporaliter
3115 1726 3340 1795 (Cotoss.
3372 1727 3452 1791 Ii).
3486 1725 3557 1780 Et
3582 1722 3665 1780 illi
3698 1740 3774 1782 ex

365 1810 788 1914 dicentescum
837 1812 1147 1912 Psalmista
1181 1832 1193 1868 :
1230 1840 1255 1864 ‹‹
1296 1820 1358 1871 In
1389 1821 1552 1888 petra
1582 1818 1847 1874 exaltasti
1900 1835 2011 1888 mc,
2044 1848 2091 1914 Β
2128 1819 2389 1886 tempore
2436 1819 2783 1887 acceperunt
2829 1813 3112 1886 Spiritum
3159 1831 3172 1868 :
3214 1813 3312 1869 ille
3360 1830 3496 1870 vero
3538 1829 3606 1872 ex
3651 1829 3774 1885 quo

364 1898 654 1955 deduxisti
687 1916 800 1971 me,
833 1900 972 1972 quia
1004 1904 1191 1960 factus
1219 1922 1280 1961 es
1307 1922 1441 1977 spes
1463 1923 1611 1977 mea,
1646 1907 1823 1962 turris
1857 1908 2012 1963 forti-

361 1986 584 2043 tudinis
614 2004 649 2043 a
679 1987 823 2045 facie
852 1988 1075 2047 inimici
1106 1994 1275 2054 (Psat.
1312 1997 1421 2061 LX).
1452 2018 1479 2045 »
1516 1996 1578 2051 In
1627 1995 1805 2067 hujus
1836 2001 2011 2070 petrae

363 2074 753 2137 foraminibus
784 2076 989 2135 nidum
1004 2096 1176 2136 suum
1206 2082 1433 2154 Moyses
1464 2089 1757 2155 posuerat,
1776 2085 2011 2156 quando

276 2170 281 2175 ‘
363 2180 397 2219 a
427 2164 673 2222 Domino
705 2167 919 2222 meruit
948 2168 1150 2225 audire
1178 2186 1191 2224 :
1220 2192 1248 2220 «
1284 2172 1385 2226 Est
1409 2171 1573 2228 locus
1602 2173 1757 2245 apud
1809 2189 1923 2239 me,
1956 2177 2013 2229 et

363 2251 547 2310 stabis
579 2254 658 2309 ibi
691 2254 751 2309 in
786 2256 1067 2313 foramine
1087 2263 1261 2329 petra:
1291 2261 1484 2326 (Exod.
1515 2262 1849 2330 xxxm).nSi
1872 2279 2010 2335 ergo

363 2339 647 2413 Spiritum
670 2347 939 2400 sanctum
974 2345 1032 2400 in
1064 2347 1339 2403 cordibus
1369 2350 1586 2406 nostris
1617 2349 2008 2407 babitarorem

363 2429 576 2487 habere
614 2430 907 2500 volumus,
942 2434 1049 2491 has
1098 2436 1437 2507 splrituales
1484 2438 1730 2495 virtutes
1761 2439 2011 2496 sollicite

364 2522 697 2586 teneamus,
728 2524 793 2577 ut
821 2522 892 2577 ad
928 2538 1036 2579 nos
1066 2525 1351 2595 pertineat
1371 2527 1722 2599 specialiter,
1764 2530 1916 2601 quod
1952 2530 2010 2585 in

370 2604 543 2663 laude
571 2608 752 2666 totius
780 2609 1046 2667 Ecclesia:
1088 2612 1146 2667 in
1184 2614 1437 2671 Canticis
1481 2616 1842 2673 canticorum
1873 2635 2011 2674 voce

375 2696 583 2766 spondi
615 2697 835 2754 dicitur
866 2715 923 2752 ;‹‹
939 2699 1101 2769 Veni,
1126 2718 1342 2773 sponsa
1372 2704 1721 2771 mea,electa
1751 2723 2010 2772 mea,eo-

374 2783 577 2843 lumba
605 2802 757 2853 mea,
788 2785 845 2842 in
881 2788 1267 2847 foraminibus
1298 2784 1582 2864 petrae,'in
1614 2795 2010 2851 carvenisma-

372 2872 552 2929 ceriae.
585 2873 835 2933 Ostende
867 2875 1011 2932 mihi
1043 2877 1250 2936 faciem
1282 2884 1467 2949 tuam,
1501 2887 1668 2939 sonet
1698 2901 1804 2939 vox
1832 2884 2010 2941 tuain

369 2961 614 3019 auribus
662 2963 809 3018 meis
839 2965 1026 3033 (Cant.
1060 2966 1139 3033 ιι).
1179 2990 1206 3016 ι)
1237 2968 1406 3025 Tales
1459 2970 1676 3044 quippe
1728 2973 2013 3031 Dominus

368 3064 508 3105 suos
520 3049 842 3123 discipulos
853 3068 982 3109 esse
994 3054 1243 3123 volebat,
1260 3058 1748 3128 quibusdicebat:
1772 3085 1800 3111 ‹‹
1819 3063 2013 3120 Estote

364 3136 682 3207 prudentes
711 3137 866 3197 sicut
897 3148 1289 3213 serpentes,et
1311 3144 1609 3220 simplices
1627 3149 2010 3207 sicutcolum-

2121 1904 2538 1959 obrumbrante
2572 1904 2790 1976 Spiritu
2817 1907 3018 1959 sancto
3048 1902 3203 1958 intra
3244 1906 3477 1958 uterum
3526 1901 3774 1973 virginis

2119 1997 2435 2064 conceptus
2446 1994 2614 2063 est,ej
2625 1993 2823 2047 usdem
2839 1991 3092 2064 Spiritus
3106 1990 3524 2064 plenitudinem
3540 1989 3774 2058 habuit,

2120 2080 2271 2136 sicut
2323 2097 2425 2153 per
2474 2081 2849 2137 Psalmistam
2909 2080 3159 2149 dicitur;
3193 2104 3219 2129 ‹‹
3274 2079 3449 2136 Unxit
3494 2084 3551 2135 te
3594 2084 3769 2148 Dens,

2119 2170 2272 2225 Deus
2300 2174 2439 2224 tuus
2465 2169 2591 2225 oleo
2621 2169 2833 2225 laetitia:
2866 2186 2982 2241 pra:
3013 2169 3384 2225 consortibus
3434 2167 3553 2225 tuis
3593 2169 3767 2239 (Psat.

2119 2258 2291 2329 XLIV).
2329 2282 2357 2309 »
2389 2258 2709 2314 Possumus
2739 2263 2798 2313 et
2828 2257 2937 2313 hoc
2964 2258 3183 2321 dicere,
3220 2256 3435 2330 quiain
3469 2258 3769 2314 mentibus

2120 2346 2379 2402 ﬁdelium
2413 2346 2565 2402 idem
2600 2346 2853 2419 Spiritus
2883 2348 2954 2402 ad
2986 2346 3211 2418 aliquid
3234 2362 3465 2419 semper
3481 2350 3773 2415 manet,et

2120 2435 2192 2490 ad
2226 2434 2447 2508 aliquid
2478 2453 2816 2491 recessurus
2846 2435 3021 2491 venit.
3047 2436 3242 2491 Manet
3270 2435 3426 2491 enim
3457 2452 3593 2491 cum
3624 2433 3768 2503 illis,

2119 2528 2184 2578 ut
2214 2523 2498 2591 sobrie,et
2520 2525 2769 2593 juste,et
2800 2523 2891 2597 pie
2920 2524 3117 2580 vivant
3144 2525 3205 2579 in
3226 2524 3335 2580 hoc
3355 2523 3770 2581 saeculozrece-

2118 2612 2205 2667 dit
2232 2629 2365 2669 vero
2396 2614 2468 2668 ab
2500 2613 2637 2679 illis,
2670 2630 2742 2669 ne
2773 2630 3005 2685 semper
3033 2612 3365 2685 corporales
3393 2612 3639 2669 vututes
3671 2612 3768 2670 fa—

2118 2701 2295 2757 ciant.
2328 2704 2397 2759 Et
2426 2702 2542 2758 illis
2573 2702 2810 2775 quidem
2844 2702 2925 2757 ita
2952 2701 3114 2757 venit
3143 2702 3277 2757 utsi
3308 2718 3342 2757 a
3374 2702 3525 2758 bono
3557 2718 3770 2773 propo-

2103 2791 2232 2846 ‘sito
2262 2791 2618 2847 voluntatem
2660 2791 3034 2856 mutaverint,
3078 2792 3154 2846 ab
3210 2790 3326 2847 illis
3386 2791 3656 2847 recedat:
3699 2789 3773 2846 in

2121 2879 2368 2937 Domino
2406 2886 2622 2944 autem,
2658 2897 2773 2935 non
2825 2896 2894 2935 ex
2942 2884 3203 2951 tempore
3252 2879 3530 2950 baptismi
3580 2879 3777 2949 major

2119 2969 2385 3039 eiusdem
2418 2968 2671 3040 Spiritus
2702 2968 2891 3041 gratia
2920 2984 3047 3025 esse
3077 2967 3275 3039 coepit;
3300 2967 3401 3024 sed
3434 2966 3492 3023 in
3508 2969 3634 3038 ejus
3662 2968 3774 3026 ba-

2122 3058 2335 3129 ptismo
2356 3057 2663 3113 visibiliter
2683 3057 2973 3129 apparuit,
3002 3061 3067 3112 ut
3096 3055 3636 3129 intelligantﬁdeles
3665 3074 3776 3129 per

2124 3148 2484 3218 baptismum
2516 3147 2781 3217 ejusdem
2813 3146 3066 3218 Spiritus
3095 3146 3285 3201 sancti
3315 3162 3377 3201 se
3402 3145 3557 3202 dona
3580 3146 3773 3217 perci-

363 3224 447 3281 bae
481 3224 688 3297 (Matth.
721 3227 798 3299 x).
835 3251 861 3279 ››
892 3230 962 3286 Et
992 3230 1233 3302 pulchre
1261 3216 1481 3307 septeni
1514 3242 1734 3293 natura)
1766 3256 2004 3297 enume-
2039 3216 2084 3289 (ἒ
2121 3216 2271 3306 pere.
2306 3238 2489 3301 Quam
2522 3216 2801 3291 veraciter
2828 3216 3025 3291 autem
3052 3238 3110 3292 et
3137 3235 3358 3307 absque
3383 3233 3504 3289 ulla
3552 3216 3772 3290 dubie-

361 3318 567 3371 rantur
595 3315 899 3384 columbae,
926 3319 1065 3390 quia
1087 3321 1341 3393 Spiritus
1367 3325 1691 3397 sancti,qui
1724 3327 2007 3385 hodierna

360 3400 453 3457 die
484 3418 664 3475 super
715 3405 1164 3477 Redemptorem
1217 3412 1421 3466 mundi
1482 3415 1746 3486 apparui,
1780 3420 2004 3488 septem

361 3488 515 3543 dona
543 3493 682 3545 sunt
701 3490 1153 3564 principalia,de
1167 3496 1385 3568 quibus
1406 3515 1509 3570 per
1532 3502 1744 3558 Isaiam
1767 3504 2000 3561 dicitur:

359 3599 387 3625 «
422 3576 767 3665 Requiescet
799 3596 977 3652 super
1004 3598 1138 3638 eum
1166 3584 1417 3657 Spiritus
1475 3588 1729 3658 Domini,
1764 3592 2005 3665 spiritus

358 3664 656 3737 sapientiae
685 3671 743 3722 et
760 3666 1111 3739 intellectus,
1130 3672 1371 3745 spiritus
1393 3677 1691 3735 consiliiet
1703 3681 2000 3738 fortitudi-

359 3751 471 3821 nis,
503 3753 749 3826 spiritus
796 3756 1052 3813 scientiae
1101 3765 1160 3816 et
1208 3762 1462 3833 pietatis,
1493 3771 1550 3821 et
1579 3769 1826 3840 replebit
1864 3788 1999 3828 eum

358 3841 601 3917 spiritus
629 3843 860 3900 timoris
891 3846 1120 3904 Domini
1153 3851 1280 3917 (lca.
1313 3858 1414 3917 Χῐ).
1453 3877 1478 3902 η
1509 3855 1757 3912 Mirabili
1800 3865 1998 3916 autem

358 3930 670 3987 concordia
717 3933 1030 4005 Scriptura:
1077 3937 1302 3995 Veteris
1352 3957 1418 3998 ac
1466 3943 1604 3998 Novi
1639 3946 1999 4005 Testamenti

356 4016 469 4074 sibi
498 4019 867 4078 conveniunt.
888 4023 1159 4096 Legimus
1183 4028 1338 4084 enim
1364 4030 1670 4101 quia,cum
1701 4034 1999 4094 velletNoe

356 4106 506 4165 scire
536 4110 739 4191 utrum
758 4117 1092 4169 cessassent
1122 4132 1287 4186 aqua;
1317 4117 1540 4188 diluvii,
1577 4121 1739 4177 misit
1773 4124 1996 4181 colum-

354 4193 510 4264 bam,
528 4212 654 4268 quaa
675 4213 912 4270 vespere
930 4216 1158 4258 reversa
1168 4209 1255 4260 est
1268 4207 1337 4261 ad
1363 4223 1496 4263 eum
1513 4214 1750 4281 portans
1765 4230 1996 4270 ramum

351 4281 514 4339 olivae
552 4283 874 4342 virentibus
908 4287 1062 4344 foliis
1091 4290 1148 4346 in
1200 4310 1298 4350 ore
1321 4296 1474 4362 (Gen.
1508 4302 1648 4367 vm).
1681 4302 1845 4358 Nunc
1892 4321 1994 4359 au-

349 4373 467 4461 tem
499 4372 788 4445 baptizato
818 4376 1087 4445 Domino,
1103 4396 1208 4437 suo
1239 4387 1580 4454 praecursori
1606 4391 1994 4461 apertisccslis

349 4458 409 4550 in
439 4460 632 4550 specie
659 4461 942 4520 columbis
972 4468 1262 4539 apparuit.
1298 4471 1460 4528 Sicut
1506 4458 1662 4531 enim
1712 4496 1815 4550 per
1841 4480 1991 4537 dilu-

2114 3328 2231 3379 tate
2262 3325 2549 3379 credenda
2577 3324 2715 3392 sint,
2736 3340 2863 3396 quas
2894 3323 2953 3378 in
2986 3323 3097 3379 hac
3128 3322 3373 3379 lectione
3403 3339 3766 3381 commemo-

2112 3417 2679 3485 rantur,przecursor
2706 3412 2936 3470 Domini
2966 3412 3341 3469 manifestare
3361 3411 3600 3480 curavit,
3620 3427 3764 3468 cum

2114 3502 2420 3571 subjunxit
2453 3519 2466 3557 :

2185 3614 2211 3639 ‹‹
2245 3592 2314 3647 Et
2343 3608 2448 3665 ego
2470 3592 2584 3646 vidi
2617 3596 2673 3646 et
2702 3591 3102 3647 testimonium
3138 3585 3432 3664 perhibui,
3469 3590 3609 3662 quia
3656 3589 3759 3646 hic

2115 3700 2142 3728 «
2175 3684 2263 3736 est
2292 3680 2472 3736 Filius
2507 3680 2622 3737 Dei.
2658 3679 2763 3735 Ubi
2794 3679 3288 3736 considerandum
3321 3678 3459 3751 quia
3488 3679 3547 3733 in
3594 3678 3762 3734 brevi

2110 3766 2618 3825 lectioneduorum
2643 3768 3046 3824 haereticorum
3062 3768 3759 3841 dogmatadestruuntur,

2112 3857 2414 3914 Manichiei
2447 3858 2665 3914 scilicet
2691 3862 2748 3914 et
2779 3856 3030 3924 Pbotini,
3064 3873 3314 3929 quorum
3345 3874 3501 3913 unus
3525 3855 3767 3928 negavit

2109 3963 2243 4001 eum
2277 3946 2461 4003 fuisse
2505 3962 2706 4002 verum
2755 3946 3079 4011 hominem,
3108 3944 3255 4002 alter
3298 3962 3501 4003 verum
3549 3951 3757 4001 Deum.

2110 4036 2427 4091 Erubescat
2454 4052 2591 4107 ergo
2624 4034 3000 4101 Manichaus,
3035 4050 3171 4090 cum
3203 4034 3369 4091 audit
3396 4051 3409 4089 :
3445 4057 3474 4082 «
3509 4037 3766 4091 Postme

2105 4124 2263 4180 venit
2289 4124 2394 4178 vir.
2432 4146 2460 4173 »
2492 4124 2807 4178 Erubescat
2838 4127 2895 4179 et
2925 4121 3231 4189 Photinus,
3263 4139 3398 4179 cum
3430 4137 3764 4194 praecurso:-

2106 4212 2335 4267 Domini
2369 4212 2608 4267 clamat:
2626 4236 2652 4261 ‹‹
2672 4213 2787 4283 Ego
2820 4212 2955 4276 vidi,
2972 4217 3027 4268 et
3039 4211 3443 4269 testimonium
3457 4209 3756 4282 perhibui,

2102 4300 2242 4373 quia
2272 4301 2365 4356 hic
2395 4306 2484 4357 est
2513 4299 2701 4357 Filius
2724 4300 2892 4356 Dei.»
2924 4299 3173 4357 Audiant
3203 4316 3340 4372 ergo
3366 4298 3672 4356 mansuedi
3694 4303 3762 4355 e‘t

2104 4387 2388 4454 lastentur,
2422 4389 2725 4444 credentes
2756 4388 2883 4444 sine
2911 4390 3112 4457 dubio,
3145 4389 3286 4461 quia
3314 4388 3409 4444 hic
3438 4391 3529 4444 est
3568 4386 3757 4443 Filius

2102 4476 2381 4543 hominis,
2413 4476 2514 4548 qui
2548 4481 2611 4532 ut
2636 4477 2812 4533 homo
2842 4478 3172 4550 baptizatus
3200 4482 3311 4543 est,
3336 4476 3490 4532 idem
3524 4476 3756 4547 ipseest

345 4544 503 4601 vium
537 4548 901 4649 baptismum
930 4554 1242 4649 figurat-ur,
1273 4558 1368 4649 ita
1382 4565 1439 4649 et
1485 4579 1589 4634 per
1636 4544 1990 4637 coiumbam,
2024 4584 2071 4649 D
2105 4564 2284 4621 Filius
2316 4544 2512 4633 Dei,et
2529 4544 3077 4625 conﬁteantur-cum
3108 4566 3453 4623 PetrozuTu
3486 4544 3755 4621 es'Filius

347 4650 475 4705 quia
507 4651 738 4697 ramum
763 4638 922 4696 olivas
951 4642 1274 4703 virentibus
1296 4646 1450 4704 foliis
1480 4650 1540 4705 in
1571 4668 1671 4708 ore
1699 4654 1852 4721 tulit,
1883 4674 1991 4713 un-

345 4721 459 4778 ctio
489 4722 744 4797 Spiritus
770 4730 960 4785 sancti
989 4731 1357 4803 exprimitur,
1378 4752 1507 4807 quaa
1540 4739 1993 4801 ﬁdelibusinba-

345 4810 563 4881 ptismo
589 4813 889 4885 tribuitur,
904 4818 974 4874 de
987 4834 1104 4891 qua
1135 4837 1239 4893 per
1264 4822 1549 4883 Joannem
1572 4826 1812 4886 dicitur:
1829 4855 1856 4881 ‹‹
1873 4832 1989 4890 Un-

344 4896 457 4953 ctio
488 4899 617 4971 ejus
647 4902 817 4961 docet
845 4922 946 4962 vos
976 4907 1047 4963 de
1076 4910 1354 4968 omnibus
1380 4915 1430 4985 (I
1452 4916 1610 4971 Joan.
1639 4920 1725 4986 II).
1757 4942 1784 4969 ››
1825 4922 1987 4986 Quod

341 4999 475 5043 vero
504 5004 643 5047 voce
667 4991 931 5065 baptista;
963 4996 1239 5067 subditur
1268 5017 1280 5055 :

417 5095 444 5123 α
476 5074 543 5131 Et
574 5091 682 5151 ego
704 5081 1033 5138 nesciebam
1064 5101 1220 5153 eum,
1256 5110 1285 5139 »
1318 5089 1402 5146 sic
1427 5089 1871 5165 intelligendum
1897 5105 1988 5155 est

2102 4653 2203 4709 Dei
2234 4653 2346 4708 vivi
2375 4653 2581 4723 (Matth.
2610 4655 2747 4727 xw).
2783 4676 2811 4704 »

2346 4957 2625 4997 DOMINICA
2666 4958 2846 4997 PRIMA
2886 4957 3026 4997 POS'I'
3063 4958 3443 4997 EPIPHHNIAM.

2167 5102 2328 5170 (Luc.
2363 5106 2443 5165 ιι).
2473 5125 2501 5151 η
2523 5102 2587 5157 In
2620 5100 2718 5158 illo
2737 5105 3168 5173 tempom,cum
3192 5102 3383 5158 factus
3408 5102 3747 5158 essetlesus

341 5165 614 5267 utsupra
642 5165 920 5267 diximus,
952 5172 1090 5243 quia
1137 5176 1214 5267 ad
1268 5182 1765 5251 comparationem
1824 5190 1977 5258 quod
2093 5212 2120 5239 ‹‹
2150 5206 2440 5245 annorum
2471 5189 2799 5257 duodecim,
2833 5165 3288 5246 ascendentibus
3319 5189 3439 5246 illis
3468 5190 3742 5246 Hieroso-

337 5254 536 5353 POS‘ten
565 5256 853 5353 cognovit,
888 5275 1094 5353 parum
1130 5262 1294 5335 prius
1321 5267 1392 5322 de
1434 5268 1535 5326 illo
1582 5254 1929 5345 cognoverat
1963 5294 1975 5332 :
2089 5278 2417 5351 «lymam,»
2431 5281 2488 5332 et
2509 5277 2749 5349 reliqua.
2766 5254 3208 5336 Rationabiliter
3231 5277 3741 5353 maagistrieccle«

334 5339 488 5442 υῐξίξϐ
514 5347 743 5442 factum
775 5346 1011 5442 signum
1042 5349 1180 5442 ejus
1219 5355 1568 5442 cognitionis
1618 5362 1810 5430 datur,
1843 5381 1978 5420 cum
2087 5339 2333 5423 siasticaa
2366 5365 2751 5422 institutionis
2772 5371 2830 5422 et
2851 5366 3059 5422 divinae
3073 5339 3736 5440 Scripturaﬁraditores,

329 5428 727 5532 Slfll’flnferturf
752 5457 789 5532 ἐξ
811 5434 936 5532 Sed
970 5436 1069 5508 qui
1105 5439 1271 5532 misit
1296 5459 1387 5532 me
1418 5445 1708 5519 baptizare
1730 5452 1785 5506 in
1803 5470 1974 5525 aqua,
2089 5455 2303 5510 Lucam
2325 5454 3170 5528 evangelistaminterquatuor
3187 5428 3737 5529 animaliaspeciem

330 5538 354 5563 ‹σ
380 5515 1207 5618 il‘leinibidixit:Superquem
1222 5529 1433 5588 videris
1447 5515 1730 5607 spiritum
1745 5515 1977 5597 desim";
2086 5542 2248 5597 vituli
2278 5515 2860 5612 tenerevdcscribunt,
2877 5515 3030 5601 sicut
3056 5545 3115 5600 in
3147 5545 3408 5602 Ezechiel
3426 5550 3483 5601 et
3509 5515 3566 5601 in
3583 5546 3736 5618 Apo-

330 5626 358 5653 ‹‹
394 5606 624 5665 dentem
658 5615 714 5667 et
744 5618 1079 5671 manentem
1113 5634 1290 5690 super
1315 5638 1470 5692 eum,
1496 5606 1591 5681 hic
1624 5633 1711 5683 est
1742 5629 1841 5699 qui
1876 5630 1975 5685 ba-
2095 5630 2312 5701 calypsi
2346 5631 2593 5688 Joannis
2623 5606 2891 5689 habetur.
2925 5633 3209 5699 Quoniam
3241 5635 3393 5691 sicut
3418 5606 3651 5690 vitulus.
3677 5633 3737 5689 in
