  <div class='ocr_page' id='page_1' title='image "/cluster/home/n/w/nwhite01/storage/ocr_20150623/118/hvd.32044073505158/066.png"; bbox 0 0 4070 6190; ppageno 0'>
   <div class='ocr_carea' id='block_1_1' title="bbox 311 349 421 416">
    <p class='ocr_par' dir='ltr' id='par_1_1' title="bbox 311 349 421 416">
     <span class='ocr_line' id='line_1_1' title="bbox 311 349 421 416; baseline 0.018 -2"><span class='ocrx_word' id='word_1_1' title='bbox 311 349 421 416; x_wconf 64' lang='grc'>121</span> 
     </span>
    </p>
   </div>
   <div class='ocr_carea' id='block_1_2' title="bbox 1549 346 2488 413">
    <p class='ocr_par' dir='ltr' id='par_1_2' title="bbox 1549 346 2488 413">
     <span class='ocr_line' id='line_1_2' title="bbox 1549 346 2488 413; baseline -0.005 0"><span class='ocrx_word' id='word_1_2' title='bbox 1549 347 1902 413; x_wconf 50' lang='grc' dir='ltr'>ΗΟΜΙΙΑΙᾹΞ</span> <span class='ocrx_word' id='word_1_3' title='bbox 1944 346 2050 407; x_wconf 88' lang='lat' dir='ltr'><strong>DE</strong></span> <span class='ocrx_word' id='word_1_4' title='bbox 2089 346 2488 410; x_wconf 79' lang='lat' dir='ltr'>TEMPORE.</span> 
     </span>
    </p>
   </div>
   <div class='ocr_carea' id='block_1_3' title="bbox 3604 345 3722 418">
    <p class='ocr_par' dir='ltr' id='par_1_3' title="bbox 3604 345 3722 418">
     <span class='ocr_line' id='line_1_3' title="bbox 3604 345 3722 418; baseline 0.051 -6"><span class='ocrx_word' id='word_1_5' title='bbox 3604 345 3722 418; x_wconf 65' lang='grc'>129</span> 
     </span>
    </p>
   </div>
   <div class='ocr_carea' id='block_1_4' title="bbox 305 480 3796 561">
    <p class='ocr_par' dir='ltr' id='par_1_4' title="bbox 305 480 3796 561">
     <span class='ocr_line' id='line_1_4' title="bbox 305 480 3796 561; baseline -0.001 -18"><span class='ocrx_word' id='word_1_6' title='bbox 305 485 532 561; x_wconf 80' lang='lat' dir='ltr'>templo</span> <span class='ocrx_word' id='word_1_7' title='bbox 564 485 797 544; x_wconf 79' lang='lat' dir='ltr'>Domini</span> <span class='ocrx_word' id='word_1_8' title='bbox 829 485 885 543; x_wconf 91' lang='lat' dir='ltr'>in</span> <span class='ocrx_word' id='word_1_9' title='bbox 922 485 1205 544; x_wconf 86' lang='lat' dir='ltr'>sacrificio</span> <span class='ocrx_word' id='word_1_10' title='bbox 1237 503 1270 543; x_wconf 90' lang='lat' dir='ltr'>a</span> <span class='ocrx_word' id='word_1_11' title='bbox 1301 485 1705 543; x_wconf 81' lang='lat' dir='ltr'>sacerdotibus</span> <span class='ocrx_word' id='word_1_12' title='bbox 1754 483 1955 540; x_wconf 86' lang='lat' dir='ltr'>otl&#39;ere-</span> <span class='ocrx_word' id='word_1_13' title='bbox 1987 480 2037 548; x_wconf 80' lang='grc' dir='ltr'><strong>Α</strong></span> <span class='ocrx_word' id='word_1_14' title='bbox 2070 484 2454 554; x_wconf 74' lang='lat' dir='ltr'>humanitate,</span> <span class='ocrx_word' id='word_1_15' title='bbox 2480 484 2578 558; x_wconf 92' lang='lat' dir='ltr'>qui</span> <span class='ocrx_word' id='word_1_16' title='bbox 2603 483 2829 541; x_wconf 91' lang='lat' dir='ltr'>nullum</span> <span class='ocrx_word' id='word_1_17' title='bbox 2852 487 3085 558; x_wconf 82' lang='lat' dir='ltr'>tempus</span> <span class='ocrx_word' id='word_1_18' title='bbox 3103 481 3278 541; x_wconf 88' lang='lat' dir='ltr'>habet</span> <span class='ocrx_word' id='word_1_19' title='bbox 3303 480 3363 540; x_wconf 88' lang='lat' dir='ltr'>in</span> <span class='ocrx_word' id='word_1_20' title='bbox 3393 481 3709 542; x_wconf 81' lang='lat' dir='ltr'>divinitate.</span> <span class='ocrx_word' id='word_1_21' title='bbox 3793 535 3796 538; x_wconf 89' lang='lat'>.</span> 
     </span>
    </p>
   </div>
   <div class='ocr_carea' id='block_1_5' title="bbox 301 573 1957 649">
    <p class='ocr_par' dir='ltr' id='par_1_5' title="bbox 301 573 1957 649">
     <span class='ocr_line' id='line_1_5' title="bbox 301 573 1957 649; baseline -0.002 -17"><span class='ocrx_word' id='word_1_22' title='bbox 301 577 502 644; x_wconf 87' lang='lat' dir='ltr'>batur,</span> <span class='ocrx_word' id='word_1_23' title='bbox 540 577 621 632; x_wconf 89' lang='lat' dir='ltr'>ita</span> <span class='ocrx_word' id='word_1_24' title='bbox 652 576 767 643; x_wconf 88' lang='lat' dir='ltr'>ille,</span> <span class='ocrx_word' id='word_1_25' title='bbox 802 594 916 648; x_wconf 68' lang='lat' dir='ltr'>prae</span> <span class='ocrx_word' id='word_1_26' title='bbox 948 577 1168 632; x_wconf 73' lang='lat' dir='ltr'>caeteris</span> <span class='ocrx_word' id='word_1_27' title='bbox 1221 576 1610 649; x_wconf 88' lang='lat' dir='ltr'>evangelistis,</span> <span class='ocrx_word' id='word_1_28' title='bbox 1645 573 1957 647; x_wconf 83' lang='lat' dir='ltr'>specialius</span> 
     </span>
    </p>
   </div>
   <div class='ocr_carea' id='block_1_6' title="bbox 297 663 1953 738">
    <p class='ocr_par' dir='ltr' id='par_1_6' title="bbox 297 663 1953 738">
     <span class='ocr_line' id='line_1_6' title="bbox 297 663 1953 738; baseline -0.002 -18"><span class='ocrx_word' id='word_1_29' title='bbox 297 681 372 721; x_wconf 84' lang='lat' dir='ltr'>ea</span> <span class='ocrx_word' id='word_1_30' title='bbox 387 683 515 738; x_wconf 69' lang='lat' dir='ltr'>quae</span> <span class='ocrx_word' id='word_1_31' title='bbox 540 666 824 722; x_wconf 85' lang='lat' dir='ltr'>Dominus</span> <span class='ocrx_word' id='word_1_32' title='bbox 843 665 904 720; x_wconf 87' lang='lat' dir='ltr'>in</span> <span class='ocrx_word' id='word_1_33' title='bbox 929 667 1143 738; x_wconf 90' lang='lat' dir='ltr'>templo</span> <span class='ocrx_word' id='word_1_34' title='bbox 1164 666 1251 722; x_wconf 92' lang='lat' dir='ltr'>vel</span> <span class='ocrx_word' id='word_1_35' title='bbox 1276 667 1427 722; x_wconf 88' lang='lat' dir='ltr'>circa</span> <span class='ocrx_word' id='word_1_36' title='bbox 1447 664 1730 737; x_wconf 82' lang='lat' dir='ltr'>templum</span> <span class='ocrx_word' id='word_1_37' title='bbox 1753 663 1953 737; x_wconf 82' lang='lat' dir='ltr'>gessit,</span> 
     </span>
    </p>
   </div>
   <div class='ocr_carea' id='block_1_7' title="bbox 297 754 1953 828">
    <p class='ocr_par' dir='ltr' id='par_1_7' title="bbox 297 754 1953 828">
     <span class='ocr_line' id='line_1_7' title="bbox 297 754 1953 828; baseline -0.001 -19"><span class='ocrx_word' id='word_1_38' title='bbox 297 771 764 811; x_wconf 81' lang='lat' dir='ltr'>commemorare</span> <span class='ocrx_word' id='word_1_39' title='bbox 815 755 1059 810; x_wconf 78' lang='lat' dir='ltr'>curavit.</span> <span class='ocrx_word' id='word_1_40' title='bbox 1118 755 1197 810; x_wconf 93' lang='lat' dir='ltr'>De</span> <span class='ocrx_word' id='word_1_41' title='bbox 1246 755 1462 828; x_wconf 78' lang='lat' dir='ltr'>quibus</span> <span class='ocrx_word' id='word_1_42' title='bbox 1511 754 1811 809; x_wconf 83' lang='lat' dir='ltr'>exordium</span> <span class='ocrx_word' id='word_1_43' title='bbox 1863 755 1953 810; x_wconf 90' lang='lat' dir='ltr'>sui</span> 
     </span>
    </p>
   </div>
   <div class='ocr_carea' id='block_1_8' title="bbox 295 843 1955 916">
    <p class='ocr_par' dir='ltr' id='par_1_8' title="bbox 295 843 1955 916">
     <span class='ocr_line' id='line_1_8' title="bbox 295 843 1955 916; baseline -0.001 -18"><span class='ocrx_word' id='word_1_44' title='bbox 295 843 595 916; x_wconf 83' lang='lat' dir='ltr'>Evangelii</span> <span class='ocrx_word' id='word_1_45' title='bbox 630 862 664 899; x_wconf 89' lang='lat' dir='ltr'>a</span> <span class='ocrx_word' id='word_1_46' title='bbox 694 844 969 901; x_wconf 89' lang='lat' dir='ltr'>Zacharia</span> <span class='ocrx_word' id='word_1_47' title='bbox 1000 846 1299 900; x_wconf 83' lang='lat' dir='ltr'>sacerdote</span> <span class='ocrx_word' id='word_1_48' title='bbox 1343 844 1532 915; x_wconf 64' lang='lat' dir='ltr'>carpit,</span> <span class='ocrx_word' id='word_1_49' title='bbox 1586 844 1786 897; x_wconf 87' lang='lat' dir='ltr'>dicens</span> <span class='ocrx_word' id='word_1_50' title='bbox 1818 844 1955 915; x_wconf 86' lang='lat' dir='ltr'>(Ipsi</span> 
     </span>
    </p>
   </div>
   <div class='ocr_carea' id='block_1_9' title="bbox 295 931 1953 989">
    <p class='ocr_par' dir='ltr' id='par_1_9' title="bbox 295 931 1953 989">
     <span class='ocr_line' id='line_1_9' title="bbox 295 931 1953 989; baseline 0.001 -4"><span class='ocrx_word' id='word_1_51' title='bbox 295 931 462 986; x_wconf 85' lang='lat' dir='ltr'>enim</span> <span class='ocrx_word' id='word_1_52' title='bbox 496 933 824 988; x_wconf 81' lang='lat' dir='ltr'>sacerdotes</span> <span class='ocrx_word' id='word_1_53' title='bbox 856 933 913 986; x_wconf 92' lang='lat' dir='ltr'>in</span> <span class='ocrx_word' id='word_1_54' title='bbox 963 933 1055 988; x_wconf 90' lang='lat' dir='ltr'>die</span> <span class='ocrx_word' id='word_1_55' title='bbox 1098 933 1486 989; x_wconf 82' lang='lat' dir='ltr'>ordinationis</span> <span class='ocrx_word' id='word_1_56' title='bbox 1537 949 1655 987; x_wconf 78' lang='lat' dir='ltr'>sua:</span> <span class='ocrx_word' id='word_1_57' title='bbox 1705 931 1953 986; x_wconf 90' lang='lat' dir='ltr'>vitulum</span> 
     </span>
    </p>
   </div>
   <div class='ocr_carea' id='block_1_10' title="bbox 296 1020 1955 1091">
    <p class='ocr_par' dir='ltr' id='par_1_10' title="bbox 296 1020 1955 1091">
     <span class='ocr_line' id='line_1_10' title="bbox 296 1020 1955 1091; baseline 0.001 -17"><span class='ocrx_word' id='word_1_58' title='bbox 296 1020 640 1091; x_wconf 74' lang='lat' dir='ltr'>offerebant)</span> <span class='ocrx_word' id='word_1_59' title='bbox 675 1037 688 1074; x_wconf 89' lang='lat'><strong>:</strong></span> <span class='ocrx_word' id='word_1_60' title='bbox 725 1044 751 1070; x_wconf 86' lang='lat'><strong>«</strong></span> <span class='ocrx_word' id='word_1_61' title='bbox 787 1022 914 1076; x_wconf 90' lang='lat' dir='ltr'>Fuit</span> <span class='ocrx_word' id='word_1_62' title='bbox 943 1021 999 1074; x_wconf 89' lang='lat' dir='ltr'>in</span> <span class='ocrx_word' id='word_1_63' title='bbox 1032 1021 1238 1076; x_wconf 90' lang='lat' dir='ltr'>diebus</span> <span class='ocrx_word' id='word_1_64' title='bbox 1275 1022 1513 1077; x_wconf 83' lang='lat' dir='ltr'>Herodis</span> <span class='ocrx_word' id='word_1_65' title='bbox 1560 1022 1712 1091; x_wconf 82' lang='lat' dir='ltr'>regis</span> <span class='ocrx_word' id='word_1_66' title='bbox 1741 1021 1955 1077; x_wconf 69' lang='lat' dir='ltr'>Judazze</span> 
     </span>
    </p>
   </div>
   <div class='ocr_carea' id='block_1_11' title="bbox 298 1109 1957 1181">
    <p class='ocr_par' dir='ltr' id='par_1_11' title="bbox 298 1109 1957 1181">
     <span class='ocr_line' id='line_1_11' title="bbox 298 1109 1957 1181; baseline 0.003 -20"><span class='ocrx_word' id='word_1_67' title='bbox 298 1110 576 1164; x_wconf 81' lang='lat' dir='ltr'>sacerdos</span> <span class='ocrx_word' id='word_1_68' title='bbox 608 1109 846 1181; x_wconf 90' lang='lat' dir='ltr'>quidam</span> <span class='ocrx_word' id='word_1_69' title='bbox 882 1109 1118 1165; x_wconf 84' lang='lat' dir='ltr'>nomine</span> <span class='ocrx_word' id='word_1_70' title='bbox 1148 1111 1456 1165; x_wconf 81' lang='lat' dir='ltr'>Zacharias</span> <span class='ocrx_word' id='word_1_71' title='bbox 1487 1111 1558 1164; x_wconf 86' lang='lat' dir='ltr'>de</span> <span class='ocrx_word' id='word_1_72' title='bbox 1581 1111 1700 1165; x_wconf 89' lang='lat' dir='ltr'>vice</span> <span class='ocrx_word' id='word_1_73' title='bbox 1722 1110 1884 1175; x_wconf 81' lang='lat' dir='ltr'>Abia,</span> <span class='ocrx_word' id='word_1_74' title='bbox 1901 1114 1957 1166; x_wconf 92' lang='lat' dir='ltr'>et</span> 
     </span>
    </p>
   </div>
   <div class='ocr_carea' id='block_1_12' title="bbox 298 1196 1951 1266">
    <p class='ocr_par' dir='ltr' id='par_1_12' title="bbox 298 1196 1951 1266">
     <span class='ocr_line' id='line_1_12' title="bbox 298 1196 1951 1266; baseline 0.001 -14"><span class='ocrx_word' id='word_1_75' title='bbox 298 1213 452 1252; x_wconf 83' lang='lat' dir='ltr'>uxor</span> <span class='ocrx_word' id='word_1_76' title='bbox 480 1196 637 1253; x_wconf 88' lang='lat' dir='ltr'>illius</span> <span class='ocrx_word' id='word_1_77' title='bbox 686 1199 757 1260; x_wconf 86' lang='lat' dir='ltr'>de</span> <span class='ocrx_word' id='word_1_78' title='bbox 802 1197 1034 1253; x_wconf 82' lang='lat' dir='ltr'>ﬁliabus</span> <span class='ocrx_word' id='word_1_79' title='bbox 1086 1204 1296 1254; x_wconf 82' lang='lat' dir='ltr'>Aaron.</span> <span class='ocrx_word' id='word_1_80' title='bbox 1331 1201 1399 1254; x_wconf 82' lang='lat' dir='ltr'>Et</span> <span class='ocrx_word' id='word_1_81' title='bbox 1432 1199 1648 1254; x_wconf 90' lang='lat' dir='ltr'>factum</span> <span class='ocrx_word' id='word_1_82' title='bbox 1676 1205 1783 1266; x_wconf 89' lang='lat' dir='ltr'>est,</span> <span class='ocrx_word' id='word_1_83' title='bbox 1819 1216 1951 1254; x_wconf 91' lang='lat' dir='ltr'>cum</span> 
     </span>
    </p>
   </div>
   <div class='ocr_carea' id='block_1_13' title="bbox 298 1286 1954 1359">
    <p class='ocr_par' dir='ltr' id='par_1_13' title="bbox 298 1286 1954 1359">
     <span class='ocr_line' id='line_1_13' title="bbox 298 1286 1954 1359; baseline 0.002 -19"><span class='ocrx_word' id='word_1_84' title='bbox 298 1286 630 1342; x_wconf 79' lang='lat' dir='ltr'>sacerdotio</span> <span class='ocrx_word' id='word_1_85' title='bbox 687 1287 1029 1359; x_wconf 83' lang='lat' dir='ltr'>fungeretur</span> <span class='ocrx_word' id='word_1_86' title='bbox 1085 1287 1144 1343; x_wconf 90' lang='lat' dir='ltr'>in</span> <span class='ocrx_word' id='word_1_87' title='bbox 1201 1288 1402 1343; x_wconf 91' lang='lat' dir='ltr'>ordine</span> <span class='ocrx_word' id='word_1_88' title='bbox 1458 1287 1598 1343; x_wconf 82' lang='lat' dir='ltr'>vicis</span> <span class='ocrx_word' id='word_1_89' title='bbox 1653 1306 1770 1343; x_wconf 76' lang='lat' dir='ltr'>suae</span> <span class='ocrx_word' id='word_1_90' title='bbox 1821 1293 1954 1344; x_wconf 84' lang='lat' dir='ltr'>ante</span> 
     </span>
    </p>
   </div>
   <div class='ocr_carea' id='block_1_14' title="bbox 298 1374 1954 1442">
    <p class='ocr_par' dir='ltr' id='par_1_14' title="bbox 298 1374 1954 1442">
     <span class='ocr_line' id='line_1_14' title="bbox 298 1374 1954 1442; baseline 0.003 -14"><span class='ocrx_word' id='word_1_91' title='bbox 298 1374 514 1437; x_wconf 82' lang='lat' dir='ltr'>Deum.</span> <span class='ocrx_word' id='word_1_92' title='bbox 547 1377 870 1431; x_wconf 90' lang='lat' dir='ltr'>secundum</span> <span class='ocrx_word' id='word_1_93' title='bbox 911 1377 1393 1432; x_wconf 89' lang='lat' dir='ltr'>consuetudinem</span> <span class='ocrx_word' id='word_1_94' title='bbox 1437 1377 1766 1442; x_wconf 86' lang='lat' dir='ltr'>sacerdotii,</span> <span class='ocrx_word' id='word_1_95' title='bbox 1799 1382 1954 1433; x_wconf 85' lang='lat' dir='ltr'>sorte</span> 
     </span>
    </p>
   </div>
   <div class='ocr_carea' id='block_1_15' title="bbox 296 1463 1950 1538">
    <p class='ocr_par' dir='ltr' id='par_1_15' title="bbox 296 1463 1950 1538">
     <span class='ocr_line' id='line_1_15' title="bbox 296 1463 1950 1538; baseline 0.002 -21"><span class='ocrx_word' id='word_1_96' title='bbox 296 1463 443 1518; x_wconf 80' lang='lat' dir='ltr'>exiit</span> <span class='ocrx_word' id='word_1_97' title='bbox 475 1469 539 1518; x_wconf 92' lang='lat' dir='ltr'>ut</span> <span class='ocrx_word' id='word_1_98' title='bbox 567 1464 872 1520; x_wconf 90' lang='lat' dir='ltr'>incensum</span> <span class='ocrx_word' id='word_1_99' title='bbox 906 1470 1166 1536; x_wconf 89' lang='lat' dir='ltr'>poneret,</span> <span class='ocrx_word' id='word_1_100' title='bbox 1201 1465 1504 1538; x_wconf 88' lang='lat' dir='ltr'>ingressus</span> <span class='ocrx_word' id='word_1_101' title='bbox 1556 1467 1613 1520; x_wconf 90' lang='lat' dir='ltr'>in</span> <span class='ocrx_word' id='word_1_102' title='bbox 1664 1466 1950 1537; x_wconf 90' lang='lat' dir='ltr'>templum</span> 
     </span>
    </p>
   </div>
   <div class='ocr_carea' id='block_1_16' title="bbox 295 1551 1950 1627">
    <p class='ocr_par' dir='ltr' id='par_1_16' title="bbox 295 1551 1950 1627">
     <span class='ocr_line' id='line_1_16' title="bbox 295 1551 1950 1627; baseline 0.002 -21"><span class='ocrx_word' id='word_1_103' title='bbox 295 1551 558 1607; x_wconf 88' lang='lat' dir='ltr'>Domini.</span> <span class='ocrx_word' id='word_1_104' title='bbox 595 1575 621 1600; x_wconf 83' lang='lat'>»</span> <span class='ocrx_word' id='word_1_105' title='bbox 654 1553 787 1608; x_wconf 84' lang='lat' dir='ltr'>Post</span> <span class='ocrx_word' id='word_1_106' title='bbox 816 1553 935 1608; x_wconf 74' lang='lat' dir='ltr'>haec</span> <span class='ocrx_word' id='word_1_107' title='bbox 979 1553 1215 1609; x_wconf 81' lang='lat' dir='ltr'>Mariam</span> <span class='ocrx_word' id='word_1_108' title='bbox 1265 1555 1550 1627; x_wconf 84' lang='lat' dir='ltr'>virginem</span> <span class='ocrx_word' id='word_1_109' title='bbox 1597 1553 1656 1608; x_wconf 90' lang='lat' dir='ltr'>in</span> <span class='ocrx_word' id='word_1_110' title='bbox 1709 1555 1950 1610; x_wconf 89' lang='lat' dir='ltr'>domum</span> 
     </span>
    </p>
   </div>
   <div class='ocr_carea' id='block_1_17' title="bbox 293 1641 1948 1715">
    <p class='ocr_par' dir='ltr' id='par_1_17' title="bbox 293 1641 1948 1715">
     <span class='ocr_line' id='line_1_17' title="bbox 293 1641 1948 1715; baseline 0.002 -20"><span class='ocrx_word' id='word_1_111' title='bbox 293 1641 565 1711; x_wconf 85' lang='lat' dir='ltr'>ejusdem</span> <span class='ocrx_word' id='word_1_112' title='bbox 589 1642 907 1698; x_wconf 83' lang='lat' dir='ltr'>sacerdotis</span> <span class='ocrx_word' id='word_1_113' title='bbox 922 1643 1405 1715; x_wconf 85' lang='lat' dir='ltr'>venisse,tribusq</span> <span class='ocrx_word' id='word_1_114' title='bbox 1415 1659 1484 1698; x_wconf 90' lang='lat' dir='ltr'>ue</span> <span class='ocrx_word' id='word_1_115' title='bbox 1502 1643 1804 1698; x_wconf 87' lang='lat' dir='ltr'>mensibus</span> <span class='ocrx_word' id='word_1_116' title='bbox 1821 1660 1948 1698; x_wconf 89' lang='lat' dir='ltr'>eam</span> 
     </span>
    </p>
   </div>
   <div class='ocr_carea' id='block_1_18' title="bbox 294 1731 1946 1804">
    <p class='ocr_par' dir='ltr' id='par_1_18' title="bbox 294 1731 1946 1804">
     <span class='ocr_line' id='line_1_18' title="bbox 294 1731 1946 1804; baseline 0.001 -21"><span class='ocrx_word' id='word_1_117' title='bbox 294 1731 452 1800; x_wconf 84' lang='lat' dir='ltr'>apud</span> <span class='ocrx_word' id='word_1_118' title='bbox 487 1737 794 1804; x_wconf 82' lang='lat' dir='ltr'>cognatam</span> <span class='ocrx_word' id='word_1_119' title='bbox 852 1748 1021 1786; x_wconf 89' lang='lat' dir='ltr'>suam</span> <span class='ocrx_word' id='word_1_120' title='bbox 1071 1732 1364 1787; x_wconf 86' lang='lat' dir='ltr'>Elizabeth</span> <span class='ocrx_word' id='word_1_121' title='bbox 1417 1732 1708 1787; x_wconf 90' lang='lat' dir='ltr'>mansisse</span> <span class='ocrx_word' id='word_1_122' title='bbox 1756 1732 1946 1787; x_wconf 79' lang='lat' dir='ltr'>refert.</span> 
     </span>
    </p>
   </div>
   <div class='ocr_carea' id='block_1_19' title="bbox 2066 573 3712 648">
    <p class='ocr_par' dir='ltr' id='par_1_19' title="bbox 2066 573 3712 648">
     <span class='ocr_line' id='line_1_19' title="bbox 2066 573 3712 648; baseline 0 -18"><span class='ocrx_word' id='word_1_123' title='bbox 2066 574 2309 630; x_wconf 83' lang='lat' dir='ltr'>Pulchre</span> <span class='ocrx_word' id='word_1_124' title='bbox 2339 592 2476 648; x_wconf 86' lang='lat' dir='ltr'>ergo</span> <span class='ocrx_word' id='word_1_125' title='bbox 2508 575 2901 630; x_wconf 90' lang='lat' dir='ltr'>duodenarius</span> <span class='ocrx_word' id='word_1_126' title='bbox 2928 573 3574 640; x_wconf 87' lang='lat' dir='ltr'>Dominus,rudimenta</span> <span class='ocrx_word' id='word_1_127' title='bbox 3595 592 3712 630; x_wconf 72' lang='lat' dir='ltr'>sum</span> 
     </span>
    </p>
   </div>
   <div class='ocr_carea' id='block_1_20' title="bbox 2066 663 3712 735">
    <p class='ocr_par' dir='ltr' id='par_1_20' title="bbox 2066 663 3712 735">
     <span class='ocr_line' id='line_1_20' title="bbox 2066 663 3712 735; baseline -0.001 -17"><span class='ocrx_word' id='word_1_128' title='bbox 2066 664 2322 720; x_wconf 72' lang='lat' dir='ltr'>infantia:</span> <span class='ocrx_word' id='word_1_129' title='bbox 2347 667 2676 721; x_wconf 86' lang='lat' dir='ltr'>sacerdotes</span> <span class='ocrx_word' id='word_1_130' title='bbox 2701 665 3066 735; x_wconf 80' lang='lat' dir='ltr'>interrogans</span> <span class='ocrx_word' id='word_1_131' title='bbox 3087 663 3270 718; x_wconf 90' lang='lat' dir='ltr'>voluit</span> <span class='ocrx_word' id='word_1_132' title='bbox 3289 663 3712 728; x_wconf 89' lang='lat' dir='ltr'>demonstrare,</span> 
     </span>
    </p>
   </div>
   <div class='ocr_carea' id='block_1_21' title="bbox 2067 750 3714 826">
    <p class='ocr_par' dir='ltr' id='par_1_21' title="bbox 2067 750 3714 826">
     <span class='ocr_line' id='line_1_21' title="bbox 2067 750 3714 826; baseline -0.002 -18"><span class='ocrx_word' id='word_1_133' title='bbox 2067 759 2129 808; x_wconf 89' lang='lat' dir='ltr'>ut</span> <span class='ocrx_word' id='word_1_134' title='bbox 2159 754 2266 808; x_wconf 91' lang='lat' dir='ltr'>hoc</span> <span class='ocrx_word' id='word_1_135' title='bbox 2289 771 2533 809; x_wconf 91' lang='lat' dir='ltr'>numero</span> <span class='ocrx_word' id='word_1_136' title='bbox 2557 754 2899 826; x_wconf 76' lang='lat' dir='ltr'>mysterium</span> <span class='ocrx_word' id='word_1_137' title='bbox 2932 751 3260 826; x_wconf 65' lang='lat' dir='ltr'>apostolica:</span> <span class='ocrx_word' id='word_1_138' title='bbox 3285 750 3714 823; x_wconf 70' lang='lat' dir='ltr'>praedicationis</span> 
     </span>
    </p>
   </div>
   <div class='ocr_carea' id='block_1_22' title="bbox 2039 839 3717 914">
    <p class='ocr_par' dir='ltr' id='par_1_22' title="bbox 2039 839 3717 914">
     <span class='ocr_line' id='line_1_22' title="bbox 2039 839 3717 914; baseline 0 -20"><span class='ocrx_word' id='word_1_139' title='bbox 2039 891 2042 894; x_wconf 89' lang='lat'>.</span> <span class='ocrx_word' id='word_1_140' title='bbox 2068 843 2480 914; x_wconf 68' lang='lat' dir='ltr'>praefiguraret,</span> <span class='ocrx_word' id='word_1_141' title='bbox 2506 848 2561 897; x_wconf 91' lang='lat' dir='ltr'>et</span> <span class='ocrx_word' id='word_1_142' title='bbox 2592 843 2858 897; x_wconf 84' lang='lat' dir='ltr'>notitiam</span> <span class='ocrx_word' id='word_1_143' title='bbox 2893 861 3009 896; x_wconf 72' lang='lat' dir='ltr'>suze</span> <span class='ocrx_word' id='word_1_144' title='bbox 3040 841 3359 896; x_wconf 83' lang='lat' dir='ltr'>divinitatis</span> <span class='ocrx_word' id='word_1_145' title='bbox 3392 840 3611 894; x_wconf 91' lang='lat' dir='ltr'>mundo</span> <span class='ocrx_word' id='word_1_146' title='bbox 3635 839 3717 894; x_wconf 89' lang='lat' dir='ltr'>in-</span> 
     </span>
    </p>
   </div>
   <div class='ocr_carea' id='block_1_23' title="bbox 2067 928 3714 1000">
    <p class='ocr_par' dir='ltr' id='par_1_23' title="bbox 2067 928 3714 1000">
     <span class='ocr_line' id='line_1_23' title="bbox 2067 928 3714 1000; baseline -0.001 -14"><span class='ocrx_word' id='word_1_147' title='bbox 2067 937 2408 986; x_wconf 88' lang='lat' dir='ltr'>notesceret.</span> <span class='ocrx_word' id='word_1_148' title='bbox 2444 933 2846 988; x_wconf 88' lang='lat' dir='ltr'>Duodenarius</span> <span class='ocrx_word' id='word_1_149' title='bbox 2891 931 3047 987; x_wconf 90' lang='lat' dir='ltr'>enim</span> <span class='ocrx_word' id='word_1_150' title='bbox 3098 947 3378 985; x_wconf 89' lang='lat' dir='ltr'>numerus</span> <span class='ocrx_word' id='word_1_151' title='bbox 3425 928 3714 1000; x_wconf 87' lang='lat' dir='ltr'>perfectus</span> 
     </span>
    </p>
   </div>
   <div class='ocr_carea' id='block_1_24' title="bbox 2066 1017 3717 1093">
    <p class='ocr_par' dir='ltr' id='par_1_24' title="bbox 2066 1017 3717 1093">
     <span class='ocr_line' id='line_1_24' title="bbox 2066 1017 3717 1093; baseline -0.002 -19"><span class='ocrx_word' id='word_1_152' title='bbox 2066 1024 2174 1079; x_wconf 80' lang='lat' dir='ltr'>est.</span> <span class='ocrx_word' id='word_1_153' title='bbox 2209 1026 2263 1075; x_wconf 89' lang='lat' dir='ltr'>et</span> <span class='ocrx_word' id='word_1_154' title='bbox 2295 1021 2351 1074; x_wconf 90' lang='lat' dir='ltr'>in</span> <span class='ocrx_word' id='word_1_155' title='bbox 2385 1021 2507 1075; x_wconf 84' lang='lat' dir='ltr'>suis</span> <span class='ocrx_word' id='word_1_156' title='bbox 2540 1022 2808 1093; x_wconf 90' lang='lat' dir='ltr'>partibus</span> <span class='ocrx_word' id='word_1_157' title='bbox 2840 1017 3506 1091; x_wconf 87' lang='lat' dir='ltr'>divisus,perfectionem</span> <span class='ocrx_word' id='word_1_158' title='bbox 3540 1017 3717 1088; x_wconf 82' lang='lat' dir='ltr'>signi-</span> 
     </span>
    </p>
   </div>
   <div class='ocr_carea' id='block_1_25' title="bbox 2066 1106 3716 1180">
    <p class='ocr_par' dir='ltr' id='par_1_25' title="bbox 2066 1106 3716 1180">
     <span class='ocr_line' id='line_1_25' title="bbox 2066 1106 3716 1180; baseline -0.002 -16"><span class='ocrx_word' id='word_1_159' title='bbox 2066 1110 2219 1164; x_wconf 84' lang='lat' dir='ltr'>ticat.</span> <span class='ocrx_word' id='word_1_160' title='bbox 2255 1110 2541 1164; x_wconf 87' lang='lat' dir='ltr'>Dividitur</span> <span class='ocrx_word' id='word_1_161' title='bbox 2572 1110 2725 1165; x_wconf 90' lang='lat' dir='ltr'>enim</span> <span class='ocrx_word' id='word_1_162' title='bbox 2760 1111 2817 1165; x_wconf 90' lang='lat' dir='ltr'>in</span> <span class='ocrx_word' id='word_1_163' title='bbox 2849 1108 3030 1164; x_wconf 89' lang='lat' dir='ltr'>ternis</span> <span class='ocrx_word' id='word_1_164' title='bbox 3062 1106 3363 1180; x_wconf 83' lang='lat' dir='ltr'>quaternis</span> <span class='ocrx_word' id='word_1_165' title='bbox 3403 1111 3459 1162; x_wconf 91' lang='lat' dir='ltr'>et</span> <span class='ocrx_word' id='word_1_166' title='bbox 3490 1109 3716 1178; x_wconf 87' lang='lat' dir='ltr'>quater-</span> 
     </span>
    </p>
   </div>
   <div class='ocr_carea' id='block_1_26' title="bbox 2064 1195 3715 1270">
    <p class='ocr_par' dir='ltr' id='par_1_26' title="bbox 2064 1195 3715 1270">
     <span class='ocr_line' id='line_1_26' title="bbox 2064 1195 3715 1270; baseline -0.002 -18"><span class='ocrx_word' id='word_1_167' title='bbox 2064 1198 2158 1252; x_wconf 89' lang='lat' dir='ltr'>nis</span> <span class='ocrx_word' id='word_1_168' title='bbox 2189 1199 2392 1253; x_wconf 88' lang='lat' dir='ltr'>ternis.</span> <span class='ocrx_word' id='word_1_169' title='bbox 2426 1200 2550 1254; x_wconf 84' lang='lat' dir='ltr'>Sive</span> <span class='ocrx_word' id='word_1_170' title='bbox 2582 1199 2736 1254; x_wconf 91' lang='lat' dir='ltr'>enim</span> <span class='ocrx_word' id='word_1_171' title='bbox 2776 1199 2887 1253; x_wconf 89' lang='lat' dir='ltr'>tria</span> <span class='ocrx_word' id='word_1_172' title='bbox 2917 1197 2974 1252; x_wconf 90' lang='lat' dir='ltr'>in</span> <span class='ocrx_word' id='word_1_173' title='bbox 3009 1202 3277 1270; x_wconf 86' lang='lat' dir='ltr'>quatuor,</span> <span class='ocrx_word' id='word_1_174' title='bbox 3314 1195 3432 1251; x_wconf 85' lang='lat' dir='ltr'>sive</span> <span class='ocrx_word' id='word_1_175' title='bbox 3463 1199 3715 1266; x_wconf 84' lang='lat' dir='ltr'>quatuor</span> 
     </span>
    </p>
   </div>
   <div class='ocr_carea' id='block_1_27' title="bbox 2065 1284 3709 1356">
    <p class='ocr_par' dir='ltr' id='par_1_27' title="bbox 2065 1284 3709 1356">
     <span class='ocr_line' id='line_1_27' title="bbox 2065 1284 3709 1356; baseline 0 -17"><span class='ocrx_word' id='word_1_176' title='bbox 2065 1286 2121 1340; x_wconf 92' lang='lat' dir='ltr'>in</span> <span class='ocrx_word' id='word_1_177' title='bbox 2152 1286 2261 1343; x_wconf 86' lang='lat' dir='ltr'>tria</span> <span class='ocrx_word' id='word_1_178' title='bbox 2308 1289 2510 1354; x_wconf 87' lang='lat' dir='ltr'>ducas,</span> <span class='ocrx_word' id='word_1_179' title='bbox 2563 1288 2982 1343; x_wconf 84' lang='lat' dir='ltr'>duodenarium</span> <span class='ocrx_word' id='word_1_180' title='bbox 3030 1302 3342 1342; x_wconf 89' lang='lat' dir='ltr'>numerum</span> <span class='ocrx_word' id='word_1_181' title='bbox 3395 1284 3709 1356; x_wconf 91' lang='lat' dir='ltr'>complent.</span> 
     </span>
    </p>
   </div>
   <div class='ocr_carea' id='block_1_28' title="bbox 2063 1374 3711 1449">
    <p class='ocr_par' dir='ltr' id='par_1_28' title="bbox 2063 1374 3711 1449">
     <span class='ocr_line' id='line_1_28' title="bbox 2063 1374 3711 1449; baseline -0.002 -18"><span class='ocrx_word' id='word_1_182' title='bbox 2063 1376 2207 1431; x_wconf 90' lang='lat' dir='ltr'>Nam</span> <span class='ocrx_word' id='word_1_183' title='bbox 2242 1376 2393 1431; x_wconf 91' lang='lat' dir='ltr'>idem</span> <span class='ocrx_word' id='word_1_184' title='bbox 2429 1395 2708 1432; x_wconf 89' lang='lat' dir='ltr'>numerus</span> <span class='ocrx_word' id='word_1_185' title='bbox 2740 1394 2806 1432; x_wconf 80' lang='lat' dir='ltr'>ex</span> <span class='ocrx_word' id='word_1_186' title='bbox 2839 1375 3152 1449; x_wconf 87' lang='lat' dir='ltr'>septenarii</span> <span class='ocrx_word' id='word_1_187' title='bbox 3186 1374 3412 1430; x_wconf 81' lang='lat' dir='ltr'>nu&#39;neri</span> <span class='ocrx_word' id='word_1_188' title='bbox 3447 1374 3711 1445; x_wconf 89' lang='lat' dir='ltr'>partibus</span> 
     </span>
    </p>
   </div>
   <div class='ocr_carea' id='block_1_29' title="bbox 2063 1462 3709 1538">
    <p class='ocr_par' dir='ltr' id='par_1_29' title="bbox 2063 1462 3709 1538">
     <span class='ocr_line' id='line_1_29' title="bbox 2063 1462 3709 1538; baseline -0.002 -19"><span class='ocrx_word' id='word_1_189' title='bbox 2063 1469 2308 1530; x_wconf 87' lang='lat' dir='ltr'>constat,</span> <span class='ocrx_word' id='word_1_190' title='bbox 2339 1465 2560 1521; x_wconf 86' lang='lat' dir='ltr'>scilicet</span> <span class='ocrx_word' id='word_1_191' title='bbox 2589 1483 2656 1521; x_wconf 82' lang='lat' dir='ltr'>ex</span> <span class='ocrx_word' id='word_1_192' title='bbox 2685 1466 2874 1538; x_wconf 89' lang='lat' dir='ltr'>primo</span> <span class='ocrx_word' id='word_1_193' title='bbox 2909 1465 3031 1536; x_wconf 89' lang='lat' dir='ltr'>pari</span> <span class='ocrx_word' id='word_1_194' title='bbox 3079 1470 3136 1520; x_wconf 91' lang='lat' dir='ltr'>et</span> <span class='ocrx_word' id='word_1_195' title='bbox 3167 1465 3354 1536; x_wconf 90' lang='lat' dir='ltr'>primo</span> <span class='ocrx_word' id='word_1_196' title='bbox 3385 1462 3618 1534; x_wconf 89' lang='lat' dir='ltr'>impari,</span> <span class='ocrx_word' id='word_1_197' title='bbox 3651 1462 3709 1516; x_wconf 92' lang='lat' dir='ltr'>id</span> 
     </span>
    </p>
   </div>
   <div class='ocr_carea' id='block_1_30' title="bbox 2061 1550 3711 1626">
    <p class='ocr_par' dir='ltr' id='par_1_30' title="bbox 2061 1550 3711 1626">
     <span class='ocr_line' id='line_1_30' title="bbox 2061 1550 3711 1626; baseline -0.002 -19"><span class='ocrx_word' id='word_1_198' title='bbox 2061 1553 2169 1619; x_wconf 67' lang='lat' dir='ltr'>8st,</span> <span class='ocrx_word' id='word_1_199' title='bbox 2195 1570 2262 1608; x_wconf 79' lang='lat' dir='ltr'>ex</span> <span class='ocrx_word' id='word_1_200' title='bbox 2293 1555 2481 1609; x_wconf 88' lang='lat' dir='ltr'>tribus</span> <span class='ocrx_word' id='word_1_201' title='bbox 2512 1560 2568 1610; x_wconf 93' lang='lat' dir='ltr'>et</span> <span class='ocrx_word' id='word_1_202' title='bbox 2599 1559 2868 1626; x_wconf 90' lang='lat' dir='ltr'>quatuor.</span> <span class='ocrx_word' id='word_1_203' title='bbox 2896 1555 2964 1608; x_wconf 88' lang='lat' dir='ltr'>Et</span> <span class='ocrx_word' id='word_1_204' title='bbox 2993 1559 3110 1609; x_wconf 91' lang='lat' dir='ltr'>tres</span> <span class='ocrx_word' id='word_1_205' title='bbox 3139 1553 3375 1624; x_wconf 87' lang='lat' dir='ltr'>quidem</span> <span class='ocrx_word' id='word_1_206' title='bbox 3404 1552 3474 1606; x_wconf 91' lang='lat' dir='ltr'>ad</span> <span class='ocrx_word' id='word_1_207' title='bbox 3507 1550 3711 1605; x_wconf 90' lang='lat' dir='ltr'>indivi-</span> 
     </span>
    </p>
   </div>
   <div class='ocr_carea' id='block_1_31' title="bbox 2061 1639 3713 1714">
    <p class='ocr_par' dir='ltr' id='par_1_31' title="bbox 2061 1639 3713 1714">
     <span class='ocr_line' id='line_1_31' title="bbox 2061 1639 3713 1714; baseline -0.001 -18"><span class='ocrx_word' id='word_1_208' title='bbox 2061 1643 2235 1697; x_wconf 88' lang='lat' dir='ltr'>duam</span> <span class='ocrx_word' id='word_1_209' title='bbox 2264 1643 2606 1699; x_wconf 83' lang='lat' dir='ltr'>Trinitatem</span> <span class='ocrx_word' id='word_1_210' title='bbox 2639 1643 2947 1714; x_wconf 83' lang='lat' dir='ltr'>pertinent,</span> <span class='ocrx_word' id='word_1_211' title='bbox 2983 1647 3233 1714; x_wconf 88' lang='lat' dir='ltr'>quatuor</span> <span class='ocrx_word' id='word_1_212' title='bbox 3261 1643 3331 1696; x_wconf 89' lang='lat' dir='ltr'>ad</span> <span class='ocrx_word' id='word_1_213' title='bbox 3365 1644 3618 1713; x_wconf 89' lang='lat' dir='ltr'>quatuor</span> <span class='ocrx_word' id='word_1_214' title='bbox 3645 1639 3713 1694; x_wconf 89' lang='lat' dir='ltr'>li-</span> 
     </span>
    </p>
   </div>
   <div class='ocr_carea' id='block_1_32' title="bbox 2059 1729 3711 1806">
    <p class='ocr_par' dir='ltr' id='par_1_32' title="bbox 2059 1729 3711 1806">
     <span class='ocr_line' id='line_1_32' title="bbox 2059 1729 3711 1806; baseline -0.001 -20"><span class='ocrx_word' id='word_1_215' title='bbox 2059 1732 2193 1787; x_wconf 91' lang='lat' dir='ltr'>bros</span> <span class='ocrx_word' id='word_1_216' title='bbox 2213 1733 2397 1788; x_wconf 81' lang='lat' dir='ltr'>sancti</span> <span class='ocrx_word' id='word_1_217' title='bbox 2417 1732 2970 1806; x_wconf 85' lang='lat' dir='ltr'>Evangelii.Septem</span> <span class='ocrx_word' id='word_1_218' title='bbox 2985 1748 3116 1786; x_wconf 83' lang='lat' dir='ltr'>vero</span> <span class='ocrx_word' id='word_1_219' title='bbox 3131 1729 3549 1802; x_wconf 90' lang='lat' dir='ltr'>plenitudinem</span> <span class='ocrx_word' id='word_1_220' title='bbox 3569 1733 3711 1785; x_wconf 91' lang='lat' dir='ltr'>tem-</span> 
     </span>
    </p>
   </div>
   <div class='ocr_carea' id='block_1_33' title="bbox 291 1816 3709 1922">
    <p class='ocr_par' dir='ltr' id='par_1_33' title="bbox 291 1816 3709 1922">
     <span class='ocr_line' id='line_1_33' title="bbox 291 1816 3709 1922; baseline 0 -51"><span class='ocrx_word' id='word_1_221' title='bbox 291 1816 613 1874; x_wconf 90' lang='lat' dir='ltr'>Dominum</span> <span class='ocrx_word' id='word_1_222' title='bbox 647 1837 878 1892; x_wconf 92' lang='lat' dir='ltr'>quoque</span> <span class='ocrx_word' id='word_1_223' title='bbox 913 1837 1026 1876; x_wconf 91' lang='lat' dir='ltr'>non</span> <span class='ocrx_word' id='word_1_224' title='bbox 1061 1820 1249 1876; x_wconf 91' lang='lat' dir='ltr'>solum</span> <span class='ocrx_word' id='word_1_225' title='bbox 1291 1825 1492 1876; x_wconf 83' lang='lat' dir='ltr'>octava</span> <span class='ocrx_word' id='word_1_226' title='bbox 1521 1821 1612 1876; x_wconf 88' lang='lat' dir='ltr'>die</span> <span class='ocrx_word' id='word_1_227' title='bbox 1645 1821 1948 1876; x_wconf 85' lang='lat' dir='ltr'>circumci-</span> <span class='ocrx_word' id='word_1_228' title='bbox 1981 1857 2026 1922; x_wconf 79' lang='grc' dir='ltr'><strong>Β</strong></span> <span class='ocrx_word' id='word_1_229' title='bbox 2060 1821 2217 1892; x_wconf 88' lang='lat' dir='ltr'>poris</span> <span class='ocrx_word' id='word_1_230' title='bbox 2252 1821 2673 1889; x_wconf 83' lang='lat' dir='ltr'>demonstrant,</span> <span class='ocrx_word' id='word_1_231' title='bbox 2710 1821 2848 1893; x_wconf 87' lang='lat' dir='ltr'>quia</span> <span class='ocrx_word' id='word_1_232' title='bbox 2880 1819 3183 1893; x_wconf 63' lang='lat' dir='ltr'>praesentis</span> <span class='ocrx_word' id='word_1_233' title='bbox 3213 1818 3340 1873; x_wconf 68' lang='lat' dir='ltr'>vitae</span> <span class='ocrx_word' id='word_1_234' title='bbox 3371 1835 3577 1873; x_wconf 90' lang='lat' dir='ltr'>cursus</span> <span class='ocrx_word' id='word_1_235' title='bbox 3609 1835 3709 1890; x_wconf 91' lang='lat' dir='ltr'>per</span> 
     </span>
    </p>
   </div>
   <div class='ocr_carea' id='block_1_34' title="bbox 291 1909 1949 1982">
    <p class='ocr_par' dir='ltr' id='par_1_34' title="bbox 291 1909 1949 1982">
     <span class='ocr_line' id='line_1_34' title="bbox 291 1909 1949 1982; baseline 0.002 -21"><span class='ocrx_word' id='word_1_236' title='bbox 291 1923 450 1972; x_wconf 83' lang='lat' dir='ltr'>sum,</span> <span class='ocrx_word' id='word_1_237' title='bbox 487 1909 589 1962; x_wconf 88' lang='lat' dir='ltr'>sed</span> <span class='ocrx_word' id='word_1_238' title='bbox 628 1909 805 1964; x_wconf 85' lang='lat' dir='ltr'>etiam</span> <span class='ocrx_word' id='word_1_239' title='bbox 836 1909 1132 1965; x_wconf 88' lang='lat' dir='ltr'>tricesima</span> <span class='ocrx_word' id='word_1_240' title='bbox 1159 1910 1328 1965; x_wconf 88' lang='lat' dir='ltr'>tertia</span> <span class='ocrx_word' id='word_1_241' title='bbox 1356 1910 1415 1964; x_wconf 91' lang='lat' dir='ltr'>in</span> <span class='ocrx_word' id='word_1_242' title='bbox 1447 1910 1664 1982; x_wconf 90' lang='lat' dir='ltr'>templo</span> <span class='ocrx_word' id='word_1_243' title='bbox 1698 1927 1949 1982; x_wconf 66' lang='lat' dir='ltr'>praesen-</span> 
     </span>
    </p>
   </div>
   <div class='ocr_carea' id='block_1_35' title="bbox 295 1999 1950 2070">
    <p class='ocr_par' dir='ltr' id='par_1_35' title="bbox 295 1999 1950 2070">
     <span class='ocr_line' id='line_1_35' title="bbox 295 1999 1950 2070; baseline 0.002 -21"><span class='ocrx_word' id='word_1_244' title='bbox 295 1999 484 2050; x_wconf 87' lang='lat' dir='ltr'>tatum</span> <span class='ocrx_word' id='word_1_245' title='bbox 532 2001 753 2062; x_wconf 90' lang='lat' dir='ltr'>narrat,</span> <span class='ocrx_word' id='word_1_246' title='bbox 805 2003 981 2070; x_wconf 88' lang='lat' dir='ltr'>atque</span> <span class='ocrx_word' id='word_1_247' title='bbox 1032 2015 1133 2070; x_wconf 91' lang='lat' dir='ltr'>pro</span> <span class='ocrx_word' id='word_1_248' title='bbox 1183 2015 1249 2054; x_wconf 89' lang='lat' dir='ltr'>eo</span> <span class='ocrx_word' id='word_1_249' title='bbox 1303 2015 1547 2054; x_wconf 88' lang='lat' dir='ltr'>munera</span> <span class='ocrx_word' id='word_1_250' title='bbox 1581 1999 1796 2069; x_wconf 88' lang='lat' dir='ltr'>oblata,</span> <span class='ocrx_word' id='word_1_251' title='bbox 1832 2003 1888 2054; x_wconf 91' lang='lat' dir='ltr'>et</span> <span class='ocrx_word' id='word_1_252' title='bbox 1917 2016 1950 2053; x_wconf 91' lang='lat' dir='ltr'>a</span> 
     </span>
    </p>
   </div>
   <div class='ocr_carea' id='block_1_36' title="bbox 294 2084 1946 2159">
    <p class='ocr_par' dir='ltr' id='par_1_36' title="bbox 294 2084 1946 2159">
     <span class='ocr_line' id='line_1_36' title="bbox 294 2084 1946 2159; baseline 0.002 -21"><span class='ocrx_word' id='word_1_253' title='bbox 294 2084 568 2140; x_wconf 88' lang='lat' dir='ltr'>Simeone</span> <span class='ocrx_word' id='word_1_254' title='bbox 602 2085 884 2157; x_wconf 87' lang='lat' dir='ltr'>propheta</span> <span class='ocrx_word' id='word_1_255' title='bbox 912 2092 1251 2159; x_wconf 90' lang='lat' dir='ltr'>susceptum</span> <span class='ocrx_word' id='word_1_256' title='bbox 1275 2093 1330 2142; x_wconf 91' lang='lat' dir='ltr'>et</span> <span class='ocrx_word' id='word_1_257' title='bbox 1352 2088 1722 2143; x_wconf 86' lang='lat' dir='ltr'>benedictum</span> <span class='ocrx_word' id='word_1_258' title='bbox 1748 2088 1946 2143; x_wconf 89' lang='lat' dir='ltr'>fuisse.</span> 
     </span>
    </p>
   </div>
   <div class='ocr_carea' id='block_1_37' title="bbox 296 2173 1949 2249">
    <p class='ocr_par' dir='ltr' id='par_1_37' title="bbox 296 2173 1949 2249">
     <span class='ocr_line' id='line_1_37' title="bbox 296 2173 1949 2249; baseline 0.002 -21"><span class='ocrx_word' id='word_1_259' title='bbox 296 2173 709 2246; x_wconf 85' lang='lat' dir='ltr'>Genealogiam</span> <span class='ocrx_word' id='word_1_260' title='bbox 742 2193 873 2232; x_wconf 87' lang='lat' dir='ltr'>vero</span> <span class='ocrx_word' id='word_1_261' title='bbox 904 2175 1220 2232; x_wconf 86' lang='lat' dir='ltr'>Salvatoris</span> <span class='ocrx_word' id='word_1_262' title='bbox 1266 2194 1377 2232; x_wconf 92' lang='lat' dir='ltr'>non</span> <span class='ocrx_word' id='word_1_263' title='bbox 1431 2194 1532 2249; x_wconf 90' lang='lat' dir='ltr'>per</span> <span class='ocrx_word' id='word_1_264' title='bbox 1578 2176 1949 2232; x_wconf 81' lang='lat' dir='ltr'>Salomonem</span> 
     </span>
    </p>
   </div>
   <div class='ocr_carea' id='block_1_38' title="bbox 297 2264 1948 2338">
    <p class='ocr_par' dir='ltr' id='par_1_38' title="bbox 297 2264 1948 2338">
     <span class='ocr_line' id='line_1_38' title="bbox 297 2264 1948 2338; baseline 0.002 -22"><span class='ocrx_word' id='word_1_265' title='bbox 297 2277 516 2333; x_wconf 74' lang='lat' dir='ltr'>negem,</span> <span class='ocrx_word' id='word_1_266' title='bbox 553 2264 652 2318; x_wconf 88' lang='lat' dir='ltr'>sed</span> <span class='ocrx_word' id='word_1_267' title='bbox 687 2281 789 2336; x_wconf 90' lang='lat' dir='ltr'>per</span> <span class='ocrx_word' id='word_1_268' title='bbox 816 2265 1044 2320; x_wconf 89' lang='lat' dir='ltr'>Nathan</span> <span class='ocrx_word' id='word_1_269' title='bbox 1085 2267 1429 2338; x_wconf 86' lang='lat' dir='ltr'>prophetam</span> <span class='ocrx_word' id='word_1_270' title='bbox 1475 2284 1539 2322; x_wconf 90' lang='lat' dir='ltr'>ac</span> <span class='ocrx_word' id='word_1_271' title='bbox 1589 2265 1948 2322; x_wconf 89' lang='lat' dir='ltr'>sacerdotem</span> 
     </span>
    </p>
   </div>
   <div class='ocr_carea' id='block_1_39' title="bbox 297 2350 1952 2428">
    <p class='ocr_par' dir='ltr' id='par_1_39' title="bbox 297 2350 1952 2428">
     <span class='ocr_line' id='line_1_39' title="bbox 297 2350 1952 2428; baseline 0.003 -24"><span class='ocrx_word' id='word_1_272' title='bbox 297 2350 488 2406; x_wconf 86' lang='lat' dir='ltr'>filium</span> <span class='ocrx_word' id='word_1_273' title='bbox 523 2351 705 2407; x_wconf 87' lang='lat' dir='ltr'>David</span> <span class='ocrx_word' id='word_1_274' title='bbox 736 2353 985 2409; x_wconf 78' lang='lat' dir='ltr'>deducit.</span> <span class='ocrx_word' id='word_1_275' title='bbox 1011 2354 1070 2408; x_wconf 90' lang='lat' dir='ltr'>In</span> <span class='ocrx_word' id='word_1_276' title='bbox 1095 2355 1360 2426; x_wconf 65' lang='lat' dir='ltr'>praesenti</span> <span class='ocrx_word' id='word_1_277' title='bbox 1389 2372 1524 2428; x_wconf 86' lang='lat' dir='ltr'>ergo</span> <span class='ocrx_word' id='word_1_278' title='bbox 1556 2354 1798 2410; x_wconf 89' lang='lat' dir='ltr'>lectione</span> <span class='ocrx_word' id='word_1_279' title='bbox 1830 2355 1952 2409; x_wconf 87' lang='lat' dir='ltr'>Sal-</span> 
     </span>
    </p>
   </div>
   <div class='ocr_carea' id='block_1_40' title="bbox 295 2442 1946 2516">
    <p class='ocr_par' dir='ltr' id='par_1_40' title="bbox 295 2442 1946 2516">
     <span class='ocr_line' id='line_1_40' title="bbox 295 2442 1946 2516; baseline 0.004 -23"><span class='ocrx_word' id='word_1_280' title='bbox 295 2444 556 2495; x_wconf 83' lang='lat' dir='ltr'>vatorem</span> <span class='ocrx_word' id='word_1_281' title='bbox 585 2457 722 2496; x_wconf 89' lang='lat' dir='ltr'>cum</span> <span class='ocrx_word' id='word_1_282' title='bbox 755 2442 1148 2498; x_wconf 89' lang='lat' dir='ltr'>duodenarius</span> <span class='ocrx_word' id='word_1_283' title='bbox 1169 2447 1340 2508; x_wconf 85' lang='lat' dir='ltr'>esset,</span> <span class='ocrx_word' id='word_1_284' title='bbox 1359 2461 1488 2498; x_wconf 87' lang='lat' dir='ltr'>cum</span> <span class='ocrx_word' id='word_1_285' title='bbox 1515 2443 1854 2516; x_wconf 89' lang='lat' dir='ltr'>parentibus</span> <span class='ocrx_word' id='word_1_286' title='bbox 1877 2445 1946 2499; x_wconf 91' lang='lat' dir='ltr'>ad</span> 
     </span>
    </p>
   </div>
   <div class='ocr_carea' id='block_1_41' title="bbox 297 2527 1950 2601">
    <p class='ocr_par' dir='ltr' id='par_1_41' title="bbox 297 2527 1950 2601">
     <span class='ocr_line' id='line_1_41' title="bbox 297 2527 1950 2601; baseline 0.004 -20"><span class='ocrx_word' id='word_1_287' title='bbox 297 2527 584 2601; x_wconf 87' lang='lat' dir='ltr'>templum</span> <span class='ocrx_word' id='word_1_288' title='bbox 615 2529 863 2598; x_wconf 87' lang='lat' dir='ltr'>venisse,</span> <span class='ocrx_word' id='word_1_289' title='bbox 883 2536 940 2586; x_wconf 86' lang='lat' dir='ltr'>et</span> <span class='ocrx_word' id='word_1_290' title='bbox 971 2530 1086 2584; x_wconf 90' lang='lat' dir='ltr'>illis</span> <span class='ocrx_word' id='word_1_291' title='bbox 1119 2531 1534 2596; x_wconf 89' lang='lat' dir='ltr'>nescientibus,</span> <span class='ocrx_word' id='word_1_292' title='bbox 1553 2533 1612 2587; x_wconf 90' lang='lat' dir='ltr'>in</span> <span class='ocrx_word' id='word_1_293' title='bbox 1636 2549 1702 2588; x_wconf 93' lang='lat' dir='ltr'>eo</span> <span class='ocrx_word' id='word_1_294' title='bbox 1725 2550 1950 2588; x_wconf 87' lang='lat' dir='ltr'>reman-</span> 
     </span>
    </p>
   </div>
   <div class='ocr_carea' id='block_1_42' title="bbox 296 2617 1950 2693">
    <p class='ocr_par' dir='ltr' id='par_1_42' title="bbox 296 2617 1950 2693">
     <span class='ocr_line' id='line_1_42' title="bbox 296 2617 1950 2693; baseline 0.004 -23"><span class='ocrx_word' id='word_1_295' title='bbox 296 2617 444 2672; x_wconf 83' lang='lat' dir='ltr'>sisse</span> <span class='ocrx_word' id='word_1_296' title='bbox 476 2618 934 2674; x_wconf 86' lang='lat' dir='ltr'>describit.Nam</span> <span class='ocrx_word' id='word_1_297' title='bbox 969 2625 1024 2674; x_wconf 90' lang='lat' dir='ltr'>et</span> <span class='ocrx_word' id='word_1_298' title='bbox 1047 2621 1103 2674; x_wconf 91' lang='lat' dir='ltr'>in</span> <span class='ocrx_word' id='word_1_299' title='bbox 1127 2621 1240 2675; x_wconf 86' lang='lat' dir='ltr'>fine</span> <span class='ocrx_word' id='word_1_300' title='bbox 1262 2621 1553 2693; x_wconf 79' lang='lat' dir='ltr'>Evangelii</span> <span class='ocrx_word' id='word_1_301' title='bbox 1577 2622 1669 2676; x_wconf 89' lang='lat' dir='ltr'>sui</span> <span class='ocrx_word' id='word_1_302' title='bbox 1694 2623 1950 2678; x_wconf 89' lang='lat' dir='ltr'>ostendit</span> 
     </span>
    </p>
   </div>
   <div class='ocr_carea' id='block_1_43' title="bbox 294 2705 1946 2781">
    <p class='ocr_par' dir='ltr' id='par_1_43' title="bbox 294 2705 1946 2781">
     <span class='ocr_line' id='line_1_43' title="bbox 294 2705 1946 2781; baseline 0.004 -22"><span class='ocrx_word' id='word_1_303' title='bbox 294 2705 611 2760; x_wconf 88' lang='lat' dir='ltr'>Dominum</span> <span class='ocrx_word' id='word_1_304' title='bbox 629 2707 832 2762; x_wconf 91' lang='lat' dir='ltr'>Jcsum</span> <span class='ocrx_word' id='word_1_305' title='bbox 853 2707 1166 2776; x_wconf 88' lang='lat' dir='ltr'>Christum,</span> <span class='ocrx_word' id='word_1_306' title='bbox 1183 2709 1348 2781; x_wconf 89' lang='lat' dir='ltr'>quasi</span> <span class='ocrx_word' id='word_1_307' title='bbox 1367 2726 1563 2764; x_wconf 85' lang='lat' dir='ltr'>verum</span> <span class='ocrx_word' id='word_1_308' title='bbox 1588 2711 1946 2766; x_wconf 88' lang='lat' dir='ltr'>sacerdotem</span> 
     </span>
    </p>
   </div>
   <div class='ocr_carea' id='block_1_44' title="bbox 295 2793 1948 2865">
    <p class='ocr_par' dir='ltr' id='par_1_44' title="bbox 295 2793 1948 2865">
     <span class='ocr_line' id='line_1_44' title="bbox 295 2793 1948 2865; baseline 0.005 -18"><span class='ocrx_word' id='word_1_309' title='bbox 295 2793 617 2865; x_wconf 84' lang='lat' dir='ltr'>discipulos</span> <span class='ocrx_word' id='word_1_310' title='bbox 660 2796 1094 2852; x_wconf 88' lang='lat' dir='ltr'>benedicentem</span> <span class='ocrx_word' id='word_1_311' title='bbox 1143 2797 1202 2852; x_wconf 91' lang='lat' dir='ltr'>in</span> <span class='ocrx_word' id='word_1_312' title='bbox 1235 2797 1443 2853; x_wconf 63' lang='lat' dir='ltr'>coelum</span> <span class='ocrx_word' id='word_1_313' title='bbox 1475 2801 1828 2865; x_wconf 85' lang='lat' dir='ltr'>ascendisse,</span> <span class='ocrx_word' id='word_1_314' title='bbox 1861 2801 1948 2855; x_wconf 87' lang='lat' dir='ltr'>di-</span> 
     </span>
    </p>
   </div>
   <div class='ocr_carea' id='block_1_45' title="bbox 293 2882 1948 2951">
    <p class='ocr_par' dir='ltr' id='par_1_45' title="bbox 293 2882 1948 2951">
     <span class='ocr_line' id='line_1_45' title="bbox 293 2882 1948 2951; baseline 0.004 -15"><span class='ocrx_word' id='word_1_315' title='bbox 293 2899 430 2938; x_wconf 85' lang='lat' dir='ltr'>cens</span> <span class='ocrx_word' id='word_1_316' title='bbox 465 2901 476 2936; x_wconf 94' lang='lat'>:</span> <span class='ocrx_word' id='word_1_317' title='bbox 515 2882 1070 2939; x_wconf 57' lang='lat' dir='ltr'>Elevatis&#39;manibus</span> <span class='ocrx_word' id='word_1_318' title='bbox 1114 2887 1258 2951; x_wconf 89' lang='lat' dir='ltr'>suis,</span> <span class='ocrx_word' id='word_1_319' title='bbox 1294 2887 1583 2942; x_wconf 81' lang='lat' dir='ltr'>benedixit</span> <span class='ocrx_word' id='word_1_320' title='bbox 1625 2889 1727 2942; x_wconf 89' lang='lat' dir='ltr'>eis.</span> <span class='ocrx_word' id='word_1_321' title='bbox 1764 2889 1833 2942; x_wconf 87' lang='lat' dir='ltr'>Et</span> <span class='ocrx_word' id='word_1_322' title='bbox 1864 2891 1948 2944; x_wconf 86' lang='lat' dir='ltr'>fa-</span> 
     </span>
    </p>
   </div>
   <div class='ocr_carea' id='block_1_46' title="bbox 292 2974 1950 3042">
    <p class='ocr_par' dir='ltr' id='par_1_46' title="bbox 292 2974 1950 3042">
     <span class='ocr_line' id='line_1_46' title="bbox 292 2974 1950 3042; baseline 0.004 -16"><span class='ocrx_word' id='word_1_323' title='bbox 292 2977 454 3027; x_wconf 86' lang='lat' dir='ltr'>ctum</span> <span class='ocrx_word' id='word_1_324' title='bbox 486 2977 576 3028; x_wconf 89' lang='lat' dir='ltr'>est</span> <span class='ocrx_word' id='word_1_325' title='bbox 607 2974 749 3029; x_wconf 85' lang='lat' dir='ltr'>dum</span> <span class='ocrx_word' id='word_1_326' title='bbox 784 2975 1148 3029; x_wconf 86' lang='lat' dir='ltr'>benediceret</span> <span class='ocrx_word' id='word_1_327' title='bbox 1179 2975 1314 3041; x_wconf 83' lang='lat' dir='ltr'>illis,</span> <span class='ocrx_word' id='word_1_328' title='bbox 1347 2977 1588 3032; x_wconf 89' lang='lat' dir='ltr'>recessit</span> <span class='ocrx_word' id='word_1_329' title='bbox 1638 2977 1709 3032; x_wconf 88' lang='lat' dir='ltr'>ab</span> <span class='ocrx_word' id='word_1_330' title='bbox 1755 2977 1860 3042; x_wconf 90' lang='lat' dir='ltr'>eis,</span> <span class='ocrx_word' id='word_1_331' title='bbox 1894 2982 1950 3033; x_wconf 89' lang='lat' dir='ltr'>et</span> 
     </span>
    </p>
   </div>
   <div class='ocr_carea' id='block_1_47' title="bbox 295 3060 1949 3138">
    <p class='ocr_par' dir='ltr' id='par_1_47' title="bbox 295 3060 1949 3138">
     <span class='ocr_line' id='line_1_47' title="bbox 295 3060 1949 3138; baseline 0.004 -24"><span class='ocrx_word' id='word_1_332' title='bbox 295 3060 596 3116; x_wconf 74' lang='lat' dir='ltr'>ferebatur</span> <span class='ocrx_word' id='word_1_333' title='bbox 625 3062 682 3117; x_wconf 90' lang='lat' dir='ltr'>iu</span> <span class='ocrx_word' id='word_1_334' title='bbox 714 3062 1021 3130; x_wconf 79' lang='lat' dir='ltr'>ccelum,et</span> <span class='ocrx_word' id='word_1_335' title='bbox 1050 3063 1160 3135; x_wconf 90' lang='lat' dir='ltr'>ipsi</span> <span class='ocrx_word' id='word_1_336' title='bbox 1186 3065 1514 3133; x_wconf 88' lang='lat' dir='ltr'>adorantes,</span> <span class='ocrx_word' id='word_1_337' title='bbox 1540 3066 1784 3138; x_wconf 78' lang='lat' dir='ltr'>regressi</span> <span class='ocrx_word' id='word_1_338' title='bbox 1809 3071 1949 3122; x_wconf 85' lang='lat' dir='ltr'>sunt</span> 
     </span>
    </p>
   </div>
   <div class='ocr_carea' id='block_1_48' title="bbox 293 3149 1948 3227">
    <p class='ocr_par' dir='ltr' id='par_1_48' title="bbox 293 3149 1948 3227">
     <span class='ocr_line' id='line_1_48' title="bbox 293 3149 1948 3227; baseline 0.004 -24"><span class='ocrx_word' id='word_1_339' title='bbox 293 3149 353 3204; x_wconf 90' lang='lat' dir='ltr'>in</span> <span class='ocrx_word' id='word_1_340' title='bbox 383 3149 712 3206; x_wconf 88' lang='lat' dir='ltr'>Jerusalem</span> <span class='ocrx_word' id='word_1_341' title='bbox 748 3169 882 3206; x_wconf 91' lang='lat' dir='ltr'>cum</span> <span class='ocrx_word' id='word_1_342' title='bbox 922 3152 1139 3224; x_wconf 89' lang='lat' dir='ltr'>gaudio</span> <span class='ocrx_word' id='word_1_343' title='bbox 1170 3170 1405 3225; x_wconf 86' lang='lat' dir='ltr'>magno,</span> <span class='ocrx_word' id='word_1_344' title='bbox 1435 3159 1492 3209; x_wconf 91' lang='lat' dir='ltr'>et</span> <span class='ocrx_word' id='word_1_345' title='bbox 1521 3159 1687 3210; x_wconf 90' lang='lat' dir='ltr'>erant</span> <span class='ocrx_word' id='word_1_346' title='bbox 1717 3172 1948 3227; x_wconf 88' lang='lat' dir='ltr'>semper</span> 
     </span>
    </p>
   </div>
   <div class='ocr_carea' id='block_1_49' title="bbox 2061 1907 3709 1981">
    <p class='ocr_par' dir='ltr' id='par_1_49' title="bbox 2061 1907 3709 1981">
     <span class='ocr_line' id='line_1_49' title="bbox 2061 1907 3709 1981; baseline -0.002 -16"><span class='ocrx_word' id='word_1_347' title='bbox 2061 1914 2280 1981; x_wconf 88' lang='lat' dir='ltr'>septem</span> <span class='ocrx_word' id='word_1_348' title='bbox 2315 1908 2439 1964; x_wconf 88' lang='lat' dir='ltr'>dies</span> <span class='ocrx_word' id='word_1_349' title='bbox 2467 1910 2738 1965; x_wconf 89' lang='lat' dir='ltr'>volvitur.</span> <span class='ocrx_word' id='word_1_350' title='bbox 2773 1908 3088 1965; x_wconf 90' lang='lat' dir='ltr'>Duodecim</span> <span class='ocrx_word' id='word_1_351' title='bbox 3121 1924 3353 1980; x_wconf 90' lang='lat' dir='ltr'>quoque</span> <span class='ocrx_word' id='word_1_352' title='bbox 3385 1907 3455 1962; x_wconf 91' lang='lat' dir='ltr'>ad</span> <span class='ocrx_word' id='word_1_353' title='bbox 3490 1907 3709 1962; x_wconf 89' lang='lat' dir='ltr'>duode-</span> 
     </span>
    </p>
   </div>
   <div class='ocr_carea' id='block_1_50' title="bbox 2060 1994 3705 2072">
    <p class='ocr_par' dir='ltr' id='par_1_50' title="bbox 2060 1994 3705 2072">
     <span class='ocr_line' id='line_1_50' title="bbox 2060 1994 3705 2072; baseline -0.002 -18"><span class='ocrx_word' id='word_1_354' title='bbox 2060 2001 2291 2055; x_wconf 89' lang='lat' dir='ltr'>narium</span> <span class='ocrx_word' id='word_1_355' title='bbox 2325 2015 2634 2054; x_wconf 88' lang='lat' dir='ltr'>numerum</span> <span class='ocrx_word' id='word_1_356' title='bbox 2685 2000 3104 2072; x_wconf 89' lang='lat' dir='ltr'>apostolorum,</span> <span class='ocrx_word' id='word_1_357' title='bbox 3138 1998 3224 2052; x_wconf 90' lang='lat' dir='ltr'>vel</span> <span class='ocrx_word' id='word_1_358' title='bbox 3275 1997 3346 2052; x_wconf 92' lang='lat' dir='ltr'>ad</span> <span class='ocrx_word' id='word_1_359' title='bbox 3399 1994 3705 2051; x_wconf 89' lang='lat' dir='ltr'>duodecim</span> 
     </span>
    </p>
   </div>
   <div class='ocr_carea' id='block_1_51' title="bbox 2061 2083 3703 2161">
    <p class='ocr_par' dir='ltr' id='par_1_51' title="bbox 2061 2083 3703 2161">
     <span class='ocr_line' id='line_1_51' title="bbox 2061 2083 3703 2161; baseline -0.003 -19"><span class='ocrx_word' id='word_1_360' title='bbox 2061 2089 2440 2160; x_wconf 85' lang='lat' dir='ltr'>patriarchas.</span> <span class='ocrx_word' id='word_1_361' title='bbox 2475 2089 2620 2155; x_wconf 88' lang='lat' dir='ltr'>Quia</span> <span class='ocrx_word' id='word_1_362' title='bbox 2649 2106 2784 2161; x_wconf 90' lang='lat' dir='ltr'>ergo</span> <span class='ocrx_word' id='word_1_363' title='bbox 2818 2089 2887 2144; x_wconf 87' lang='lat' dir='ltr'>ad</span> <span class='ocrx_word' id='word_1_364' title='bbox 2936 2089 3110 2142; x_wconf 85' lang='lat' dir='ltr'>fidem</span> <span class='ocrx_word' id='word_1_365' title='bbox 3155 2090 3366 2142; x_wconf 64' lang='lat' dir='ltr'>sanctae</span> <span class='ocrx_word' id='word_1_366' title='bbox 3399 2083 3703 2140; x_wconf 89' lang='lat' dir='ltr'>Trinitatis</span> 
     </span>
    </p>
   </div>
   <div class='ocr_carea' id='block_1_52' title="bbox 2059 2172 3711 2251">
    <p class='ocr_par' dir='ltr' id='par_1_52' title="bbox 2059 2172 3711 2251">
     <span class='ocr_line' id='line_1_52' title="bbox 2059 2172 3711 2251; baseline -0.003 -18"><span class='ocrx_word' id='word_1_367' title='bbox 2059 2183 2117 2233; x_wconf 89' lang='lat' dir='ltr'>et</span> <span class='ocrx_word' id='word_1_368' title='bbox 2142 2179 2462 2234; x_wconf 87' lang='lat' dir='ltr'>doctrinam</span> <span class='ocrx_word' id='word_1_369' title='bbox 2492 2183 2744 2250; x_wconf 87' lang='lat' dir='ltr'>quatuor</span> <span class='ocrx_word' id='word_1_370' title='bbox 2763 2176 3334 2251; x_wconf 84' lang='lat' dir='ltr'>evangeliorum,per</span> <span class='ocrx_word' id='word_1_371' title='bbox 3353 2172 3711 2246; x_wconf 66' lang='lat' dir='ltr'>praedicatio-</span> 
     </span>
    </p>
   </div>
   <div class='ocr_carea' id='block_1_53' title="bbox 2060 2262 3708 2338">
    <p class='ocr_par' dir='ltr' id='par_1_53' title="bbox 2060 2262 3708 2338">
     <span class='ocr_line' id='line_1_53' title="bbox 2060 2262 3708 2338; baseline -0.004 -16"><span class='ocrx_word' id='word_1_372' title='bbox 2060 2283 2193 2322; x_wconf 90' lang='lat' dir='ltr'>nem</span> <span class='ocrx_word' id='word_1_373' title='bbox 2235 2269 2542 2323; x_wconf 83' lang='lat' dir='ltr'>duodecim</span> <span class='ocrx_word' id='word_1_374' title='bbox 2603 2266 2998 2338; x_wconf 85' lang='lat' dir='ltr'>apostolorum</span> <span class='ocrx_word' id='word_1_375' title='bbox 3060 2265 3278 2320; x_wconf 91' lang='lat' dir='ltr'>mundo</span> <span class='ocrx_word' id='word_1_376' title='bbox 3329 2262 3708 2318; x_wconf 86' lang='lat' dir='ltr'>nuntiaturus</span> 
     </span>
    </p>
   </div>
   <div class='ocr_carea' id='block_1_54' title="bbox 2059 2351 3533 2426">
    <p class='ocr_par' dir='ltr' id='par_1_54' title="bbox 2059 2351 3533 2426">
     <span class='ocr_line' id='line_1_54' title="bbox 2059 2351 3533 2426; baseline -0.004 -15"><span class='ocrx_word' id='word_1_377' title='bbox 2059 2359 2200 2422; x_wconf 88' lang='lat' dir='ltr'>erat,</span> <span class='ocrx_word' id='word_1_378' title='bbox 2238 2362 2386 2411; x_wconf 83' lang='lat' dir='ltr'>recte</span> <span class='ocrx_word' id='word_1_379' title='bbox 2419 2357 2814 2411; x_wconf 86' lang='lat' dir='ltr'>duodenarius</span> <span class='ocrx_word' id='word_1_380' title='bbox 2845 2355 2901 2409; x_wconf 90' lang='lat' dir='ltr'>in</span> <span class='ocrx_word' id='word_1_381' title='bbox 2935 2354 3219 2426; x_wconf 84' lang='lat' dir='ltr'>templum</span> <span class='ocrx_word' id='word_1_382' title='bbox 3253 2351 3533 2409; x_wconf 87' lang='lat' dir='ltr'>ascendit.</span> 
     </span>
    </p>
   </div>
   <div class='ocr_carea' id='block_1_55' title="bbox 2129 2443 3707 2516">
    <p class='ocr_par' dir='ltr' id='par_1_55' title="bbox 2129 2443 3707 2516">
     <span class='ocr_line' id='line_1_55' title="bbox 2129 2443 3707 2516; baseline -0.004 -16"><span class='ocrx_word' id='word_1_383' title='bbox 2129 2468 2157 2493; x_wconf 85' lang='lat'><strong><em>«</em></strong></span> <span class='ocrx_word' id='word_1_384' title='bbox 2191 2445 2746 2516; x_wconf 85' lang='lat' dir='ltr'>Consummatisque</span> <span class='ocrx_word' id='word_1_385' title='bbox 2778 2445 3004 2514; x_wconf 85' lang='lat' dir='ltr'>diebus,</span> <span class='ocrx_word' id='word_1_386' title='bbox 3026 2461 3158 2498; x_wconf 89' lang='lat' dir='ltr'>cum</span> <span class='ocrx_word' id='word_1_387' title='bbox 3189 2443 3707 2507; x_wconf 87' lang='lat' dir='ltr'>rcdirent,reman-</span> 
     </span>
    </p>
   </div>
   <div class='ocr_carea' id='block_1_56' title="bbox 2059 2532 3709 2606">
    <p class='ocr_par' dir='ltr' id='par_1_56' title="bbox 2059 2532 3709 2606">
     <span class='ocr_line' id='line_1_56' title="bbox 2059 2532 3709 2606; baseline -0.001 -23"><span class='ocrx_word' id='word_1_388' title='bbox 2059 2557 2086 2583; x_wconf 90' lang='grc'><strong><em>‹‹</em></strong></span> <span class='ocrx_word' id='word_1_389' title='bbox 2121 2533 2197 2588; x_wconf 87' lang='lat' dir='ltr'>sit</span> <span class='ocrx_word' id='word_1_390' title='bbox 2231 2551 2375 2606; x_wconf 81' lang='lat' dir='ltr'>puer</span> <span class='ocrx_word' id='word_1_391' title='bbox 2403 2535 2574 2589; x_wconf 87' lang='lat' dir='ltr'>Jesus</span> <span class='ocrx_word' id='word_1_392' title='bbox 2607 2535 2662 2590; x_wconf 92' lang='lat' dir='ltr'>in</span> <span class='ocrx_word' id='word_1_393' title='bbox 2694 2533 3040 2596; x_wconf 72' lang='lat' dir='ltr'>Jerusalem,</span> <span class='ocrx_word' id='word_1_394' title='bbox 3075 2536 3131 2586; x_wconf 91' lang='lat' dir='ltr'>et</span> <span class='ocrx_word' id='word_1_395' title='bbox 3161 2549 3275 2586; x_wconf 90' lang='lat' dir='ltr'>non</span> <span class='ocrx_word' id='word_1_396' title='bbox 3316 2532 3709 2602; x_wconf 88' lang='lat' dir='ltr'>cognoverunt</span> 
     </span>
    </p>
   </div>
   <div class='ocr_carea' id='block_1_57' title="bbox 2065 2617 3707 2694">
    <p class='ocr_par' dir='ltr' id='par_1_57' title="bbox 2065 2617 3707 2694">
     <span class='ocr_line' id='line_1_57' title="bbox 2065 2617 3707 2694; baseline -0.002 -18"><span class='ocrx_word' id='word_1_397' title='bbox 2065 2647 2084 2670; x_wconf 78' lang='grc' dir='ltr'>α</span> <span class='ocrx_word' id='word_1_398' title='bbox 2122 2629 2391 2694; x_wconf 80' lang='lat' dir='ltr'>parentes</span> <span class='ocrx_word' id='word_1_399' title='bbox 2423 2624 2570 2693; x_wconf 81' lang='lat' dir='ltr'>ejus.</span> <span class='ocrx_word' id='word_1_400' title='bbox 2607 2647 2633 2673; x_wconf 77' lang='grc'><strong>››</strong></span> <span class='ocrx_word' id='word_1_401' title='bbox 2668 2623 2833 2677; x_wconf 88' lang='lat' dir='ltr'>Forte</span> <span class='ocrx_word' id='word_1_402' title='bbox 2867 2625 3055 2677; x_wconf 90' lang='lat' dir='ltr'>movet</span> <span class='ocrx_word' id='word_1_403' title='bbox 3103 2620 3380 2691; x_wconf 87' lang='lat' dir='ltr'>aliquem,</span> <span class='ocrx_word' id='word_1_404' title='bbox 3415 2617 3707 2690; x_wconf 89' lang='lat' dir='ltr'>quomodo</span> 
     </span>
    </p>
   </div>
   <div class='ocr_carea' id='block_1_58' title="bbox 2055 2705 3709 2785">
    <p class='ocr_par' dir='ltr' id='par_1_58' title="bbox 2055 2705 3709 2785">
     <span class='ocr_line' id='line_1_58' title="bbox 2055 2705 3709 2785; baseline -0.005 -18"><span class='ocrx_word' id='word_1_405' title='bbox 2055 2712 2228 2767; x_wconf 84' lang='lat' dir='ltr'>Jesus</span> <span class='ocrx_word' id='word_1_406' title='bbox 2259 2717 2420 2766; x_wconf 89' lang='lat' dir='ltr'>tanta</span> <span class='ocrx_word' id='word_1_407' title='bbox 2450 2711 2754 2785; x_wconf 81' lang='lat' dir='ltr'>diligentia</span> <span class='ocrx_word' id='word_1_408' title='bbox 2773 2728 2806 2766; x_wconf 90' lang='lat' dir='ltr'>a</span> <span class='ocrx_word' id='word_1_409' title='bbox 2832 2709 3171 2782; x_wconf 86' lang='lat' dir='ltr'>parentibus</span> <span class='ocrx_word' id='word_1_410' title='bbox 3194 2706 3468 2772; x_wconf 86' lang='lat' dir='ltr'>nutritus,</span> <span class='ocrx_word' id='word_1_411' title='bbox 3491 2705 3709 2778; x_wconf 88' lang='lat' dir='ltr'>quippe</span> 
     </span>
    </p>
   </div>
   <div class='ocr_carea' id='block_1_59' title="bbox 2058 2793 3709 2871">
    <p class='ocr_par' dir='ltr' id='par_1_59' title="bbox 2058 2793 3709 2871">
     <span class='ocr_line' id='line_1_59' title="bbox 2058 2793 3709 2871; baseline -0.004 -16"><span class='ocrx_word' id='word_1_412' title='bbox 2058 2817 2228 2871; x_wconf 85' lang='lat' dir='ltr'>quem</span> <span class='ocrx_word' id='word_1_413' title='bbox 2266 2801 2475 2855; x_wconf 83' lang='lat' dir='ltr'>Filium</span> <span class='ocrx_word' id='word_1_414' title='bbox 2512 2800 2606 2855; x_wconf 89' lang='lat' dir='ltr'>Dei</span> <span class='ocrx_word' id='word_1_415' title='bbox 2638 2817 2765 2855; x_wconf 85' lang='lat' dir='ltr'>esse</span> <span class='ocrx_word' id='word_1_416' title='bbox 2794 2816 2906 2854; x_wconf 90' lang='lat' dir='ltr'>non</span> <span class='ocrx_word' id='word_1_417' title='bbox 2929 2794 3426 2860; x_wconf 88' lang='lat' dir='ltr'>dubitabant,illis</span> <span class='ocrx_word' id='word_1_418' title='bbox 3451 2793 3709 2849; x_wconf 80' lang='lat' dir='ltr'>nescien-</span> 
     </span>
    </p>
   </div>
   <div class='ocr_carea' id='block_1_60' title="bbox 2058 2883 3706 2960">
    <p class='ocr_par' dir='ltr' id='par_1_60' title="bbox 2058 2883 3706 2960">
     <span class='ocr_line' id='line_1_60' title="bbox 2058 2883 3706 2960; baseline -0.004 -17"><span class='ocrx_word' id='word_1_419' title='bbox 2058 2889 2216 2945; x_wconf 91' lang='lat' dir='ltr'>tibus</span> <span class='ocrx_word' id='word_1_420' title='bbox 2236 2889 2293 2944; x_wconf 88' lang='lat' dir='ltr'>in</span> <span class='ocrx_word' id='word_1_421' title='bbox 2318 2890 2642 2945; x_wconf 87' lang='lat' dir='ltr'>Jerusalem</span> <span class='ocrx_word' id='word_1_422' title='bbox 2668 2887 2922 2960; x_wconf 88' lang='lat' dir='ltr'>potuerit</span> <span class='ocrx_word' id='word_1_423' title='bbox 2943 2885 3379 2943; x_wconf 86' lang='lat' dir='ltr'>remanere.Sed</span> <span class='ocrx_word' id='word_1_424' title='bbox 3403 2883 3706 2939; x_wconf 90' lang='lat' dir='ltr'>sciendum</span> 
     </span>
    </p>
   </div>
   <div class='ocr_carea' id='block_1_61' title="bbox 2057 2971 3706 3049">
    <p class='ocr_par' dir='ltr' id='par_1_61' title="bbox 2057 2971 3706 3049">
     <span class='ocr_line' id='line_1_61' title="bbox 2057 2971 3706 3049; baseline -0.003 -19"><span class='ocrx_word' id='word_1_425' title='bbox 2057 2982 2148 3031; x_wconf 91' lang='lat' dir='ltr'>est</span> <span class='ocrx_word' id='word_1_426' title='bbox 2177 2977 2314 3049; x_wconf 87' lang='lat' dir='ltr'>quia</span> <span class='ocrx_word' id='word_1_427' title='bbox 2343 2978 2726 3049; x_wconf 90' lang='lat' dir='ltr'>hoc,excepto</span> <span class='ocrx_word' id='word_1_428' title='bbox 2759 2977 2953 3030; x_wconf 86' lang='lat' dir='ltr'>divino</span> <span class='ocrx_word' id='word_1_429' title='bbox 2987 2974 3414 3047; x_wconf 87' lang='lat' dir='ltr'>mysterio,non</span> <span class='ocrx_word' id='word_1_430' title='bbox 3445 2989 3512 3028; x_wconf 85' lang='lat' dir='ltr'>ex</span> <span class='ocrx_word' id='word_1_431' title='bbox 3543 2971 3706 3044; x_wconf 88' lang='lat' dir='ltr'>igna-</span> 
     </span>
    </p>
   </div>
   <div class='ocr_carea' id='block_1_62' title="bbox 2054 3061 3706 3138">
    <p class='ocr_par' dir='ltr' id='par_1_62' title="bbox 2054 3061 3706 3138">
     <span class='ocr_line' id='line_1_62' title="bbox 2054 3061 3706 3138; baseline -0.002 -20"><span class='ocrx_word' id='word_1_432' title='bbox 2054 3066 2148 3120; x_wconf 88' lang='lat' dir='ltr'>via</span> <span class='ocrx_word' id='word_1_433' title='bbox 2172 3070 2501 3138; x_wconf 88' lang='lat' dir='ltr'>parentum.</span> <span class='ocrx_word' id='word_1_434' title='bbox 2517 3068 2617 3122; x_wconf 89' lang='lat' dir='ltr'>sed</span> <span class='ocrx_word' id='word_1_435' title='bbox 2637 3084 2703 3121; x_wconf 79' lang='lat' dir='ltr'>ex</span> <span class='ocrx_word' id='word_1_436' title='bbox 2721 3065 3142 3120; x_wconf 86' lang='lat' dir='ltr'>consuetudine</span> <span class='ocrx_word' id='word_1_437' title='bbox 3162 3062 3354 3134; x_wconf 89' lang='lat' dir='ltr'>potius</span> <span class='ocrx_word' id='word_1_438' title='bbox 3369 3061 3706 3117; x_wconf 73' lang='lat' dir='ltr'>Judreorum</span> 
     </span>
    </p>
   </div>
   <div class='ocr_carea' id='block_1_63' title="bbox 2056 3152 3705 3226">
    <p class='ocr_par' dir='ltr' id='par_1_63' title="bbox 2056 3152 3705 3226">
     <span class='ocr_line' id='line_1_63' title="bbox 2056 3152 3705 3226; baseline -0.003 -18"><span class='ocrx_word' id='word_1_439' title='bbox 2056 3154 2317 3226; x_wconf 89' lang='lat' dir='ltr'>contigit.</span> <span class='ocrx_word' id='word_1_440' title='bbox 2351 3155 2722 3210; x_wconf 87' lang='lat' dir='ltr'>Consuetudo</span> <span class='ocrx_word' id='word_1_441' title='bbox 2754 3154 2906 3210; x_wconf 90' lang='lat' dir='ltr'>enim</span> <span class='ocrx_word' id='word_1_442' title='bbox 2955 3158 3077 3207; x_wconf 85' lang='lat' dir='ltr'>erat</span> <span class='ocrx_word' id='word_1_443' title='bbox 3116 3152 3348 3206; x_wconf 90' lang='lat' dir='ltr'>illorum</span> <span class='ocrx_word' id='word_1_444' title='bbox 3401 3154 3465 3204; x_wconf 91' lang='lat' dir='ltr'>ut</span> <span class='ocrx_word' id='word_1_445' title='bbox 3505 3166 3705 3204; x_wconf 89' lang='lat' dir='ltr'>ascen-</span> 
     </span>
    </p>
   </div>
   <div class='ocr_carea' id='block_1_64' title="bbox 294 3226 3706 3316">
    <p class='ocr_par' dir='ltr' id='par_1_64' title="bbox 294 3226 3706 3316">
     <span class='ocr_line' id='line_1_64' title="bbox 294 3226 3706 3316; baseline -0 -24"><span class='ocrx_word' id='word_1_446' title='bbox 294 3238 354 3292; x_wconf 85' lang='lat' dir='ltr'>in</span> <span class='ocrx_word' id='word_1_447' title='bbox 387 3239 609 3310; x_wconf 87' lang='lat' dir='ltr'>templo</span> <span class='ocrx_word' id='word_1_448' title='bbox 639 3239 946 3296; x_wconf 90' lang='lat' dir='ltr'>laudantes</span> <span class='ocrx_word' id='word_1_449' title='bbox 976 3244 1034 3295; x_wconf 90' lang='lat' dir='ltr'>et</span> <span class='ocrx_word' id='word_1_450' title='bbox 1059 3241 1464 3298; x_wconf 90' lang='lat' dir='ltr'>benedicentes</span> <span class='ocrx_word' id='word_1_451' title='bbox 1496 3243 1700 3298; x_wconf 89' lang='lat' dir='ltr'>Deum.</span> <span class='ocrx_word' id='word_1_452' title='bbox 1722 3226 1948 3310; x_wconf 84' lang='lat' dir='ltr'>Quanto</span> <span class='ocrx_word' id='word_1_453' title='bbox 1977 3226 2023 3294; x_wconf 72' lang='grc' dir='ltr'>Ο</span> <span class='ocrx_word' id='word_1_454' title='bbox 2059 3245 2261 3300; x_wconf 90' lang='lat' dir='ltr'>dentes</span> <span class='ocrx_word' id='word_1_455' title='bbox 2293 3244 2347 3300; x_wconf 89' lang='lat' dir='ltr'>in</span> <span class='ocrx_word' id='word_1_456' title='bbox 2371 3244 2657 3316; x_wconf 88' lang='lat' dir='ltr'>templum</span> <span class='ocrx_word' id='word_1_457' title='bbox 2692 3242 2920 3300; x_wconf 90' lang='lat' dir='ltr'>Domini</span> <span class='ocrx_word' id='word_1_458' title='bbox 2954 3243 3025 3297; x_wconf 90' lang='lat' dir='ltr'>ad</span> <span class='ocrx_word' id='word_1_459' title='bbox 3060 3239 3472 3296; x_wconf 87' lang='lat' dir='ltr'>celebrandum</span> <span class='ocrx_word' id='word_1_460' title='bbox 3496 3237 3706 3293; x_wconf 90' lang='lat' dir='ltr'>solem-</span> 
     </span>
    </p>
   </div>
   <div class='ocr_carea' id='block_1_65' title="bbox 293 3328 1949 3403">
    <p class='ocr_par' dir='ltr' id='par_1_65' title="bbox 293 3328 1949 3403">
     <span class='ocr_line' id='line_1_65' title="bbox 293 3328 1949 3403; baseline 0.004 -21"><span class='ocrx_word' id='word_1_461' title='bbox 293 3332 496 3382; x_wconf 84' lang='lat' dir='ltr'>autem</span> <span class='ocrx_word' id='word_1_462' title='bbox 518 3328 713 3383; x_wconf 87' lang='lat' dir='ltr'>studio</span> <span class='ocrx_word' id='word_1_463' title='bbox 729 3333 998 3401; x_wconf 88' lang='lat' dir='ltr'>parentes</span> <span class='ocrx_word' id='word_1_464' title='bbox 1015 3328 1332 3386; x_wconf 88' lang='lat' dir='ltr'>Salvatoris</span> <span class='ocrx_word' id='word_1_465' title='bbox 1350 3330 1534 3403; x_wconf 89' lang='lat' dir='ltr'>legem</span> <span class='ocrx_word' id='word_1_466' title='bbox 1555 3333 1949 3400; x_wconf 87' lang='lat' dir='ltr'>observarent,</span> 
     </span>
    </p>
   </div>
   <div class='ocr_carea' id='block_1_66' title="bbox 292 3417 1953 3495">
    <p class='ocr_par' dir='ltr' id='par_1_66' title="bbox 292 3417 1953 3495">
     <span class='ocr_line' id='line_1_66' title="bbox 292 3417 1953 3495; baseline 0.004 -24"><span class='ocrx_word' id='word_1_467' title='bbox 292 3417 410 3471; x_wconf 85' lang='lat' dir='ltr'>cito</span> <span class='ocrx_word' id='word_1_468' title='bbox 443 3417 874 3488; x_wconf 89' lang='lat' dir='ltr'>cognoscimus,</span> <span class='ocrx_word' id='word_1_469' title='bbox 909 3419 954 3474; x_wconf 87' lang='lat' dir='ltr'>si</span> <span class='ocrx_word' id='word_1_470' title='bbox 991 3419 1170 3489; x_wconf 88' lang='lat' dir='ltr'>hujus</span> <span class='ocrx_word' id='word_1_471' title='bbox 1202 3420 1494 3492; x_wconf 87' lang='lat' dir='ltr'>Evangelii</span> <span class='ocrx_word' id='word_1_472' title='bbox 1529 3422 1826 3493; x_wconf 88' lang='lat' dir='ltr'>superiora</span> <span class='ocrx_word' id='word_1_473' title='bbox 1857 3439 1953 3495; x_wconf 81' lang='lat' dir='ltr'>pa-</span> 
     </span>
    </p>
   </div>
   <div class='ocr_carea' id='block_1_67' title="bbox 292 3507 1717 3580">
    <p class='ocr_par' dir='ltr' id='par_1_67' title="bbox 292 3507 1717 3580">
     <span class='ocr_line' id='line_1_67' title="bbox 292 3507 1717 3580; baseline 0.005 -21"><span class='ocrx_word' id='word_1_474' title='bbox 292 3521 540 3576; x_wconf 89' lang='lat' dir='ltr'>rumper</span> <span class='ocrx_word' id='word_1_475' title='bbox 565 3507 959 3563; x_wconf 89' lang='lat' dir='ltr'>attendamus.</span> <span class='ocrx_word' id='word_1_476' title='bbox 993 3508 1087 3563; x_wconf 87' lang='lat' dir='ltr'>Ait</span> <span class='ocrx_word' id='word_1_477' title='bbox 1115 3508 1270 3564; x_wconf 88' lang='lat' dir='ltr'>enim</span> <span class='ocrx_word' id='word_1_478' title='bbox 1305 3509 1672 3580; x_wconf 86' lang='lat' dir='ltr'>Evangelista</span> <span class='ocrx_word' id='word_1_479' title='bbox 1706 3528 1717 3565; x_wconf 91' lang='lat'>:</span> 
     </span>
    </p>
   </div>
   <div class='ocr_carea' id='block_1_68' title="bbox 366 3593 1946 3669">
    <p class='ocr_par' dir='ltr' id='par_1_68' title="bbox 366 3593 1946 3669">
     <span class='ocr_line' id='line_1_68' title="bbox 366 3593 1946 3669; baseline 0.006 -23"><span class='ocrx_word' id='word_1_480' title='bbox 366 3615 396 3640; x_wconf 77' lang='grc' dir='ltr'>κ</span> <span class='ocrx_word' id='word_1_481' title='bbox 429 3593 499 3647; x_wconf 85' lang='lat' dir='ltr'>Et</span> <span class='ocrx_word' id='word_1_482' title='bbox 529 3593 694 3648; x_wconf 91' lang='lat' dir='ltr'>ibant</span> <span class='ocrx_word' id='word_1_483' title='bbox 715 3599 982 3666; x_wconf 87' lang='lat' dir='ltr'>parentes</span> <span class='ocrx_word' id='word_1_484' title='bbox 1011 3596 1150 3652; x_wconf 85' lang='lat' dir='ltr'>Jesu</span> <span class='ocrx_word' id='word_1_485' title='bbox 1187 3614 1290 3669; x_wconf 90' lang='lat' dir='ltr'>per</span> <span class='ocrx_word' id='word_1_486' title='bbox 1319 3615 1524 3653; x_wconf 92' lang='lat' dir='ltr'>omnes</span> <span class='ocrx_word' id='word_1_487' title='bbox 1555 3616 1738 3655; x_wconf 90' lang='lat' dir='ltr'>annos</span> <span class='ocrx_word' id='word_1_488' title='bbox 1769 3600 1828 3655; x_wconf 90' lang='lat' dir='ltr'>in</span> <span class='ocrx_word' id='word_1_489' title='bbox 1855 3601 1946 3656; x_wconf 82' lang='lat' dir='ltr'>Je-</span> 
     </span>
    </p>
   </div>
   <div class='ocr_carea' id='block_1_69' title="bbox 293 3681 1948 3758">
    <p class='ocr_par' dir='ltr' id='par_1_69' title="bbox 293 3681 1948 3758">
     <span class='ocr_line' id='line_1_69' title="bbox 293 3681 1948 3758; baseline 0.007 -24"><span class='ocrx_word' id='word_1_490' title='bbox 293 3702 322 3728; x_wconf 82' lang='lat'><strong>«</strong></span> <span class='ocrx_word' id='word_1_491' title='bbox 355 3681 619 3738; x_wconf 85' lang='lat' dir='ltr'>rusalem</span> <span class='ocrx_word' id='word_1_492' title='bbox 651 3682 711 3737; x_wconf 90' lang='lat' dir='ltr'>in</span> <span class='ocrx_word' id='word_1_493' title='bbox 742 3683 835 3738; x_wconf 91' lang='lat' dir='ltr'>die</span> <span class='ocrx_word' id='word_1_494' title='bbox 866 3683 1109 3739; x_wconf 90' lang='lat' dir='ltr'>solemni</span> <span class='ocrx_word' id='word_1_495' title='bbox 1160 3686 1410 3758; x_wconf 75' lang='lat' dir='ltr'>paschae.</span> <span class='ocrx_word' id='word_1_496' title='bbox 1450 3710 1478 3736; x_wconf 85' lang='grc'><strong>››</strong></span> <span class='ocrx_word' id='word_1_497' title='bbox 1507 3689 1615 3743; x_wconf 91' lang='lat' dir='ltr'>Sed</span> <span class='ocrx_word' id='word_1_498' title='bbox 1663 3689 1948 3746; x_wconf 88' lang='lat' dir='ltr'>Dominus</span> 
     </span>
    </p>
   </div>
   <div class='ocr_carea' id='block_1_70' title="bbox 289 3769 1949 3848">
    <p class='ocr_par' dir='ltr' id='par_1_70' title="bbox 289 3769 1949 3848">
     <span class='ocr_line' id='line_1_70' title="bbox 289 3769 1949 3848; baseline 0.005 -23"><span class='ocrx_word' id='word_1_499' title='bbox 289 3786 410 3825; x_wconf 87' lang='lat' dir='ltr'>non</span> <span class='ocrx_word' id='word_1_500' title='bbox 444 3769 638 3826; x_wconf 90' lang='lat' dir='ltr'>solum</span> <span class='ocrx_word' id='word_1_501' title='bbox 672 3771 856 3844; x_wconf 87' lang='lat' dir='ltr'>legem</span> <span class='ocrx_word' id='word_1_502' title='bbox 885 3771 1066 3827; x_wconf 90' lang='lat' dir='ltr'>voluit</span> <span class='ocrx_word' id='word_1_503' title='bbox 1095 3774 1422 3842; x_wconf 89' lang='lat' dir='ltr'>observare,</span> <span class='ocrx_word' id='word_1_504' title='bbox 1445 3794 1622 3848; x_wconf 91' lang='lat' dir='ltr'>quam</span> <span class='ocrx_word' id='word_1_505' title='bbox 1646 3794 1761 3832; x_wconf 93' lang='lat' dir='ltr'>non</span> <span class='ocrx_word' id='word_1_506' title='bbox 1781 3794 1949 3833; x_wconf 90' lang='lat' dir='ltr'>vene-</span> 
     </span>
    </p>
   </div>
   <div class='ocr_carea' id='block_1_71' title="bbox 288 3858 1948 3939">
    <p class='ocr_par' dir='ltr' id='par_1_71' title="bbox 288 3858 1948 3939">
     <span class='ocr_line' id='line_1_71' title="bbox 288 3858 1948 3939; baseline 0.005 -26"><span class='ocrx_word' id='word_1_507' title='bbox 288 3863 383 3914; x_wconf 75' lang='lat' dir='ltr'>rat</span> <span class='ocrx_word' id='word_1_508' title='bbox 415 3858 659 3925; x_wconf 86' lang='lat' dir='ltr'>solvere,</span> <span class='ocrx_word' id='word_1_509' title='bbox 692 3861 793 3916; x_wconf 85' lang='lat' dir='ltr'>sed</span> <span class='ocrx_word' id='word_1_510' title='bbox 825 3860 1167 3934; x_wconf 87' lang='lat' dir='ltr'>adimplere,</span> <span class='ocrx_word' id='word_1_511' title='bbox 1200 3864 1304 3918; x_wconf 91' lang='lat' dir='ltr'>sed</span> <span class='ocrx_word' id='word_1_512' title='bbox 1355 3864 1529 3919; x_wconf 90' lang='lat' dir='ltr'>etiam</span> <span class='ocrx_word' id='word_1_513' title='bbox 1581 3865 1726 3921; x_wconf 90' lang='lat' dir='ltr'>tales</span> <span class='ocrx_word' id='word_1_514' title='bbox 1775 3866 1948 3939; x_wconf 86' lang='lat' dir='ltr'>elegit</span> 
     </span>
    </p>
   </div>
   <div class='ocr_carea' id='block_1_72' title="bbox 286 3947 1947 4026">
    <p class='ocr_par' dir='ltr' id='par_1_72' title="bbox 286 3947 1947 4026">
     <span class='ocr_line' id='line_1_72' title="bbox 286 3947 1947 4026; baseline 0.005 -24"><span class='ocrx_word' id='word_1_515' title='bbox 286 3951 584 4016; x_wconf 83' lang='lat' dir='ltr'>parentes,</span> <span class='ocrx_word' id='word_1_516' title='bbox 607 3948 706 4019; x_wconf 89' lang='lat' dir='ltr'>qui</span> <span class='ocrx_word' id='word_1_517' title='bbox 737 3947 883 4022; x_wconf 87' lang='lat' dir='ltr'>legis</span> <span class='ocrx_word' id='word_1_518' title='bbox 916 3955 1115 4006; x_wconf 86' lang='lat' dir='ltr'>essent</span> <span class='ocrx_word' id='word_1_519' title='bbox 1145 3952 1566 4009; x_wconf 88' lang='lat' dir='ltr'>observatores.</span> <span class='ocrx_word' id='word_1_520' title='bbox 1591 3954 1947 4026; x_wconf 71' lang='lat' dir='ltr'>Praeceperat</span> 
     </span>
    </p>
   </div>
   <div class='ocr_carea' id='block_1_73' title="bbox 284 4034 1945 4113">
    <p class='ocr_par' dir='ltr' id='par_1_73' title="bbox 284 4034 1945 4113">
     <span class='ocr_line' id='line_1_73' title="bbox 284 4034 1945 4113; baseline 0.006 -24"><span class='ocrx_word' id='word_1_521' title='bbox 284 4034 450 4091; x_wconf 87' lang='lat' dir='ltr'>enim</span> <span class='ocrx_word' id='word_1_522' title='bbox 483 4036 608 4108; x_wconf 89' lang='lat' dir='ltr'>ipse</span> <span class='ocrx_word' id='word_1_523' title='bbox 636 4038 696 4092; x_wconf 90' lang='lat' dir='ltr'>in</span> <span class='ocrx_word' id='word_1_524' title='bbox 729 4037 854 4108; x_wconf 85' lang='lat' dir='ltr'>lege</span> <span class='ocrx_word' id='word_1_525' title='bbox 884 4041 951 4094; x_wconf 88' lang='lat' dir='ltr'>ut</span> <span class='ocrx_word' id='word_1_526' title='bbox 979 4043 1068 4094; x_wconf 90' lang='lat' dir='ltr'>ter</span> <span class='ocrx_word' id='word_1_527' title='bbox 1108 4040 1166 4094; x_wconf 91' lang='lat' dir='ltr'>in</span> <span class='ocrx_word' id='word_1_528' title='bbox 1218 4058 1371 4097; x_wconf 91' lang='lat' dir='ltr'>anno</span> <span class='ocrx_word' id='word_1_529' title='bbox 1421 4047 1726 4113; x_wconf 90' lang='lat' dir='ltr'>appareret</span> <span class='ocrx_word' id='word_1_530' title='bbox 1774 4060 1945 4100; x_wconf 91' lang='lat' dir='ltr'>omne</span> 
     </span>
    </p>
   </div>
   <div class='ocr_carea' id='block_1_74' title="bbox 284 4123 1942 4205">
    <p class='ocr_par' dir='ltr' id='par_1_74' title="bbox 284 4123 1942 4205">
     <span class='ocr_line' id='line_1_74' title="bbox 284 4123 1942 4205; baseline 0.007 -27"><span class='ocrx_word' id='word_1_531' title='bbox 284 4123 690 4180; x_wconf 84' lang='lat' dir='ltr'>masculinum</span> <span class='ocrx_word' id='word_1_532' title='bbox 719 4143 923 4182; x_wconf 90' lang='lat' dir='ltr'>eorum</span> <span class='ocrx_word' id='word_1_533' title='bbox 969 4144 1163 4183; x_wconf 89' lang='lat' dir='ltr'>coram</span> <span class='ocrx_word' id='word_1_534' title='bbox 1215 4129 1484 4197; x_wconf 91' lang='lat' dir='ltr'>Domino,</span> <span class='ocrx_word' id='word_1_535' title='bbox 1520 4131 1577 4186; x_wconf 91' lang='lat' dir='ltr'>in</span> <span class='ocrx_word' id='word_1_536' title='bbox 1613 4131 1736 4187; x_wconf 91' lang='lat' dir='ltr'>loco</span> <span class='ocrx_word' id='word_1_537' title='bbox 1769 4149 1942 4205; x_wconf 89' lang='lat' dir='ltr'>quem</span> 
     </span>
    </p>
   </div>
   <div class='ocr_carea' id='block_1_75' title="bbox 284 4211 1945 4291">
    <p class='ocr_par' dir='ltr' id='par_1_75' title="bbox 284 4211 1945 4291">
     <span class='ocr_line' id='line_1_75' title="bbox 284 4211 1945 4291; baseline 0.008 -25"><span class='ocrx_word' id='word_1_538' title='bbox 284 4211 544 4283; x_wconf 78' lang='lat' dir='ltr'>elegerat</span> <span class='ocrx_word' id='word_1_539' title='bbox 585 4212 755 4268; x_wconf 90' lang='lat' dir='ltr'>Deus.</span> <span class='ocrx_word' id='word_1_540' title='bbox 777 4214 886 4270; x_wconf 90' lang='lat' dir='ltr'>Ubi</span> <span class='ocrx_word' id='word_1_541' title='bbox 917 4221 1158 4287; x_wconf 87' lang='lat' dir='ltr'>apparet</span> <span class='ocrx_word' id='word_1_542' title='bbox 1186 4233 1318 4274; x_wconf 90' lang='lat' dir='ltr'>cum</span> <span class='ocrx_word' id='word_1_543' title='bbox 1353 4223 1574 4291; x_wconf 90' lang='lat' dir='ltr'>quanto</span> <span class='ocrx_word' id='word_1_544' title='bbox 1605 4221 1799 4277; x_wconf 87' lang='lat' dir='ltr'>studio</span> <span class='ocrx_word' id='word_1_545' title='bbox 1825 4239 1945 4278; x_wconf 84' lang='lat' dir='ltr'>ma-</span> 
     </span>
    </p>
   </div>
   <div class='ocr_carea' id='block_1_76' title="bbox 275 4302 1946 4380">
    <p class='ocr_par' dir='ltr' id='par_1_76' title="bbox 275 4302 1946 4380">
     <span class='ocr_line' id='line_1_76' title="bbox 275 4302 1946 4380; baseline 0.007 -25"><span class='ocrx_word' id='word_1_546' title='bbox 275 4302 416 4369; x_wconf 85' lang='lat' dir='ltr'>jora</span> <span class='ocrx_word' id='word_1_547' title='bbox 464 4308 752 4373; x_wconf 71' lang='lat' dir='ltr'>praecepta</span> <span class='ocrx_word' id='word_1_548' title='bbox 800 4303 947 4376; x_wconf 86' lang='lat' dir='ltr'>legis</span> <span class='ocrx_word' id='word_1_549' title='bbox 993 4304 1398 4374; x_wconf 84' lang='lat' dir='ltr'>observabant,</span> <span class='ocrx_word' id='word_1_550' title='bbox 1433 4309 1532 4380; x_wconf 90' lang='lat' dir='ltr'>qui</span> <span class='ocrx_word' id='word_1_551' title='bbox 1584 4326 1688 4364; x_wconf 92' lang='lat' dir='ltr'>nec</span> <span class='ocrx_word' id='word_1_552' title='bbox 1718 4311 1946 4366; x_wconf 88' lang='lat' dir='ltr'>minora</span> 
     </span>
    </p>
   </div>
   <div class='ocr_carea' id='block_1_77' title="bbox 283 4390 1942 4467">
    <p class='ocr_par' dir='ltr' id='par_1_77' title="bbox 283 4390 1942 4467">
     <span class='ocr_line' id='line_1_77' title="bbox 283 4390 1942 4467; baseline 0.007 -24"><span class='ocrx_word' id='word_1_553' title='bbox 283 4390 832 4460; x_wconf 64' lang='lat' dir='ltr'>pmtermittebant.</span> <span class='ocrx_word' id='word_1_554' title='bbox 888 4395 1258 4449; x_wconf 87' lang='lat' dir='ltr'>Consuetudo</span> <span class='ocrx_word' id='word_1_555' title='bbox 1304 4413 1559 4467; x_wconf 88' lang='lat' dir='ltr'>namque</span> <span class='ocrx_word' id='word_1_556' title='bbox 1606 4399 1942 4454; x_wconf 72' lang='lat' dir='ltr'>Judzeorum</span> 
     </span>
    </p>
   </div>
   <div class='ocr_carea' id='block_1_78' title="bbox 281 4481 1941 4550">
    <p class='ocr_par' dir='ltr' id='par_1_78' title="bbox 281 4481 1941 4550">
     <span class='ocr_line' id='line_1_78' title="bbox 281 4481 1941 4550; baseline 0.007 -19"><span class='ocrx_word' id='word_1_557' title='bbox 281 4481 434 4541; x_wconf 84' lang='lat' dir='ltr'>erat,</span> <span class='ocrx_word' id='word_1_558' title='bbox 464 4483 530 4533; x_wconf 91' lang='lat' dir='ltr'>ut</span> <span class='ocrx_word' id='word_1_559' title='bbox 556 4495 661 4550; x_wconf 87' lang='lat' dir='ltr'>per</span> <span class='ocrx_word' id='word_1_560' title='bbox 690 4496 895 4536; x_wconf 90' lang='lat' dir='ltr'>omnes</span> <span class='ocrx_word' id='word_1_561' title='bbox 924 4498 1112 4537; x_wconf 90' lang='lat' dir='ltr'>annos</span> <span class='ocrx_word' id='word_1_562' title='bbox 1134 4485 1514 4540; x_wconf 81' lang='lat' dir='ltr'>escenderent</span> <span class='ocrx_word' id='word_1_563' title='bbox 1536 4486 1592 4540; x_wconf 92' lang='lat' dir='ltr'>in</span> <span class='ocrx_word' id='word_1_564' title='bbox 1615 4486 1941 4544; x_wconf 90' lang='lat' dir='ltr'>Jerusalem</span> 
     </span>
    </p>
   </div>
   <div class='ocr_carea' id='block_1_79' title="bbox 2060 3332 3706 3400">
    <p class='ocr_par' dir='ltr' id='par_1_79' title="bbox 2060 3332 3706 3400">
     <span class='ocr_line' id='line_1_79' title="bbox 2060 3332 3706 3400; baseline -0.005 -12"><span class='ocrx_word' id='word_1_565' title='bbox 2060 3333 2324 3400; x_wconf 87' lang='lat' dir='ltr'>nitatem,</span> <span class='ocrx_word' id='word_1_566' title='bbox 2367 3351 2630 3388; x_wconf 83' lang='lat' dir='ltr'>seorsum</span> <span class='ocrx_word' id='word_1_567' title='bbox 2679 3332 2786 3386; x_wconf 90' lang='lat' dir='ltr'>viri</span> <span class='ocrx_word' id='word_1_568' title='bbox 2837 3333 3043 3388; x_wconf 91' lang='lat' dir='ltr'>choros</span> <span class='ocrx_word' id='word_1_569' title='bbox 3092 3332 3389 3394; x_wconf 89' lang='lat' dir='ltr'>ducerent,</span> <span class='ocrx_word' id='word_1_570' title='bbox 3441 3341 3706 3382; x_wconf 84' lang='lat' dir='ltr'>seorsum</span> 
     </span>
    </p>
   </div>
   <div class='ocr_carea' id='block_1_80' title="bbox 2060 3415 3707 3494">
    <p class='ocr_par' dir='ltr' id='par_1_80' title="bbox 2060 3415 3707 3494">
     <span class='ocr_line' id='line_1_80' title="bbox 2060 3415 3707 3494; baseline -0.002 -19"><span class='ocrx_word' id='word_1_571' title='bbox 2060 3421 2309 3490; x_wconf 66' lang='lat' dir='ltr'>feminae,</span> <span class='ocrx_word' id='word_1_572' title='bbox 2343 3426 2578 3494; x_wconf 87' lang='lat' dir='ltr'>prepter</span> <span class='ocrx_word' id='word_1_573' title='bbox 2607 3420 2960 3476; x_wconf 90' lang='lat' dir='ltr'>munditiam</span> <span class='ocrx_word' id='word_1_574' title='bbox 2994 3418 3278 3474; x_wconf 89' lang='lat' dir='ltr'>castitatis</span> <span class='ocrx_word' id='word_1_575' title='bbox 3311 3434 3324 3472; x_wconf 89' lang='lat'><strong>:</strong></span> <span class='ocrx_word' id='word_1_576' title='bbox 3361 3415 3523 3488; x_wconf 89' lang='lat' dir='ltr'>pueri</span> <span class='ocrx_word' id='word_1_577' title='bbox 3573 3432 3707 3471; x_wconf 93' lang='lat' dir='ltr'>vero</span> 
     </span>
    </p>
   </div>
   <div class='ocr_carea' id='block_1_81' title="bbox 2060 3503 3710 3578">
    <p class='ocr_par' dir='ltr' id='par_1_81' title="bbox 2060 3503 3710 3578">
     <span class='ocr_line' id='line_1_81' title="bbox 2060 3503 3710 3578; baseline -0.004 -14"><span class='ocrx_word' id='word_1_578' title='bbox 2060 3511 2305 3566; x_wconf 89' lang='lat' dir='ltr'>minoris</span> <span class='ocrx_word' id='word_1_579' title='bbox 2331 3511 2516 3566; x_wconf 65' lang='lat' dir='ltr'>aetatis</span> <span class='ocrx_word' id='word_1_580' title='bbox 2545 3511 2839 3565; x_wconf 85' lang='lat' dir='ltr'>licentiam</span> <span class='ocrx_word' id='word_1_581' title='bbox 2874 3509 3323 3578; x_wconf 86' lang='lat' dir='ltr'>baberent,cum</span> <span class='ocrx_word' id='word_1_582' title='bbox 3356 3522 3470 3577; x_wconf 85' lang='lat' dir='ltr'>quo</span> <span class='ocrx_word' id='word_1_583' title='bbox 3500 3503 3710 3560; x_wconf 91' lang='lat' dir='ltr'>vellent</span> 
     </span>
    </p>
   </div>
   <div class='ocr_carea' id='block_1_82' title="bbox 2056 3593 3710 3671">
    <p class='ocr_par' dir='ltr' id='par_1_82' title="bbox 2056 3593 3710 3671">
     <span class='ocr_line' id='line_1_82' title="bbox 2056 3593 3710 3671; baseline -0.003 -18"><span class='ocrx_word' id='word_1_584' title='bbox 2056 3598 2140 3654; x_wconf 89' lang='lat' dir='ltr'>ire</span> <span class='ocrx_word' id='word_1_585' title='bbox 2167 3605 2454 3671; x_wconf 90' lang='lat' dir='ltr'>parentes,</span> <span class='ocrx_word' id='word_1_586' title='bbox 2490 3601 2610 3655; x_wconf 89' lang='lat' dir='ltr'>sive</span> <span class='ocrx_word' id='word_1_587' title='bbox 2655 3617 2788 3654; x_wconf 90' lang='lat' dir='ltr'>cum</span> <span class='ocrx_word' id='word_1_588' title='bbox 2839 3603 3020 3670; x_wconf 89' lang='lat' dir='ltr'>patre,</span> <span class='ocrx_word' id='word_1_589' title='bbox 3055 3597 3174 3652; x_wconf 88' lang='lat' dir='ltr'>sive</span> <span class='ocrx_word' id='word_1_590' title='bbox 3224 3612 3356 3650; x_wconf 89' lang='lat' dir='ltr'>cum</span> <span class='ocrx_word' id='word_1_591' title='bbox 3391 3597 3596 3649; x_wconf 88' lang='lat' dir='ltr'>matre.</span> <span class='ocrx_word' id='word_1_592' title='bbox 3631 3593 3710 3648; x_wconf 86' lang='lat' dir='ltr'>Ex</span> 
     </span>
    </p>
   </div>
   <div class='ocr_carea' id='block_1_83' title="bbox 2056 3681 3704 3760">
    <p class='ocr_par' dir='ltr' id='par_1_83' title="bbox 2056 3681 3704 3760">
     <span class='ocr_line' id='line_1_83' title="bbox 2056 3681 3704 3760; baseline -0.004 -18"><span class='ocrx_word' id='word_1_593' title='bbox 2056 3687 2165 3742; x_wconf 87' lang='lat' dir='ltr'>hac</span> <span class='ocrx_word' id='word_1_594' title='bbox 2195 3705 2331 3760; x_wconf 87' lang='lat' dir='ltr'>ergo</span> <span class='ocrx_word' id='word_1_595' title='bbox 2362 3688 2785 3743; x_wconf 80' lang='lat' dir='ltr'>consuetudine</span> <span class='ocrx_word' id='word_1_596' title='bbox 2817 3686 3025 3741; x_wconf 89' lang='lat' dir='ltr'>accidit</span> <span class='ocrx_word' id='word_1_597' title='bbox 3046 3683 3262 3749; x_wconf 91' lang='lat' dir='ltr'>ut,illis</span> <span class='ocrx_word' id='word_1_598' title='bbox 3284 3681 3704 3747; x_wconf 89' lang='lat' dir='ltr'>nescientibus,</span> 
     </span>
    </p>
   </div>
   <div class='ocr_carea' id='block_1_84' title="bbox 2055 3771 3706 3847">
    <p class='ocr_par' dir='ltr' id='par_1_84' title="bbox 2055 3771 3706 3847">
     <span class='ocr_line' id='line_1_84' title="bbox 2055 3771 3706 3847; baseline -0.004 -16"><span class='ocrx_word' id='word_1_599' title='bbox 2055 3793 2202 3847; x_wconf 89' lang='lat' dir='ltr'>puer</span> <span class='ocrx_word' id='word_1_600' title='bbox 2245 3777 2417 3831; x_wconf 88' lang='lat' dir='ltr'>Jesus</span> <span class='ocrx_word' id='word_1_601' title='bbox 2477 3777 2534 3830; x_wconf 91' lang='lat' dir='ltr'>in</span> <span class='ocrx_word' id='word_1_602' title='bbox 2597 3774 2923 3831; x_wconf 89' lang='lat' dir='ltr'>Jerusalem</span> <span class='ocrx_word' id='word_1_603' title='bbox 2977 3773 3382 3836; x_wconf 86' lang='lat' dir='ltr'>remansisset,</span> <span class='ocrx_word' id='word_1_604' title='bbox 3427 3771 3706 3843; x_wconf 89' lang='lat' dir='ltr'>quoniam</span> 
     </span>
    </p>
   </div>
   <div class='ocr_carea' id='block_1_85' title="bbox 2056 3859 3708 3936">
    <p class='ocr_par' dir='ltr' id='par_1_85' title="bbox 2056 3859 3708 3936">
     <span class='ocr_line' id='line_1_85' title="bbox 2056 3859 3708 3936; baseline -0.004 -16"><span class='ocrx_word' id='word_1_605' title='bbox 2056 3865 2240 3920; x_wconf 90' lang='lat' dir='ltr'>Maria</span> <span class='ocrx_word' id='word_1_606' title='bbox 2270 3867 2513 3936; x_wconf 88' lang='lat' dir='ltr'>putabat</span> <span class='ocrx_word' id='word_1_607' title='bbox 2543 3882 2677 3920; x_wconf 91' lang='lat' dir='ltr'>cum</span> <span class='ocrx_word' id='word_1_608' title='bbox 2709 3880 2836 3919; x_wconf 89' lang='lat' dir='ltr'>esse</span> <span class='ocrx_word' id='word_1_609' title='bbox 2867 3880 3000 3918; x_wconf 90' lang='lat' dir='ltr'>cum</span> <span class='ocrx_word' id='word_1_610' title='bbox 3032 3861 3345 3933; x_wconf 88' lang='lat' dir='ltr'>Joseph,et</span> <span class='ocrx_word' id='word_1_611' title='bbox 3364 3859 3578 3931; x_wconf 88' lang='lat' dir='ltr'>Joseph</span> <span class='ocrx_word' id='word_1_612' title='bbox 3605 3876 3708 3916; x_wconf 68' lang='lat' dir='ltr'>ass-</span> 
     </span>
    </p>
   </div>
   <div class='ocr_carea' id='block_1_86' title="bbox 2054 3947 3706 4025">
    <p class='ocr_par' dir='ltr' id='par_1_86' title="bbox 2054 3947 3706 4025">
     <span class='ocr_line' id='line_1_86' title="bbox 2054 3947 3706 4025; baseline -0.003 -18"><span class='ocrx_word' id='word_1_613' title='bbox 2054 3954 2302 4009; x_wconf 90' lang='lat' dir='ltr'>timabat</span> <span class='ocrx_word' id='word_1_614' title='bbox 2331 3954 2486 4025; x_wconf 89' lang='lat' dir='ltr'>quod</span> <span class='ocrx_word' id='word_1_615' title='bbox 2519 3959 2672 4010; x_wconf 89' lang='lat' dir='ltr'>esset</span> <span class='ocrx_word' id='word_1_616' title='bbox 2713 3970 2846 4008; x_wconf 91' lang='lat' dir='ltr'>cum</span> <span class='ocrx_word' id='word_1_617' title='bbox 2895 3951 3096 4007; x_wconf 88' lang='lat' dir='ltr'>Maria.</span> <span class='ocrx_word' id='word_1_618' title='bbox 3148 3951 3216 4004; x_wconf 89' lang='lat' dir='ltr'>Et</span> <span class='ocrx_word' id='word_1_619' title='bbox 3259 3949 3370 4004; x_wconf 89' lang='lat' dir='ltr'>hoc</span> <span class='ocrx_word' id='word_1_620' title='bbox 3413 3953 3502 4005; x_wconf 91' lang='lat' dir='ltr'>est</span> <span class='ocrx_word' id='word_1_621' title='bbox 3550 3947 3706 4021; x_wconf 91' lang='lat' dir='ltr'>quod</span> 
     </span>
    </p>
   </div>
   <div class='ocr_carea' id='block_1_87' title="bbox 2054 4041 2338 4096">
    <p class='ocr_par' dir='ltr' id='par_1_87' title="bbox 2054 4041 2338 4096">
     <span class='ocr_line' id='line_1_87' title="bbox 2054 4041 2338 4096; baseline 0.004 -1"><span class='ocrx_word' id='word_1_622' title='bbox 2054 4041 2338 4096; x_wconf 87' lang='lat' dir='ltr'>subdidit.</span> 
     </span>
    </p>
   </div>
   <div class='ocr_carea' id='block_1_88' title="bbox 2125 4127 3704 4194">
    <p class='ocr_par' dir='ltr' id='par_1_88' title="bbox 2125 4127 3704 4194">
     <span class='ocr_line' id='line_1_88' title="bbox 2125 4127 3704 4194; baseline -0.002 -10"><span class='ocrx_word' id='word_1_623' title='bbox 2125 4153 2151 4179; x_wconf 75' lang='grc' dir='ltr'>ι‹</span> <span class='ocrx_word' id='word_1_624' title='bbox 2185 4131 2601 4187; x_wconf 87' lang='lat' dir='ltr'>Existimantes</span> <span class='ocrx_word' id='word_1_625' title='bbox 2635 4135 2827 4186; x_wconf 90' lang='lat' dir='ltr'>autem</span> <span class='ocrx_word' id='word_1_626' title='bbox 2863 4129 3030 4186; x_wconf 91' lang='lat' dir='ltr'>illum</span> <span class='ocrx_word' id='word_1_627' title='bbox 3063 4129 3270 4186; x_wconf 91' lang='lat' dir='ltr'>essein</span> <span class='ocrx_word' id='word_1_628' title='bbox 3293 4127 3594 4194; x_wconf 91' lang='lat' dir='ltr'>comitatu,</span> <span class='ocrx_word' id='word_1_629' title='bbox 3615 4142 3704 4181; x_wconf 90' lang='lat' dir='ltr'>ve-</span> 
     </span>
    </p>
   </div>
   <div class='ocr_carea' id='block_1_89' title="bbox 2055 4217 3706 4291">
    <p class='ocr_par' dir='ltr' id='par_1_89' title="bbox 2055 4217 3706 4291">
     <span class='ocr_line' id='line_1_89' title="bbox 2055 4217 3706 4291; baseline -0.003 -18"><span class='ocrx_word' id='word_1_630' title='bbox 2055 4241 2081 4268; x_wconf 91' lang='grc'>‹‹</span> <span class='ocrx_word' id='word_1_631' title='bbox 2117 4225 2328 4274; x_wconf 89' lang='lat' dir='ltr'>nerunt</span> <span class='ocrx_word' id='word_1_632' title='bbox 2360 4221 2469 4275; x_wconf 91' lang='lat' dir='ltr'>iter</span> <span class='ocrx_word' id='word_1_633' title='bbox 2498 4219 2631 4284; x_wconf 88' lang='lat' dir='ltr'>diei,</span> <span class='ocrx_word' id='word_1_634' title='bbox 2666 4225 2722 4273; x_wconf 90' lang='lat' dir='ltr'>et</span> <span class='ocrx_word' id='word_1_635' title='bbox 2752 4218 3124 4291; x_wconf 90' lang='lat' dir='ltr'>requirebant</span> <span class='ocrx_word' id='word_1_636' title='bbox 3153 4234 3285 4272; x_wconf 91' lang='lat' dir='ltr'>eum</span> <span class='ocrx_word' id='word_1_637' title='bbox 3320 4217 3469 4270; x_wconf 90' lang='lat' dir='ltr'>inter</span> <span class='ocrx_word' id='word_1_638' title='bbox 3497 4231 3706 4286; x_wconf 90' lang='lat' dir='ltr'>cogna-</span> 
     </span>
    </p>
   </div>
   <div class='ocr_carea' id='block_1_90' title="bbox 2054 4303 3702 4378">
    <p class='ocr_par' dir='ltr' id='par_1_90' title="bbox 2054 4303 3702 4378">
     <span class='ocr_line' id='line_1_90' title="bbox 2054 4303 3702 4378; baseline -0.003 -17"><span class='ocrx_word' id='word_1_639' title='bbox 2054 4330 2080 4355; x_wconf 85' lang='grc'>‹‹</span> <span class='ocrx_word' id='word_1_640' title='bbox 2116 4309 2206 4361; x_wconf 90' lang='lat' dir='ltr'>tos</span> <span class='ocrx_word' id='word_1_641' title='bbox 2237 4313 2294 4362; x_wconf 90' lang='lat' dir='ltr'>et</span> <span class='ocrx_word' id='word_1_642' title='bbox 2343 4312 2530 4362; x_wconf 86' lang='lat' dir='ltr'>notos.</span> <span class='ocrx_word' id='word_1_643' title='bbox 2569 4331 2596 4355; x_wconf 84' lang='lat'>»</span> <span class='ocrx_word' id='word_1_644' title='bbox 2626 4308 2771 4362; x_wconf 89' lang='lat' dir='ltr'>Nam</span> <span class='ocrx_word' id='word_1_645' title='bbox 2822 4312 3110 4378; x_wconf 90' lang='lat' dir='ltr'>quantum</span> <span class='ocrx_word' id='word_1_646' title='bbox 3162 4305 3380 4359; x_wconf 86' lang='lat' dir='ltr'>amoris</span> <span class='ocrx_word' id='word_1_647' title='bbox 3430 4303 3702 4358; x_wconf 72' lang='lat' dir='ltr'>affectum</span> 
     </span>
    </p>
   </div>
   <div class='ocr_carea' id='block_1_91' title="bbox 2052 4391 3698 4466">
    <p class='ocr_par' dir='ltr' id='par_1_91' title="bbox 2052 4391 3698 4466">
     <span class='ocr_line' id='line_1_91' title="bbox 2052 4391 3698 4466; baseline -0.003 -16"><span class='ocrx_word' id='word_1_648' title='bbox 2052 4410 2191 4466; x_wconf 54' lang='lat' dir='ltr'>(rga</span> <span class='ocrx_word' id='word_1_649' title='bbox 2220 4394 2385 4449; x_wconf 92' lang='lat' dir='ltr'>illum</span> <span class='ocrx_word' id='word_1_650' title='bbox 2421 4395 2720 4460; x_wconf 89' lang='lat' dir='ltr'>haberent,</span> <span class='ocrx_word' id='word_1_651' title='bbox 2763 4395 3189 4459; x_wconf 88' lang='lat' dir='ltr'>manifestatur,</span> <span class='ocrx_word' id='word_1_652' title='bbox 3224 4409 3357 4446; x_wconf 92' lang='lat' dir='ltr'>cum</span> <span class='ocrx_word' id='word_1_653' title='bbox 3387 4391 3698 4448; x_wconf 89' lang='lat' dir='ltr'>subditur:</span> 
     </span>
    </p>
   </div>
   <div class='ocr_carea' id='block_1_92' title="bbox 2124 4478 3699 4554">
    <p class='ocr_par' dir='ltr' id='par_1_92' title="bbox 2124 4478 3699 4554">
     <span class='ocr_line' id='line_1_92' title="bbox 2124 4478 3699 4554; baseline 0 -21"><span class='ocrx_word' id='word_1_654' title='bbox 2124 4507 2152 4533; x_wconf 83' lang='lat'><strong>«</strong></span> <span class='ocrx_word' id='word_1_655' title='bbox 2183 4484 2250 4538; x_wconf 85' lang='lat' dir='ltr'>Et</span> <span class='ocrx_word' id='word_1_656' title='bbox 2277 4500 2390 4538; x_wconf 91' lang='lat' dir='ltr'>non</span> <span class='ocrx_word' id='word_1_657' title='bbox 2424 4482 3066 4554; x_wconf 87' lang='lat' dir='ltr'>invenientes,regressi</span> <span class='ocrx_word' id='word_1_658' title='bbox 3099 4486 3237 4536; x_wconf 90' lang='lat' dir='ltr'>sunt</span> <span class='ocrx_word' id='word_1_659' title='bbox 3259 4480 3318 4535; x_wconf 92' lang='lat' dir='ltr'>in</span> <span class='ocrx_word' id='word_1_660' title='bbox 3351 4478 3699 4545; x_wconf 89' lang='lat' dir='ltr'>Jerusalem,</span> 
     </span>
    </p>
   </div>
   <div class='ocr_carea' id='block_1_93' title="bbox 283 4566 3704 4657">
    <p class='ocr_par' dir='ltr' id='par_1_93' title="bbox 283 4566 3704 4657">
     <span class='ocr_line' id='line_1_93' title="bbox 283 4566 3704 4657; baseline 0 -37"><span class='ocrx_word' id='word_1_661' title='bbox 283 4566 374 4632; x_wconf 89' lang='lat' dir='ltr'>(ut</span> <span class='ocrx_word' id='word_1_662' title='bbox 397 4566 678 4638; x_wconf 77' lang='lat' dir='ltr'>diximu)</span> <span class='ocrx_word' id='word_1_663' title='bbox 701 4568 1016 4624; x_wconf 89' lang='lat' dir='ltr'>Dominum</span> <span class='ocrx_word' id='word_1_664' title='bbox 1039 4570 1429 4640; x_wconf 85' lang='lat' dir='ltr'>adoraturi,et</span> <span class='ocrx_word' id='word_1_665' title='bbox 1449 4590 1695 4630; x_wconf 87' lang='lat' dir='ltr'>munera</span> <span class='ocrx_word' id='word_1_666' title='bbox 1715 4575 1764 4630; x_wconf 89' lang='lat' dir='ltr'>ei</span> <span class='ocrx_word' id='word_1_667' title='bbox 1788 4575 1944 4631; x_wconf 62' lang='lat' dir='ltr'>oblao</span> <span class='ocrx_word' id='word_1_668' title='bbox 1973 4591 2022 4657; x_wconf 75' lang='grc' dir='ltr'><strong>Ι)</strong></span> <span class='ocrx_word' id='word_1_669' title='bbox 2056 4595 2084 4621; x_wconf 90' lang='grc'>‹‹</span> <span class='ocrx_word' id='word_1_670' title='bbox 2116 4572 2479 4644; x_wconf 88' lang='lat' dir='ltr'>requirentes</span> <span class='ocrx_word' id='word_1_671' title='bbox 2508 4589 2665 4626; x_wconf 92' lang='lat' dir='ltr'>eum.</span> <span class='ocrx_word' id='word_1_672' title='bbox 2698 4573 2768 4627; x_wconf 86' lang='lat' dir='ltr'>Et</span> <span class='ocrx_word' id='word_1_673' title='bbox 2799 4573 3014 4626; x_wconf 86' lang='lat' dir='ltr'>factum</span> <span class='ocrx_word' id='word_1_674' title='bbox 3046 4575 3135 4626; x_wconf 88' lang='lat' dir='ltr'>est</span> <span class='ocrx_word' id='word_1_675' title='bbox 3157 4574 3288 4641; x_wconf 91' lang='lat' dir='ltr'>post</span> <span class='ocrx_word' id='word_1_676' title='bbox 3315 4568 3602 4637; x_wconf 87' lang='lat' dir='ltr'>triduum,</span> <span class='ocrx_word' id='word_1_677' title='bbox 3622 4567 3704 4657; x_wconf 87' lang='lat' dir='ltr'>in-</span> 
     </span>
    </p>
   </div>
   <div class='ocr_carea' id='block_1_94' title="bbox 280 4654 1942 4732">
    <p class='ocr_par' dir='ltr' id='par_1_94' title="bbox 280 4654 1942 4732">
     <span class='ocr_line' id='line_1_94' title="bbox 280 4654 1942 4732; baseline 0.005 -22"><span class='ocrx_word' id='word_1_678' title='bbox 280 4654 428 4720; x_wconf 76' lang='lat' dir='ltr'>turi,</span> <span class='ocrx_word' id='word_1_679' title='bbox 461 4656 534 4712; x_wconf 90' lang='lat' dir='ltr'>ob</span> <span class='ocrx_word' id='word_1_680' title='bbox 565 4657 1023 4713; x_wconf 74' lang='lat' dir='ltr'>recordationem</span> <span class='ocrx_word' id='word_1_681' title='bbox 1054 4659 1279 4715; x_wconf 87' lang='lat' dir='ltr'>scilicet</span> <span class='ocrx_word' id='word_1_682' title='bbox 1308 4661 1660 4732; x_wconf 84' lang='lat' dir='ltr'>egressionis</span> <span class='ocrx_word' id='word_1_683' title='bbox 1691 4663 1760 4719; x_wconf 90' lang='lat' dir='ltr'>de</span> <span class='ocrx_word' id='word_1_684' title='bbox 1786 4667 1942 4719; x_wconf 87' lang='lat' dir='ltr'>terra</span> 
     </span>
    </p>
   </div>
   <div class='ocr_carea' id='block_1_95' title="bbox 281 4743 1938 4824">
    <p class='ocr_par' dir='ltr' id='par_1_95' title="bbox 281 4743 1938 4824">
     <span class='ocr_line' id='line_1_95' title="bbox 281 4743 1938 4824; baseline 0.004 -24"><span class='ocrx_word' id='word_1_685' title='bbox 281 4743 518 4816; x_wconf 65' lang='grc' dir='ltr'>λεδ-γριὶ</span> <span class='ocrx_word' id='word_1_686' title='bbox 547 4748 606 4798; x_wconf 86' lang='lat' dir='ltr'>et</span> <span class='ocrx_word' id='word_1_687' title='bbox 634 4744 1095 4802; x_wconf 89' lang='lat' dir='ltr'>immolationem</span> <span class='ocrx_word' id='word_1_688' title='bbox 1127 4747 1282 4820; x_wconf 89' lang='lat' dir='ltr'>agni.</span> <span class='ocrx_word' id='word_1_689' title='bbox 1306 4750 1770 4807; x_wconf 85' lang='lat' dir='ltr'>Ascendentibus</span> <span class='ocrx_word' id='word_1_690' title='bbox 1801 4769 1938 4824; x_wconf 86' lang='lat' dir='ltr'>ergo</span> 
     </span>
    </p>
   </div>
   <div class='ocr_carea' id='block_1_96' title="bbox 271 4830 1939 4908">
    <p class='ocr_par' dir='ltr' id='par_1_96' title="bbox 271 4830 1939 4908">
     <span class='ocr_line' id='line_1_96' title="bbox 271 4830 1939 4908; baseline 0.007 -23"><span class='ocrx_word' id='word_1_691' title='bbox 271 4832 452 4904; x_wconf 83' lang='lat' dir='ltr'>juxta</span> <span class='ocrx_word' id='word_1_692' title='bbox 482 4830 633 4887; x_wconf 89' lang='lat' dir='ltr'>hanc</span> <span class='ocrx_word' id='word_1_693' title='bbox 678 4835 1161 4890; x_wconf 87' lang='lat' dir='ltr'>consuetudinem</span> <span class='ocrx_word' id='word_1_694' title='bbox 1213 4838 1554 4908; x_wconf 88' lang='lat' dir='ltr'>parentibus</span> <span class='ocrx_word' id='word_1_695' title='bbox 1604 4839 1834 4895; x_wconf 91' lang='lat' dir='ltr'>Domini</span> <span class='ocrx_word' id='word_1_696' title='bbox 1866 4842 1939 4897; x_wconf 88' lang='lat' dir='ltr'>ad</span> 
     </span>
    </p>
   </div>
   <div class='ocr_carea' id='block_1_97' title="bbox 279 4919 1942 4986">
    <p class='ocr_par' dir='ltr' id='par_1_97' title="bbox 279 4919 1942 4986">
     <span class='ocr_line' id='line_1_97' title="bbox 279 4919 1942 4986; baseline 0.007 -12"><span class='ocrx_word' id='word_1_697' title='bbox 279 4919 785 4986; x_wconf 76' lang='lat' dir='ltr'>orationem,cum</span> <span class='ocrx_word' id='word_1_698' title='bbox 818 4921 1009 4978; x_wconf 85' lang='lat' dir='ltr'>factus</span> <span class='ocrx_word' id='word_1_699' title='bbox 1035 4927 1194 4980; x_wconf 86' lang='lat' dir='ltr'>esset</span> <span class='ocrx_word' id='word_1_700' title='bbox 1220 4925 1391 4980; x_wconf 83' lang='lat' dir='ltr'>Jesus</span> <span class='ocrx_word' id='word_1_701' title='bbox 1416 4943 1705 4982; x_wconf 88' lang='lat' dir='ltr'>annorum</span> <span class='ocrx_word' id='word_1_702' title='bbox 1729 4928 1942 4985; x_wconf 87' lang='lat' dir='ltr'>duode-</span> 
     </span>
    </p>
   </div>
   <div class='ocr_carea' id='block_1_98' title="bbox 278 5009 1940 5083">
    <p class='ocr_par' dir='ltr' id='par_1_98' title="bbox 278 5009 1940 5083">
     <span class='ocr_line' id='line_1_98' title="bbox 278 5009 1940 5083; baseline 0.006 -20"><span class='ocrx_word' id='word_1_703' title='bbox 278 5009 705 5074; x_wconf 70' lang='lat' dir='ltr'>cim,ascendit</span> <span class='ocrx_word' id='word_1_704' title='bbox 733 5026 870 5066; x_wconf 87' lang='lat' dir='ltr'>cum</span> <span class='ocrx_word' id='word_1_705' title='bbox 902 5010 1037 5068; x_wconf 85' lang='lat' dir='ltr'>illis.</span> <span class='ocrx_word' id='word_1_706' title='bbox 1058 5011 1169 5068; x_wconf 85' lang='lat' dir='ltr'>Sed</span> <span class='ocrx_word' id='word_1_707' title='bbox 1201 5029 1334 5068; x_wconf 87' lang='lat' dir='ltr'>cum</span> <span class='ocrx_word' id='word_1_708' title='bbox 1361 5015 1533 5071; x_wconf 90' lang='lat' dir='ltr'>audis</span> <span class='ocrx_word' id='word_1_709' title='bbox 1565 5017 1940 5083; x_wconf 86' lang='lat' dir='ltr'>factum,noli</span> 
     </span>
    </p>
   </div>
   <div class='ocr_carea' id='block_1_99' title="bbox 275 5097 1936 5173">
    <p class='ocr_par' dir='ltr' id='par_1_99' title="bbox 275 5097 1936 5173">
     <span class='ocr_line' id='line_1_99' title="bbox 275 5097 1936 5173; baseline 0.005 -21"><span class='ocrx_word' id='word_1_710' title='bbox 275 5097 556 5154; x_wconf 79' lang='lat' dir='ltr'>dubitare</span> <span class='ocrx_word' id='word_1_711' title='bbox 588 5097 886 5155; x_wconf 84' lang='lat' dir='ltr'>factorem.</span> <span class='ocrx_word' id='word_1_712' title='bbox 916 5100 1122 5157; x_wconf 83' lang='lat' dir='ltr'>Factus</span> <span class='ocrx_word' id='word_1_713' title='bbox 1151 5106 1242 5157; x_wconf 88' lang='lat' dir='ltr'>est</span> <span class='ocrx_word' id='word_1_714' title='bbox 1269 5102 1426 5157; x_wconf 88' lang='lat' dir='ltr'>enim</span> <span class='ocrx_word' id='word_1_715' title='bbox 1457 5103 1515 5158; x_wconf 92' lang='lat' dir='ltr'>in</span> <span class='ocrx_word' id='word_1_716' title='bbox 1548 5104 1733 5160; x_wconf 89' lang='lat' dir='ltr'>forma</span> <span class='ocrx_word' id='word_1_717' title='bbox 1764 5107 1936 5173; x_wconf 90' lang='lat' dir='ltr'>servi,</span> 
     </span>
    </p>
   </div>
   <div class='ocr_carea' id='block_1_100' title="bbox 277 5186 1936 5270">
    <p class='ocr_par' dir='ltr' id='par_1_100' title="bbox 277 5186 1936 5270">
     <span class='ocr_line' id='line_1_100' title="bbox 277 5186 1936 5270; baseline 0.005 -28"><span class='ocrx_word' id='word_1_718' title='bbox 277 5187 386 5259; x_wconf 81' lang='lat' dir='ltr'>qui</span> <span class='ocrx_word' id='word_1_719' title='bbox 420 5186 622 5244; x_wconf 80' lang='lat' dir='ltr'>omnia</span> <span class='ocrx_word' id='word_1_720' title='bbox 649 5187 865 5244; x_wconf 75' lang='lat' dir='ltr'>fecerat</span> <span class='ocrx_word' id='word_1_721' title='bbox 891 5187 948 5243; x_wconf 90' lang='lat' dir='ltr'>in</span> <span class='ocrx_word' id='word_1_722' title='bbox 982 5189 1168 5246; x_wconf 85' lang='lat' dir='ltr'>forma</span> <span class='ocrx_word' id='word_1_723' title='bbox 1198 5189 1489 5256; x_wconf 87' lang='lat' dir='ltr'>Dei,sicut</span> <span class='ocrx_word' id='word_1_724' title='bbox 1509 5191 1792 5270; x_wconf 77' lang='lat' dir='ltr'>scriptum</span> <span class='ocrx_word' id='word_1_725' title='bbox 1815 5198 1936 5250; x_wconf 89' lang='lat' dir='ltr'>cst:</span> 
     </span>
    </p>
   </div>
   <div class='ocr_carea' id='block_1_101' title="bbox 277 5274 1940 5352">
    <p class='ocr_par' dir='ltr' id='par_1_101' title="bbox 277 5274 1940 5352">
     <span class='ocr_line' id='line_1_101' title="bbox 277 5274 1940 5352; baseline 0.008 -27"><span class='ocrx_word' id='word_1_726' title='bbox 277 5300 304 5325; x_wconf 71' lang='grc' dir='ltr'>σι</span> <span class='ocrx_word' id='word_1_727' title='bbox 339 5274 559 5333; x_wconf 73' lang='lat' dir='ltr'>Omnia</span> <span class='ocrx_word' id='word_1_728' title='bbox 579 5291 684 5346; x_wconf 85' lang='lat' dir='ltr'>per</span> <span class='ocrx_word' id='word_1_729' title='bbox 711 5275 908 5348; x_wconf 89' lang='lat' dir='ltr'>ipsum</span> <span class='ocrx_word' id='word_1_730' title='bbox 942 5277 1090 5332; x_wconf 80' lang='lat' dir='ltr'>facta</span> <span class='ocrx_word' id='word_1_731' title='bbox 1120 5284 1258 5332; x_wconf 87' lang='lat' dir='ltr'>sunt</span> <span class='ocrx_word' id='word_1_732' title='bbox 1278 5280 1455 5349; x_wconf 82' lang='lat' dir='ltr'>(Joan.</span> <span class='ocrx_word' id='word_1_733' title='bbox 1482 5281 1543 5349; x_wconf 83' lang='grc' dir='ltr'>ι).</span> <span class='ocrx_word' id='word_1_734' title='bbox 1568 5303 1594 5328; x_wconf 89' lang='grc'><strong>››</strong></span> <span class='ocrx_word' id='word_1_735' title='bbox 1618 5280 1698 5334; x_wconf 88' lang='lat' dir='ltr'>De</span> <span class='ocrx_word' id='word_1_736' title='bbox 1720 5298 1834 5352; x_wconf 91' lang='lat' dir='ltr'>quo</span> <span class='ocrx_word' id='word_1_737' title='bbox 1857 5281 1940 5338; x_wconf 92' lang='lat' dir='ltr'>ait</span> 
     </span>
    </p>
   </div>
   <div class='ocr_carea' id='block_1_102' title="bbox 271 5363 1935 5434">
    <p class='ocr_par' dir='ltr' id='par_1_102' title="bbox 271 5363 1935 5434">
     <span class='ocr_line' id='line_1_102' title="bbox 271 5363 1935 5434; baseline 0.004 -16"><span class='ocrx_word' id='word_1_738' title='bbox 271 5363 596 5434; x_wconf 78' lang='lat' dir='ltr'>Apostolus</span> <span class='ocrx_word' id='word_1_739' title='bbox 621 5381 633 5420; x_wconf 89' lang='lat'>:</span> <span class='ocrx_word' id='word_1_740' title='bbox 661 5386 689 5416; x_wconf 70' lang='grc' dir='ltr'><strong><em>α</em></strong></span> <span class='ocrx_word' id='word_1_741' title='bbox 716 5365 922 5422; x_wconf 83' lang='lat' dir='ltr'>Factus</span> <span class='ocrx_word' id='word_1_742' title='bbox 946 5369 1121 5420; x_wconf 81' lang='lat' dir='ltr'>estex</span> <span class='ocrx_word' id='word_1_743' title='bbox 1150 5367 1374 5423; x_wconf 86' lang='lat' dir='ltr'>semine</span> <span class='ocrx_word' id='word_1_744' title='bbox 1401 5367 1578 5423; x_wconf 88' lang='lat' dir='ltr'>David</span> <span class='ocrx_word' id='word_1_745' title='bbox 1611 5371 1935 5425; x_wconf 87' lang='lat' dir='ltr'>secundum</span> 
     </span>
    </p>
   </div>
   <div class='ocr_carea' id='block_1_103' title="bbox 273 5453 1935 5528">
    <p class='ocr_par' dir='ltr' id='par_1_103' title="bbox 273 5453 1935 5528">
     <span class='ocr_line' id='line_1_103' title="bbox 273 5453 1935 5528; baseline 0.003 -20"><span class='ocrx_word' id='word_1_746' title='bbox 273 5467 520 5508; x_wconf 68' lang='lat' dir='ltr'>carnem</span> <span class='ocrx_word' id='word_1_747' title='bbox 546 5453 720 5524; x_wconf 81' lang='lat' dir='ltr'>(Rom.</span> <span class='ocrx_word' id='word_1_748' title='bbox 755 5459 818 5520; x_wconf 74' lang='grc' dir='ltr'>ι).</span> <span class='ocrx_word' id='word_1_749' title='bbox 855 5475 884 5503; x_wconf 83' lang='grc'>››</span> <span class='ocrx_word' id='word_1_750' title='bbox 917 5454 984 5508; x_wconf 87' lang='lat' dir='ltr'>Et</span> <span class='ocrx_word' id='word_1_751' title='bbox 1014 5457 1103 5518; x_wconf 90' lang='lat' dir='ltr'>(ut</span> <span class='ocrx_word' id='word_1_752' title='bbox 1134 5454 1214 5509; x_wconf 89' lang='lat' dir='ltr'>ita</span> <span class='ocrx_word' id='word_1_753' title='bbox 1252 5455 1464 5521; x_wconf 89' lang='lat' dir='ltr'>dicam)</span> <span class='ocrx_word' id='word_1_754' title='bbox 1496 5456 1685 5512; x_wconf 86' lang='lat' dir='ltr'>factus</span> <span class='ocrx_word' id='word_1_755' title='bbox 1716 5462 1804 5512; x_wconf 90' lang='lat' dir='ltr'>est</span> <span class='ocrx_word' id='word_1_756' title='bbox 1835 5459 1935 5528; x_wconf 89' lang='lat' dir='ltr'>qui</span> 
     </span>
    </p>
   </div>
   <div class='ocr_carea' id='block_1_104' title="bbox 272 5540 1937 5615">
    <p class='ocr_par' dir='ltr' id='par_1_104' title="bbox 272 5540 1937 5615">
     <span class='ocr_line' id='line_1_104' title="bbox 272 5540 1937 5615; baseline 0.006 -23"><span class='ocrx_word' id='word_1_757' title='bbox 272 5543 496 5598; x_wconf 63' lang='lat' dir='ltr'>cuncta</span> <span class='ocrx_word' id='word_1_758' title='bbox 527 5540 760 5607; x_wconf 85' lang='lat' dir='ltr'>fecerat,</span> <span class='ocrx_word' id='word_1_759' title='bbox 794 5545 858 5596; x_wconf 89' lang='lat' dir='ltr'>ut</span> <span class='ocrx_word' id='word_1_760' title='bbox 887 5541 981 5599; x_wconf 85' lang='lat' dir='ltr'>ille</span> <span class='ocrx_word' id='word_1_761' title='bbox 1031 5542 1406 5610; x_wconf 86' lang='lat' dir='ltr'>inveniretur,</span> <span class='ocrx_word' id='word_1_762' title='bbox 1441 5545 1539 5615; x_wconf 91' lang='lat' dir='ltr'>qui</span> <span class='ocrx_word' id='word_1_763' title='bbox 1571 5545 1715 5604; x_wconf 84' lang='lat' dir='ltr'>bene</span> <span class='ocrx_word' id='word_1_764' title='bbox 1748 5546 1937 5615; x_wconf 71' lang='lat' dir='ltr'>factus</span> 
     </span>
    </p>
   </div>
   <div class='ocr_carea' id='block_1_105' title="bbox 273 5626 1932 5702">
    <p class='ocr_par' dir='ltr' id='par_1_105' title="bbox 273 5626 1932 5702">
     <span class='ocr_line' id='line_1_105' title="bbox 273 5626 1932 5702; baseline 0.005 -21"><span class='ocrx_word' id='word_1_765' title='bbox 273 5626 434 5681; x_wconf 88' lang='lat' dir='ltr'>male</span> <span class='ocrx_word' id='word_1_766' title='bbox 468 5629 732 5700; x_wconf 85' lang='lat' dir='ltr'>perierat.</span> <span class='ocrx_word' id='word_1_767' title='bbox 775 5629 1044 5685; x_wconf 76' lang='lat' dir='ltr'>Ascendit</span> <span class='ocrx_word' id='word_1_768' title='bbox 1075 5631 1292 5702; x_wconf 85' lang='lat' dir='ltr'>quippe</span> <span class='ocrx_word' id='word_1_769' title='bbox 1320 5631 1667 5688; x_wconf 86' lang='lat' dir='ltr'>duodecimo</span> <span class='ocrx_word' id='word_1_770' title='bbox 1697 5651 1848 5692; x_wconf 87' lang='lat' dir='ltr'>anno</span> <span class='ocrx_word' id='word_1_771' title='bbox 1879 5635 1932 5691; x_wconf 92' lang='lat' dir='ltr'>in</span> 
     </span>
    </p>
   </div>
   <div class='ocr_carea' id='block_1_106' title="bbox 2054 4655 3702 4732">
    <p class='ocr_par' dir='ltr' id='par_1_106' title="bbox 2054 4655 3702 4732">
     <span class='ocr_line' id='line_1_106' title="bbox 2054 4655 3702 4732; baseline -0.003 -16"><span class='ocrx_word' id='word_1_772' title='bbox 2054 4684 2081 4711; x_wconf 78' lang='grc' dir='ltr'><strong>(ι</strong></span> <span class='ocrx_word' id='word_1_773' title='bbox 2112 4666 2393 4716; x_wconf 85' lang='lat' dir='ltr'>venerunt</span> <span class='ocrx_word' id='word_1_774' title='bbox 2424 4661 2588 4715; x_wconf 92' lang='lat' dir='ltr'>illum</span> <span class='ocrx_word' id='word_1_775' title='bbox 2623 4660 2682 4714; x_wconf 91' lang='lat' dir='ltr'>in</span> <span class='ocrx_word' id='word_1_776' title='bbox 2716 4660 2953 4732; x_wconf 90' lang='lat' dir='ltr'>templo.</span> <span class='ocrx_word' id='word_1_777' title='bbox 2981 4681 3008 4707; x_wconf 83' lang='lat'><strong>»</strong></span> <span class='ocrx_word' id='word_1_778' title='bbox 3031 4659 3154 4714; x_wconf 91' lang='lat' dir='ltr'>Non</span> <span class='ocrx_word' id='word_1_779' title='bbox 3174 4663 3339 4713; x_wconf 90' lang='lat' dir='ltr'>vacat</span> <span class='ocrx_word' id='word_1_780' title='bbox 3369 4675 3403 4714; x_wconf 92' lang='lat' dir='ltr'>a</span> <span class='ocrx_word' id='word_1_781' title='bbox 3428 4655 3702 4730; x_wconf 86' lang='lat' dir='ltr'>mysterio</span> 
     </span>
    </p>
   </div>
   <div class='ocr_carea' id='block_1_107' title="bbox 2051 4744 3701 4822">
    <p class='ocr_par' dir='ltr' id='par_1_107' title="bbox 2051 4744 3701 4822">
     <span class='ocr_line' id='line_1_107' title="bbox 2051 4744 3701 4822; baseline -0.002 -18"><span class='ocrx_word' id='word_1_782' title='bbox 2051 4750 2204 4822; x_wconf 91' lang='lat' dir='ltr'>quod</span> <span class='ocrx_word' id='word_1_783' title='bbox 2237 4749 2522 4804; x_wconf 91' lang='lat' dir='ltr'>Dominus</span> <span class='ocrx_word' id='word_1_784' title='bbox 2554 4754 2685 4821; x_wconf 91' lang='lat' dir='ltr'>post</span> <span class='ocrx_word' id='word_1_785' title='bbox 2704 4749 2964 4803; x_wconf 91' lang='lat' dir='ltr'>triduum</span> <span class='ocrx_word' id='word_1_786' title='bbox 2989 4764 3022 4803; x_wconf 89' lang='lat' dir='ltr'>a</span> <span class='ocrx_word' id='word_1_787' title='bbox 3043 4747 3382 4820; x_wconf 88' lang='lat' dir='ltr'>parentibus</span> <span class='ocrx_word' id='word_1_788' title='bbox 3402 4745 3461 4800; x_wconf 90' lang='lat' dir='ltr'>in</span> <span class='ocrx_word' id='word_1_789' title='bbox 3485 4744 3701 4816; x_wconf 89' lang='lat' dir='ltr'>templo</span> 
     </span>
    </p>
   </div>
   <div class='ocr_carea' id='block_1_108' title="bbox 2051 4833 3701 4910">
    <p class='ocr_par' dir='ltr' id='par_1_108' title="bbox 2051 4833 3701 4910">
     <span class='ocr_line' id='line_1_108' title="bbox 2051 4833 3701 4910; baseline -0.003 -17"><span class='ocrx_word' id='word_1_790' title='bbox 2051 4837 2507 4910; x_wconf 85' lang='lat' dir='ltr'>reperitur.Tria</span> <span class='ocrx_word' id='word_1_791' title='bbox 2525 4837 2681 4893; x_wconf 87' lang='lat' dir='ltr'>enim</span> <span class='ocrx_word' id='word_1_792' title='bbox 2714 4841 2853 4892; x_wconf 89' lang='lat' dir='ltr'>sunt</span> <span class='ocrx_word' id='word_1_793' title='bbox 2881 4843 3166 4907; x_wconf 89' lang='lat' dir='ltr'>tempora,</span> <span class='ocrx_word' id='word_1_794' title='bbox 3199 4839 3335 4890; x_wconf 88' lang='lat' dir='ltr'>ante</span> <span class='ocrx_word' id='word_1_795' title='bbox 3365 4833 3701 4905; x_wconf 87' lang='lat' dir='ltr'>legem,sub</span> 
     </span>
    </p>
   </div>
   <div class='ocr_carea' id='block_1_109' title="bbox 2050 4922 3700 4999">
    <p class='ocr_par' dir='ltr' id='par_1_109' title="bbox 2050 4922 3700 4999">
     <span class='ocr_line' id='line_1_109' title="bbox 2050 4922 3700 4999; baseline -0.003 -17"><span class='ocrx_word' id='word_1_796' title='bbox 2050 4927 2177 4999; x_wconf 86' lang='lat' dir='ltr'>lege</span> <span class='ocrx_word' id='word_1_797' title='bbox 2205 4930 2262 4981; x_wconf 90' lang='lat' dir='ltr'>et</span> <span class='ocrx_word' id='word_1_798' title='bbox 2290 4927 2400 4982; x_wconf 89' lang='lat' dir='ltr'>sub</span> <span class='ocrx_word' id='word_1_799' title='bbox 2431 4927 2636 4998; x_wconf 88' lang='lat' dir='ltr'>gratia.</span> <span class='ocrx_word' id='word_1_800' title='bbox 2681 4925 2786 4991; x_wconf 87' lang='lat' dir='ltr'>Qui</span> <span class='ocrx_word' id='word_1_801' title='bbox 2833 4941 2969 4997; x_wconf 88' lang='lat' dir='ltr'>ergo</span> <span class='ocrx_word' id='word_1_802' title='bbox 3018 4941 3134 4979; x_wconf 91' lang='lat' dir='ltr'>non</span> <span class='ocrx_word' id='word_1_803' title='bbox 3184 4928 3319 4980; x_wconf 88' lang='lat' dir='ltr'>ante</span> <span class='ocrx_word' id='word_1_804' title='bbox 3351 4922 3558 4996; x_wconf 87' lang='lat' dir='ltr'>legem,</span> <span class='ocrx_word' id='word_1_805' title='bbox 3594 4939 3700 4977; x_wconf 90' lang='lat' dir='ltr'>nec</span> 
     </span>
    </p>
   </div>
   <div class='ocr_carea' id='block_1_110' title="bbox 2052 5010 3697 5087">
    <p class='ocr_par' dir='ltr' id='par_1_110' title="bbox 2052 5010 3697 5087">
     <span class='ocr_line' id='line_1_110' title="bbox 2052 5010 3697 5087; baseline -0.003 -16"><span class='ocrx_word' id='word_1_806' title='bbox 2052 5017 2163 5071; x_wconf 91' lang='lat' dir='ltr'>sub</span> <span class='ocrx_word' id='word_1_807' title='bbox 2193 5015 2336 5087; x_wconf 86' lang='lat' dir='ltr'>lege,</span> <span class='ocrx_word' id='word_1_808' title='bbox 2371 5016 2470 5069; x_wconf 88' lang='lat' dir='ltr'>sed</span> <span class='ocrx_word' id='word_1_809' title='bbox 2505 5015 2614 5069; x_wconf 91' lang='lat' dir='ltr'>sub</span> <span class='ocrx_word' id='word_1_810' title='bbox 2645 5014 2836 5086; x_wconf 89' lang='lat' dir='ltr'>gratia</span> <span class='ocrx_word' id='word_1_811' title='bbox 2867 5014 3088 5068; x_wconf 91' lang='lat' dir='ltr'>mundo</span> <span class='ocrx_word' id='word_1_812' title='bbox 3125 5012 3376 5068; x_wconf 87' lang='lat' dir='ltr'>visibilis</span> <span class='ocrx_word' id='word_1_813' title='bbox 3408 5010 3697 5084; x_wconf 86' lang='lat' dir='ltr'>apparuit,</span> 
     </span>
    </p>
   </div>
   <div class='ocr_carea' id='block_1_111' title="bbox 2051 5099 3697 5174">
    <p class='ocr_par' dir='ltr' id='par_1_111' title="bbox 2051 5099 3697 5174">
     <span class='ocr_line' id='line_1_111' title="bbox 2051 5099 3697 5174; baseline -0.003 -17"><span class='ocrx_word' id='word_1_814' title='bbox 2051 5109 2200 5159; x_wconf 90' lang='lat' dir='ltr'>recte</span> <span class='ocrx_word' id='word_1_815' title='bbox 2233 5109 2363 5174; x_wconf 91' lang='lat' dir='ltr'>post</span> <span class='ocrx_word' id='word_1_816' title='bbox 2393 5103 2656 5157; x_wconf 90' lang='lat' dir='ltr'>triduum</span> <span class='ocrx_word' id='word_1_817' title='bbox 2690 5106 2954 5173; x_wconf 88' lang='lat' dir='ltr'>repertus</span> <span class='ocrx_word' id='word_1_818' title='bbox 2984 5101 3042 5156; x_wconf 91' lang='lat' dir='ltr'>in</span> <span class='ocrx_word' id='word_1_819' title='bbox 3076 5099 3293 5172; x_wconf 89' lang='lat' dir='ltr'>templo</span> <span class='ocrx_word' id='word_1_820' title='bbox 3315 5106 3697 5155; x_wconf 84' lang='lat' dir='ltr'>memoratur.</span> 
     </span>
    </p>
   </div>
   <div class='ocr_carea' id='block_1_112' title="bbox 2046 5188 3701 5264">
    <p class='ocr_par' dir='ltr' id='par_1_112' title="bbox 2046 5188 3701 5264">
     <span class='ocr_line' id='line_1_112' title="bbox 2046 5188 3701 5264; baseline -0.002 -18"><span class='ocrx_word' id='word_1_821' title='bbox 2046 5193 2172 5247; x_wconf 92' lang='lat' dir='ltr'>Sive</span> <span class='ocrx_word' id='word_1_822' title='bbox 2202 5209 2338 5263; x_wconf 90' lang='lat' dir='ltr'>ergo</span> <span class='ocrx_word' id='word_1_823' title='bbox 2371 5197 2501 5262; x_wconf 88' lang='lat' dir='ltr'>post</span> <span class='ocrx_word' id='word_1_824' title='bbox 2531 5191 2790 5244; x_wconf 92' lang='lat' dir='ltr'>triduum</span> <span class='ocrx_word' id='word_1_825' title='bbox 2818 5189 2876 5244; x_wconf 93' lang='lat' dir='ltr'>in</span> <span class='ocrx_word' id='word_1_826' title='bbox 2911 5189 3128 5264; x_wconf 90' lang='lat' dir='ltr'>templo</span> <span class='ocrx_word' id='word_1_827' title='bbox 3159 5188 3398 5262; x_wconf 89' lang='lat' dir='ltr'>reperiri</span> <span class='ocrx_word' id='word_1_828' title='bbox 3427 5188 3701 5252; x_wconf 89' lang='lat' dir='ltr'>voluit,ut</span> 
     </span>
    </p>
   </div>
   <div class='ocr_carea' id='block_1_113' title="bbox 2047 5277 3698 5352">
    <p class='ocr_par' dir='ltr' id='par_1_113' title="bbox 2047 5277 3698 5352">
     <span class='ocr_line' id='line_1_113' title="bbox 2047 5277 3698 5352; baseline -0.004 -16"><span class='ocrx_word' id='word_1_829' title='bbox 2047 5281 2378 5336; x_wconf 88' lang='lat' dir='ltr'>ostenderet</span> <span class='ocrx_word' id='word_1_830' title='bbox 2394 5280 2534 5352; x_wconf 91' lang='lat' dir='ltr'>quia</span> <span class='ocrx_word' id='word_1_831' title='bbox 2551 5278 2632 5332; x_wconf 91' lang='lat' dir='ltr'>illi</span> <span class='ocrx_word' id='word_1_832' title='bbox 2652 5279 2722 5333; x_wconf 90' lang='lat' dir='ltr'>ad</span> <span class='ocrx_word' id='word_1_833' title='bbox 2741 5279 2870 5348; x_wconf 87' lang='lat' dir='ltr'>ejus</span> <span class='ocrx_word' id='word_1_834' title='bbox 2887 5280 3168 5334; x_wconf 89' lang='lat' dir='ltr'>visionem</span> <span class='ocrx_word' id='word_1_835' title='bbox 3189 5284 3327 5333; x_wconf 89' lang='lat' dir='ltr'>sunt</span> <span class='ocrx_word' id='word_1_836' title='bbox 3343 5277 3670 5349; x_wconf 88' lang='lat' dir='ltr'>perventuri</span> <span class='ocrx_word' id='word_1_837' title='bbox 3685 5321 3698 5346; x_wconf 91' lang='lat'>,</span> 
     </span>
    </p>
   </div>
   <div class='ocr_carea' id='block_1_114' title="bbox 2047 5367 3700 5440">
    <p class='ocr_par' dir='ltr' id='par_1_114' title="bbox 2047 5367 3700 5440">
     <span class='ocr_line' id='line_1_114' title="bbox 2047 5367 3700 5440; baseline -0.001 -17"><span class='ocrx_word' id='word_1_838' title='bbox 2047 5369 2148 5440; x_wconf 90' lang='lat' dir='ltr'>qui</span> <span class='ocrx_word' id='word_1_839' title='bbox 2181 5369 2378 5431; x_wconf 85' lang='lat' dir='ltr'>fidem,</span> <span class='ocrx_word' id='word_1_840' title='bbox 2411 5384 2573 5439; x_wconf 90' lang='lat' dir='ltr'>spem</span> <span class='ocrx_word' id='word_1_841' title='bbox 2601 5373 2658 5422; x_wconf 91' lang='lat' dir='ltr'>et</span> <span class='ocrx_word' id='word_1_842' title='bbox 2701 5367 3046 5423; x_wconf 88' lang='lat' dir='ltr'>charitatem</span> <span class='ocrx_word' id='word_1_843' title='bbox 3093 5367 3342 5439; x_wconf 89' lang='lat' dir='ltr'>perfecte</span> <span class='ocrx_word' id='word_1_844' title='bbox 3373 5367 3608 5432; x_wconf 88' lang='lat' dir='ltr'>habent,</span> <span class='ocrx_word' id='word_1_845' title='bbox 3643 5371 3700 5421; x_wconf 90' lang='lat' dir='ltr'>et</span> 
     </span>
    </p>
   </div>
   <div class='ocr_carea' id='block_1_115' title="bbox 2048 5455 3698 5532">
    <p class='ocr_par' dir='ltr' id='par_1_115' title="bbox 2048 5455 3698 5532">
     <span class='ocr_line' id='line_1_115' title="bbox 2048 5455 3698 5532; baseline -0.001 -22"><span class='ocrx_word' id='word_1_846' title='bbox 2048 5458 2220 5511; x_wconf 85' lang='lat' dir='ltr'>fidem</span> <span class='ocrx_word' id='word_1_847' title='bbox 2273 5461 2487 5511; x_wconf 72' lang='lat' dir='ltr'>sancta:</span> <span class='ocrx_word' id='word_1_848' title='bbox 2538 5455 2840 5511; x_wconf 88' lang='lat' dir='ltr'>Trinitatis</span> <span class='ocrx_word' id='word_1_849' title='bbox 2898 5473 3043 5529; x_wconf 88' lang='lat' dir='ltr'>puro</span> <span class='ocrx_word' id='word_1_850' title='bbox 3065 5457 3270 5532; x_wconf 87' lang='lat' dir='ltr'>--cord_e</span> <span class='ocrx_word' id='word_1_851' title='bbox 3326 5457 3588 5522; x_wconf 90' lang='lat' dir='ltr'>credunt,</span> <span class='ocrx_word' id='word_1_852' title='bbox 3642 5459 3698 5509; x_wconf 89' lang='lat' dir='ltr'>et</span> 
     </span>
    </p>
   </div>
   <div class='ocr_carea' id='block_1_116' title="bbox 2046 5544 3694 5616">
    <p class='ocr_par' dir='ltr' id='par_1_116' title="bbox 2046 5544 3694 5616">
     <span class='ocr_line' id='line_1_116' title="bbox 2046 5544 3694 5616; baseline -0.002 -17"><span class='ocrx_word' id='word_1_853' title='bbox 2046 5563 2216 5616; x_wconf 84' lang='lat' dir='ltr'>opere</span> <span class='ocrx_word' id='word_1_854' title='bbox 2248 5544 2606 5600; x_wconf 87' lang='lat' dir='ltr'>custodiunt.</span> <span class='ocrx_word' id='word_1_855' title='bbox 2623 5545 2751 5601; x_wconf 89' lang='lat' dir='ltr'>Sive</span> <span class='ocrx_word' id='word_1_856' title='bbox 2775 5546 2942 5600; x_wconf 90' lang='lat' dir='ltr'>aliter</span> <span class='ocrx_word' id='word_1_857' title='bbox 2963 5544 3020 5600; x_wconf 88' lang='lat' dir='ltr'>in</span> <span class='ocrx_word' id='word_1_858' title='bbox 3045 5544 3263 5616; x_wconf 90' lang='lat' dir='ltr'>templo</span> <span class='ocrx_word' id='word_1_859' title='bbox 3287 5547 3415 5616; x_wconf 90' lang='lat' dir='ltr'>post</span> <span class='ocrx_word' id='word_1_860' title='bbox 3435 5544 3694 5600; x_wconf 90' lang='lat' dir='ltr'>triduum</span> 
     </span>
    </p>
   </div>
   <div class='ocr_carea' id='block_1_117' title="bbox 2051 5623 3696 5706">
    <p class='ocr_par' dir='ltr' id='par_1_117' title="bbox 2051 5623 3696 5706">
     <span class='ocr_line' id='line_1_117' title="bbox 2051 5623 3696 5706; baseline -0.002 -18"><span class='ocrx_word' id='word_1_861' title='bbox 2051 5633 2288 5706; x_wconf 86' lang='lat' dir='ltr'>reperiri</span> <span class='ocrx_word' id='word_1_862' title='bbox 2317 5633 2519 5698; x_wconf 90' lang='lat' dir='ltr'>voluit,</span> <span class='ocrx_word' id='word_1_863' title='bbox 2559 5641 2626 5689; x_wconf 91' lang='lat' dir='ltr'>ut</span> <span class='ocrx_word' id='word_1_864' title='bbox 2658 5635 3056 5705; x_wconf 85' lang='lat' dir='ltr'>intelligamus</span> <span class='ocrx_word' id='word_1_865' title='bbox 3087 5623 3228 5705; x_wconf 7' lang='lat' dir='ltr'>quia,</span> <span class='ocrx_word' id='word_1_866' title='bbox 3256 5635 3324 5688; x_wconf 87' lang='lat' dir='ltr'>ad</span> <span class='ocrx_word' id='word_1_867' title='bbox 3346 5634 3488 5702; x_wconf 82' lang='lat' dir='ltr'>ejus</span> <span class='ocrx_word' id='word_1_868' title='bbox 3520 5631 3696 5684; x_wconf 86' lang='lat' dir='ltr'>visio-</span> 
     </span>
    </p>
   </div>
  </div>
