4070 6190
315 278 429 346 ιὲϐ
871 283 1287 348 HAYMONIS
1330 254 1875 347 HALBERSTA'P.
1921 278 2162 343 EPISC.
2210 278 2382 342 OPP.
2425 278 2630 341 PARS
2674 273 3153 339 II.—HOMIL.
3602 269 3741 335 ηι-

310 431 446 475 nem
480 414 725 479 feliciter
741 418 1040 492 pervenire
1060 418 1438 487 merebimur,
1454 417 1500 475 si
1524 416 1955 492 cogitationem,
1989 414 2042 481 Α
2073 414 2257 471 renda
2288 430 2465 487 quam
2495 411 2799 480 imitanda,
2834 408 3112 483 quoniam
3155 407 3227 465 ab
3278 407 3555 465 omnibus
3593 404 3726 465 ﬁeri

309 504 669 564 locutionem
699 510 755 563 et
785 506 1181 580 operationem
1212 526 1245 563 a
1274 507 1428 565 malo
1471 524 1643 581 opere
1692 508 1964 564 observa-
2071 522 2186 561 non
2222 507 2487 577 possunt.
2526 554 2527 557 η

312 610 447 651 mus
479 611 492 650 :
526 599 585 650 et
606 597 981 666 memoriam,
1015 596 1376 653 intellectum
1408 601 1464 652 et
1509 595 1868 652 voluntatem
1902 596 1962 651 in
2147 616 2175 644 ‹‹
2207 595 2534 666 Stupebant
2565 595 2759 648 autem
2791 606 2996 647 omnes
3025 605 3201 662 super
3230 587 3542 662 prudentia
3561 591 3619 646 et
3641 604 3731 644 re.

2074 708 2102 736 α
2138 682 2372 758 sponsis
2402 685 2675 753 ejus,etc.
2695 681 3016 736 »Videntes
3046 695 3179 735 eum
3209 694 3449 752 corpore
3478 682 3535 735 et
3553 681 3732 734 aetate

2074 773 2449 847 parvum,sed
2461 769 3018 844 interrogationibus
3031 785 3096 825 ac
3109 767 3405 841 responsis
3418 783 3700 840 magnum
3711 807 3727 834 ,

2076 864 2375 921 hominem
2404 866 2463 918 et
2493 879 2608 917 non
2656 861 2840 919 Deum
2888 859 3346 916 considerantes.
3379 857 3496 913 Nos
3527 860 3731 913 autem

2077 971 2193 1010 non
2221 970 2355 1010 cum
2387 951 2718 1008 senioribus
2747 950 3084 1006 Judaaorum
3126 962 3303 1020 super
3330 944 3643 1020 prudentia
3669 949 3735 1000 et

316 1037 532 1094 alicubi
564 1044 826 1112 repertus
860 1046 950 1096 est
979 1059 1190 1098 vacans
1221 1042 1337 1097 otio
1370 1047 1472 1098 aut
1503 1042 1736 1110 fabulis,
1770 1042 1872 1098 sed
1908 1042 1968 1096 in
2077 1043 2377 1115 responsis
2405 1042 2534 1113 ejus
2556 1039 3035 1112 stupeamus,sed
3060 1038 3255 1109 ipsum
3274 1051 3404 1092 esse
3419 1036 3733 1093 credamus

316 1126 817 1200 templo,audiens
846 1131 1108 1186 doctores
1131 1136 1186 1185 et
1205 1130 1571 1203 interrogans
1596 1150 1609 1199 ;
1634 1129 1809 1186 simul
1834 1148 1973 1202 quo-
2076 1151 2279 1189 verum
2310 1131 2850 1202 Deum,verumque
2872 1127 3195 1192 hominem,
3215 1143 3250 1181 a
3279 1141 3395 1198 quo
3427 1127 3517 1180 est
3535 1122 3735 1180 omnis

319 1232 429 1289 que
454 1216 785 1289 exemplum
809 1219 1097 1275 discenda:
1120 1220 1473 1277 humilitatis
1497 1221 1781 1276 Dominus
1804 1219 1970 1275 nobis
2081 1221 2390 1295 sapientia,
2408 1225 2465 1275 ot
2485 1237 2618 1275 cum
2643 1235 2757 1291 quo
2780 1218 2891 1273 fuit
2915 1232 3163 1288 semper,
3183 1218 3346 1271 etest
3365 1217 3501 1270 ante
3520 1230 3728 1271 zevnm.

319 1304 592 1402 pstendit,
613 1322 761 1402 cum.
781 1306 838 1361 in
872 1308 1091 1380 templo
1122 1327 1235 1364 non
1269 1310 1505 1373 docens,
1526 1311 1625 1365 sed
1660 1309 1895 1365 discens
1917 1313 1976 1365 et
2083 1310 2190 1378 Qui
2222 1310 2395 1366 etiam
2430 1309 2488 1364 in
2523 1307 2843 1363 Proverbiis
2873 1305 3154 1378 loquitur,
3178 1303 3376 1359 dicens
3401 1319 3415 1357 :
3440 1326 3467 1353 ‹‹
3496 1303 3615 1375 Ego
3635 1318 3735 1358 sa-

318 1394 690 1463 interrogans
748 1394 1062 1464 invenitur,
1097 1397 1348 1469 implens
1407 1397 1547 1453 illud
1602 1397 1920 1453 Mosaicum
1957 1415 1970 1453 :
2082 1400 2303 1474 pientia
2343 1400 2403 1455 in
2435 1396 2697 1454 consiliis
2726 1396 2927 1452 habito
2961 1412 3112 1467 :‘per
3141 1410 3235 1450 me
3266 1409 3430 1466 reges
3461 1394 3732 1464 regnant.

319 1504 346 1529 ‹‹
375 1481 673 1555 Interroga
696 1490 887 1555 patres
912 1490 1062 1549 tuos,
1083 1488 1141 1540 et
1165 1487 1602 1542 annuntiabunt
1623 1488 1727 1543 tibi
1756 1506 1768 1542 :
1794 1474 1989 1562 majo'
2085 1491 2277 1546 Meum
2311 1492 2400 1545 est
2417 1487 2729 1544 consilium
2750 1490 2808 1542 et
2831 1484 3096 1558 aequitas,
3111 1500 3216 1556 ego
3237 1499 3305 1538 ex
3327 1498 3423 1538 ore
3444 1480 3736 1536 Altissimi

320 1586 413 1626 res
441 1574 596 1635 tuos,
628 1576 686 1627 et
716 1573 914 1628 dicent
946 1573 1049 1629 tibi
1085 1574 1267 1645 (Deut.
1294 1576 1490 1647 xxxu).
1520 1599 1540 1625 ιθ
1577 1578 1660 1633 Ne
1689 1578 1845 1633 enim
1869 1596 1975 1634 nos
2006 1628 2017 1639 ε
2085 1577 2273 1651 prodii
2303 1581 2485 1648 (Prov.
2516 1578 2657 1646 vni).
2696 1598 2724 1625 ››
2756 1577 2984 1641 Quanto
3032 1576 3228 1628 autem
3268 1571 3505 1627 animus
3551 1570 3735 1625 beata

312 684 441 756 eius
472 684 704 741 servitio
737 702 1109 759 occupamus.
1147 686 1252 742 Ubi
1289 690 1554 759 repertus
1587 685 1683 754 sit,
1717 683 1967 742 ostendi-

312 776 585 837 tur,cum
617 764 911 831 dicitur:«
936 777 999 830 In
1022 775 1237 848 templo
1268 774 1328 829 in
1362 775 1554 830 medio
1584 775 1908 831 doctorum.
1937 794 1964 823 »

315 859 462 924 Quid
493 867 689 934 ageret
719 864 1147 929 manifestatur,
1180 881 1313 920 cum
1345 863 1706 920 subinfertur
1735 880 1749 919 :

388 973 418 999 ‹‹
448 950 795 1007 Audientem
828 952 958 1008 illos
989 957 1044 1008 et
1081 953 1556 1027 interrogantem.
1595 976 1622 1002 ››
1653 953 1777 1008 Non
1809 952 1967 1008 enim

317 1675 352 1714 a
373 1660 673 1731 magistris
694 1660 918 1716 discere
938 1660 1382 1731 erubescamus,
1401 1664 1495 1720 ille
1513 1666 1780 1723 doctores
1804 1667 1976 1724 inter-

2082 1667 2326 1741 virginis
2357 1666 2457 1723 Dei
2489 1664 2789 1740 genitricis
2817 1666 2891 1721 de
2919 1662 3237 1720 amissione
3283 1658 3388 1716 filii
3435 1659 3732 1716 sauciatus

320 1751 486 1856 :ogat
516 1747 577 1801 in
608 1748 847 1856 templo,
872 1749 981 1856 ‘qui
1014 1751 1250 1824 angelos
1282 1752 1450 1856 docet
1480 1754 1537 1809 in
1571 1755 1733 1811 coelo.
1761 1759 1824 1813 In
1856 1775 1970 1830 quo
2002 1791 2047 1856 Β
2083 1762 2256 1824 esset,
2288 1757 2399 1814 hoc
2427 1756 2554 1812 loco
2582 1754 2912 1812 declaratur
2943 1772 2956 1809 :

320 1834 471 1890 facto
502 1852 616 1891 non
649 1835 840 1891 solum
872 1837 1130 1895 humana
1153 1843 1428 1914 superbia
1447 1845 1844 1914 confunditur,
1865 1850 1966 1905 sed

319 1922 495 1978 etiam
544 1926 920 1998 praesumptio
970 1932 1144 2001 atque
1194 1932 1491 1989 temeritas
1541 1935 1965 2008 comprimitur.

321 2014 473 2067 Sunt
502 2013 659 2068 enim
688 2015 957 2071 nonnulli
988 2018 1087 2089 qui
1120 2024 1255 2075 ante
1300 2021 1504 2078 docere
1533 2023 1754 2094 volunt,
1789 2043 1969 2098 quam

322 2115 509 2199 annos
538 2099 824 2199 impleant
853 2106 1174 2199 pubertatis
1206 2125 1219 2163 :
1252 2113 1309 2164 et
1340 2109 1470 2166 ideo
1501 2113 1765 2186 magistri
1820 2115 1971 2171 fiunt

321 2190 558 2256 erroris,
581 2190 720 2263 quia
748 2192 1009 2250 veritatis
1039 2196 1310 2270 discipuli
1347 2216 1461 2255 non
1496 2200 1751 2259 fuerunt.
1775 2204 1968 2279 Longo

320 2294 457 2351 ergo
492 2283 752 2351 tempore
774 2285 829 2337 et
851 2282 1053 2340 multis
1072 2287 1359 2343 exercitiis
1378 2290 1505 2360 ejus
1525 2292 1810 2363 tyrocinia
1832 2298 1972 2349 sunt

323 2366 707 2440 reprobanda,
722 2369 899 2441 qui‘in
924 2371 1179 2430 culmine
1198 2375 1501 2449 regiminis
1522 2381 1972 2438 constituendus

322 2458 430 2521 est,
464 2459 522 2510 et
550 2454 722 2528 longo
749 2462 1011 2531 tempore
1042 2462 1214 2519 debet
1245 2465 1490 2533 discere,
1547 2468 1645 2540 qui
1679 2471 1972 2528 desiderat

324 2542 549 2633 docere.
582 2543 747 2601 Unde
789 2563 893 2619 per
937 2549 1307 2608 Salomonem
1359 2555 1574 2614 dicitur
1607 2574 1619 2612 :
1654 2581 1683 2609 ‹‹
1715 2560 1972 2633 Tempus

322 2631 551 2687 tacendi
583 2635 641 2688 et
668 2636 903 2707 tempus
932 2636 1210 2709 loquendi
1246 2643 1431 2714 (Εσσιί.
1464 2645 1569 2716 ιιι).
1604 2669 1631 2697 ››
1660 2648 1783 2704 Νοη
1815 2631 1971 2705 enim

323 2719 464 2775 dicit
494 2719 657 2792 prius
688 2721 987 2796 loquendi,
1008 2732 1066 2784 et
1087 2734 1287 2800 postea
1312 2735 1561 2802 tacendi,
1582 2737 1681 2792 sed
1707 2737 1869 2808 prius
1890 2742 1974 2793 ta-

323 2809 512 2876 cendi,
547 2812 606 2864 et
637 2817 769 2899 post
798 2812 1095 2886 loquendi,
1120 2823 1183 2873 ut
1216 2820 1615 2896 intelligamus
1643 2826 1781 2898 quia
1810 2828 1973 2899 prius

322 2898 568 2953 tacendo
601 2898 825 2957 discere
855 2902 1138 2961 debemus
1170 2910 1323 2981 quod
1348 2915 1549 2983 postea
1568 2898 1858 2986 loquendo
1879 2917 1974 2973 do-

325 3001 584 3041 ceamus.
616 2988 686 3043 Et
718 2988 930 3047 iterum
961 2991 1116 3050 idem
1148 2997 1442 3065 admonet,
1468 3001 1705 3059 dicens:
1740 3026 1768 3054 «
1803 3004 1973 3060 Omni

325 3077 588 3147 tempore
617 3076 720 3132 otii
743 3078 830 3133 tui
849 3079 1113 3139 describe
1133 3085 1506 3157 sapientiam,
1524 3091 1623 3162 qui
1648 3092 1842 3148 autem
1870 3093 1975 3149 mi-

323 3166 627 3230 norantur,
687 3170 820 3222 actu
867 3171 1191 3244 percipient
1237 3191 1366 3231 eam
1414 3178 1602 3246 (Ecclz'.
1650 3185 1905 3250 xxxvm).
1944 3206 1971 3233 ››
2005 3163 2047 3230 C

325 3250 574 3342 Econtra
607 3271 759 3324 vero,
781 3256 832 3311 si
863 3258 1042 3317 Filius
1073 3261 1194 3325 Dei,
1217 3265 1316 3335 qui
1338 3266 1632 3324 tricesimo
1662 3286 1814 3325 anno
1838 3287 1977 3342 prae-

326 3338 628 3397 dicaturus
657 3346 1160 3411 erat,duodecimo
1192 3368 1344 3409 anno
1368 3371 1482 3409 non
1513 3338 1856 3423 doeens,sed
1879 3376 1978 3415 au-

325 3427 494 3519 diens
526 3432 585 3483 et
604 3429 970 3519 interrogans
993 3435 1050 3491 in
1074 3438 1293 3511 templo
1316 3441 1628 3511 invenitur,
1646 3445 1975 3519 legitimum

327 3518 583 3608 tempus,
615 3517 734 3608 sive
768 3521 839 3575 ad
872 3525 1285 3595 sacerdotium,
1319 3530 1439 3587 sive
1465 3533 1536 3587 ad
1571 3517 1975 3608 magisterium

327 3602 790 3702 ecclesiasticum
813 3613 1126 3670 ostendens
1142 3632 1390 3675 servare.
1408 3621 1525 3678 Hac
1546 3602 1714 3679 aetate
1734 3625 1973 3698 Joseph,

330 3691 387 3747 id
419 3696 526 3783 est,
544 3692 838 3753 tricesimo
869 3716 1042 3767 anno,
1062 3701 1345 3763 Dominus
1365 3710 1590 3783 .lEgypti
1623 3691 1977 3771 constitutus

329 3784 435 3836 est.
456 3781 574 3838 Hac
604 3786 771 3840 aetate
802 3788 1001 3855 David,
1028 3792 1128 3863 qui
1158 3792 1217 3849 in
1249 3781 1632 3867 pueritiaiora
1660 3801 1894 3859 leonum
1922 3808 1979 3860 et

333 3884 605 3966 ursorum
637 3873 1017 3966 cqnfregerat,
1050 3881 1228 3955 regni
1257 3886 1653 3955 gubernacula
1699 3892 1974 3966 suscepit.

331 3957 450 4046 Hae
480 3962 645 4015 atate
674 3960 931 4021 Ezechiel
960 3969 1244 4040 propheta
1274 3990 1450 4046 super
1479 3976 1722 4034 fluvium
1753 3957 1981 4037 Chobar

332 4043 768 4146 opelosapertos
797 4052 959 4111 vidit.
1091 4043 1366 4131 quamvis
1386 4064 1593 4121 melior
1630 4066 1708 4122 sit
1739 4069 1979 4140 puerilis

331 4136 677 4232 simplicitas
710 4157 886 4212 quam
918 4144 1119 4203 senilis
1148 4148 1405 4221 fatuitas,
1436 4157 1633 4211 tamen
1663 4136 1980 4232 utrumque

332 4224 761 4285 observandum
792 4236 881 4287 est
913 4236 976 4289 ut
1003 4241 1060 4290 et
1092 4253 1322 4295 morum
1354 4244 1628 4313 gravitas,
1661 4251 1720 4301 et
1750 4224 1981 4304 matura

333 4401 545 4497 teriam
573 4404 1033 4497 ecclesiasticum
1061 4413 1377 4489 eliguntur.
1398 4401 1559 4477 Unde
1580 4422 1726 4479 bene
1748 4401 1980 4497 quoque

2149 1869 2177 1897 ‹‹
2209 1848 2280 1903 Et
2307 1845 2454 1901 dixit
2480 1848 2668 1900 mater
2696 1844 2826 1916 ejus
2856 1842 2927 1898 ad
2959 1840 3131 1897 illum
3164 1858 3178 1895 :
3212 1838 3336 1908 Fili,
3370 1838 3511 1912 quid
3541 1836 3730 1895 fecisti

2079 1959 2106 1986 «
2142 1935 2310 1992 nobis
2343 1933 2468 1991 sic?
2498 1936 2607 1989 etc.
2636 1955 2664 1982 »
2695 1932 2877 1996 Quem
2908 1930 3085 2004 Virgo
3115 1932 3305 1986 mater
3333 1945 3440 2002 per
3468 1927 3729 1983 triduum

2077 2024 2247 2081 anxio
2276 2023 2472 2080 dolore
2495 2020 2825 2094 quaisierat,
2840 2023 2975 2092 post
2997 2019 3393 2075 inventionem
3415 2016 3567 2072 inter
3585 2033 3731 2071 mce-

2079 2131 2266 2171 rorem
2313 2117 2369 2169 et
2410 2110 2693 2186 gaudium
2741 2110 2952 2183 posita,
2986 2107 3157 2182 quasi
3202 2107 3305 2180 qui
3354 2105 3496 2162 talia
3543 2105 3735 2161 facere

2078 2202 2570 2276 praesumpsisset,
2603 2199 2700 2272 pia
2730 2199 3093 2271 correptione
3124 2195 3468 2270 increpavit,
3491 2194 3733 2251 dicens:

2081 2316 2109 2343 «
2142 2292 2270 2358 Fili,
2306 2292 2449 2364 quid
2470 2289 2658 2347 fecisti
2688 2288 2859 2349 nobis
2890 2287 2973 2344 sic
2988 2288 3016 2343 ?
3039 2288 3185 2343 Ecce
3202 2289 3367 2359 pater
3386 2288 3528 2340 tuus
3548 2287 3608 2339 et
3627 2299 3735 2357 ego

2080 2381 2344 2438 dolentes
2369 2381 2776 2454 quaerebamus
2809 2381 2887 2433 te.
2916 2399 2943 2427 ››
2970 2377 3198 2433 Patrem
3231 2375 3359 2447 ejus
3388 2371 3602 2445 Joseph
3635 2388 3736 2444 ap-

2080 2470 2278 2545 pellat,
2320 2487 2436 2526 non
2469 2469 2623 2542 quod
2651 2484 2785 2524 vere
2807 2467 2980 2539 juxta
3006 2462 3386 2521 Pbotinianos
3410 2462 3541 2533 ejus
3571 2465 3738 2533 pater

2080 2558 2394 2629 fuerit,sed
2426 2558 2577 2631 quod
2614 2558 2686 2613 ad
2719 2556 2936 2612 famam
2963 2553 3158 2610 Maria
3178 2550 3637 2609 conservandam
3660 2549 3735 2605 ab

2081 2649 2356 2705 omnibus
2386 2650 2550 2720 pater
2577 2647 2705 2719 ejus
2737 2645 2813 2701 sit
2843 2644 3191 2700 testimatus.
3219 2641 3366 2697 Nam
3399 2639 3533 2712 quis
3560 2654 3735 2694 verus

2082 2743 2247 2812 pater
2274 2738 2401 2809 ejus
2433 2735 2511 2791 sit
2537 2734 2664 2808 ipse
2705 2733 3061 2800 manifestat,
3095 2747 3231 2787 cum
3263 2729 3623 2802 respondens
3652 2726 3739 2782 ait

2084 2829 2155 2884 ad
2186 2826 2319 2883 illos
2351 2842 2365 2881 :

2154 2940 2185 2968 «
2217 2915 2364 2980 Quid
2391 2918 2481 2971 est
2500 2913 2655 2987 quod
2679 2928 2773 2969 me
2794 2909 3146 2984 quaerebatis
3161 2910 3190 2964 ‘I
3212 2905 3575 2965 Nesciebatis
3596 2905 3740 2978 quia

2086 3029 2115 3057 ‹‹
2148 3007 2206 3062 in
2238 3005 2331 3061 his
2362 3021 2488 3077 quae
2519 3001 2705 3059 Patris
2736 3000 2849 3057 mei
2887 3002 3029 3056 sunt
3058 3000 3285 3072 oportet
3314 3012 3409 3053 me
3436 2994 3646 3052 esse?»
3673 2994 3740 3050 In

2084 3095 2301 3167 quibus
2311 3092 2505 3150 verbis
2522 3108 2637 3147 non
2651 3089 2954 3163 putandus
2975 3092 3065 3145 est
3075 3101 3451 3160 exasperasse
3466 3086 3737 3140 matrem.

2084 3185 2154 3241 Et
2182 3183 2326 3238 illud
2358 3181 2515 3254 quod
2547 3178 3115 3253 praetermittendum
3148 3192 3266 3231 non
3311 3178 3400 3230 est
3426 3174 3485 3229 in
3518 3172 3629 3228 hac
3658 3171 3744 3228 le-

2083 3272 2296 3342 ctione,
2336 3275 2648 3341 utramque
2696 3283 2865 3324 suam
2917 3269 3188 3322 naturam
3235 3261 3521 3319 Dominus
3569 3260 3745 3317 nobis

2084 3360 2476 3425 commendat,
2509 3374 2643 3414 cum
2675 3357 2951 3412 inventus
2984 3354 3044 3409 in
3074 3351 3294 3425 templo
3324 3350 3506 3407 dicit:
3542 3370 3572 3400 «
3602 3348 3747 3421 quia
3858 3370 3865 3373 ·

2083 3451 2143 3506 in
2175 3450 2269 3506 his
2299 3467 2427 3521 qum
2461 3447 2646 3504 Patris
2680 3445 2790 3501 mei
2818 3447 2978 3511 sunt,
2993 3446 3220 3515 oportet
3241 3457 3335 3496 me
3355 3455 3547 3496 esse.»
3563 3437 3742 3502 Quasi

2085 3540 2260 3596 homo
2278 3554 2409 3594 cum
2435 3536 2776 3610 parentibus
2796 3532 3122 3589 Jerusalem
3147 3528 3545 3595 ascendit,sed
3570 3525 3743 3600 quasi

2085 3629 2262 3695 Deus,
2293 3626 2410 3683 illis
2442 3624 2861 3691 nescientibus,
2890 3622 2951 3679 in
2982 3619 3201 3694 templo
3227 3617 3545 3675 remansit:
3571 3615 3743 3688 quasi

2084 3718 2260 3773 homo
2292 3715 2548 3772 seniores
2577 3713 2913 3786 interrogat,
2961 3710 3064 3766 sed
3114 3708 3287 3782 quasi
3313 3707 3468 3763 Deus
3508 3722 3579 3762 ea
3606 3721 3736 3778 quas

2087 3807 2346 3864 seniores
2389 3804 2765 3868 mirarentur,
2801 3798 3193 3874 respondebat
3223 3814 3237 3853 :
3272 3796 3438 3869 quasi
3472 3795 3648 3850 homo
3679 3793 3743 3850 in

2087 3894 2306 3967 templo
2338 3892 2654 3960 invenitur,
2686 3890 2789 3947 sed
2815 3888 2985 3962 quasi
3016 3888 3172 3943 Deus
3204 3886 3477 3942 inventus
3507 3883 3567 3938 in
3595 3887 3747 3959 tem-

2088 3984 2206 4057 plo,
2236 3983 2379 4039 dixit
2402 4000 2472 4037 ;.‹‹
2496 3982 2557 4037 In
2590 3978 2683 4036 his
2713 3996 2841 4052 quaa
2873 3976 3061 4033 Patris
3093 3974 3209 4031 mei
3233 3978 3373 4029 sunt
3399 3974 3628 4045 oportet
3649 3985 3747 4026 me

2088 4089 2282 4129 esse.»
2314 4070 2461 4137 Quia
2479 4068 2636 4126 enim
2660 4068 2872 4123 domus
2888 4065 2989 4120 illa
3009 4065 3068 4120 in
3090 4064 3311 4120 honore
3332 4061 3434 4117 Dei
3460 4058 3748 4115 aedificata

2089 4163 2296 4229 fuerat,
2313 4159 2525 4216 Filium
2541 4156 2638 4214 Dei
2650 4172 2853 4213 seesse
2870 4152 3455 4219 demonstravit,cum
3472 4148 3748 4216 inventus

2090 4251 2148 4307 in
2176 4248 2395 4322 templo
2426 4246 2602 4303 dixit:
2628 4269 2657 4296 ‹‹
2680 4245 2744 4300 In
2773 4242 2867 4299 his
2898 4259 3027 4315 quae
3060 4240 3245 4298 Patris
3277 4239 3391 4296 mei
3422 4240 3562 4295 sunt
3582 4253 3750 4311 opor-

1958 4369 1980 4379 -
2004 4376 2007 4377 ν
2087 4344 2171 4398 tet
2193 4356 2285 4395 me
2307 4354 2456 4394 esse.
2476 4358 2504 4386 »
2524 4333 2709 4392 Patris
2730 4332 2890 4388 illius
2912 4335 3077 4391 erant
3097 4328 3407 4401 templum,
3428 4326 3747 4401 prophetae,

2090 4428 2296 4485 divina:
2325 4425 2641 4497 Scriptura
2674 4422 2950 4494 frequens
2978 4417 3302 4476 meditatio.
3325 4417 3393 4473 Et
3421 4415 3668 4489 pulchre
3686 4414 3751 4470 in

334 4488 552 4598 liii"
582 4492 866 4594 Dominus
915 4501 985 4556 de
1025 4502 1236 4560 Ῑλθνίίίε
1267 4509 1558 4598 ρνεβοορὶι,
1594 4515 1659 4566 ut
1688 4488 1978 4585 usque-ad
2015 4534 2059 4598 ι)
2089 4518 2183 4575 his
2216 4515 2341 4573 suis
2370 4488 2647 4586 operibus
2681 4488 2893 4567 Filium
2926 4506 3025 4565 Dei
3056 4524 3119 4563 se
3148 4488 3593 4563 demonstravit.

333 4583 892 4679 quinquagesimum
925 4606 1146 4648 annum
1177 4610 1310 4651 cum
1346 4578 1625 4656 fratribus
1655 4578 1982 4665 suis-mini-

310 4670 520 4759 ‘strent
552 4670 611 4724 in
636 4674 876 4746 templo,
910 4684 1041 4750 post
1068 4682 1629 4757 quinquagesimum
1654 4695 1852 4746 autem
1884 4708 1983 4747 an-

337 4773 499 4823 num,
519 4761 792 4819 custodes
821 4782 1095 4825 vasorum
1127 4771 1289 4827 fiant.
1310 4774 1455 4839 Quid
1488 4777 1645 4832 enim
1676 4782 1816 4834 sunt
1842 4797 1984 4838 vasa

331 4848 698 4942 sancta,-nisi
728 4858 1068 4914 sanctorum
1101 4860 1353 4917 animae?
1383 4863 1451 4919 Et
1481 4865 1620 4938 quia
1647 4872 1780 4939 post
1809 4870 1981 4942 quin-

332 4935 743 5030 quagesimum
775 4958 996 5001 annum
1025 4948 1185 5004 calor
1226 4952 1411 5009 aetatis
1460 4935 1707 5012 deficebe
1755 4935 1980 5030 incipit,

332 5020 442 5077 hoc
472 5033 757 5099 praecepto
789 5034 1292 5110 ostenditur,quia
1311 5040 1394 5096 illi
1417 5043 1485 5099 ad
1509 5045 1837 5102 custodiam
1864 5020 1985 5102 ani-

461 5117 609 5213 sunt
628 5114 1014 5213 eligendi,‘qui
1039 5141 1140 5195 per
1154 5126 1326 5201 longa
1340 5133 1613 5189 exercitia
1628 5134 1984 5192 incentivum

336 5199 603 5295 libidinis
628 5205 715 5261 vel
747 5209 1084 5280 cupiditatis
1115 5199 1402 5285 ardorem,
1436 5222 1804 5295 exstinguere
1835 5225 1983 5281 didi-

339 5294 561 5387 cerunt.
578 5293 845 5387 Denique
873 5305 928 5355 et
959 5300 1007 5356 si
1037 5303 1237 5362 Daniel
1268 5312 1325 5363 et
1344 5293 1709 5370 Jeremiasin
1733 5315 1987 5387 pueritia

339 5379 897 5478 adpropbetandum
916 5390 1081 5449 missi
1102 5392 1394 5467 leguntur,
1410 5400 1715 5460 sciendum
1733 5379 1828 5460 est
1848 5406 1989 5477 quia

344 5470 881 5558 miraculagDomini
905 5478 963 5537 in
984 5484 1315 5558 exemplum
1339 5487 1683 5548 imitationis
1709 5510 1824 5550 non
1850 5470 1992 5550 sunt

341 5556 645 5617 trahenda.
667 5561 812 5621 Mira
831 5567 986 5625 enim
1008 5556 1182 5643 opera
1202 5574 1433 5633 Domini
1458 5580 1647 5653 magis
1667 5586 1806 5637 sunt
1828 5599 1991 5639 vene-

2163 4629 2193 4656 ‹‹
2225 4604 2297 4660 Et
2324 4602 2590 4658 videntes
2616 4598 2889 4656 admirati
2920 4600 3077 4654 sunt.
3098 4618 3126 4646 »
3150 4594 3297 4663 Quia
3322 4592 3609 4650 Dominus
3632 4609 3753 4649 non

2091 4693 2283 4750 solum
2315 4690 2620 4747 humiliter
2667 4687 3084 4760 interrogabat,
3118 4684 3219 4741 sed
3249 4683 3427 4739 etiam
3457 4680 3756 4738 subtiliter

2092 4779 2505 4855 respondebat.

2163 4894 2193 4921 «
2224 4870 2547 4944 Stupebant
2566 4870 2763 4923 autem
2784 4880 2990 4922 omnes
3014 4861 3112 4936 qui
3136 4877 3272 4919 eum
3294 4859 3633 4925 audiebant,
3651 4874 3754 4914 su-

2099 4981 2121 5009 ι
2154 4976 2256 5032 per
2286 4955 2598 5031 prudentia
2623 4959 2683 5011 et
2729 4950 3028 5025 responsis
3077 4952 3228 5023 ejus.
3262 4972 3292 5000 ››
3324 4947 3632 5021 Pmprium
3663 4950 3757 5003 est

2093 5049 2249 5105 enim
2282 5046 2540 5102 ﬁliorum
2571 5041 2972 5100 haereditatem
3003 5045 3312 5113 paternam
3344 5036 3669 5111 possidere,
3699 5038 3758 5093 et

2093 5139 2154 5194 in
2185 5154 2253 5194 ea
2284 5152 2520 5192 manere
2550 5137 2608 5189 et
2633 5148 2781 5188 esse.
2798 5130 2963 5186 Unde
2984 5128 3270 5185 Dominus
3290 5127 3462 5184 Jesus
3485 5123 3758 5181 Christus

2095 5228 2223 5282 ideo
2256 5225 2317 5281 in
2346 5223 2563 5295 templo
2588 5219 2880 5276 residebat
2911 5223 2966 5273 et
2993 5217 3319 5281 habitabat,
3336 5219 3404 5271 ut
3424 5214 3761 5271 ostenderet

2095 5332 2212 5371 non
2245 5312 2487 5370 minoris
2519 5310 2687 5365 Patre
2717 5324 2780 5363 se
2811 5324 2939 5364 esse
2970 5306 3296 5380 potestatis.
3329 5304 3554 5371 Quibus
3597 5302 3759 5359 enim

2097 5423 2217 5461 una
2245 5408 2336 5460 cst
2362 5401 2793 5472 majestas,non
2815 5395 3017 5469 dispar
3043 5400 3133 5451 est
3151 5398 3432 5467 potestas,
3456 5392 3611 5450 sicut
3627 5390 3761 5464 ipse

2097 5493 2273 5550 dicit:
2314 5513 2341 5540 «
2374 5491 2491 5561 Ego
2522 5490 2581 5543 et
2612 5486 2779 5542 Pater
2808 5502 2994 5541 unum
3024 5500 3235 5541 sumus
3265 5483 3443 5553 (Ιοαπ.
3473 5484 3569 5552 x);
3596 5502 3623 5531 ››
3657 5476 3758 5537 et:

2102 5606 2132 5634 ‹‹
2165 5578 2375 5637 Omnia
2406 5574 2592 5633 Patris
2623 5591 2754 5633 mea
2782 5578 2937 5632 sunt.
2974 5595 3002 5624 ››
