4070 6190
363 366 478 448 427

920 383 1329 450 HAYMONIS
1372 384 2210 477 HALBEBSTAT._EPISC.
2258 384 2430 448 OPP.
2478 384 2677 447 PARS
2722 382 2798 446 ΙΙ.
2825 417 2901 429 -
2929 381 3200 447 HOMIL.

3654 376 3775 443 428

361 523 427 578 ut
455 519 728 577 ostendat
754 518 975 576 bonum
1006 508 1502 596 esse'conjugium
1542 521 1803 595 legitime
1855 519 2008 577 cele-
2040 524 2089 590 Α
2122 520 2302 587 ditur,
2335 519 2475 593 quia
2501 518 2599 575 ille
2618 517 2863 576 feliciter
2889 518 2963 575 ad
2994 516 3105 574 has
3143 515 3382 590 nuptias
3428 513 3774 587 discumbit,

361 610 618 678 bratum,
654 609 762 665 ait:
799 633 827 660 ‹‹
861 612 1022 677 Quod
1053 611 1206 668 Deus
1235 613 1558 684 conjunxit,
1590 613 1765 668 homo
1798 628 1910 668 non
1934 628 2017 667 se-

362 704 544 773 paret.
576 699 722 754 Nam
756 699 858 772 qui
899 699 1190 756 dimiserit
1240 719 1500 770 uxorem,
1552 706 1791 775 excepta
1836 718 2016 757 causa

364 778 784 856 fornicationis,
838 789 1164 846 maechatur
1222 793 1443 859 (Matth.
1497 795 1635 859 χιιι).
1671 813 1697 841 ››
1759 791 1905 847 Hinc
1957 796 2015 846 et

361 877 695 950 Apostolus,
728 878 993 952 magistri
1028 878 1374 935 sententiam
1401 884 1658 947 secutus,
1684 879 1791 935 ait:
1818 902 1843 929 ‹‹
1869 878 2013 949 Viri,

364 966 589 1041 diligite
620 984 828 1024 uxores
859 972 1099 1037 vestras,
1133 969 1575 1025 sicutChristus
1596 969 1799 1025 dilexit
1830 969 2014 1025 Eccle-

368 1056 537 1136 siam.
572 1057 641 1111 Et
670 1057 769 1129 qui
803 1075 1038 1113 uxorem
1072 1076 1239 1114 suam
1274 1059 1484 1131 diligit,
1519 1060 1781 1132 seipsum
1823 1058 2015 1132 diligit

365 1146 576 1218 (thes.
610 1150 688 1215 v).
715 1169 742 1195 ››
766 1147 1054 1202 Etitcrum
1075 1148 1820 1221 :«Propterfornicationem
1838 1166 2016 1204 unus-

365 1236 613 1309 quisque
645 1254 810 1291 suam
847 1254 1083 1294 uxorem
1114 1237 1347 1304 habeat,
1382 1242 1438 1294 et
1476 1255 1839 1310 unaquaeque
1870 1254 2013 1292 uxor

365 1343 537 1381 suum
572 1326 761 1381 virum
795 1326 1023 1384 habeat.
1057 1326 1159 1380 Vir
1189 1327 1351 1382 uxori
1385 1327 1648 1383 debitum
1684 1327 1906 1393 reddat,
1932 1325 2009 1382 si-

365 1414 580 1493 militer
607 1419 662 1471 et
690 1433 832 1471 uxor
863 1416 1000 1471 viro.
1034 1415 1242 1470 Mulier
1263 1415 1350 1471 sui
1384 1416 1641 1487 corporis
1663 1419 2009 1488 potestatem

364 1521 479 1560 non
511 1500 702 1571 liabvt,
740 1506 839 1561 sed
874 1506 979 1560 vir.
1014 1503 1293 1560 Similiter
1323 1510 1378 1561 et
1407 1504 1493 1560 vir
1512 1505 1603 1561 sui
1635 1505 1894 1578 corporis
1916 1522 2011 1578 po-

360 1597 634 1667 testatem
668 1613 782 1650 non
814 1594 1008 1662 habet,
1045 1595 1144 1650 sed
1180 1594 1390 1651 mulier
1421 1595 1724 1669 (ICor.1u).
1756 1618 1784 1646 ››
1808 1597 2012 1652 Etrur-

363 1700 494 1759 sus:
531 1706 556 1733 α
592 1683 1875 1758 Quimatrimonioconjunctusest,praecipio,
1892 1703 2007 1741 non

361 1789 489 1849 ego,
523 1773 624 1830 sed
652 1772 939 1841 Christus,
975 1771 1280 1828 mulierem
1311 1790 1344 1828 a
1374 1774 1494 1830 viro
1527 1792 1641 1830 non
1681 1775 2010 1831 discedere:

361 1864 517 1935 quod
550 1862 597 1918 si
629 1861 983 1929 discesserit,
1018 1861 1323 1936 innuptam
1348 1881 1707 1937 permanere,
1737 1869 1837 1920 aut
1856 1869 2007 1921 certe
2036 1903 2084 1967 Β

359 1951 482 2006 viro
516 1949 875 2006 reconciliari
908 1952 1111 2024 (Ibid).
1134 1976 1161 2002 η
1190 1952 1608 2010 «Honorabiles
1621 1955 1775 2011 enim
1792 1955 2005 2029 nuptiae

360 2038 463 2112 (ait
493 2039 789 2110 Salomon)
821 2045 876 2096 et
904 2040 1094 2097 cubile
1122 2042 1568 2100 immaculatum
1591 2045 1775 2114 (Hebr.
1807 2047 1952 2119 xm),
1978 2069 2005 2095 »

364 2128 762 2186 Fornicatores
787 2147 1042 2204 namque
1073 2136 1132 2188 et
1161 2132 1457 2190 adulteros
1479 2134 1772 2206 judicabit
1810 2136 2007 2194 Domi-

362 2222 493 2274 n‘us.
527 2217 686 2274 Bona
715 2223 805 2276 est
836 2237 970 2294 ergo
1001 2221 1210 2295 cepula
1233 2223 1580 2298 conjugalis,
1605 2226 1812 2282 melior
1830 2226 2008 2303 conti-

360 2306 558 2364 nentia
585 2304 855 2379 vidUalis,
884 2311 1190 2383 perfectior
1203 2313 1654 2387 verointegritas
1682 2317 2007 2391 virginalis,

358 2397 443 2452 Ad
475 2398 975 2471 comprobandum
1000 2400 1139 2469 haec,
1156 2401 1439 2459 Dominus
1458 2405 2008 2465 deintemeratovir-

360 2486 516 2559 ginis
547 2490 709 2543 utero
743 2488 1034 2545 nascitur:
1064 2508 1199 2547 mox
1227 2497 1422 2561 natus,
1457 2495 1529 2551 ab
1545 2497 1712 2552 Anna
1732 2496 2011 2556 viduabe—

364 2575 683 2632 nedicitur:
713 2577 949 2650 juvenis
980 2579 1189 2647 factus,
1223 2599 1256 2637 a
1286 2582 1742 2642 celebratoribus
1776 2587 2010 2660 nuptia-
2052 2634 2063 2647 .

361 2682 495 2722 rum
525 2664 806 2723 invitatus
837 2667 1067 2725 venisse
1098 2667 1329 2744 legitur.
1366 2673 1496 2730 Haec
1535 2675 1706 2745 juxta
1752 2675 2009 2733 litteram

361 2753 516 2811 dicta
540 2760 699 2812 sunt.
734 2755 1131 2831 Spiritualiter
1149 2776 1281 2816 vero
1298 2762 1427 2834 conj
1438 2763 1772 2821 unctionem
1794 2766 2009 2823 Christi

361 2848 418 2915 et
444 2844 734 2914 Ecclesiae,
768 2846 824 2902 in
858 2847 1177 2921 Scripturis
1206 2851 1395 2907 vocari
1430 2853 1666 2927 nuptias
1697 2857 2012 2915 usitatissi-

361 2950 525 2990 mum
557 2937 665 3001 est,
698 2935 851 2992 sicut
881 2936 1026 2993 illud
1060 2939 1118 2993 in
1150 2940 1492 3015 Evangelio:
1526 2943 1779 3001 «Simile
1810 2952 1899 3002 est
1929 2964 2011 3003 re-

363 3038 546 3097 gnum
577 3023 854 3081 caelorum
884 3025 1107 3083 homini
1142 3029 1283 3103 regi,
1317 3031 1416 3103 qui
1450 3032 1584 3088 fecit
1616 3035 1850 3107 nuptias
1894 3036 2010 3093 ﬁlio

312 3118 321 3125 '
363 3129 468 3169 suo
501 3112 704 3187 (Matth.
738 3116 899 3188 xxn).
936 3138 964 3166 »
997 3117 1067 3172 Et
1092 3116 1333 3175 iterum:
1368 3144 1396 3171 «
1432 3121 1578 3179 Cum
1608 3129 1849 3182 vocatus
1887 3126 2010 3183 tue-

362 3200 442 3259 ris
473 3203 546 3258 ad
578 3203 833 3276 nuptias,
866 3222 981 3262 non
1015 3205 1352 3265 discumbas
1382 3210 1443 3266 in
1474 3212 1660 3284 primo
1690 3213 1816 3270 loco
1857 3218 2004 3283 (Luc.

2125 609 2226 683 qui
2258 609 2379 665 zelo
2409 609 2628 666 amoris
2668 609 2766 664 Dei
2815 610 3027 675 tactus,
3078 607 3148 662 de
3195 609 3423 664 terreno
3471 620 3668 662 amore
3698 606 3775 662 ad

2124 699 2355 756 cmleste
2387 698 2742 755 desiderium
2773 695 3299 771 transmigraverit,
3333 694 3431 767 qui
3461 695 3649 768 possit
3677 695 3774 752 di-

2123 804 2251 845 cere
2273 805 2406 844 cum
2440 788 2776 845 Psalmista:
2812 812 2839 838 ‹‹
2874 787 3042 843 Zelus
3056 787 3264 842 domus
3286 784 3775 841 tuaacomeditme

2124 879 2275 947 (Psal
2309 878 2521 951 ωινιιι).
2554 900 2583 929 ››
2618 879 2686 933 Et
2713 894 2847 933 cum
2877 875 3181 950 Apostolo:
3213 897 3241 927 «
3271 875 3388 932 Nos
3435 878 3630 931 autem
3682 892 3773 931 re-

2121 969 2309 1025 velata
2341 969 2484 1025 facie
2514 968 2761 1043 gloriam
2794 967 3025 1024 Domini
3057 964 3545 1038 contemplantes,
3575 968 3772 1021 trans-

2121 1058 2447 1115 formamur
2477 1076 2509 1114 a
2541 1058 2805 1114 claritate
2834 1056 2893 1113 in
2912 1056 3258 1124 claritatem,
3285 1059 3569 1127 tanquam
3600 1070 3635 1110 a
3663 1055 3773 1111 Do-

2124 1148 2267 1203 mini
2299 1148 2505 1221 spiritu
2537 1149 2609 1217 (Il
2639 1148 2758 1204 Cor.
2791 1147 2848 1219 ι),
2868 1169 2894 1196 ››
2928 1145 3161 1214 Quodet
3175 1143 3768 1213 faciebatPsalmista,

2121 1237 2244 1310 qui,
2277 1254 2411 1293 cum
2442 1237 2661 1293 videret
2690 1236 2939 1309 impium
2973 1234 3466 1308 superexaltatum
3499 1238 3556 1291 et
3578 1233 3767 1291 eleva-

2122 1329 2248 1381 tum
2272 1326 2425 1382 sicut
2454 1327 2660 1383 cedros
2700 1325 2925 1393 Libani,
2987 1324 3185 1381 omnia
3232 1322 3570 1380 transitoria
3618 1323 3769 1379 nihil

2120 1420 2489 1488 computans,
2525 1415 2885 1472 incalescens
2915 1415 3133 1482 animo,
3168 1412 3384 1477 aiebat:
3415 1435 3443 1463 «
3476 1412 3768 1480 Transivi,

2118 1509 2176 1560 et
2203 1521 2336 1562 ecce
2364 1522 2479 1561 non
2509 1509 2633 1561 erat
2658 1504 2906 1578 quaesivi
2937 1521 3093 1573 eum,
3126 1508 3187 1560 et
3216 1520 3331 1560 non
3361 1506 3450 1559 est
3496 1503 3769 1560 inventus

2119 1593 2282 1650 locus
2302 1596 2430 1667 ejus
2462 1596 2631 1662 (l’sal.
2664 1596 2876 1667 xxxvu).
2904 1616 2932 1645 »
2965 1595 3035 1651 Et
3064 1594 3210 1650 bene
3231 1593 3325 1649 die
3354 1591 3528 1649 tertia
3557 1596 3772 1666 postea

2118 1702 2245 1757 quae
2279 1701 2460 1757 supra
2486 1683 2853 1758 Evangelista
2880 1682 3375 1751 commemoravit,
3406 1683 3571 1738 facta:
3586 1670 3771 1739 fuisse

2116 1777 2469 1832 referuntur.
2502 1774 2640 1830 Tria
2662 1774 2884 1848 quippe
2914 1778 3056 1830 sunt
3077 1776 3360 1846 tempora,
3395 1776 3528 1829 ante
3554 1771 3766 1846 legem,

2116 1864 2227 1923 sub
2258 1865 2382 1940 lege
2410 1870 2469 1921 et
2498 1864 2609 1921 sub
2636 1865 2843 1938 gratia.
2877 1862 3767 1936 Quiaenimadconjungendam

2119 1956 2231 2012 sibi
2263 1953 2579 2012 Ecclesiam
2612 1971 2725 2011 non
2757 1958 2893 2009 ante
2922 1953 3129 2027 legem,
3164 1968 3281 2026 non
3329 1951 3441 2008 sub
3484 1950 3630 2025 lege,
3663 1951 3768 2008 sed

2117 2046 2226 2101 sub
2250 2045 2436 2117 gratia
2466 2045 2619 2100 Deus
2650 2043 2898 2100 visibilis
2927 2041 3219 2116 apparuit,
3259 2045 3413 2098 recte
3461 2041 3553 2098 die
3595 2040 3769 2097 tertia

2118 2135 2189 2192 ad
2222 2134 2459 2208 nuptias
2486 2131 2716 2190 venisse
2745 2134 3255 2188 commemoratur.
3287 2130 3367 2188 De
3384 2148 3501 2204 qua
3520 2130 3766 2203 conjun-

2118 2225 2309 2280 ctione
2340 2220 2554 2279 Paulus
2581 2220 2884 2295 apostolus
2915 2220 3022 2276 ait:
3050 2218 3518 2277 «JEmulorenim
3545 2236 3647 2276 vos
3665 2218 3765 2276 Dei

2118 2312 2508 2381 aemulatione,
2544 2310 2829 2383 despondi
2859 2310 3014 2367 enim
3045 2327 3146 2367 vos
3176 2309 3278 2366 uni
3325 2309 3447 2366 viro
3479 2308 3765 2384 virginem

2118 2407 2340 2459 castam
2372 2400 2642 2459 exhibere
2671 2400 2901 2458 Christo
2930 2403 3003 2471 (It
3039 2401 3166 2457 Cor.
3199 2399 3299 2462 xu).
3344 2421 3371 2449 »
3403 2398 3513 2455 Hin
3546 2397 3605 2455 in
3638 2398 3765 2454 lau-

2117 2493 2251 2548 dem
2281 2491 2548 2548 Ecclesiae
2573 2491 2790 2547 dicitur
2818 2489 2996 2563 (Cant.
3030 2508 3069 2553 ι,
3105 2489 3194 2562 Ix):
3229 2512 3256 2539 «
3273 2489 3416 2546 Ecce
3444 2492 3505 2544 tu
3517 2488 3769 2562 pulchra

2117 2599 2201 2652 es,
2234 2582 2424 2638 amica
2456 2598 2605 2650 mea,
2639 2596 2769 2637 ecce
2796 2585 2861 2637 tu
2895 2578 3168 2653 pulchra;
3189 2577 3339 2635 oculi
3354 2577 3440 2634 tui
3471 2574 3769 2634 columba-

2119 2689 2271 2728 rum.
2307 2694 2336 2722 »
2377 2672 2447 2727 Et
2496 2671 2749 2727 iterum:
2805 2693 2833 2720 ‹‹
2867 2668 3238 2726 Pulchriores
3286 2671 3426 2725 sunt
3474 2665 3627 2725 oculi
3678 2667 3766 2724 tui

2116 2761 2270 2830 vino,
2304 2764 2361 2817 et
2392 2761 2596 2817 dentes
2625 2759 2711 2816 tui
2742 2758 2890 2816 laete
2919 2758 3302 2816 candidiores.
3324 2755 3766 2813 nEtJoannesin

2117 2849 2492 2924 Apocalypsi:
2530 2874 2557 2901 ‹‹
2590 2849 2722 2905 Vidi
2771 2852 3034 2906 sanctam
3085 2846 3374 2904 civitatem
3414 2844 3764 2914 Jerusalem,

2118 2939 2568 2996 descendentem
2596 2940 2666 2996 de
2696 2939 2858 3007 ccelo,
2892 2941 3177 3011 tanquam
3206 2953 3483 3010 sponsam
3497 2940 3768 2993 ornatam

2117 3030 2239 3086 viro
2272 3046 2377 3086 suo
2410 3029 2590 3103 (Apoc.
2622 3028 2759 3102 xxx).
2797 3050 2824 3077 »
2851 3026 2951 3084 Vel
2984 3031 3158 3097 certe,
3193 3025 3332 3100 quia
3363 3041 3533 3082 nemo
3580 3025 3638 3080 in
3672 3025 3765 3081 his

2120 3118 2345 3193 nuptiis
2367 3120 2646 3175 interesse
2675 3121 2885 3192 potest,
2920 3117 3034 3175 nisi
3067 3117 3165 3190 qui
3200 3114 3562 3172 individuam
3595 3115 3765 3171 trini~

2119 3212 2299 3264 tatem
2333 3207 2559 3264 Domini
2592 3207 2765 3264 fuerit
2792 3208 3117 3273 confessus,
3149 3210 3302 3262 recte
3322 3204 3499 3261 etiam
3523 3204 3615 3261 die
3646 3209 3765 3261 ter-

360 3294 526 3362 xxxv).
565 3314 593 3342 »
624 3293 686 3349 In
719 3294 942 3367 nuptiis
972 3295 1127 3352 enim
1162 3299 1277 3354 duo
1300 3276 1638 3373 junguntur
1667 3276 1921 3375 sponsus
1952 3312 2012 3362 et
2040 3276 2083 3342 Ο
2123 3299 2203 3354 tia
2231 3298 2304 3354 ad
2335 3298 2574 3371 nuptias
2603 3294 2832 3354 venisse
2853 3300 3143 3353 narratur.
3178 3295 3307 3353 Sive
3337 3294 3528 3362 aliter,
3560 3295 3632 3350 ad
3653 3293 3766 3351 hoc

363 3397 600 3455 sponsa.
652 3384 722 3438 Et
745 3401 999 3455 sponsus
1047 3386 1285 3457 quidem
1327 3393 1417 3443 est
1457 3389 1744 3459 Christus,
1796 3393 1867 3448 de
1894 3411 2009 3466 quo

365 3485 468 3541 per
497 3469 868 3527 Psalmistam
892 3472 1133 3530 dicitur:
1155 3476 1504 3549 «Tanquam
1528 3496 1783 3551 sponsus
1813 3499 2012 3554 proce-

367 3557 512 3613 dens
544 3559 615 3614 de
670 3557 930 3616 thalamo
986 3579 1092 3618 suo
1152 3564 1320 3635 (Psal.
1354 3568 1535 3640 xvm).
1576 3591 1602 3618 »
1635 3569 1701 3624 Et
1755 3572 2013 3630 Joannes

368 3646 749 3720 evangelista:
812 3649 979 3717 «Qui
1037 3650 1213 3708 habet
1277 3670 1555 3727 sponsam
1613 3675 1867 3730 sponsus
1926 3665 2016 3718 est

369 3735 545 3808 (Jaan.
582 3740 687 3806 III).
724 3760 752 3787 »
785 3738 1011 3812 Sponsa
1037 3757 1170 3797 vero
1203 3743 1330 3815 ejus
1362 3750 1565 3802 sancta
1599 3753 1689 3803 est
1737 3749 2010 3817 Ecclesia,

368 3824 461 3881 cui
491 3842 594 3898 per
624 3825 968 3899 Prophetam
999 3829 1285 3887 diciturza
1319 3833 1695 3907 Desponsabo
1708 3842 1764 3894 te
1794 3839 2014 3896 mihiin

360 3914 594 3986 justitia
621 3919 679 3971 et
708 3916 1018 3974 sanctitate
1048 3918 1308 3978 veritatis
1339 3923 1480 3993 (Ose.
1514 3929 1597 3994 ιι).
1632 3949 1660 3978 ››
1694 3927 1761 3983 Ft
1791 3928 1851 3984 in
1866 3929 2015 3986 Can-

367 4002 483 4058 tico
513 4003 903 4073 canticorum:
939 4030 966 4057 ‹‹
1000 4009 1167 4078 Veni,
1203 4027 1419 4084 sponsa
1458 4030 1607 4080 mea,
1645 4016 1830 4076 electa
1887 4035 2017 4076 mea

370 4091 548 4162 (Cant.
585 4096 665 4160 ιι).
700 4116 727 4145 ››
760 4094 1085 4154 Thalamus
1102 4098 1281 4171 hujus
1302 4102 1525 4174 sponsi,
1551 4108 1752 4162 uterus
1778 4106 2019 4164 inteme-

370 4184 532 4239 ratus
563 4183 861 4257 genitricis
894 4185 1021 4243 fuit.
1055 4191 1132 4243 De
1164 4206 1279 4262 quo
1310 4193 1404 4260 (ut
1434 4191 1709 4267 diximus)
1732 4198 2015 4269 tanquam

370 4288 625 4345 sponsus
654 4274 725 4329 de
757 4273 1016 4332 thalamo
1048 4294 1156 4333 suo
1187 4277 1473 4349 Christqu
1490 4284 1793 4353 processit,
1843 4285 2018 4343 Venit

370 4377 506 4435 ergo
536 4362 608 4418 ad
642 4363 880 4436 nuptias
909 4367 1141 4422 terreno
1185 4384 1344 4424 more
1383 4369 1722 4440 celebratas,
1773 4373 1914 4445 quia
1943 4375 2014 4430 ad

370 4452 841 4525 conjungendam
873 4452 985 4510 sibi
1018 4454 1358 4526 Eeelesiam,
1386 4458 1723 4517 homointer
1746 4462 2018 4519 homines

371 4539 662 4610 apparuit.
696 4541 1238 4616 Locusnuptiarum
1270 4546 1529 4619 primum
1560 4549 1618 4604 in
1651 4549 1854 4607 Judaaa
1885 4553 2013 4621 iuit,

2119 3387 2214 3443 die
2243 3386 2415 3443 tertia
2443 3387 2515 3443 ad
2564 3386 2799 3460 nuptias
2844 3386 3041 3444 venire
3083 3384 3286 3454 voluit,
3338 3388 3403 3440 ut
3432 3384 3767 3441 ostenderet

2121 3477 2260 3550 quia
2290 3476 2626 3550 quicunque
2671 3476 2729 3532 in
2760 3476 3016 3534 Ecclesia
3071 3492 3174 3549 per
3205 3474 3378 3532 ﬁdem
3422 3472 3766 3545 discumbit,

2122 3568 2489 3632 memoriam,
2519 3566 2877 3623 voluntatem
2908 3571 2965 3622 et
2994 3564 3356 3621 intellectum
3396 3564 3705 3620 observem
3735 3578 3772 3617 a

2124 3655 2296 3712 malis
2327 3655 2497 3711 debet
2524 3659 2580 3710 et
2608 3669 2871 3711 exercere
2902 3652 2958 3707 in
2992 3650 3190 3707 bonis:
3224 3649 3311 3706 vel
3343 3649 3483 3723 quia
3513 3653 3630 3705 tres
3651 3647 3770 3703 vir-

2120 3749 2277 3802 tutes
2308 3744 2678 3819 principales,
2714 3742 2935 3799 scilicet
2965 3756 3150 3814 spem,
3190 3740 3367 3796 ﬁdem
3421 3742 3478 3794 et
3506 3736 3770 3799 charita-

2123 3840 2242 3893 tem
2274 3834 2335 3891 in
2366 3851 2472 3890 suo
2524 3850 2696 3906 opere
2739 3831 3033 3888 custodire
3082 3831 3275 3899 debet,
3326 3828 3397 3885 de
3441 3827 3660 3901 quibus
3690 3826 3776 3883 ait

2122 3924 2466 3999 Apostolus:
2501 3946 2529 3973 «
2562 3923 2792 3979 Maneat
2823 3921 2882 3977 in
2911 3921 3077 3977 vobis
3109 3920 3273 3990 fides,
3300 3934 3454 3988 spes,
3488 3916 3771 3984 charitas,

2123 4016 2236 4071 tria
2264 4014 2406 4081 hzec,
2442 4014 2631 4085 major
2659 4015 2854 4067 autem
2886 4010 2979 4067 his
3006 4013 3098 4067 est
3128 4007 3385 4065 Charitas
3416 4009 3589 4076 (Rom.
3634 4021 3774 4073 xm;

2125 4106 2147 4162 1
2175 4109 2298 4164 Cor.
2330 4103 2474 4174 xm).
2511 4124 2538 4150 »
2566 4098 2879 4157 Ternarius
2909 4103 3103 4155 autem
3156 4113 3440 4153 numerus
3479 4095 3776 4169 perfectus

2125 4198 2235 4260 est,
2266 4196 2500 4266 propter
2528 4189 2702 4245 ﬁdem
2736 4191 2949 4244 sanctae
2979 4184 3303 4243 Trinitatis.
3329 4185 3458 4243 Sive
3480 4181 3776 4241 ternarias

2124 4297 2407 4340 numerus
2437 4279 2726 4354 perfectus
2758 4275 3302 4351 est,-quia1egimus
3318 4272 3497 4348 quod,
3525 4272 3775 4330 Domino

2124 4372 2355 4428 dicente
2385 4369 2456 4425 ad
2490 4368 2701 4426 Jonam
2731 4365 3104 4438 prophetam:
3141 4389 3165 4415 ‹‹
3187 4362 3682 4425 VadeinNiniven
3698 4360 3777 4418 ci-

2123 4461 2361 4517 vitatem
2395 4472 2692 4530 magnam,
2726 4460 2784 4513 et
2813 4455 2970 4512 dices
3001 4454 3213 4529 populo
3231 4452 3778 4525 huic:Adhucqua-

2126 4549 2397 4623 draginta
2425 4547 2571 4618 dies,
2602 4548 2660 4601 et
2682 4544 2885 4602 Ninive
2915 4545 3282 4601 subvertetur
3310 4547 3460 4613 (Jan.
3492 4543 3600 4612 ιιι),
3624 4564 3652 4590 ι)
3676 4538 3778 4596 illo

372 4626 471 4682 ubi
502 4628 812 4697 Dominus,
844 4635 1018 4688 natus
1047 4650 1160 4688 non
1194 4634 1382 4691 solum
1431 4637 1650 4710 docuit,
1698 4640 1798 4696 sed
1844 4641 2021 4697 etiam
2054 4648 2100 4712 Ι)
2130 4637 2499 4713 praedicante,
2534 4634 2734 4691 statim
2766 4651 2864 4692 rex
2915 4635 2985 4690 de
3018 4632 3161 4691 solio
3210 4650 3317 4689 suo
3365 4630 3690 4702 descendit,
3722 4631 3783 4685 et

368 4714 616 4783 virtutes
648 4715 801 4786 fecit,
837 4722 893 4774 et
921 4719 991 4776 de
1022 4738 1140 4794 qua
1171 4724 1418 4795 apostoli
1467 4725 1633 4783 electi
1672 4733 1830 4785 sunt.
1864 4728 2018 4787 Cele-

371 4803 633 4861 bratores
651 4809 848 4863 autem
871 4810 1211 4882 nuptiarum
1225 4813 1481 4884 primum
1501 4817 1743 4887 apostoli
1760 4818 2016 4887 fuerunt,

371 4893 443 4948 de
475 4892 691 4966 quibus
734 4896 1014 4955 Dominus
1056 4899 1139 4956 ait
1167 4900 1227 4956 in
1281 4900 1618 4975 Evangelio:
1655 4928 1683 4954 ‹‹
1716 4905 1838 4962 Νοιι
1885 4924 2018 4980 pos-

373 4986 510 5037 sunt
539 4982 640 5037 ﬁlii
675 4985 874 5056 sponsi
900 4984 1118 5061 lugere,
1153 4990 1414 5062 quandiu
1444 5008 1577 5047 cum
1601 4991 1719 5049 illis
1736 4998 1826 5049 est
1842 5011 2017 5068 spon-

375 5087 497 5126 sus.
529 5070 734 5128 Veniet
762 5078 995 5149 tempus
1028 5079 1265 5150 quando
1296 5080 1594 5136 auferetur
1619 5082 1692 5137 ab
1716 5082 1799 5139 eis
1842 5100 2020 5156 Spon-

372 5175 495 5229 sus,
528 5165 584 5217 et
615 5164 756 5219 tunc
778 5163 1136 5236 jejunabunt
1181 5168 1388 5235 (Matth.
1420 5172 1519 5239 Ix).
1556 5192 1584 5219 »
1617 5168 1728 5226 Sed
1779 5171 1919 5244 quia
1948 5174 2018 5229 ad

371 5247 478 5305 has
511 5251 846 5323 spirituales
879 5254 1115 5326 nuptias
1169 5256 1364 5313 venire
1413 5274 1585 5315 nemo
1634 5264 1844 5332 potest,
1904 5261 2017 5318 nisi

371 5339 537 5410 prius
568 5341 688 5397 zelo
722 5342 819 5400 Dei
850 5347 1042 5399 tactus
1072 5343 1227 5399 mala
1251 5362 1427 5418 opera
1456 5365 1748 5421 respuere,
1781 5355 1838 5407 et
1866 5351 2021 5408 bona

371 5427 639 5486 didicerit
667 5448 884 5497 amare,
918 5435 1071 5489 recte
1093 5431 1331 5491 in‘Cana
1351 5435 1619 5507 Galilaaaa,
1653 5438 1816 5496 factis
1843 5440 2020 5498 fuisse

370 5517 721 5573 referuntur.
756 5518 910 5575 Cana
941 5520 1154 5594 quippe
1185 5522 1411 5580 viculus
1438 5527 1706 5597 Galilseee,
1737 5531 1885 5586 zelus
1932 5531 2020 5586 in-

373 5609 745 5677 terpretatur.
780 5607 1015 5665 Galilaaa
1047 5628 1299 5685 namque
1327 5616 1765 5691 transmigratio
1788 5619 1938 5676 facta
1959 5620 2018 5676 in

374 5699 575 5755 nostra
604 5693 805 5768 lingua
835 5697 1066 5758 dicitur.
1092 5701 1172 5759 Ex
1203 5718 1319 5775 qua
1338 5702 1812 5779 interpretatione
1834 5714 2025 5767 osten-

2132 4726 2403 4803 pracepit
2431 4724 2777 4785 triduanum.
2795 4723 3090 4798 jejunium
3144 4722 3327 4779 facere
3366 4719 3601 4795 populo.
3654 4714 3781 4784 Quo

2127 4819 2299 4883 facto,
2333 4814 2583 4873 cessavit
2613 4812 2865 4888 populus
2883 4828 2917 4869 a
2939 4809 3199 4885 nequitia
3219 4828 3348 4879 sua,
3378 4814 3437 4866 et
3464 4822 3786 4873 conversus

2127 4910 2219 4963 est
2247 4907 2319 4962 ad
2382 4904 2718 4971 Dominum,
2767 4902 2825 4958 et
2862 4900 3156 4958 exaudivit
3203 4910 3339 4956 eum
3387 4896 3690 4964 Dominus,
3725 4898 3789 4952 et

2129 4994 2380 5053 cessavit
2406 5010 2441 5050 a
2473 4993 2662 5068 plaga.
2699 5015 2727 5042 «
2760 4991 2831 5047 Et
2861 4995 2987 5047 erat
3017 4993 3203 5046 mater
3228 4989 3370 5045 Jesu
3399 4986 3503 5043 ibi.
3540 5008 3567 5035 ››
3596 4982 3789 5065 Mater

2127 5085 2267 5142 Jesu
2300 5082 2688 5157 spiritualiter
2715 5081 3083 5154 Synagogam
3115 5077 3431 5152 signiﬁcat,
3476 5088 3607 5149 quae
3637 5074 3788 5130 dum

2130 5190 2233 5247 per
2262 5172 2496 5231 oracula
2520 5170 2934 5246 prophetarum
2950 5173 3131 5224 Deum
3147 5167 3209 5223 in
3224 5166 3445 5223 mundo
3465 5166 3789 5223 venturum

2128 5262 2484 5336 praedicavit,
2517 5259 2684 5334 quasi
2718 5257 2789 5314 de
2817 5257 3072 5329 quodam
3103 5253 3397 5331 spirituali
3428 5257 3594 5313 utero
3632 5250 3790 5326 legis

2130 5352 2300 5409 nobis
2332 5351 2430 5408 Dei
2464 5348 2673 5406 Filium
2705 5347 2926 5421 genuit.

2203 5466 2232 5492 «
2262 5441 2514 5497 Vocatus
2546 5440 2635 5493 est
2663 5440 2861 5493 autem
2906 5436 3080 5493 Jesus
3135 5440 3193 5491 et
3220 5432 3497 5511 discipuli
3539 5433 3668 5504 ejus
3709 5432 3788 5490 ad

2131 5555 2159 5582 ‹‹
2198 5529 2451 5603 nuptias.
2488 5549 2515 5576 ››
2533 5525 2743 5582 Omnia
2771 5541 2908 5599 ergo
2939 5541 3067 5598 quae
3099 5524 3159 5579 in
3192 5525 3340 5581 serie
3371 5523 3552 5594 hujus
3581 5519 3789 5576 lectio-

2133 5620 2224 5676 nis
2247 5619 2597 5685 rel‘eruntur,
2630 5615 2714 5671 sic
2733 5617 2905 5689 juxta
2931 5612 3188 5671 litteram
3236 5611 3577 5685 accipienda
3620 5612 3786 5679 sunt,

2133 5712 2200 5766 ut
2227 5712 2421 5765 tamen
2454 5718 2558 5781 per
2586 5704 3072 5779 signiﬁcationem
3097 5700 3319 5775 aliquid
3350 5698 3519 5757 nobis
3539 5698 3790 5755 demon-
