4018 6180
248 326 356 389 £29

1464 318 1815 383 HOMILIAE
1862 320 1964 382 DE
2006 318 2437 385 TEMPORE.‘

3519 332 3635 427 539

240 461 430 517 street.
480 455 614 512 Jam
662 453 933 527 superius
980 470 1083 528 per
1123 452 1357 527 nuptias
1403 453 1874 524 conjunctionem
1904 456 1954 522 Α
1989 454 2113 527 lter,
2146 472 2278 513 ecce
2309 456 2466 513 ﬁlius
2508 460 2647 513 tuus
2690 461 2879 528 (Joan.
2913 461 3049 529 xxx).
3087 484 3114 508 ››
3162 462 3239 516 Ac
3288 460 3337 517 si
3386 462 3633 521 diceret:

239 547 437 605 Christi
466 550 525 601 et
556 544 819 601 Ecclesiae
862 543 1102 617 ﬁgurari
1134 542 1411 599 diximus.
1442 542 1605 607 Quod
1634 547 1875 599 vocatus

239 638 396 694 Jesus
424 635 639 691 dicitur
667 634 740 690 ad
771 633 1030 707 nuptias,
1066 649 1171 706 per
1211 632 1320 689 hoc
1368 631 1699 688 declaratur
1736 631 1877 705 quia

240 727 353 784 sine
371 724 703 781 testimonio
723 723 873 797 legis
895 726 951 779 et
970 722 1389 796 prophetarum
1413 721 1471 778 in
1505 721 1728 778 mundo
1757 738 1874 777 non

240 815 514 890 apparuit.
544 812 717 881 Quasi
749 812 905 868 enim
929 817 1127 886 patres
1156 812 1342 868 sancti
1373 816 1430 867 et
1453 811 1748 885 propheta:
1770 811 1875 867 Do.

240 906 449 963 minum
480 904 550 960 ad
597 902 835 976 nuptias
865 907 1236 969 vocaverunt,
1270 901 1506 976 quando
1537 919 1651 957 non
1683 901 1875 958 solum

240 1011 357 1051 eum
384 998 696 1049 venturum
726 992 789 1048 in
813 992 1098 1047 mundum
1125 991 1537 1065 praedixerunt,
1569 992 1671 1047 sed
1699 990 1876 1048 etiam

240 1087 297 1140 ut
319 1083 508 1140 venire
547 1082 892 1156 dignaretur
920 1098 1023 1157 pro
1058 1086 1259 1138 nostra
1291 1081 1705 1154 redemptione,
1738 1080 1877 1136 totis

236 1173 369 1229 votis
388 1175 757 1247 optaverunt.
789 1170 892 1227 Vis
924 1170 1126 1227 audire
1156 1171 1449 1243 quomodo
1480 1169 1559 1227 sit
1585 1174 1826 1225 vocatus
1847 1168 1877 1224 ἵν

236 1259 358 1317 audi
387 1261 603 1318 Isaiam
635 1260 924 1317 dicentem
951 1276 964 1314 :
1004 1282 1029 1311 ιι
1060 1258 1295 1316 Utinam
1336 1258 1733 1332 disrumperes
1763 1275 1875 1314 co:-

236 1351 329 1419 los,
351 1356 407 1406 et
434 1350 822 1406 descenderes
859 1350 983 1422 (Isa.
1016 1352 1183 1419 inv).
1223 1372 1250 1398 ››
1285 1347 1353 1404 Et
1383 1347 1715 1411 Psalmista,
1748 1349 1877 1419 ejus

235 1441 531 1497 adventum
564 1439 928 1506 desiderans,
960 1437 1073 1495 ait:
1108 1461 1135 1488 ‹‹
1164 1438 1425 1507 Domine,
1454 1436 1672 1493 inclina
1702 1436 1876 1492 cwlos

236 1536 369 1598 tuos,
413 1534 471 1587 et
521 1529 813 1586 descende
869 1528 1038 1599 (Psal.
1072 1527 1286 1599 cxnm).
1324 1550 1352 1577 ››
1402 1528 1636 1583 Necnon
1685 1530 1741 1581 et
1781 1525 1877 1582 ille

233 1618 570 1675 venerabilis
598 1635 775 1674 senex
814 1618 940 1689 jam
992 1617 1335 1684 moriturus,
1386 1616 1611 1673 aiebat:
1646 1640 1673 1666 ‹‹
1707 1614 1876 1672 Salu-

235 1715 341 1765 tare
359 1713 532 1765 tuum
555 1707 922 1781 exspectabo,
955 1706 1203 1762 Domine
1224 1706 1374 1779 (Gen.
1408 1705 1579 1778 xux).
1614 1728 1642 1755 »
1674 1704 1875 1761 Vocati

235 1803 359 1853 sunt
376 1801 577 1854 autem
602 1813 738 1853 cum
763 1813 829 1852 eo
861 1799 918 1852 et
940 1794 1211 1868 discipuli
1237 1797 1386 1868 ejus,
1410 1795 1549 1867 quia
1570 1800 1635 1850 ut
1656 1794 1879 1850 ﬁrmior

233 1887 540 1944 auctoritas
560 1890 740 1953 esset,
774 1902 888 1941 non
918 1883 1107 1941 solum
1140 1884 1373 1940 Domini
1396 1884 1740 1950 incarnatio,
1774 1884 1874 1939 scd

234 1975 390 2031 etiam
422 1992 635 2031 eorum
666 1974 1001 2047 praedicatio
1034 1973 1311 2046 praedicta
1342 1974 1469 2028 fuit.
1498 1972 1590 2029 Sic
1610 1972 1765 2029 enim
1798 1972 1880 2028 ait

232 2062 396 2121 isaias
432 2065 497 2121 in
535 2080 786 2138 persona
809 2064 1072 2119 Domini:
1104 2084 1129 2116 ι
1158 2064 1303 2119 Ecce
1327 2080 1432 2136 ego
1458 2066 1515 2119 et
1544 2063 1704 2135 pueri
1740 2062 1875 2131 mei,

233 2170 362 2228 quos
399 2154 554 2210 mihi
582 2154 745 2210 dedit
779 2154 1059 2210 Dominus
1092 2153 1149 2208 in
1190 2153 1425 2226 signum
1457 2157 1513 2209 et
1543 2156 1877 2225 portentum

231 2244 413 2301 Israeli
444 2245 583 2315 (Isa.
616 2243 757 2315 νηί).
788 2262 816 2295 ιι

294 2360 318 2384 ‹‹
347 2336 413 2391 Et
444 2332 758 2390 deﬁciente
799 2332 953 2400 vino,
998 2331 1139 2389 dicit
1189 2336 1378 2387 mater
1407 2331 1546 2388 Jesu
1578 2331 1648 2387 ad
1702 2346 1878 2386 eum:

238 2446 255 2473 ι
285 2423 501 2480 Vinum
535 2439 650 2479 non
679 2422 919 2478 habent.
950 2441 977 2474 ι
1011 2420 1125 2477 Nec
1157 2420 1401 2477 fortuitu
1429 2438 1534 2476 nec
1564 2437 1703 2475 casu
1736 2419 1883 2475 acci-

233 2512 375 2570 disse
404 2513 741 2587 putandum
775 2514 883 2576 est,
903 2515 966 2566 ut
996 2509 1243 2566 Domino
1264 2509 1528 2565 veniente
1549 2509 1621 2564 ad
1640 2509 1881 2581 nuptias

235 2604 426 2659 vinum
459 2602 755 2665 deﬁceret,
780 2600 879 2655 sed
905 2598 1033 2655 ideo
1054 2598 1243 2671 magis
1267 2602 1332 2653 ut
1360 2598 1587 2653 occasio
1607 2596 1876 2652 miraculi

239 2692 407 2760 ﬁeret,
435 2696 498 2747 ut
527 2691 671 2746 dum
695 2706 879 2761 aquas
900 2688 957 2743 in
980 2688 1179 2743 vinum
1204 2690 1583 2755 converteret,
1606 2686 1759 2742 Deus
1781 2686 1881 2758 qui

240 2781 288 2836 in
312 2780 554 2837 homine
582 2778 823 2846 latebat,
853 2782 1176 2851 appareret,
1202 2777 1323 2849 ipse
1354 2776 1594 2844 scilicet,
1618 2776 1717 2848 qui
1739 2777 1879 2831 edu-

238 2872 306 2927 cit
332 2886 546 2945 panem
597 2869 670 2924 de
700 2872 873 2933 terra,
905 2874 961 2923 et
988 2866 1122 2922 vino
1169 2864 1424 2921 lmtiﬁcat
1454 2882 1553 2921 cor
1600 2864 1877 2921 hominis.

239 2959 387 3021 Unde
419 2957 756 3030 intelligens
802 2960 1003 3012 sancta
1044 2957 1173 3027 ejus
1218 2955 1467 3028 genitrix
1488 2955 1615 3025 jam
1648 2958 1881 3025 tempus

238 3065 351 3105 esse
379 3048 649 3122 perfectae
671 3045 879 3115 aetatis,
910 3061 1026 3117 quo
1048 3062 1151 3117 per
1179 3043 1465 3100 miracula
1485 3044 1566 3099 sei
1575 3059 1746 3116 psum
1768 3043 1878 3097 Do-

239 3138 454 3194 minum
486 3135 712 3192 mundo
754 3135 1161 3200 innotesceret,
1195 3138 1252 3189 et
1296 3150 1412 3207 non
1446 3132 1603 3189 ﬁlius
1640 3131 1879 3203 Josepb,

1983 546 2127 601 Ecce
2149 547 2304 618 quod
2337 564 2405 602 ex
2425 550 2481 603 te
2514 548 2832 621 assumpsi,
2865 549 2982 621 pati
3016 552 3072 605 et
3096 550 3241 605 mori
3265 556 3490 624 potest;
3525 554 3635 609 mi-

1983 634 2248 690 raculum
2281 636 2436 708 quod
2491 637 2725 710 quaeris,
2759 637 2885 694 sine
2915 638 3217 695 divinitate
3263 642 3485 713 operari
3520 660 3635 698 non

1984 726 2193 795 potest.
2219 725 2328 779 Sed
2354 742 2488 780 cum
2513 726 2608 781 Dei
2631 726 2972 799 genitricem
2996 727 3297 784 mulierem
3335 730 3506 787 audis
3535 747 3633 804 ap-

1983 811 2282 885 pellatam,
2302 813 2418 869 noli
2441 814 2707 871 dubitare
2724 817 2795 872 de
2818 818 2945 889 ejus
2966 816 3318 891 virginitate,
3338 819 3477 891 quia
3493 836 3637 876 usus
3748 876 3761 883 _

1984 900 2295 974 Scripturas
2324 907 2433 971 est,
2469 921 2673 960 omnes
2706 906 2977 975 feminas,
3029 924 3144 962 non
3178 906 3368 964 solum
3402 912 3635 981 nuptas,

1984 991 2085 1046 sed
2116 991 2291 1047 etiam
2343 992 2644 1066 innuptas,
2679 994 2957 1051 mulieres
3003 995 3320 1068 appellare,
3371 996 3522 1053 sicut
3566 998 3638 1054 de

1984 1080 2174 1153 prima
2203 1085 2390 1137 matre
2420 1084 2683 1139 omnium
2707 1084 2840 1155 Eva,
2866 1101 3000 1140 cum
3020 1085 3391 1152 formaretur,
3414 1086 3636 1142 dictum

1984 1174 2101 1225 est:
2138 1193 2165 1220 α
2199 1168 2521 1227 Ᾱίἀὶίίοεινὶι
2549 1172 2832 1229 Dominus
2854 1179 3103 1242 costam,
3126 1192 3302 1247 quam
3327 1175 3544 1231 tulerat
3566 1176 3637 1232 de

1982 1260 2191 1328 Adam,
2216 1260 2274 1315 in
2297 1260 2602 1317 mulierem
2627 1261 2777 1329 (Gen.
2805 1263 2885 1335 ιι).
2914 1286 2941 1312 ››
2968 1264 3127 1319 lianc
3150 1264 3638 1320 consuetudinem

1985 1354 2223 1405 secutus
2253 1350 2582 1421 Apostolus,
2619 1350 2716 1407 Dei
2757 1351 3120 1425 genitricem,
3156 1370 3281 1425 quae
3312 1352 3473 1425 virgo
3504 1356 3638 1409 ante

1984 1441 2241 1511 partum,
2266 1438 2426 1511 virgo
2444 1445 2574 1512 post
2591 1444 2821 1511 partum
2846 1440 3188 1513 permans’t,
3213 1441 3518 1497 mulierem
3542 1458 3640 1514 ap-

1985 1525 2240 1600 pellavit,
2273 1526 2472 1584 dicens
2496 1545 2511 1586 :
2535 1552 2561 1578 ‹‹
2598 1529 2757 1585 Misit
2778 1529 2931 1586 Deus
2955 1529 3165 1585 Filium
3195 1547 3393 1599 suum,
3416 1531 3636 1586 factum

1986 1633 2052 1672 ex
2076 1616 2341 1685 muliere,
2378 1617 2591 1673 factum
2628 1618 2738 1673 sub
2769 1618 2893 1691 lege
2924 1618 3123 1691 (Galat.
3154 1619 3248 1693 ιν),
3287 1643 3314 1669 ››
3346 1636 3478 1676 cum
3513 1619 3638 1676 sine

1986 1704 2166 1761 dubio
2197 1722 2263 1760 ex
2293 1705 2518 1779 virgine
2548 1710 2723 1763 natus
2743 1708 3035 1763 credatur.
3064 1708 3189 1764 Non
3221 1710 3377 1765 enim
3408 1709 3517 1766 hoc
3538 1726 3639 1765 no—

1987 1794 2145 1850 mine
2174 1796 2491 1867 corruptio,
2526 1797 2626 1852 sed
2658 1813 2832 1853 sexus
2853 1790 3214 1870 designatur.
3238 1797 3311 1853 Ut
3331 1802 3527 1854 autem
3548 1798 3638 1853 in-

1987 1883 2305 1957 telligatur,
2340 1902 2452 1940 non
2495 1885 2767 1957 pietatem
2802 1903 2836 1942 a
2870 1885 3113 1942 Domino
3145 1886 3317 1943 matri
3344 1892 3639 1961 negatam,

1987 1974 2089 2029 sed
2105 1974 2366 2030 ordinem
2383 1973 2674 2046 passionis
2687 1974 3141 2047 pranuntiatum
3153 2021 3165 2044 ,
3181 1980 3334 2032 recte
3346 1975 3639 2032 subditur:

2060 2086 2086 2112 ‹‹
2114 2061 2263 2117 Dicit
2294 2067 2482 2117 mater
2509 2063 2639 2134 ejus
2661 2063 2986 2119 ministris:
3015 2065 3414 2137 Quodcunque
3437 2065 3646 2121 dixerit

1989 2175 2017 2201 ‹‹
2049 2151 2211 2207 vobis
2244 2151 2433 2207 facite.
2462 2175 2487 2200 ››
2514 2151 2797 2207 Intellexit
2826 2153 2981 2208 enim
3013 2153 3071 2208 in
3102 2151 3221 2209 illis
3254 2154 3486 2210 Domini
3517 2172 3644 2209 ver-

1989 2240 2103 2304 bis,
2132 2257 2194 2295 se
2216 2258 2331 2296 non
2352 2257 2480 2296 esse
2500 2248 2897 2314 exasperatam
2916 2259 2930 2311 ;
2949 2247 3007 2298 ct
3025 2243 3153 2298 ideo
3176 2241 3526 2299 ﬁducialiter
3543 2242 3648 2297 mi-

1989 2329 2192 2385 nistris
2243 2329 2568 2403 imperavit,
2602 2335 2668 2387 ut
2714 2336 3005 2405 prccepta
3044 2330 3359 2404 implerent
3401 2330 3506 2387 filii
3544 2332 3641 2403 ju-

1989 2418 2203 2474 bentis.

2062 2531 2088 2555 «ι
2110 2508 2289 2562 Erant
2302 2514 2497 2563 autem
2513 2507 2749 2581 lapidea:
2763 2509 2978 2582 hydria:
2993 2526 3093 2567 sex
3105 2510 3305 2583 posita:
3316 2511 3644 2567 secundum

1991 2620 2017 2644 «
2056 2596 2523 2668 puriﬁcationem
2546 2598 2905 2668 Judzeorum,
2929 2602 3226 2672 capientes
3247 2599 3492 2673 singulis
3523 2614 3644 2655 me-

1991 2710 2017 2734 ‹‹
2054 2689 2233 2741 tretas
2267 2686 2437 2742 binas
2464 2686 2551 2740 vel
2584 2691 2801 2743 ternas.
2832 2710 2860 2737 »
2914 2689 3139 2760 Hydriae
3175 2689 3456 2744 dicuntur
3482 2706 3643 2757 vasa,

1990 2791 2155 2845 aqua:
2174 2775 2428 2847 receptui
2447 2781 2788 2848 praeparata,
2821 2781 3006 2831 tracto
3025 2776 3307 2832 vocabulo
3336 2793 3370 2831 a
3392 2779 3648 2849 proprie-

1988 2867 2108 2920 tate
2140 2864 2319 2920 Graeci
2353 2865 2662 2937 sermonis,
2690 2865 2967 2938 quoniam
2997 2883 3148 2939 aqua
3167 2866 3357 2922 Graece
3390 2874 3518 2939 ὕδωρ
3546 2882 3646 2921 vo-

1990 2957 2176 3008 catur.
2196 2953 2479 3016 Quoniam
2499 2959 2692 3010 autem
2711 2956 3033 3012 secundum
3055 2955 3518 3028 puriﬁcationem
3541 2954 3644 3011 Ju-

1991 3041 2247 3097 daaorum
2280 3041 2479 3114 positae
2510 3043 2861 3111 referuntur,
2884 3044 3120 3100 traditio
3142 3044 3393 3100 habebat
3422 3043 3647 3115 Judaeu-

1992 3147 2144 3196 rum,
2191 3134 2248 3186 et
2295 3131 2546 3186 maxime
2595 3130 3042 3199 Pharisaeorum,
3076 3137 3142 3187 ut
3173 3132 3230 3187 in
3280 3132 3557 3188 conviviis
3585 3137 3645 3187 et

239 3228 325 3283 sed
368 3227 464 3283 Dei
486 3229 545 3282 et
568 3225 764 3281 Mariae
796 3223 1040 3297 virginis
1070 3224 1424 3291 crederetur,
1453 3222 1570 3278 ait:
1603 3245 1630 3271 ‹‹
1664 3220 1879 3275 Vinum
1912 3211 1954 3276 C
1993 3218 2215 3291 nuptiis
2237 3236 2373 3275 vasa
2392 3236 2524 3274 cum
2547 3236 2700 3292 aqua
2721 3220 3095 3287 haberentur,
3116 3225 3353 3293 propter
3377 3221 3646 3293 puriﬁca-
3702 3296 3709 3305 Δ

237 3326 340 3372 non
370 3316 614 3373 habent.
639 3334 672 3367 ι
702 3312 1101 3386 Spiritualiter
1121 3316 1317 3368 autem
1349 3312 1617 3368 veniente
1638 3309 1886 3366 Domino

240 3407 302 3460 ad
335 3404 595 3479 nuptias,
626 3403 828 3459 vinum
862 3402 1091 3470 defecit,
1122 3400 1262 3475 quia
1308 3416 1543 3456 meraca
1587 3399 1687 3455 iila
1716 3398 1882 3471 legis,

240 3511 271 3550 a
289 3495 477 3567 prisca
502 3510 613 3551 sua
632 3492 915 3549 suavitate
935 3495 992 3547 et
1007 3489 1313 3547 dulcedine
1333 3489 1688 3562 desipuerat.
1708 3484 1887 3553 Quasi

245 3584 387 3640 enim
417 3584 623 3639 vinum
656 3580 852 3654 sapuit
880 3580 970 3636 lex
1019 3579 1383 3653 temporibus
1433 3578 1636 3652 Moysi,
1684 3578 1883 3645 Josue,

242 3672 518 3730 Samuelis
541 3676 599 3728 et
614 3670 823 3731 David.
848 3676 905 3726 et
926 3674 1265 3726 ceterorum
1297 3669 1395 3741 qui
1428 3686 1556 3725 eam
1589 3667 1885 3723 intellexe-

244 3768 429 3819 runtet
441 3764 778 3818 tenuerunt.
797 3758 929 3815 Jam
950 3776 1083 3816 vero
1103 3763 1363 3831 tempore
1385 3774 1502 3830 quo
1526 3757 1808 3813 Dominus
1823 3757 1883 3812 in

246 3852 447 3907 mundo
460 3847 755 3923 apparuit,
771 3847 1213 3921 superstitiosus
1227 3843 1884 3920 [F.,superstitionibus]

246 3936 652 3995 Pharisaeorum
670 3937 1158 4004 excrescentibus,
1172 3940 1227 3991 et
1249 3937 1319 3991 ab
1333 3952 1529 3991 amore
1543 3935 1642 3991 Dei
1655 3934 1885 3991 Judan-

249 4045 364 4084 rurn
394 4028 630 4103 populis
660 4026 1130 4102 frigescentibus,
1165 4026 1237 4081 ab
1260 4026 1505 4095 antiquo
1535 4041 1642 4080 suo
1676 4040 1884 4097 sapore

250 4117 536 4183 defecerat,
552 4117 707 4173 sicut
724 4116 1003 4171 Dominus
1014 4112 1693 4186 Judaaisimproperando
1706 4113 1881 4168 dixit:

256 4227 279 4253 «ι
296 4205 399 4261 Vos
419 4206 559 4263 estis
581 4206 679 4278 qui
698 4204 1013 4277 reliquistis
1031 4203 1377 4259 mandatum
1396 4202 1495 4258 Dei
1521 4206 1755 4274 propter
1773 4205 1886 4257 tra-

253 4292 481 4354 ditiones
511 4299 735 4350 vestras
758 4294 959 4367 (Matth.
992 4293 1131 4364 xxx).
1159 4315 1187 4342 ››
1222 4292 1383 4359 Quod
1417 4295 1612 4347 autem
1646 4291 1729 4347 ait
1758 4308 1881 4346 ma-

255 4385 330 4437 ter
352 4382 483 4440 Jesu
514 4384 587 4440 ad
610 4399 745 4440 eum
772 4399 785 4436 :
811 4405 837 4432 «
866 4381 1082 4437 Vinum
1116 4397 1230 4436 non
1264 4380 1501 4447 habent,
1521 4402 1548 4429 »
1568 4397 1677 4436 vox
1699 4380 1880 4453 Syna~

255 4486 394 4545 gogze
417 4478 501 4530 est
528 4472 828 4529 Christum
861 4471 931 4526 ad
966 4468 1249 4526 miracula
1277 4469 1664 4542 provocantis.

319 4584 341 4609 «
373 4561 510 4618 Dicit
537 4561 589 4618 ei
620 4562 822 4618 Jesus:
849 4558 997 4626 Quid
1019 4558 1165 4614 mihi
1187 4562 1243 4614 et
1265 4558 1393 4627 tibi,
1427 4557 1727 4615 mulier?»
1755 4558 1879 4613 Non
1912 4582 1961 4647 Β

258 4651 527 4720 putandus
554 4655 645 4707 est
660 4650 945 4707 Dominus
971 4647 1355 4704 inhonorasse
1382 4652 1654 4713 matrem,
1675 4647 1774 4719 qui
1789 4648 1885 4719 ju-

258 4735 338 4794 bet
355 4739 632 4796 bonorare
652 4743 943 4812 parentes,
963 4738 1064 4794 sed
1079 4735 1161 4792 illi
1184 4736 1391 4792 altiora
1406 4736 1686 4809 querenti
1706 4753 1883 4808 quam

259 4825 363 4883 sola
376 4828 708 4887 humanitas
721 4828 957 4897 habeat,
992 4827 1063 4883 ad
1094 4826 1372 4882 virtutem
1394 4825 1723 4881 Divinitatis
1753 4842 1886 4881 con-

259 4917 647 4988 templandam,
672 4917 723 4990 ej
734 4934 802 4973 us
819 4915 1029 4972 mentis
1050 4914 1249 4971 oculos
1272 4913 1611 4971 sublevavit.
1635 4916 1714 4969 Ac
1731 4914 1779 4971 si
1802 4914 1886 4969 di-

260 5010 411 5062 ceret:
446 5029 472 5056 ‹‹
505 5007 653 5072 Quid
676 5004 1034 5062 humanitati
1074 5011 1188 5061 tua:
1219 5020 1352 5059 cum
1387 5002 1690 5075 miraculo,
1724 5003 1882 5077 quod

260 5096 462 5166 quaris,
493 5114 809 5155 commune
840 5100 949 5162 est,
972 5110 1105 5151 cum
1136 5094 1381 5151 virtutes
1414 5094 1642 5167 operari
1674 5093 1881 5150 divina:

257 5183 461 5242 virtutis
491 5187 613 5243 sit?
634 5209 662 5237 ››
694 5217 764 5227 -
787 5208 815 5235 ‹‹
848 5184 1119 5241 Nondum
1150 5184 1309 5239 venit
1339 5182 1483 5239 hora
1513 5200 1661 5240 mea.
1697 5206 1725 5233 ››
1758 5184 1881 5249 Quo

259 5273 425 5341 verbo,
448 5293 561 5331 non
583 5275 730 5332 hora
750 5273 942 5330 fatalis
966 5274 1052 5345 (ut
1070 5272 1325 5328 haeretici
1354 5270 1682 5344 voluerunt)
1707 5272 1883 5345 signi-

261 5358 458 5434 ﬁcatur,
490 5366 591 5422 sed
620 5365 764 5421 hora
798 5362 1110 5437 passionis.
1132 5363 1212 5419 Ac
1242 5363 1291 5419 si
1322 5361 1575 5418 diceret:
1609 5361 1880 5417 Nondum

259 5453 395 5508 venit
418 5453 558 5513 hora
574 5453 893 5528 passionis,
928 5469 1043 5526 qua
1062 5468 1191 5509 vere
1219 5451 1589 5508 manifestem
1619 5450 1760 5523 quid
1778 5449 1884 5505 hu-

260 5542 483 5599 manitas
504 5544 713 5617 possit,
732 5559 911 5617 quam
932 5558 1002 5597 ex
1016 5546 1071 5599 te
1091 5542 1406 5616 assumpsi.
1426 5543 1560 5608 Quae
1581 5540 1725 5596 hora
1741 5543 1881 5597 tunc

258 5627 469 5709 impleta
497 5637 604 5705 est,
638 5634 874 5710 quando
900 5631 1165 5710 pandens
1187 5632 1246 5690 in
1268 5646 1460 5707 cruce,
1494 5629 1674 5694 dixit:
1703 5652 1730 5686 «
1753 5630 1880 5690 Mu-

1993 3308 2211 3364 tionem
2258 3309 2616 3377 Judaaorum,
2668 3308 2754 3365 vel
2799 3308 3145 3365 lavationem
3198 3326 3504 3375 manuum,
3554 3308 3643 3391 vel

1940 3428 1965 3435 —
1994 3398 2280 3470 quidquid
2303 3414 2536 3454 necesse
2552 3403 2725 3454 esset.
2749 3398 2910 3464 Quod
2928 3397 3027 3453 ille
3046 3398 3369 3455 Pharismus
3386 3399 3445 3454 in
3467 3399 3647 3455 Evan-

1992 3486 2143 3560 gelio
2163 3487 2401 3555 indicat,
2424 3488 2523 3560 qui
2542 3488 2736 3560 ipsum
2756 3488 2975 3543 fontem
2995 3504 3159 3560 aqua:
3173 3487 3312 3543 vivae
3329 3487 3643 3543 Dominum

1995 3577 2418 3649 reprehendere
2439 3594 2621 3633 ausus
2647 3581 2755 3643 est,
2779 3593 2960 3649 quare
3000 3594 3115 3633 non
3146 3580 3301 3633 esset
3327 3576 3483 3634 lotus
3513 3581 3647 3633 ante

1994 3666 2306 3738 prandium
2335 3667 2523 3738 (Marc.
2554 3667 2675 3737 vn).
2701 3668 2809 3723 Sed
2833 3666 3110 3739 quiajam
3132 3670 3367 3739 tempus
3388 3666 3651 3721 instabat

1992 3760 2059 3809 ut
2090 3754 2187 3810 ille
2221 3755 2320 3827 qui
2352 3755 2528 3811 homo
2559 3773 2743 3828 purus
2773 3756 3097 3825 videbatur,
3130 3773 3299 3812 verus
3331 3756 3486 3812 Deus
3517 3770 3647 3811 esse

1992 3843 2414 3910 ostenderetur,
2448 3847 2601 3900 recte
2632 3845 3039 3918 subjungitur:

2064 3955 2090 3981 ‹‹
2124 3932 2270 3987 Dicit
2299 3930 2382 3987 eis
2398 3931 2600 3989 Jesus:
2655 3933 2897 4006 Implete
2945 3933 3181 4007 bydrias
3227 3951 3397 4006 aqua.
3431 3934 3503 3989 Et
3532 3933 3647 3989 im-

1999 4040 2020 4067 α
2055 4019 2355 4093 pleverunt
2376 4037 2473 4077 eas
2493 4038 2679 4093 usque
2695 4023 2765 4077 ad
2791 4040 3110 4078 summum.
3150 4046 3176 4073 »
3208 4022 3341 4086 Quae
3361 4023 3417 4078 in
3442 4023 3645 4079 vinum

1992 4125 2280 4164 conversa:
2312 4113 2472 4165 sunt.
2504 4111 2574 4165 Et
2601 4109 2838 4182 quidem
2871 4116 3095 4183 poterat
3116 4111 3403 4167 Dominus
3432 4128 3645 4168 vacuas

1990 4197 2229 4271 hydrias
2260 4197 2501 4271 implere
2531 4198 2684 4267 vino,
2736 4200 3015 4271 quoniam
3060 4205 3373 4272 antequam
3424 4205 3641 4267 essent,

1990 4288 2206 4342 creavit
2234 4304 2302 4342 ex
2333 4286 2534 4358 nihilo,
2570 4288 2670 4343 sed
2694 4287 3057 4359 priusjussit
3072 4304 3169 4344 eas
3193 4289 3435 4361 implere
3467 4305 3642 4361 aqua,

1991 4380 2049 4431 et
2080 4376 2162 4432 sic
2201 4376 2483 4431 convertit
2514 4376 2571 4431 in
2603 4375 2803 4430 vinum
2831 4394 2844 4443 ;
2880 4376 3019 4448 quia
3047 4376 3284 4432 veniens
3316 4394 3430 4432 non
3465 4376 3643 4432 aliam

1990 4464 2178 4539 legem
2191 4464 2368 4533 dedit,
2383 4480 2557 4537 quam
2575 4481 2677 4538 per
2695 4481 2925 4520 servum
2943 4482 3115 4521 suum
3132 4467 3368 4539 Moysen
3383 4465 3640 4532 dederat,

1992 4555 2090 4611 sed
2150 4553 2340 4627 ipsam
2389 4554 2772 4627 spiritualitcr
2823 4554 3277 4628 interpretando,
3322 4556 3381 4612 in
3431 4554 3644 4610 melius

1993 4643 2392 4713 commutavit,
2417 4643 2555 4717 quia
2575 4642 2938 4716 spiritualem
2955 4644 3422 4717 intelligentiam,
3443 4643 3642 4716 quaein

1993 4750 2062 4788 ea
2100 4732 2336 4801 latebat,
2382 4734 2629 4806 aperuit,
2680 4732 2835 4789 sicut
2882 4733 3007 4807 ipse
3056 4734 3137 4789 ait
3185 4736 3244 4791 in
3294 4733 3641 4807 Evangelio:

1994 4822 2173 4877 «Non
2204 4822 2335 4877 veni
2388 4821 2605 4879 solvere
2652 4821 2863 4894 legem,
2909 4824 3011 4879 sed
3062 4822 3382 4893 adimplere
3421 4821 3641 4892 (Matth.

1990 4912 2069 4983 v).
2106 4933 2134 4961 ››
2164 4911 2337 4975 Quasi
2362 4928 2498 4985 ergo
2528 4910 2911 4984 spiritualitcr
2938 4928 3151 4984 aquam
3183 4911 3243 4966 in
3271 4910 3473 4966 vinum
3505 4928 3642 4966 con-

1989 5000 2179 5066 vertit,
2200 5000 2434 5073 quando
2458 5004 2587 5072 post
2608 5016 2775 5055 suam
2797 4999 3300 5069 resurrectionem,
3321 5016 3452 5055 cum
3475 4999 3648 5055 disci-

1992 5090 2147 5162 pulis
2177 5088 2508 5156 ambulans,
2534 5086 2759 5160 aperuit
2779 5089 2863 5144 eis
2883 5106 3146 5160 sensum,
3171 5094 3235 5144 ut
3255 5088 3645 5162 intelligerent

1992 5180 2340 5252 Scripturas.
2375 5179 2445 5233 Et
2484 5177 2771 5250 incipiens
2800 5196 2833 5234 a
2866 5178 3063 5252 Moyse
3100 5183 3158 5235 et
3187 5178 3505 5252 prophetis,
3554 5177 3648 5232 in-

1988 5265 2548 5341 terpretabaturillis
2570 5267 2900 5339 Scripturas
2922 5268 2981 5324 in
3002 5269 3276 5325 omnibus
3298 5284 3428 5340 quas
3442 5268 3512 5322 de
3543 5265 3644 5327 illo

1989 5363 2172 5414 erant.
2205 5358 2285 5413 De
2316 5358 2485 5429 cujus
2516 5356 2866 5413 suavissimo
2897 5362 3073 5432 gustu
3109 5362 3341 5414 tantum
3374 5355 3647 5430 inebriat:

1989 5451 2147 5516 sunt,
2181 5452 2245 5503 ut
2270 5451 2471 5518 postea
2500 5445 2798 5503 dicerent:
2834 5472 2860 5498 ‹‹
2897 5448 3100 5525 Ngnne
3132 5464 3231 5504 cor
3250 5451 3518 5503 nostrum
3550 5462 3639 5501 ar-

1990 5538 2135 5594 dens
2180 5540 2305 5592 erat
2332 5535 2394 5591 in
2427 5536 2595 5593 nobis
2630 5562 2657 5587 »
2690 5537 2761 5593 de
2786 5537 2948 5607 Jesu,
2983 5560 3011 5588 «
3046 5538 3186 5593 dum
3218 5536 3554 5609 loqueretur
3579 5531 3641 5588 in

1988 5626 2100 5699 via,
2119 5632 2175 5685 et
2196 5626 2445 5703 aperiret
2466 5626 2636 5689 nobis
2657 5627 2989 5707 Scripturas
3005 5629 3157 5705 (Luc.
3179 5625 3353 5705 xxxv).
3367 5625 3396 5683 ?
3409 5647 3437 5677 »
3460 5619 3643 5697 Spiri~
