4018 6180
246 324 337 415 i37

1425 349 1775 410 nonum;
1823 346 1924 406 DE
1970 314 2369 411 Teneone.

3480 347 3595 408 I38

234 486 443 552 carnalis
473 486 587 558 ipso
621 484 1037 557 interpretante
1060 483 1403 557 spiritaliter
1418 481 1831 545 estinlollccta,
1864 479 1921 548 Α
1949 480 2211 549 Domine,
2245 486 2299 537 et
2331 480 2744 555 gloriﬁcabunt
2774 486 3190 543 nomen.tuum
3224 480 3282 536 in
3313 484 3595 535 aeternum

229 573 1097 649 intantum,utquicunquehanc
1114 572 1479 629 dulcedinem
1495 569 1836 643 gustaverit,

230 663 516 721 admiretur
542 668 599 718 et
630 662 814 721 dicat:
847 662 1053 719 Omnis
1084 661 1258 718 homo
1309 660 1566 734 primum
1616 660 1837 715 bonum

228 752 399 808 vinum
427 749 598 822 ponit.
1018 804 1021 807 ,

285 864 307 890 ‹‹
334 840 438 897 Hoc
468 839 601 896 fecit
624 838 860 896 initium
893 840 1197 912 signorum
1226 839 1399 895 Jesus
1421 838 1480 894 in’
1511 838 1666 894 Cana
1690 835 1839 892 Gali-

226 954 247 981 ί(
271 929 388 985 lete.
418 951 445 979 ι)
477 928 719 986 Pulchre
749 946 886 1003 ergo
918 928 1205 985 Dominus
1252 928 1487 985 initium
1532 928 1835 1001 signorum

223 1036 426 1077 suorum
454 1018 559 1075 hoc
591 1018 875 1075 miraculo
904 1017 1084 1075 voluit
1131 1033 1504 1082 consecrare,
1556 1022 1623 1072 ut
1652 1032 1837 1088 aquas

224 1109 435 1165 mutaret
463 1105 515 1162 in
549 1106 848 1173 vinum,ut
882 1106 1115 1162 discant
1146 1106 1348 1165 ﬁdeles
1365 1106 1504 1178 quia
1521 1122 1633 1161 non
1659 1104 1833 1160 aliam

217 1196 372 1269 legem
400 1195 550 1252 venit
582 1196 814 1264 docere,
850 1186 966 1253 nisi
1011 1213 1191 1269 quam
1223 1211 1326 1268 per
1375 1212 1606 1251 servum
1658 1210 1833 1250 suum

219 1285 418 1357 Moysen
448 1285 706 1353 dederat,
731 1285 831 1342 sed
850 1284 1040 1357 ipsam
1056 1283 1834 1357 spiritualiterinterpretan~

217 1373 276 1429 do
301 1372 350 1428 in
380 1371 586 1431 melius
615 1378 1005 1430 commutare.
1040 1377 1192 1430 Bene
1220 1377 1416 1428 autem
1439 1372 1678 1447 dicjtur:
1715 1392 1745 1422 α
1766 1372 1837 1427 Et

216 1486 239 1512 ‹‹
267 1462 637 1519 manifestavit
659 1461 907 1534 gloriam
931 1480 1122 1519 suam.
1150 1484 1178 1512 »
1207 1460 1616 1529 Manifestavit,
1637 1458 1836 1516 videli-

212 1556 285 1607 cet
310 1568 400 1625 per
426 1551 531 1608 hoc
563 1551 806 1623 signum
838 1552 994 1623 quod
1030 1551 1154 1623 ipse
1203 1556 1359 1607 esset
1409 1568 1509 1605 rex
1555 1548 1750 1622 gloriae
1780 1552 1837 1606 et

212 1640 460 1696 Dominus
488 1640 799 1707 virtutum,
831 1646 890 1696 et
919 1641 1046 1712 ipse
1076 1644 1230 1697 esset
1260 1657 1514 1712 sponsus
1544 1638 1830 1695 Ecclesiae:

212 1721 572 1778 manifestavit
604 1722 760 1794 quod
791 1722 918 1794 ipse
961 1726 1115 1778 esset
1145 1721 1247 1794 qui
1298 1724 1513 1776 cuncta
1555 1738 1623 1776 ex
1654 1719 1835 1774 nihilo

212 1809 371 1880 potuit
398 1826 616 1879 creare,
652 1808 750 1882 qui
766 1810 941 1866 etiam
959 1811 1194 1883 quando
1206 1808 1407 1879 voluit,
1431 1808 1719 1865 elementa
1740 1825 1836 1881 po-

1947 570 2116 639 (Psal.
2153 578 2373 634 Lxxxv).
2412 592 2437 619 ι)
2470 571 2629 625 Hanc
2661 587 2895 643 quoque
2926 570 3158 626 turbam
3190 567 3603 631 videbatJoan-

1948 675 2050 713 nes
2064 658 2120 713 in
2137 658 2502 732 Apocalypsi,
2523 660 2768 731 quicum
2786 677 2854 715 ex
2866 658 3117 732 singulis
3134 655 3597 713 tribubuslsrael

1946 746 2250 803 duodecim
2267 746 2451 803 millia
2463 748 2725 821 signatos
2737 748 3110 817 describeret,
3126 747 3218 819 adj
3229 745 3395 803 unxit
3408 760 3457 799 ;‹‹
3466 743 3601 800 Post

1944 835 2067 891 hzec
2092 836 2208 892 vidi
2238 836 2471 892 turbam
2507 854 2781 911 magnam
2802 855 2978 911 quam
3000 853 3170 893 nemo
3187 832 3597 909 poteratdinu-

1946 942 2190 993 morare,
2221 941 2289 981 ex
2337 909 2633 982 omnibus
2662 909 2915 999 populis,
2948 926 3224 982 tribubus
3271 927 3329 983 et
3377 922 3596 996 linguis
3658 909 3670 919 ”

1945 1014 2123 1086 (Apoc.
2170 1014 2290 1086 x11).
2326 1036 2354 1064 ››
2410 1014 2750 1087 Sequuntur
2792 1019 2989 1071 autem
3023 1014 3208 1069 turbae
3253 1011 3591 1078 Dominum,

1942 1100 2179 1175 quando
2210 1103 2337 1175 ejus
2369 1094 3029 1177 vestigia'humanitatis
3049 1102 3357 1158 imitantur
3370 1100 3589 1157 ﬁdeles.

1945 1191 2116 1263 Sequi
2150 1192 2305 1247 enim
2335 1192 2672 1259 Dominum,
2703 1192 2917 1250 imitari
2951 1195 3061 1263 est,
3094 1191 3246 1250 sicut
3276 1189 3400 1263 ipse
3430 1188 3587 1245 dicit:

1947 1302 1976 1332 «
2007 1280 2112 1346 Qui
2148 1279 2293 1335 mihi
2325 1280 2637 1349 ministrat,
2671 1298 2764 1337 me
2793 1284 3074 1354 sequatur
3102 1280 3275 1349 (Joan.
3311 1278 3430 1352 xu).
3465 1301 3494 1328 ››
3527 1278 3595 1335 Et

1946 1370 2187 1424 iterum:
2224 1392 2251 1419 ‹‹
2285 1369 2389 1432 Qui
2422 1369 2546 1425 vult
2573 1370 2767 1426 venire
2798 1374 2930 1442 post
2959 1386 3052 1426 me
3082 1369 3330 1442 abneget
3374 1370 3593 1423 semet-

1942 1458 2160 1530 ipsum,
2191 1462 2250 1513 et
2300 1458 2467 1514 tollat
2522 1475 2752 1515 erucem
2812 1476 3003 1528 suam,
3045 1462 3103 1514 et
3156 1461 3439 1531 sequatur
3498 1472 3591 1511 me

1946 1549 2093 1620 (Luc.
2127 1548 2225 1619 Ix).
2262 1570 2288 1595 ››

2019 1660 2047 1687 α
2077 1637 2221 1693 Ecce
2253 1637 2542 1708 Leprosus
2565 1636 2803 1693 veniens
2834 1636 3115 1692 adorabat
3155 1652 3313 1702 eum,
3359 1634 3589 1692 dicens:

1945 1749 1972 1776 «
2008 1724 2277 1793 Domine,
2309 1725 2359 1781 si
2387 1725 2495 1791 vis,
2527 1730 2692 1798 potes
2724 1742 2816 1781 me
2860 1725 3162 1782 mundare.
3202 1747 3229 1774 ››
3262 1724 3324 1780 Si
3366 1724 3502 1797 quis
3532 1724 3592 1780 in

1920 1814 2055 1870 .hoe
2086 1814 2210 1869 loco
2243 1812 2429 1869 solam
2461 1813 2715 1870 litteram
2731 1814 3013 1880 attendat,
3035 1830 3150 1869 non
3165 1829 3399 1885 parvam
3417 1812 3593 1869 ﬁdem

209 1899 637 1955 tuitimmutare.
655 1900 816 1966 Quod
832 1898 1282 1955 verosublitur:
1320 1921 1347 1948 ‹‹
1381 1898 1836 1953 Etcredidcrunt
1869 1898 1910 1914 ”
1943 1902 2221 1958 habuisse
2251 1902 2517 1975 leprosus
2548 1901 2657 1958 iste
2687 1901 3077 1975 cognoscitur.
3098 1901 3280 1957 Deum
3299 1900 3455 1956 enim
3477 1917 3594 1956 non

210 2009 233 2037 α
258 1988 307 2043 in
336 2004 459 2044 eum
492 1988 772 2060 discipuli
807 1989 956 2059 ejus.
996 2011 1023 2037 »
1055 1988 1179 2043 Non
1214 1987 1539 2060 putandum
1564 1991 1655 2043 est
1677 1987 1832 2058 quod
1940 1991 2245 2058 dubitavit,
2280 2008 2455 2064 quem
2488 1991 2733 2063 supplex
2762 1992 3044 2048 adoravit.
3068 1991 3408 2061 Needeejus
3431 1989 3597 2045 dubi-

208 2082 321 2132 tunc
352 2079 611 2150 primum
644 2077 704 2132 in
739 2094 873 2134 eum
906 2076 1281 2143 crediderint,
1319 2075 1573 2131 maxime
1603 2091 1739 2130 cum
1762 2075 1833 2131 ab
1942 2081 2083 2137 tavit
2115 2085 2421 2153 potestate,
2455 2098 2589 2136 cum
2623 2080 2808 2137 solam
2861 2078 3167 2154 requisivit
3210 2079 3592 2147 voluntatem,

204 2165 285 2222 illo
311 2167 376 2222 ad
407 2166 651 2240 nuptias
674 2167 857 2222 vocati
890 2182 1019 2221 esse
1049 2166 1349 2222 dicantur:
1383 2164 1482 2222 sed
1537 2163 1637 2236 qui
1669 2164 1833 2236 prius
1943 2170 2175 2226 dicens:
2210 2194 2237 2220 ‹‹
2274 2170 2541 2235 Domine,
2572 2170 2619 2224 si
2640 2170 2744 2232 vis.
2765 2169 3354 2242 potesmemundare.
3382 2192 3404 2222 ι
3433 2168 3597 2224 Unde

204 2256 562 2324 crediderant,
602 2254 727 2311 viso
759 2254 1065 2321 miraculo,
1102 2254 1330 2310 ﬁrmius
1360 2254 1752 2320 crediderunt,
1777 2256 1835 2308 et

204 2362 351 2416 quem
376 2351 547 2401 antea
567 2344 871 2400 hominem
885 2345 1218 2413 credebant,
1251 2343 1359 2398 hoc
1372 2343 1609 2415 signum
1640 2341 1834 2397 viden-

206 2438 294 2497 tes,
325 2434 499 2491 Deum
537 2451 742 2490 verum
774 2437 832 2489 et
861 2433 1159 2489 hominem
1194 2450 1323 2489 esse
1351 2431 1742 2488 crediderunt.

768 2576 1076 2632 HOMILIA
1114 2576 1254 2631 ΧΙΧ.

507 2682 794 2723 ΒΟΜΙΝΙΟΑ
840 2682 900 2721 III
942 2682 1083 2721 POST
1122 2682 1494 2721 EPIPIIANIAM.

259 2794 482 2861 (Manu.
516 2792 671 2863 vm.)
704 2816 729 2842 ‹‹
767 2792 831 2846 In
863 2790 961 2847 illo
985 2795 1419 2863 tempore,cum
1436 2791 1834 2847 descendisset

201 2906 223 2931 ιι
247 2881 402 2939 Jesus
430 2884 500 2938 de
530 2885 755 2946 monte,
790 2885 1003 2937 secuta:
1035 2884 1175 2936 sunt
1199 2897 1332 2935 eum
1364 2881 1548 2936 turbre
1570 2880 1829 2946 multis,»

202 2975 247 3025 et
270 2972 496 3045 reliqua.
528 2971 824 3042 Superius
873 2968 1231 3041 evangelista
1282 2971 1539 3024 narravit
1584 2968 1837 3041 qualiter

201 3058 452 3118 Dominus
463 3062 684 3117 sedens
698 3059 754 3116 in
772 3056 1391 3127 monte,ordinemocto
1405 3057 1833 3113 beatitudinum

200 3150 429 3216 tradidit,
461 3151 701 3206 dicens:
737 3172 764 3199 «
800 3147 956 3204 Beati
984 3164 1269 3220 pauperes
1295 3146 1525 3219 spiritu,
1556 3147 1832 3219 quoniam

1945 2260 2089 2315 ﬁdes
2121 2259 2387 2330 protinus
2418 2259 2686 2314 cll'ectum
2702 2262 3286 2324 consecutaest,nam
3305 2257 3595 2331 sequitur,

2014 2350 2119 2404 «Et
2147 2349 2461 2405 extendens
2492 2348 2663 2403 Jesus
2697 2364 2959 2415 manum,
2980 2347 3173 2420 tetigit
3201 2363 3335 2402 eum
3368 2346 3595 2403 dicens:

1946 2462 1970 2487 ‹‹
2012 2436 2175 2495 Volo.
2210 2437 2515 2493 mundare.
2554 2460 2580 2487 ››
2614 2436 2719 2492 Ubi
2755 2454 2886 2492 cum
2921 2453 3136 2509 magna
3182 2441 3460 2509 appareat
3488 2436 3598 2492 Do-

1952 2525 2097 2582 mini
2130 2530 2406 2599 potestas,
2442 2543 2556 2582 non
2590 2526 2782 2581 minor
2796 2523 3597 2595 ejusdeclaraturhumilitae.

1834 2618 1843 2623 ’
1947 2617 2265 2688 Leprosum
2296 2614 2474 2683 enim,
2509 2630 2687 2686 quem
2740 2614 2830 2670 lex
2860 2618 3022 2669 extra
3071 2618 3263 2669 castra
3309 2613 3597 2685 ejiciebat,

1945 2722 2120 2777 quem
2147 2704 2351 2760 scriba:
2385 2709 2443 2760 et
2474 2701 2855 2759 Pharisaeivix
2878 2702 3163 2774 respicere
3179 2701 3595 2774 dignabantur,

1952 2793 2051 2849 ille
2082 2799 2319 2866 tangere
2351 2811 2463 2849 non
2492 2791 3062 2863 recusavit,quieum
3076 2791 3597 2863 mundarepoterat
3686 2838 3697 2851 ,

1945 2883 2076 2939 sine
2107 2882 2614 2950 tactu,ostendens
2637 2881 2776 2954 quia
2806 2881 2934 2951 ejus
2963 2885 3154 2936 tactus
3184 2878 3346 2936 salus
3365 2882 3454 2935 est
3472 2894 3593 2934 cre-

1942 2970 2238 3028 dentibus.
2274 2971 2564 3038 Quaeritur
2581 2987 2761 3043 quare
2773 2970 3060 3026 Dominus
3073 2968 3371 3041 leprosum
3388 2966 3592 3041 tetige-

1943 3061 2038 3128 rit,
2072 3076 2206 3115 cum
2238 3059 2328 3114 lex
2358 3058 2658 3131 praecipiat
2689 3075 2822 3115 cum
2855 3075 2971 3113 non
3000 3057 3278 3131 tangere?
3307 3057 3590 3126 Primum,

1944 3147 2371 3204 utllumilitatis
2384 3153 2577 3203 etcom
2586 3146 2877 3219 passionis
2887 3146 3218 3218 exemplum
3232 3147 3595 3203 nobisosten-

201 3236 430 3310 ipsorum
460 3245 555 3295 est
590 3254 837 3312 regnum
869 3236 1146 3292 cmlorum
1167 3235 1522 3308 (Matth.v),»
1558 3240 1836 3291 etczetera
1866 3220 1908 3287 C
1946 3240 2124 3306 deret,
2158 3254 2263 3293 nec
2281 3235 2688 3309 despiciendos
2712 3233 3594 3308 proximospmpterdebilitates

201 3326 742 3400 quaesequunturEt
756 3330 962 3382 utvera
973 3342 1101 3382 esse
1115 3326 1418 3381 crederent
1431 3342 1561 3397 quas
1574 3325 1631 3379 in
1645 3324 1834 3380 verbis

199 3416 495 3484 audierant,
513 3419 956 3487 consequenter
970 3415 1321 3471 miraculum
1338 3414 1431 3485 adj
1444 3432 1656 3487 ungere
1673 3430 1833 3470 cura-

196 3503 280 3572 vit,
310 3505 536 3563 dicens:
582 3526 607 3554 ι
642 3504 711 3560 Et
742 3505 1132 3560 descendente
1163 3521 1229 3560 eo
1261 3504 1333 3559 de
1366 3508 1582 3573 monte,
1624 3507 1834 3560 secutae

201 3600 318 3648 sunt
342 3612 472 3651 eum
504 3594 697 3651 turbze
731 3593 950 3649 multae.
976 3616 1002 3642 υ
1038 3591 1831 3665 Ubispiritualitermontem,

201 3681 246 3735 in
274 3700 378 3755 quo
407 3683 700 3740 Dominus
733 3681 902 3751 sedit,
938 3681 1832 3754 emtumintelligerepossumus,

202 3770 249 3824 in
276 3790 381 3844 quo
414 3791 550 3829 cum
590 3772 760 3827 Patre
792 3771 1028 3839 mansit,
1046 3771 1834 3843 etmanetsemperaequalis.

204 3860 339 3916 Tunc
368 3868 569 3918 autem
605 3862 677 3917 de
693 3866 888 3916 monte
902 3858 1222 3929 descendit,
1239 3861 1474 3932 quando
1487 3866 1720 3933 propter
1732 3877 1839 3917 nos

204 3953 251 4004 et
275 3957 498 4024 propter
532 3954 797 4007 nostram
831 3949 1079 4007 salutem
1106 3949 1164 4005 in
1197 3948 1457 4005 convalle
1498 3949 1840 4022 plorationis

206 4040 432 4108 veniens,
465 4040 907 4097 humanitatem
942 4043 1203 4096 nostram
1246 4039 1590 4111 assumpsit,
1644 4043 1710 4094 ut
1739 4039 1840 4111 qui

210 4128 490 4187 invisibilis
504 4128 708 4187 eratin
723 4128 869 4196 suis,
884 4127 1134 4183 visibilis
1148 4132 1453 4200 appareret
1469 4127 1524 4181 in
1541 4128 1844 4185 nostris:et

210 4234 359 4289 quem
389 4237 506 4276 non
526 4216 1075 4293 poteramusvidere
1091 4217 1149 4272 in
1164 4234 1273 4272 sua
1286 4216 1616 4283 altitudine,
1634 4216 1840 4273 saltem

212 4322 678 4379 cognosceremus
708 4307 770 4362 in
821 4310 1023 4364 nostra
1070 4305 1430 4362 infirmitate.
1482 4306 1645 4362 Unde
1676 4308 1846 4378 juxta

213 4410 505 4470 congruam
538 4397 851 4464 rationem,
885 4394 1277 4467 solidiscipuli
1311 4395 1367 4450 in
1402 4396 1686 4451 montead
1709 4413 1843 4452 eum

216 4490 587 4558 accesserunt,
619 4486 744 4554 sed,
779 4502 845 4542 eo
895 4485 1248 4541 deeendente
1279 4485 1349 4540 de
1380 4490 1597 4552 monte,
1648 4484 1845 4541 multae

215 4573 370 4629 turbae
401 4556 621 4632 secutae
651 4577 795 4629 sunt
824 4590 989 4629 eum:
1022 4573 1162 4645 quia
1191 4576 1325 4628 ante
1358 4590 1526 4629 suam
1578 4573 1842 4648 incarna-
1877 4594 1922 4659 Ι)
1954 4579 2112 4639 sunt,
2143 4571 2442 4628 mandavit
2472 4575 2527 4626 et
2557 4573 2750 4659 creata
2781 4573 2921 4626 sunt
2950 4569 3121 4630 (Psal.
3156 4576 3354 4641 xxxu).
3392 4597 3415 4627 ι
3459 4573 3612 4632 Alle-
3670 4590 3677 4597 ‘
3737 4556 3752 4565 ”

1943 3328 2173 3400 aliquas
2203 3325 2546 3382 declararet.
2580 3325 2826 3394 Deinde,
2861 3329 2924 3380 ut
2956 3341 3070 3380 non
3089 3341 3344 3394 servum,
3370 3324 3468 3380 sed
3490 3323 3598 3379 Do-

1944 3418 2170 3473 minum
2200 3415 2346 3488 legis
2373 3432 2433 3471 se
2464 3432 2593 3470 esse
2623 3413 3240 3486 ostenderet,quicum
3270 3413 3595 3470 secundum

1943 3506 2131 3579 legem
2165 3504 2512 3571 ambularet,
2546 3504 2725 3560 etiam
2756 3520 2936 3576 supra
2982 3503 3167 3577 legem
3217 3519 3599 3576 quoscunque

1949 3596 2141 3666 vellet,
2173 3595 2505 3650 mandaret.
2564 3593 2727 3661 Quod
2778 3598 2973 3648 autem
3006 3592 3113 3649 ait:
3144 3616 3170 3642 «
3203 3592 3367 3661 Volo,
3425 3609 3598 3651 mun-

1946 3686 2106 3753 dare,
2147 3707 2167 3734 η
2196 3701 2310 3739 non
2345 3681 2519 3737 simul
2545 3682 2912 3755 jungendum
2931 3681 3431 3754 estetlegendum,
3454 3680 3597 3738 Volo

1947 3775 2252 3841 mundare,
2288 3778 2351 3827 ut
2384 3772 2622 3843 quidam
2677 3771 3020 3827 Latinorum
3071 3776 3439 3843 putaverunt,
3491 3772 3593 3827 sed

1947 3864 2111 3937 prius
2150 3862 2464 3917 dicendum
2518 3883 2545 3910 «
2578 3860 2738 3928 Volo,
2776 3883 2803 3909 ››
2832 3860 3041 3916 deinde
3082 3861 3451 3917 inferendum
3505 3868 3597 3918 est

1951 3975 1979 4005 ‹‹
2012 3951 2439 4008 mundare.»Ad
2472 3948 2705 4022 singula
2734 3965 2870 4023 ergo
2900 3951 3075 4006 verba
3114 3949 3326 4023 leprosi
3360 3951 3596 4025 singula

1950 4041 2232 4098 Dominus
2262 4040 2581 4113 respondit.
2618 4041 2907 4112 Leprosus
2936 4039 3093 4096 enim
3134 4040 3390 4098 dixerat:
3429 4065 3456 4092 ‹‹
3493 4045 3608 4102 Do-

1954 4132 2132 4198 mine,
2169 4130 2358 4185 si‘vis.
2397 4152 2424 4178 »
2456 4129 2743 4185 Dominus
2759 4128 3362 4201 respondit:«Volo.»
3397 4133 3608 4207 Lepro-

1951 4237 2053 4276 sus
2085 4218 2330 4284 dixerat,
2366 4240 2393 4267 ‹‹
2430 4216 2598 4272 Potes
2613 4216 2963 4272 mundare.»
2985 4215 3609 4291 Dominusrespondit,

1954 4330 1982 4358 ‹‹
2022 4305 2325 4370 Mundare,
2346 4328 2370 4353 υ
2384 4303 2724 4375 imperativo
2738 4301 2958 4358 scilicet
2970 4303 3161 4359 modo.
3178 4328 3204 4353 ‹‹
3220 4305 3288 4360 Et
3300 4306 3608 4366 confestim

1952 4394 2237 4452 mundata
2264 4398 2356 4448 est
2386 4392 2549 4464 lepra
2565 4392 2712 4463 ejus.
2732 4394 2930 4446 »Inter
2946 4391 3137 4447 dicere
3156 4398 3349 4449 autem
3369 4395 3608 4451 Domini

1953 4490 2011 4542 et
2045 4485 2254 4551 facere,
2288 4480 2451 4537 nulla
2480 4484 2570 4537 est
2598 4480 2953 4537 differentia:
2989 4504 3015 4531 «
3053 4480 3374 4539 Dixitenim
3390 4489 3448 4541 et
3462 4485 3614 4541 facta

218 4660 412 4719 tionem
444 4670 628 4721 notus
660 4663 719 4719 in
747 4662 953 4719 Judaia
980 4666 1210 4719 tantum
1236 4666 1362 4718 erat
1390 4662 1563 4731 Deus,
1598 4662 1847 4719 etlsrael
1877 4654 1912 4659 ”
1957 4654 2764 4737 goriceautemleprosusiste
2777 4675 2962 4733 genus
2978 4659 3611 4733 designathumanum,

218 4764 474 4824 magnum
510 4769 729 4809 nomen
756 4752 915 4823 ejus:
950 4755 1009 4807 at
1036 4767 1189 4818 vero,
1216 4755 1526 4824 postquam
1558 4769 1745 4824 usque
1777 4752 1848 4806 ad
1958 4753 2113 4825 quod
2143 4756 2284 4806 tunc
2311 4749 2532 4822 lepram
2565 4748 2785 4822 peccati
2820 4747 3084 4817 incurrit,
3118 4751 3352 4821 quando
3365 4768 3616 4824 praecep-

220 4845 454 4897 nostram
470 4841 796 4897 humanam
814 4844 1083 4896 naturam
1097 4856 1231 4895 assu
1242 4840 1510 4896 mendam
1527 4840 1848 4908 descendit,
1959 4846 2084 4898 tum
2101 4839 2326 4896 Domini
2340 4839 2399 4894 in
2414 4838 2684 4911 paradiso
2698 4837 3069 4909 contempsit.
3093 4838 3255 4895 Unde
3269 4840 3618 4912 bene,juxta

222 4929 467 4997 protinus
503 4946 606 5003 per
634 4928 810 4985 ﬁdem
842 4926 1043 4984 multa;
1076 4929 1259 4984 turba:
1306 4945 1436 4984 cum
1473 4933 1682 4985 secutae
1714 4934 1853 4986 sunt
1960 4929 2407 5002 evangelistam,
2444 4945 2557 4983 non
2589 4925 3079 4998 solumleprosus,
3103 4929 3203 4984 sed
3220 4929 3395 4985 etiam
3409 4930 3618 5002 plenus

223 5019 527 5074 nationum.
562 5020 642 5075 De
655 5018 877 5091 quibus
889 5016 1029 5072 olim
1045 5017 1225 5074 Isaias
1241 5019 1605 5090 praedixerat,
1630 5018 1848 5075 dicens:
1959 5018 2122 5091 lepra
2154 5018 2336 5073 fuisse
2365 5015 2743 5085 describitur:
2779 5014 3055 5087 quoniam
3073 5017 3310 5074 veniens
3334 5020 3616 5075 Dominus

227 5125 249 5150 ι(
273 5104 335 5161 Et
359 5109 472 5163 erit
502 5108 561 5163 in
593 5105 930 5163 novissimis
962 5106 1170 5162 diebus
1192 5114 1552 5179 praeparatus
1572 5124 1739 5164 mons
1756 5109 1853 5164 do-
1956 5109 2015 5164 in
2038 5105 2463 5175 carne,invenit
2482 5120 2668 5177 genus
2694 5103 3022 5160 humanum
3041 5106 3217 5163 variis
3242 5108 3543 5165 erroribus
3564 5111 3623 5175 et

226 5208 340 5251 mus
368 5196 601 5252 Domini
632 5197 694 5253 in
721 5196 935 5252 vertice
951 5195 1860 5269 montium,etelevabitursuper
1964 5195 2379 5269 iniquitatibus
2410 5192 2809 5265 inquinatum.
2861 5194 2973 5250 Sed
3024 5194 3274 5253 Domino
3303 5197 3375 5253 de
3421 5200 3620 5253 monte

229 5280 405 5351 colles,
438 5289 499 5342 et
526 5285 798 5343 sublimis
847 5285 958 5342 erit
1006 5284 1191 5340 valde.
1227 5287 1297 5341 Et
1343 5285 1573 5342 venient
1621 5286 1691 5342 ad
1725 5302 1859 5341 eum
1968 5285 2374 5345 descendente,
2408 5282 2464 5338 id
2496 5286 2585 5338 est
2606 5280 2665 5336 in
2698 5298 2870 5339 carne
2900 5290 3239 5357 apparente,
3273 5286 3541 5360 leprosus
3571 5283 3625 5343 ei

230 5384 410 5429 omnes
436 5380 661 5447 gentes,
693 5380 750 5432 et
779 5375 952 5430 ibunt
982 5373 1179 5448 populi
1214 5374 1404 5442 multi,
1436 5379 1492 5431 et
1513 5375 1734 5430 dicent:
1757 5375 1863 5430 Do-
1973 5372 2252 5431 occurrit:
2289 5372 2426 5445 quia
2455 5370 2737 5427 intellexit
2782 5389 2971 5445 genus
3019 5374 3350 5432 humanum
3390 5380 3510 5437 tam
3557 5392 3627 5432 ex

232 5471 345 5514 mus
371 5463 571 5532 Jacob,
603 5464 823 5531 venite,
850 5467 907 5520 et
921 5462 1296 5520 ambulemus
1324 5463 1623 5541 inlumine
1654 5463 1865 5520 Deino-
1971 5463 2188 5520 Judaais
2218 5477 2397 5533 quam
2427 5460 3624 5539 exgentibusiniquitatisleprapollutum,

229 5547 319 5603 stri
348 5553 476 5617 (Isa.
513 5557 592 5623 ιι).
630 5576 657 5603 ››
689 5554 759 5610 Et
782 5550 1125 5610 Psalmista:
1160 5575 1187 5603 «
1223 5553 1436 5611 Omnes
1467 5556 1668 5627 gentos
1699 5569 1868 5627 quas-
1975 5552 2144 5610 aliter
2175 5550 2617 5607 mundationem
2647 5550 2858 5607 anima:
2889 5569 2951 5609 se
2983 5570 3097 5609 non
3130 5569 3303 5627 posse
3343 5554 3625 5627 accipere,

229 5650 447 5715 cunque
508 5642 709 5713 fecisti,
771 5642 1007 5700 venient
1065 5648 1118 5700 et
1179 5643 1505 5704 adorabunt
1562 5660 1757 5703 coram
1791 5647 1868 5716 to,
1980 5640 2091 5700 nisi
2124 5656 2228 5721 per
2259 5641 2388 5718 ejus
2418 5640 2593 5700 fidem
2627 5640 2728 5723 qui
2761 5645 3062 5719 peccatum
3097 5658 3210 5703 non
3237 5643 3388 5714 fecit,
3422 5655 3525 5699 nec
3548 5638 3634 5699 in-

536 5769 794 5837 PATROL.
843 5769 1108 5837 CXVIII.
3273 5768 3309 5839 ὕ
