  <div class='ocr_page' id='page_1' title='image "/cluster/home/n/w/nwhite01/storage/ocr_20150623/118/hvd.32044073505158/075.png"; bbox 0 0 4018 6180; ppageno 0'>
   <div class='ocr_carea' id='block_1_1' title="bbox 402 365 515 426">
    <p class='ocr_par' dir='ltr' id='par_1_1' title="bbox 402 365 515 426">
     <span class='ocr_line' id='line_1_1' title="bbox 402 365 515 426; baseline -0.018 0"><span class='ocrx_word' id='word_1_1' title='bbox 402 365 515 426; x_wconf 73' lang='grc'>139</span> 
     </span>
    </p>
   </div>
   <div class='ocr_carea' id='block_1_2' title="bbox 958 364 3247 431">
    <p class='ocr_par' dir='ltr' id='par_1_2' title="bbox 958 364 3247 431">
     <span class='ocr_line' id='line_1_2' title="bbox 958 364 3247 431; baseline -0.001 -4"><span class='ocrx_word' id='word_1_2' title='bbox 958 368 1364 431; x_wconf 74' lang='grc' dir='ltr'>ΗΑῩΜΟΝΙΞ</span> <span class='ocrx_word' id='word_1_3' title='bbox 1412 367 1958 431; x_wconf 80' lang='lat' dir='ltr'>IlALBEllSTAT.</span> <span class='ocrx_word' id='word_1_4' title='bbox 2006 364 2253 428; x_wconf 86' lang='lat' dir='ltr'>EPISC.</span> <span class='ocrx_word' id='word_1_5' title='bbox 2289 365 2460 427; x_wconf 90' lang='lat' dir='ltr'>OPP.</span> <span class='ocrx_word' id='word_1_6' title='bbox 2510 365 2709 427; x_wconf 79' lang='lat' dir='ltr'>PARS</span> <span class='ocrx_word' id='word_1_7' title='bbox 2754 366 2827 426; x_wconf 90' lang='lat' dir='ltr'>ll.</span> <span class='ocrx_word' id='word_1_8' title='bbox 2867 400 2943 410; x_wconf 90' lang='lat'>—</span> <span class='ocrx_word' id='word_1_9' title='bbox 2977 364 3247 427; x_wconf 85' lang='lat' dir='ltr'>HOMIL.</span> 
     </span>
    </p>
   </div>
   <div class='ocr_carea' id='block_1_3' title="bbox 3701 366 3815 425">
    <p class='ocr_par' dir='ltr' id='par_1_3' title="bbox 3701 366 3815 425">
     <span class='ocr_line' id='line_1_3' title="bbox 3701 366 3815 425; baseline 0 0"><span class='ocrx_word' id='word_1_10' title='bbox 3701 366 3815 425; x_wconf 77' lang='grc' dir='ltr'>ΗΟ</span> 
     </span>
    </p>
   </div>
   <div class='ocr_carea' id='block_1_4' title="bbox 395 494 3818 571">
    <p class='ocr_par' dir='ltr' id='par_1_4' title="bbox 395 494 3818 571">
     <span class='ocr_line' id='line_1_4' title="bbox 395 494 3818 571; baseline 0 -18"><span class='ocrx_word' id='word_1_11' title='bbox 395 502 605 554; x_wconf 82' lang='lat' dir='ltr'>ventus</span> <span class='ocrx_word' id='word_1_12' title='bbox 637 501 726 554; x_wconf 89' lang='lat' dir='ltr'>est</span> <span class='ocrx_word' id='word_1_13' title='bbox 754 498 924 554; x_wconf 83' lang='lat' dir='ltr'>dolus</span> <span class='ocrx_word' id='word_1_14' title='bbox 955 498 1013 555; x_wconf 91' lang='lat' dir='ltr'>in</span> <span class='ocrx_word' id='word_1_15' title='bbox 1048 516 1145 555; x_wconf 92' lang='lat' dir='ltr'>ore</span> <span class='ocrx_word' id='word_1_16' title='bbox 1175 501 1325 571; x_wconf 90' lang='lat' dir='ltr'>ejus,</span> <span class='ocrx_word' id='word_1_17' title='bbox 1361 503 1506 555; x_wconf 81' lang='lat' dir='ltr'>teste</span> <span class='ocrx_word' id='word_1_18' title='bbox 1540 498 1917 571; x_wconf 81' lang='lat' dir='ltr'>Apostoloqui</span> <span class='ocrx_word' id='word_1_19' title='bbox 1939 498 2047 553; x_wconf 91' lang='lat' dir='ltr'>ait:</span> <span class='ocrx_word' id='word_1_20' title='bbox 2081 500 2136 567; x_wconf 74' lang='grc' dir='ltr'><strong>Α</strong></span> <span class='ocrx_word' id='word_1_21' title='bbox 2166 497 2467 553; x_wconf 85' lang='lat' dir='ltr'>crederent</span> <span class='ocrx_word' id='word_1_22' title='bbox 2496 496 2554 551; x_wconf 91' lang='lat' dir='ltr'>in</span> <span class='ocrx_word' id='word_1_23' title='bbox 2590 497 3022 565; x_wconf 89' lang='lat' dir='ltr'>mundatorem,</span> <span class='ocrx_word' id='word_1_24' title='bbox 3075 495 3325 552; x_wconf 80' lang='lat' dir='ltr'>salutem</span> <span class='ocrx_word' id='word_1_25' title='bbox 3375 494 3732 553; x_wconf 76' lang='lat' dir='ltr'>invenirent:</span> <span class='ocrx_word' id='word_1_26' title='bbox 3767 496 3818 553; x_wconf 88' lang='lat' dir='ltr'>si</span> 
     </span>
    </p>
   </div>
   <div class='ocr_carea' id='block_1_5' title="bbox 397 586 2051 645">
    <p class='ocr_par' dir='ltr' id='par_1_5' title="bbox 397 586 2051 645">
     <span class='ocr_line' id='line_1_5' title="bbox 397 586 2051 645; baseline 0.002 -7"><span class='ocrx_word' id='word_1_27' title='bbox 397 611 423 638; x_wconf 78' lang='grc' dir='ltr'>α</span> <span class='ocrx_word' id='word_1_28' title='bbox 453 588 578 643; x_wconf 84' lang='grc' dir='ltr'>Νοιι</span> <span class='ocrx_word' id='word_1_29' title='bbox 609 591 698 643; x_wconf 92' lang='lat' dir='ltr'>est</span> <span class='ocrx_word' id='word_1_30' title='bbox 726 587 1027 645; x_wconf 83' lang='lat' dir='ltr'>distinctio</span> <span class='ocrx_word' id='word_1_31' title='bbox 1055 588 1239 644; x_wconf 63' lang='lat' dir='ltr'>Judmi</span> <span class='ocrx_word' id='word_1_32' title='bbox 1288 593 1344 644; x_wconf 88' lang='lat' dir='ltr'>et</span> <span class='ocrx_word' id='word_1_33' title='bbox 1372 587 1575 644; x_wconf 69' lang='lat' dir='ltr'>Graeci.</span> <span class='ocrx_word' id='word_1_34' title='bbox 1633 588 1848 643; x_wconf 85' lang='lat' dir='ltr'>Omnes</span> <span class='ocrx_word' id='word_1_35' title='bbox 1893 586 2051 643; x_wconf 88' lang='lat' dir='ltr'>enim</span> 
     </span>
    </p>
   </div>
   <div class='ocr_carea' id='block_1_6' title="bbox 396 674 2052 751">
    <p class='ocr_par' dir='ltr' id='par_1_6' title="bbox 396 674 2052 751">
     <span class='ocr_line' id='line_1_6' title="bbox 396 674 2052 751; baseline -0.002 -18"><span class='ocrx_word' id='word_1_36' title='bbox 396 680 799 750; x_wconf 86' lang='lat' dir='ltr'>peccaverunt,</span> <span class='ocrx_word' id='word_1_37' title='bbox 833 681 891 732; x_wconf 92' lang='lat' dir='ltr'>et</span> <span class='ocrx_word' id='word_1_38' title='bbox 921 682 1093 751; x_wconf 90' lang='lat' dir='ltr'>egent</span> <span class='ocrx_word' id='word_1_39' title='bbox 1124 676 1311 751; x_wconf 80' lang='lat' dir='ltr'>gloria</span> <span class='ocrx_word' id='word_1_40' title='bbox 1346 677 1470 743; x_wconf 87' lang='lat' dir='ltr'>Dei,</span> <span class='ocrx_word' id='word_1_41' title='bbox 1512 675 1821 748; x_wconf 82' lang='lat' dir='ltr'>justiflcati</span> <span class='ocrx_word' id='word_1_42' title='bbox 1870 674 2052 749; x_wconf 84' lang='lat' dir='ltr'>gratis</span> 
     </span>
    </p>
   </div>
   <div class='ocr_carea' id='block_1_7' title="bbox 396 763 2054 839">
    <p class='ocr_par' dir='ltr' id='par_1_7' title="bbox 396 763 2054 839">
     <span class='ocr_line' id='line_1_7' title="bbox 396 763 2054 839; baseline -0.002 -18"><span class='ocrx_word' id='word_1_43' title='bbox 396 782 500 838; x_wconf 90' lang='lat' dir='ltr'>per</span> <span class='ocrx_word' id='word_1_44' title='bbox 510 764 759 838; x_wconf 88' lang='lat' dir='ltr'>gratiam</span> <span class='ocrx_word' id='word_1_45' title='bbox 775 766 786 819; x_wconf 90' lang='lat' dir='ltr'>i</span> <span class='ocrx_word' id='word_1_46' title='bbox 795 767 1090 839; x_wconf 90' lang='lat' dir='ltr'>psius,per</span> <span class='ocrx_word' id='word_1_47' title='bbox 1102 767 1560 839; x_wconf 88' lang='lat' dir='ltr'>redemptionem</span> <span class='ocrx_word' id='word_1_48' title='bbox 1578 783 1705 838; x_wconf 65' lang='lat' dir='ltr'>qua:</span> <span class='ocrx_word' id='word_1_49' title='bbox 1722 770 1810 821; x_wconf 91' lang='lat' dir='ltr'>est</span> <span class='ocrx_word' id='word_1_50' title='bbox 1825 764 1883 818; x_wconf 90' lang='lat' dir='ltr'>in</span> <span class='ocrx_word' id='word_1_51' title='bbox 1897 763 2054 819; x_wconf 83' lang='lat' dir='ltr'>Chri-</span> 
     </span>
    </p>
   </div>
   <div class='ocr_carea' id='block_1_8' title="bbox 376 853 2055 927">
    <p class='ocr_par' dir='ltr' id='par_1_8' title="bbox 376 853 2055 927">
     <span class='ocr_line' id='line_1_8' title="bbox 376 853 2055 927; baseline -0.002 -17"><span class='ocrx_word' id='word_1_52' title='bbox 376 860 488 910; x_wconf 87' lang='lat' dir='ltr'>&#39;sto</span> <span class='ocrx_word' id='word_1_53' title='bbox 518 855 659 911; x_wconf 86' lang='lat' dir='ltr'>Jesu</span> <span class='ocrx_word' id='word_1_54' title='bbox 691 857 867 923; x_wconf 82' lang='lat' dir='ltr'>(Rom.</span> <span class='ocrx_word' id='word_1_55' title='bbox 896 859 976 924; x_wconf 71' lang='grc' dir='ltr'>Χ).</span> <span class='ocrx_word' id='word_1_56' title='bbox 1016 878 1042 905; x_wconf 84' lang='grc'><strong>››</strong></span> <span class='ocrx_word' id='word_1_57' title='bbox 1075 856 1187 911; x_wconf 88' lang='lat' dir='ltr'>Sed</span> <span class='ocrx_word' id='word_1_58' title='bbox 1201 855 1623 927; x_wconf 82' lang='lat' dir='ltr'>Dominus,qui</span> <span class='ocrx_word' id='word_1_59' title='bbox 1651 853 1901 910; x_wconf 81' lang='lat' dir='ltr'>salutem</span> <span class='ocrx_word' id='word_1_60' title='bbox 1921 870 2055 908; x_wconf 89' lang='lat' dir='ltr'>con-</span> 
     </span>
    </p>
   </div>
   <div class='ocr_carea' id='block_1_9' title="bbox 397 942 2050 1017">
    <p class='ocr_par' dir='ltr' id='par_1_9' title="bbox 397 942 2050 1017">
     <span class='ocr_line' id='line_1_9' title="bbox 397 942 2050 1017; baseline -0.001 -20"><span class='ocrx_word' id='word_1_61' title='bbox 397 943 547 999; x_wconf 86' lang='lat' dir='ltr'>ferre</span> <span class='ocrx_word' id='word_1_62' title='bbox 577 949 831 1000; x_wconf 83' lang='lat' dir='ltr'>venerat.</span> <span class='ocrx_word' id='word_1_63' title='bbox 866 961 977 1000; x_wconf 90' lang='lat' dir='ltr'>non</span> <span class='ocrx_word' id='word_1_64' title='bbox 1007 944 1357 1017; x_wconf 87' lang='lat' dir='ltr'>dedignatus</span> <span class='ocrx_word' id='word_1_65' title='bbox 1373 949 1465 1000; x_wconf 89' lang='lat' dir='ltr'>est</span> <span class='ocrx_word' id='word_1_66' title='bbox 1480 950 1717 1016; x_wconf 89' lang='lat' dir='ltr'>tangere</span> <span class='ocrx_word' id='word_1_67' title='bbox 1731 942 2050 1014; x_wconf 88' lang='lat' dir='ltr'>leprosum,</span> 
     </span>
    </p>
   </div>
   <div class='ocr_carea' id='block_1_10' title="bbox 398 1032 2051 1106">
    <p class='ocr_par' dir='ltr' id='par_1_10' title="bbox 398 1032 2051 1106">
     <span class='ocr_line' id='line_1_10' title="bbox 398 1032 2051 1106; baseline -0.001 -19"><span class='ocrx_word' id='word_1_68' title='bbox 398 1037 464 1088; x_wconf 93' lang='lat' dir='ltr'>ut</span> <span class='ocrx_word' id='word_1_69' title='bbox 492 1049 625 1089; x_wconf 91' lang='lat' dir='ltr'>eum</span> <span class='ocrx_word' id='word_1_70' title='bbox 658 1034 727 1089; x_wconf 89' lang='lat' dir='ltr'>ad</span> <span class='ocrx_word' id='word_1_71' title='bbox 745 1032 991 1089; x_wconf 81' lang='lat' dir='ltr'>salutem</span> <span class='ocrx_word' id='word_1_72' title='bbox 1007 1033 1364 1106; x_wconf 89' lang='lat' dir='ltr'>proveheret.</span> <span class='ocrx_word' id='word_1_73' title='bbox 1382 1033 1556 1100; x_wconf 80' lang='lat' dir='ltr'>Quasi</span> <span class='ocrx_word' id='word_1_74' title='bbox 1585 1032 2051 1104; x_wconf 91' lang='lat' dir='ltr'>enimleprosum</span> 
     </span>
    </p>
   </div>
   <div class='ocr_carea' id='block_1_11' title="bbox 386 1122 2054 1195">
    <p class='ocr_par' dir='ltr' id='par_1_11' title="bbox 386 1122 2054 1195">
     <span class='ocr_line' id='line_1_11' title="bbox 386 1122 2054 1195; baseline -0.002 -18"><span class='ocrx_word' id='word_1_75' title='bbox 386 1122 688 1195; x_wconf 80' lang='lat' dir='ltr'>tangendo</span> <span class='ocrx_word' id='word_1_76' title='bbox 719 1122 959 1191; x_wconf 82' lang='lat' dir='ltr'>curavit,</span> <span class='ocrx_word' id='word_1_77' title='bbox 994 1123 1228 1195; x_wconf 86' lang='lat' dir='ltr'>quando</span> <span class='ocrx_word' id='word_1_78' title='bbox 1262 1139 1364 1194; x_wconf 90' lang='lat' dir='ltr'>per</span> <span class='ocrx_word' id='word_1_79' title='bbox 1379 1122 1679 1194; x_wconf 90' lang='lat' dir='ltr'>hoc,quod</span> <span class='ocrx_word' id='word_1_80' title='bbox 1703 1125 1915 1176; x_wconf 73' lang='lat' dir='ltr'>nostrae</span> <span class='ocrx_word' id='word_1_81' title='bbox 1934 1136 2054 1174; x_wconf 87' lang='lat' dir='ltr'>ear-</span> 
     </span>
    </p>
   </div>
   <div class='ocr_carea' id='block_1_12' title="bbox 398 1209 2052 1285">
    <p class='ocr_par' dir='ltr' id='par_1_12' title="bbox 398 1209 2052 1285">
     <span class='ocr_line' id='line_1_12' title="bbox 398 1209 2052 1285; baseline -0.002 -20"><span class='ocrx_word' id='word_1_82' title='bbox 398 1211 491 1266; x_wconf 87' lang='lat' dir='ltr'>nis</span> <span class='ocrx_word' id='word_1_83' title='bbox 522 1210 969 1267; x_wconf 84' lang='lat' dir='ltr'>similitudinem</span> <span class='ocrx_word' id='word_1_84' title='bbox 992 1212 1341 1285; x_wconf 82' lang='lat' dir='ltr'>assumpsit,</span> <span class='ocrx_word' id='word_1_85' title='bbox 1373 1229 1407 1268; x_wconf 91' lang='lat' dir='ltr'>a</span> <span class='ocrx_word' id='word_1_86' title='bbox 1434 1211 1688 1284; x_wconf 90' lang='lat' dir='ltr'>peccatis</span> <span class='ocrx_word' id='word_1_87' title='bbox 1720 1209 1928 1264; x_wconf 69' lang='lat' dir='ltr'>anima:</span> <span class='ocrx_word' id='word_1_88' title='bbox 1945 1225 2052 1263; x_wconf 85' lang='lat' dir='ltr'>nos</span> 
     </span>
    </p>
   </div>
   <div class='ocr_carea' id='block_1_13' title="bbox 380 1298 2050 1373">
    <p class='ocr_par' dir='ltr' id='par_1_13' title="bbox 380 1298 2050 1373">
     <span class='ocr_line' id='line_1_13' title="bbox 380 1298 2050 1373; baseline -0.002 -19"><span class='ocrx_word' id='word_1_89' title='bbox 380 1298 682 1355; x_wconf 79' lang='lat' dir='ltr'>liberavit.</span> <span class='ocrx_word' id='word_1_90' title='bbox 716 1301 787 1356; x_wconf 90' lang='lat' dir='ltr'>Et</span> <span class='ocrx_word' id='word_1_91' title='bbox 830 1301 928 1373; x_wconf 86' lang='lat' dir='ltr'>qui</span> <span class='ocrx_word' id='word_1_92' title='bbox 977 1302 1152 1357; x_wconf 85' lang='lat' dir='ltr'>verbo</span> <span class='ocrx_word' id='word_1_93' title='bbox 1202 1301 1498 1373; x_wconf 88' lang='lat' dir='ltr'>leprosum</span> <span class='ocrx_word' id='word_1_94' title='bbox 1550 1315 1754 1354; x_wconf 86' lang='lat' dir='ltr'>curare</span> <span class='ocrx_word' id='word_1_95' title='bbox 1803 1299 2050 1370; x_wconf 86' lang='lat' dir='ltr'>poterat,</span> 
     </span>
    </p>
   </div>
   <div class='ocr_carea' id='block_1_14' title="bbox 396 1386 2053 1463">
    <p class='ocr_par' dir='ltr' id='par_1_14' title="bbox 396 1386 2053 1463">
     <span class='ocr_line' id='line_1_14' title="bbox 396 1386 2053 1463; baseline -0.003 -19"><span class='ocrx_word' id='word_1_96' title='bbox 396 1391 688 1463; x_wconf 81' lang='lat' dir='ltr'>tangendo</span> <span class='ocrx_word' id='word_1_97' title='bbox 718 1406 920 1446; x_wconf 88' lang='lat' dir='ltr'>curare</span> <span class='ocrx_word' id='word_1_98' title='bbox 954 1390 1188 1446; x_wconf 85' lang='lat' dir='ltr'>maluit:</span> <span class='ocrx_word' id='word_1_99' title='bbox 1226 1389 1364 1463; x_wconf 87' lang='lat' dir='ltr'>quia</span> <span class='ocrx_word' id='word_1_100' title='bbox 1393 1407 1496 1462; x_wconf 90' lang='lat' dir='ltr'>per</span> <span class='ocrx_word' id='word_1_101' title='bbox 1524 1388 1633 1443; x_wconf 88' lang='lat' dir='ltr'>hoc</span> <span class='ocrx_word' id='word_1_102' title='bbox 1668 1389 1821 1459; x_wconf 88' lang='lat' dir='ltr'>quod</span> <span class='ocrx_word' id='word_1_103' title='bbox 1848 1386 2053 1441; x_wconf 90' lang='lat' dir='ltr'>morti-</span> 
     </span>
    </p>
   </div>
   <div class='ocr_carea' id='block_1_15' title="bbox 397 1476 2055 1550">
    <p class='ocr_par' dir='ltr' id='par_1_15' title="bbox 397 1476 2055 1550">
     <span class='ocr_line' id='line_1_15' title="bbox 397 1476 2055 1550; baseline -0.003 -17"><span class='ocrx_word' id='word_1_104' title='bbox 397 1479 596 1534; x_wconf 88' lang='lat' dir='ltr'>cinum</span> <span class='ocrx_word' id='word_1_105' title='bbox 629 1485 839 1535; x_wconf 72' lang='lat' dir='ltr'>nostrae</span> <span class='ocrx_word' id='word_1_106' title='bbox 872 1480 1066 1535; x_wconf 85' lang='lat' dir='ltr'>carnis</span> <span class='ocrx_word' id='word_1_107' title='bbox 1097 1478 1377 1550; x_wconf 86' lang='lat' dir='ltr'>suscepit,</span> <span class='ocrx_word' id='word_1_108' title='bbox 1412 1476 1445 1531; x_wconf 85' lang='lat' dir='ltr'>a</span> <span class='ocrx_word' id='word_1_109' title='bbox 1466 1481 1837 1549; x_wconf 81' lang='lat' dir='ltr'>peccatorum</span> <span class='ocrx_word' id='word_1_110' title='bbox 1861 1478 2055 1530; x_wconf 88' lang='lat' dir='ltr'>conta-</span> 
     </span>
    </p>
   </div>
   <div class='ocr_carea' id='block_1_16' title="bbox 397 1566 2053 1641">
    <p class='ocr_par' dir='ltr' id='par_1_16' title="bbox 397 1566 2053 1641">
     <span class='ocr_line' id='line_1_16' title="bbox 397 1566 2053 1641; baseline -0.002 -18"><span class='ocrx_word' id='word_1_111' title='bbox 397 1568 569 1641; x_wconf 89' lang='lat' dir='ltr'>gione</span> <span class='ocrx_word' id='word_1_112' title='bbox 600 1584 704 1623; x_wconf 89' lang='lat' dir='ltr'>nos</span> <span class='ocrx_word' id='word_1_113' title='bbox 727 1568 1073 1639; x_wconf 75' lang='lat' dir='ltr'>puriﬁcavit,</span> <span class='ocrx_word' id='word_1_114' title='bbox 1093 1566 1407 1623; x_wconf 86' lang='lat' dir='ltr'>ostendens</span> <span class='ocrx_word' id='word_1_115' title='bbox 1422 1566 1685 1636; x_wconf 90' lang='lat' dir='ltr'>seipsum</span> <span class='ocrx_word' id='word_1_116' title='bbox 1705 1581 1832 1621; x_wconf 90' lang='lat' dir='ltr'>esse</span> <span class='ocrx_word' id='word_1_117' title='bbox 1855 1566 1925 1619; x_wconf 87' lang='lat' dir='ltr'>de</span> <span class='ocrx_word' id='word_1_118' title='bbox 1938 1580 2053 1636; x_wconf 90' lang='lat' dir='ltr'>quo</span> 
     </span>
    </p>
   </div>
   <div class='ocr_carea' id='block_1_17' title="bbox 382 1654 2053 1729">
    <p class='ocr_par' dir='ltr' id='par_1_17' title="bbox 382 1654 2053 1729">
     <span class='ocr_line' id='line_1_17' title="bbox 382 1654 2053 1729; baseline -0.002 -16"><span class='ocrx_word' id='word_1_119' title='bbox 382 1654 501 1729; x_wconf 67' lang='lat' dir='ltr'>&#39;per</span> <span class='ocrx_word' id='word_1_120' title='bbox 529 1656 741 1713; x_wconf 84' lang='lat' dir='ltr'>Isaiam</span> <span class='ocrx_word' id='word_1_121' title='bbox 776 1657 963 1711; x_wconf 83' lang='lat' dir='ltr'>fuerat</span> <span class='ocrx_word' id='word_1_122' title='bbox 992 1655 1435 1728; x_wconf 86' lang='lat' dir='ltr'>prephetatum:</span> <span class='ocrx_word' id='word_1_123' title='bbox 1467 1679 1491 1705; x_wconf 91' lang='grc'><em>‹‹</em></span> <span class='ocrx_word' id='word_1_124' title='bbox 1506 1654 1921 1710; x_wconf 87' lang='lat' dir='ltr'>Vidimuseum</span> <span class='ocrx_word' id='word_1_125' title='bbox 1938 1669 2053 1709; x_wconf 90' lang='lat' dir='ltr'>non</span> 
     </span>
    </p>
   </div>
   <div class='ocr_carea' id='block_1_18' title="bbox 396 1741 2055 1815">
    <p class='ocr_par' dir='ltr' id='par_1_18' title="bbox 396 1741 2055 1815">
     <span class='ocr_line' id='line_1_18' title="bbox 396 1741 2055 1815; baseline -0.002 -13"><span class='ocrx_word' id='word_1_126' title='bbox 396 1745 708 1801; x_wconf 83' lang='lat' dir='ltr'>habentem</span> <span class='ocrx_word' id='word_1_127' title='bbox 722 1745 972 1815; x_wconf 84' lang='lat' dir='ltr'>speciem</span> <span class='ocrx_word' id='word_1_128' title='bbox 985 1787 997 1810; x_wconf 94' lang='lat'>,</span> <span class='ocrx_word' id='word_1_129' title='bbox 1014 1760 1201 1815; x_wconf 87' lang='lat' dir='ltr'>neque</span> <span class='ocrx_word' id='word_1_130' title='bbox 1214 1742 1479 1799; x_wconf 80' lang='lat' dir='ltr'>decorem</span> <span class='ocrx_word' id='word_1_131' title='bbox 1490 1786 1502 1807; x_wconf 90' lang='lat'>,</span> <span class='ocrx_word' id='word_1_132' title='bbox 1519 1747 1576 1798; x_wconf 91' lang='lat' dir='ltr'>et</span> <span class='ocrx_word' id='word_1_133' title='bbox 1591 1741 2055 1798; x_wconf 88' lang='lat' dir='ltr'>desideravimus</span> 
     </span>
    </p>
   </div>
   <div class='ocr_carea' id='block_1_19' title="bbox 395 1830 2131 1936">
    <p class='ocr_par' dir='ltr' id='par_1_19' title="bbox 395 1830 2131 1936">
     <span class='ocr_line' id='line_1_19' title="bbox 395 1830 2131 1936; baseline -0.003 -46"><span class='ocrx_word' id='word_1_134' title='bbox 395 1830 527 1890; x_wconf 84' lang='lat' dir='ltr'>eum</span> <span class='ocrx_word' id='word_1_135' title='bbox 562 1835 901 1905; x_wconf 81' lang='lat' dir='ltr'>despectum</span> <span class='ocrx_word' id='word_1_136' title='bbox 936 1838 996 1887; x_wconf 89' lang='lat' dir='ltr'>et</span> <span class='ocrx_word' id='word_1_137' title='bbox 1026 1832 1412 1889; x_wconf 81' lang='lat' dir='ltr'>novissimum</span> <span class='ocrx_word' id='word_1_138' title='bbox 1444 1834 1722 1899; x_wconf 89' lang='lat' dir='ltr'>virorum,</span> <span class='ocrx_word' id='word_1_139' title='bbox 1750 1832 1940 1886; x_wconf 89' lang='lat' dir='ltr'>virum</span> <span class='ocrx_word' id='word_1_140' title='bbox 1959 1831 2055 1886; x_wconf 89' lang='lat' dir='ltr'>do-</span> <span class='ocrx_word' id='word_1_141' title='bbox 2089 1872 2131 1936; x_wconf 68' lang='grc' dir='ltr'><strong>Β</strong></span> 
     </span>
    </p>
   </div>
   <div class='ocr_carea' id='block_1_20' title="bbox 396 1920 2056 1994">
    <p class='ocr_par' dir='ltr' id='par_1_20' title="bbox 396 1920 2056 1994">
     <span class='ocr_line' id='line_1_20' title="bbox 396 1920 2056 1994; baseline -0.002 -16"><span class='ocrx_word' id='word_1_142' title='bbox 396 1923 588 1978; x_wconf 90' lang='lat' dir='ltr'>lorum</span> <span class='ocrx_word' id='word_1_143' title='bbox 603 1926 660 1976; x_wconf 91' lang='lat' dir='ltr'>et</span> <span class='ocrx_word' id='word_1_144' title='bbox 672 1921 949 1977; x_wconf 86' lang='lat' dir='ltr'>scientem</span> <span class='ocrx_word' id='word_1_145' title='bbox 966 1921 1391 1978; x_wconf 79' lang='lat' dir='ltr'>inﬁrmitatem.</span> <span class='ocrx_word' id='word_1_146' title='bbox 1411 1923 1479 1977; x_wconf 88' lang='lat' dir='ltr'>Et</span> <span class='ocrx_word' id='word_1_147' title='bbox 1493 1920 1658 1994; x_wconf 89' lang='lat' dir='ltr'>quasi</span> <span class='ocrx_word' id='word_1_148' title='bbox 1674 1920 2056 1976; x_wconf 85' lang='lat' dir='ltr'>absconditus</span> 
     </span>
    </p>
   </div>
   <div class='ocr_carea' id='block_1_21' title="bbox 394 2009 2049 2082">
    <p class='ocr_par' dir='ltr' id='par_1_21' title="bbox 394 2009 2049 2082">
     <span class='ocr_line' id='line_1_21' title="bbox 394 2009 2049 2082; baseline -0.001 -17"><span class='ocrx_word' id='word_1_149' title='bbox 394 2011 590 2067; x_wconf 87' lang='lat' dir='ltr'>vultus</span> <span class='ocrx_word' id='word_1_150' title='bbox 620 2011 748 2081; x_wconf 83' lang='lat' dir='ltr'>ejus</span> <span class='ocrx_word' id='word_1_151' title='bbox 769 2014 826 2065; x_wconf 90' lang='lat' dir='ltr'>et</span> <span class='ocrx_word' id='word_1_152' title='bbox 841 2011 1170 2082; x_wconf 88' lang='lat' dir='ltr'>despectus,</span> <span class='ocrx_word' id='word_1_153' title='bbox 1188 2011 1344 2066; x_wconf 92' lang='lat' dir='ltr'>unde</span> <span class='ocrx_word' id='word_1_154' title='bbox 1362 2027 1464 2066; x_wconf 92' lang='lat' dir='ltr'>nec</span> <span class='ocrx_word' id='word_1_155' title='bbox 1478 2009 1878 2082; x_wconf 84' lang='lat' dir='ltr'>reputavimus</span> <span class='ocrx_word' id='word_1_156' title='bbox 1894 2025 2049 2064; x_wconf 90' lang='lat' dir='ltr'>eum.</span> 
     </span>
    </p>
   </div>
   <div class='ocr_carea' id='block_1_22' title="bbox 396 2098 2056 2172">
    <p class='ocr_par' dir='ltr' id='par_1_22' title="bbox 396 2098 2056 2172">
     <span class='ocr_line' id='line_1_22' title="bbox 396 2098 2056 2172; baseline 0.001 -19"><span class='ocrx_word' id='word_1_157' title='bbox 396 2101 541 2155; x_wconf 88' lang='lat' dir='ltr'>Vere</span> <span class='ocrx_word' id='word_1_158' title='bbox 571 2098 883 2171; x_wconf 88' lang='lat' dir='ltr'>languores</span> <span class='ocrx_word' id='word_1_159' title='bbox 914 2104 1146 2165; x_wconf 85' lang='lat' dir='ltr'>nostros</span> <span class='ocrx_word' id='word_1_160' title='bbox 1178 2100 1299 2172; x_wconf 90' lang='lat' dir='ltr'>ipse</span> <span class='ocrx_word' id='word_1_161' title='bbox 1328 2099 1484 2168; x_wconf 86' lang='lat' dir='ltr'>tulit,</span> <span class='ocrx_word' id='word_1_162' title='bbox 1505 2099 2056 2156; x_wconf 87' lang='lat' dir='ltr'>etdoloresnostros</span> 
     </span>
    </p>
   </div>
   <div class='ocr_carea' id='block_1_23' title="bbox 398 2188 2051 2262">
    <p class='ocr_par' dir='ltr' id='par_1_23' title="bbox 398 2188 2051 2262">
     <span class='ocr_line' id='line_1_23' title="bbox 398 2188 2051 2262; baseline -0.001 -19"><span class='ocrx_word' id='word_1_163' title='bbox 398 2190 525 2262; x_wconf 91' lang='lat' dir='ltr'>ipse</span> <span class='ocrx_word' id='word_1_164' title='bbox 555 2188 823 2261; x_wconf 84' lang='lat' dir='ltr'>portavit.</span> <span class='ocrx_word' id='word_1_165' title='bbox 857 2190 925 2244; x_wconf 89' lang='lat' dir='ltr'>Et</span> <span class='ocrx_word' id='word_1_166' title='bbox 945 2189 1542 2262; x_wconf 90' lang='lat' dir='ltr'>nosputavimuseum</span> <span class='ocrx_word' id='word_1_167' title='bbox 1558 2188 1725 2262; x_wconf 91' lang='lat' dir='ltr'>quasi</span> <span class='ocrx_word' id='word_1_168' title='bbox 1755 2189 2051 2261; x_wconf 90' lang='lat' dir='ltr'>leprosum</span> 
     </span>
    </p>
   </div>
   <div class='ocr_carea' id='block_1_24' title="bbox 400 2275 2053 2351">
    <p class='ocr_par' dir='ltr' id='par_1_24' title="bbox 400 2275 2053 2351">
     <span class='ocr_line' id='line_1_24' title="bbox 400 2275 2053 2351; baseline -0.003 -17"><span class='ocrx_word' id='word_1_169' title='bbox 400 2285 457 2335; x_wconf 91' lang='lat' dir='ltr'>et</span> <span class='ocrx_word' id='word_1_170' title='bbox 490 2293 834 2351; x_wconf 90' lang='lat' dir='ltr'>percussum</span> <span class='ocrx_word' id='word_1_171' title='bbox 869 2295 901 2331; x_wconf 91' lang='lat' dir='ltr'>a</span> <span class='ocrx_word' id='word_1_172' title='bbox 934 2280 1048 2333; x_wconf 91' lang='lat' dir='ltr'>Deo</span> <span class='ocrx_word' id='word_1_173' title='bbox 1078 2283 1133 2333; x_wconf 91' lang='lat' dir='ltr'>et</span> <span class='ocrx_word' id='word_1_174' title='bbox 1155 2277 1550 2333; x_wconf 88' lang='lat' dir='ltr'>humiliatum.</span> <span class='ocrx_word' id='word_1_175' title='bbox 1584 2281 1918 2349; x_wconf 91' lang='lat' dir='ltr'>Ipseautem</span> <span class='ocrx_word' id='word_1_176' title='bbox 1934 2275 2053 2330; x_wconf 84' lang='lat' dir='ltr'>vul-</span> 
     </span>
    </p>
   </div>
   <div class='ocr_carea' id='block_1_25' title="bbox 402 2365 2053 2439">
    <p class='ocr_par' dir='ltr' id='par_1_25' title="bbox 402 2365 2053 2439">
     <span class='ocr_line' id='line_1_25' title="bbox 402 2365 2053 2439; baseline -0.003 -15"><span class='ocrx_word' id='word_1_177' title='bbox 402 2372 642 2424; x_wconf 88' lang='lat' dir='ltr'>neratus</span> <span class='ocrx_word' id='word_1_178' title='bbox 671 2371 761 2422; x_wconf 89' lang='lat' dir='ltr'>est</span> <span class='ocrx_word' id='word_1_179' title='bbox 793 2371 1027 2439; x_wconf 87' lang='lat' dir='ltr'>propter</span> <span class='ocrx_word' id='word_1_180' title='bbox 1057 2372 1294 2439; x_wconf 90' lang='lat' dir='ltr'>peccata</span> <span class='ocrx_word' id='word_1_181' title='bbox 1320 2371 1539 2433; x_wconf 88' lang='lat' dir='ltr'>nostra,</span> <span class='ocrx_word' id='word_1_182' title='bbox 1576 2365 1913 2421; x_wconf 88' lang='lat' dir='ltr'>attritusest</span> <span class='ocrx_word' id='word_1_183' title='bbox 1928 2380 2053 2436; x_wconf 89' lang='lat' dir='ltr'>pro-</span> 
     </span>
    </p>
   </div>
   <div class='ocr_carea' id='block_1_26' title="bbox 400 2453 2053 2531">
    <p class='ocr_par' dir='ltr' id='par_1_26' title="bbox 400 2453 2053 2531">
     <span class='ocr_line' id='line_1_26' title="bbox 400 2453 2053 2531; baseline -0.003 -18"><span class='ocrx_word' id='word_1_184' title='bbox 400 2461 531 2531; x_wconf 89' lang='lat' dir='ltr'>pter</span> <span class='ocrx_word' id='word_1_185' title='bbox 561 2456 782 2513; x_wconf 89' lang='lat' dir='ltr'>scelera</span> <span class='ocrx_word' id='word_1_186' title='bbox 806 2461 1007 2511; x_wconf 88' lang='lat' dir='ltr'>nostra</span> <span class='ocrx_word' id='word_1_187' title='bbox 1047 2458 1174 2523; x_wconf 73' lang='lat' dir='ltr'>(Isa.</span> <span class='ocrx_word' id='word_1_188' title='bbox 1230 2456 1321 2527; x_wconf 82' lang='lat' dir='ltr'>LI).</span> <span class='ocrx_word' id='word_1_189' title='bbox 1379 2479 1404 2504; x_wconf 73' lang='grc' dir='ltr'><em>η</em></span> <span class='ocrx_word' id='word_1_190' title='bbox 1454 2455 1599 2510; x_wconf 84' lang='lat' dir='ltr'>Hinc</span> <span class='ocrx_word' id='word_1_191' title='bbox 1648 2459 1705 2509; x_wconf 89' lang='lat' dir='ltr'>et</span> <span class='ocrx_word' id='word_1_192' title='bbox 1752 2453 2053 2527; x_wconf 86' lang='lat' dir='ltr'>apostolus</span> 
     </span>
    </p>
   </div>
   <div class='ocr_carea' id='block_1_27' title="bbox 400 2543 2050 2616">
    <p class='ocr_par' dir='ltr' id='par_1_27' title="bbox 400 2543 2050 2616">
     <span class='ocr_line' id='line_1_27' title="bbox 400 2543 2050 2616; baseline -0.003 -15"><span class='ocrx_word' id='word_1_193' title='bbox 400 2546 604 2601; x_wconf 87' lang='lat' dir='ltr'>Petrus</span> <span class='ocrx_word' id='word_1_194' title='bbox 635 2545 747 2600; x_wconf 87' lang='lat' dir='ltr'>ait:</span> <span class='ocrx_word' id='word_1_195' title='bbox 783 2568 811 2595; x_wconf 88' lang='grc'>‹‹</span> <span class='ocrx_word' id='word_1_196' title='bbox 840 2545 1079 2600; x_wconf 85' lang='lat' dir='ltr'>Peccata</span> <span class='ocrx_word' id='word_1_197' title='bbox 1093 2549 1299 2601; x_wconf 89' lang='lat' dir='ltr'>nostra</span> <span class='ocrx_word' id='word_1_198' title='bbox 1329 2545 1453 2616; x_wconf 87' lang='lat' dir='ltr'>ipse</span> <span class='ocrx_word' id='word_1_199' title='bbox 1469 2543 1779 2615; x_wconf 88' lang='lat' dir='ltr'>pertulitin</span> <span class='ocrx_word' id='word_1_200' title='bbox 1813 2559 2050 2614; x_wconf 90' lang='lat' dir='ltr'>corpore</span> 
     </span>
    </p>
   </div>
   <div class='ocr_carea' id='block_1_28' title="bbox 397 2630 2051 2707">
    <p class='ocr_par' dir='ltr' id='par_1_28' title="bbox 397 2630 2051 2707">
     <span class='ocr_line' id='line_1_28' title="bbox 397 2630 2051 2707; baseline -0.002 -16"><span class='ocrx_word' id='word_1_201' title='bbox 397 2652 505 2691; x_wconf 91' lang='lat' dir='ltr'>suo</span> <span class='ocrx_word' id='word_1_202' title='bbox 535 2650 712 2706; x_wconf 89' lang='lat' dir='ltr'>super</span> <span class='ocrx_word' id='word_1_203' title='bbox 740 2633 988 2707; x_wconf 87' lang='lat' dir='ltr'>lignum,</span> <span class='ocrx_word' id='word_1_204' title='bbox 1023 2638 1087 2689; x_wconf 91' lang='lat' dir='ltr'>ut</span> <span class='ocrx_word' id='word_1_205' title='bbox 1119 2634 1369 2705; x_wconf 86' lang='lat' dir='ltr'>peccatis</span> <span class='ocrx_word' id='word_1_206' title='bbox 1401 2633 1637 2703; x_wconf 89' lang='lat' dir='ltr'>mortui,</span> <span class='ocrx_word' id='word_1_207' title='bbox 1645 2632 1886 2705; x_wconf 72' lang='lat' dir='ltr'>justitizn</span> <span class='ocrx_word' id='word_1_208' title='bbox 1903 2630 2051 2687; x_wconf 83' lang='lat' dir='ltr'>viva-</span> 
     </span>
    </p>
   </div>
   <div class='ocr_carea' id='block_1_29' title="bbox 396 2722 1850 2795">
    <p class='ocr_par' dir='ltr' id='par_1_29' title="bbox 396 2722 1850 2795">
     <span class='ocr_line' id='line_1_29' title="bbox 396 2722 1850 2795; baseline -0.004 -15"><span class='ocrx_word' id='word_1_209' title='bbox 396 2741 551 2793; x_wconf 88' lang='lat' dir='ltr'>mus,</span> <span class='ocrx_word' id='word_1_210' title='bbox 583 2725 753 2795; x_wconf 88' lang='lat' dir='ltr'>cujus</span> <span class='ocrx_word' id='word_1_211' title='bbox 777 2723 956 2779; x_wconf 91' lang='lat' dir='ltr'>livore</span> <span class='ocrx_word' id='word_1_212' title='bbox 988 2723 1174 2779; x_wconf 86' lang='lat' dir='ltr'>sanati</span> <span class='ocrx_word' id='word_1_213' title='bbox 1208 2740 1415 2779; x_wconf 86' lang='lat' dir='ltr'>sumus</span> <span class='ocrx_word' id='word_1_214' title='bbox 1448 2723 1491 2795; x_wconf 91' lang='grc'>(1</span> <span class='ocrx_word' id='word_1_215' title='bbox 1522 2725 1665 2778; x_wconf 81' lang='lat' dir='ltr'>Petr.</span> <span class='ocrx_word' id='word_1_216' title='bbox 1701 2722 1785 2792; x_wconf 87' lang='grc' dir='ltr'>ιι).</span> <span class='ocrx_word' id='word_1_217' title='bbox 1824 2744 1850 2769; x_wconf 88' lang='grc'>››</span> 
     </span>
    </p>
   </div>
   <div class='ocr_carea' id='block_1_30' title="bbox 473 2809 2049 2878">
    <p class='ocr_par' dir='ltr' id='par_1_30' title="bbox 473 2809 2049 2878">
     <span class='ocr_line' id='line_1_30' title="bbox 473 2809 2049 2878; baseline -0.001 -11"><span class='ocrx_word' id='word_1_218' title='bbox 473 2834 499 2867; x_wconf 73' lang='grc' dir='ltr'><strong>α</strong></span> <span class='ocrx_word' id='word_1_219' title='bbox 528 2814 598 2869; x_wconf 89' lang='lat' dir='ltr'>Et</span> <span class='ocrx_word' id='word_1_220' title='bbox 626 2813 709 2870; x_wconf 87' lang='lat' dir='ltr'>ait</span> <span class='ocrx_word' id='word_1_221' title='bbox 740 2811 1613 2878; x_wconf 79' lang='lat' dir='ltr'>illi:Videneminidixeris,sed</span> <span class='ocrx_word' id='word_1_222' title='bbox 1628 2809 2049 2875; x_wconf 88' lang='lat' dir='ltr'>vade,ostende</span> 
     </span>
    </p>
   </div>
   <div class='ocr_carea' id='block_1_31' title="bbox 399 2888 2049 2972">
    <p class='ocr_par' dir='ltr' id='par_1_31' title="bbox 399 2888 2049 2972">
     <span class='ocr_line' id='line_1_31' title="bbox 399 2888 2049 2972; baseline 0 -19"><span class='ocrx_word' id='word_1_223' title='bbox 399 2925 426 2953; x_wconf 87' lang='grc'>‹‹</span> <span class='ocrx_word' id='word_1_224' title='bbox 459 2906 514 2958; x_wconf 88' lang='lat' dir='ltr'>te</span> <span class='ocrx_word' id='word_1_225' title='bbox 545 2888 850 2969; x_wconf 86' lang='lat' dir='ltr'>sacerdoti,</span> <span class='ocrx_word' id='word_1_226' title='bbox 885 2906 941 2957; x_wconf 92' lang='lat' dir='ltr'>et</span> <span class='ocrx_word' id='word_1_227' title='bbox 970 2902 1109 2957; x_wconf 79' lang='lat' dir='ltr'>offer</span> <span class='ocrx_word' id='word_1_228' title='bbox 1130 2917 1344 2957; x_wconf 91' lang='lat' dir='ltr'>munus</span> <span class='ocrx_word' id='word_1_229' title='bbox 1358 2901 1511 2972; x_wconf 86' lang='lat' dir='ltr'>quod</span> <span class='ocrx_word' id='word_1_230' title='bbox 1534 2897 2049 2971; x_wconf 64' lang='lat' dir='ltr'>prwcepitMoyses</span> 
     </span>
    </p>
   </div>
   <div class='ocr_carea' id='block_1_32' title="bbox 398 2984 2050 3060">
    <p class='ocr_par' dir='ltr' id='par_1_32' title="bbox 398 2984 2050 3060">
     <span class='ocr_line' id='line_1_32' title="bbox 398 2984 2050 3060; baseline -0.004 -13"><span class='ocrx_word' id='word_1_231' title='bbox 398 3014 425 3041; x_wconf 91' lang='grc'>‹‹</span> <span class='ocrx_word' id='word_1_232' title='bbox 459 2990 517 3047; x_wconf 92' lang='lat' dir='ltr'>in</span> <span class='ocrx_word' id='word_1_233' title='bbox 548 2990 953 3047; x_wconf 86' lang='lat' dir='ltr'>testimonium</span> <span class='ocrx_word' id='word_1_234' title='bbox 985 2989 1122 3046; x_wconf 91' lang='lat' dir='ltr'>illis.</span> <span class='ocrx_word' id='word_1_235' title='bbox 1157 3012 1185 3039; x_wconf 89' lang='grc'>››</span> <span class='ocrx_word' id='word_1_236' title='bbox 1218 2989 1365 3054; x_wconf 89' lang='lat' dir='ltr'>Quid</span> <span class='ocrx_word' id='word_1_237' title='bbox 1395 2994 1484 3045; x_wconf 89' lang='lat' dir='ltr'>est</span> <span class='ocrx_word' id='word_1_238' title='bbox 1515 2988 1670 3045; x_wconf 89' lang='lat' dir='ltr'>enim</span> <span class='ocrx_word' id='word_1_239' title='bbox 1691 2988 1841 3060; x_wconf 92' lang='lat' dir='ltr'>quod</span> <span class='ocrx_word' id='word_1_240' title='bbox 1860 2984 2050 3042; x_wconf 92' lang='lat' dir='ltr'>Domi-</span> 
     </span>
    </p>
   </div>
   <div class='ocr_carea' id='block_1_33' title="bbox 398 3076 2051 3153">
    <p class='ocr_par' dir='ltr' id='par_1_33' title="bbox 398 3076 2051 3153">
     <span class='ocr_line' id='line_1_33' title="bbox 398 3076 2051 3153; baseline -0.004 -17"><span class='ocrx_word' id='word_1_241' title='bbox 398 3097 531 3146; x_wconf 91' lang='lat' dir='ltr'>nus,</span> <span class='ocrx_word' id='word_1_242' title='bbox 564 3080 663 3153; x_wconf 89' lang='lat' dir='ltr'>qui</span> <span class='ocrx_word' id='word_1_243' title='bbox 696 3079 834 3135; x_wconf 88' lang='lat' dir='ltr'>alibi</span> <span class='ocrx_word' id='word_1_244' title='bbox 856 3084 1061 3135; x_wconf 89' lang='lat' dir='ltr'>sanato</span> <span class='ocrx_word' id='word_1_245' title='bbox 1075 3079 1313 3137; x_wconf 87' lang='lat' dir='ltr'>homine</span> <span class='ocrx_word' id='word_1_246' title='bbox 1328 3096 1361 3133; x_wconf 90' lang='lat' dir='ltr'>a</span> <span class='ocrx_word' id='word_1_247' title='bbox 1378 3077 1603 3152; x_wconf 88' lang='lat' dir='ltr'>legione</span> <span class='ocrx_word' id='word_1_248' title='bbox 1615 3076 1897 3132; x_wconf 69' lang='lat' dir='ltr'>daemonis</span> <span class='ocrx_word' id='word_1_249' title='bbox 1910 3093 2051 3147; x_wconf 73' lang='lat' dir='ltr'>pra:-</span> 
     </span>
    </p>
   </div>
   <div class='ocr_carea' id='block_1_34' title="bbox 397 3166 2044 3242">
    <p class='ocr_par' dir='ltr' id='par_1_34' title="bbox 397 3166 2044 3242">
     <span class='ocr_line' id='line_1_34' title="bbox 397 3166 2044 3242; baseline -0.004 -16"><span class='ocrx_word' id='word_1_250' title='bbox 397 3170 570 3242; x_wconf 91' lang='lat' dir='ltr'>cepit,</span> <span class='ocrx_word' id='word_1_251' title='bbox 603 3169 801 3225; x_wconf 86' lang='lat' dir='ltr'>dicens</span> <span class='ocrx_word' id='word_1_252' title='bbox 830 3172 1026 3239; x_wconf 83' lang='lat' dir='ltr'>(Marc.</span> <span class='ocrx_word' id='word_1_253' title='bbox 1057 3168 1146 3240; x_wconf 90' lang='lat' dir='ltr'>v):</span> <span class='ocrx_word' id='word_1_254' title='bbox 1186 3168 1385 3223; x_wconf 87' lang='lat' dir='ltr'>«Vade</span> <span class='ocrx_word' id='word_1_255' title='bbox 1414 3166 1773 3223; x_wconf 89' lang='lat' dir='ltr'>incivitatem</span> <span class='ocrx_word' id='word_1_256' title='bbox 1794 3166 1865 3220; x_wconf 89' lang='lat' dir='ltr'>ad</span> <span class='ocrx_word' id='word_1_257' title='bbox 1891 3169 2044 3232; x_wconf 89' lang='lat' dir='ltr'>tuos,</span> 
     </span>
    </p>
   </div>
   <div class='ocr_carea' id='block_1_35' title="bbox 2163 584 3820 654">
    <p class='ocr_par' dir='ltr' id='par_1_35' title="bbox 2163 584 3820 654">
     <span class='ocr_line' id='line_1_35' title="bbox 2163 584 3820 654; baseline 0.001 -12"><span class='ocrx_word' id='word_1_258' title='bbox 2163 590 2362 642; x_wconf 88' lang='lat' dir='ltr'>autem</span> <span class='ocrx_word' id='word_1_259' title='bbox 2395 586 2630 641; x_wconf 85' lang='lat' dir='ltr'>credere</span> <span class='ocrx_word' id='word_1_260' title='bbox 2661 585 2905 654; x_wconf 89' lang='lat' dir='ltr'>nollent,</span> <span class='ocrx_word' id='word_1_261' title='bbox 2940 584 3371 642; x_wconf 74' lang='lat' dir='ltr'>inexcusabiles</span> <span class='ocrx_word' id='word_1_262' title='bbox 3400 590 3617 642; x_wconf 86' lang='lat' dir='ltr'>essent.</span> <span class='ocrx_word' id='word_1_263' title='bbox 3656 586 3820 643; x_wconf 82' lang='lat' dir='ltr'>Unde</span> 
     </span>
    </p>
   </div>
   <div class='ocr_carea' id='block_1_36' title="bbox 2160 673 3825 745">
    <p class='ocr_par' dir='ltr' id='par_1_36' title="bbox 2160 673 3825 745">
     <span class='ocr_line' id='line_1_36' title="bbox 2160 673 3825 745; baseline 0.001 -15"><span class='ocrx_word' id='word_1_264' title='bbox 2160 674 2309 730; x_wconf 90' lang='lat' dir='ltr'>bene</span> <span class='ocrx_word' id='word_1_265' title='bbox 2339 675 2583 730; x_wconf 89' lang='lat' dir='ltr'>dicitur:</span> <span class='ocrx_word' id='word_1_266' title='bbox 2619 698 2646 724; x_wconf 84' lang='grc'><strong>‹‹</strong></span> <span class='ocrx_word' id='word_1_267' title='bbox 2678 676 2740 731; x_wconf 87' lang='lat' dir='ltr'>In</span> <span class='ocrx_word' id='word_1_268' title='bbox 2765 673 3323 745; x_wconf 77' lang='lat' dir='ltr'>testimoniumjllis,</span> <span class='ocrx_word' id='word_1_269' title='bbox 3344 674 3441 729; x_wconf 77' lang='lat' dir='ltr'>nid</span> <span class='ocrx_word' id='word_1_270' title='bbox 3458 675 3825 731; x_wconf 84' lang='lat' dir='ltr'>estsacerdo-</span> 
     </span>
    </p>
   </div>
   <div class='ocr_carea' id='block_1_37' title="bbox 2162 762 3825 837">
    <p class='ocr_par' dir='ltr' id='par_1_37' title="bbox 2162 762 3825 837">
     <span class='ocr_line' id='line_1_37' title="bbox 2162 762 3825 837; baseline 0.002 -19"><span class='ocrx_word' id='word_1_271' title='bbox 2162 764 2341 819; x_wconf 87' lang='lat' dir='ltr'>tibus.</span> <span class='ocrx_word' id='word_1_272' title='bbox 2373 763 2553 818; x_wconf 81' lang='lat' dir='ltr'>Aliter</span> <span class='ocrx_word' id='word_1_273' title='bbox 2581 780 2685 836; x_wconf 90' lang='lat' dir='ltr'>per</span> <span class='ocrx_word' id='word_1_274' title='bbox 2701 768 2982 830; x_wconf 90' lang='lat' dir='ltr'>montem,</span> <span class='ocrx_word' id='word_1_275' title='bbox 2997 763 3057 819; x_wconf 91' lang='lat' dir='ltr'>in</span> <span class='ocrx_word' id='word_1_276' title='bbox 3073 780 3187 836; x_wconf 93' lang='lat' dir='ltr'>quo</span> <span class='ocrx_word' id='word_1_277' title='bbox 3202 763 3487 820; x_wconf 88' lang='lat' dir='ltr'>Dominus</span> <span class='ocrx_word' id='word_1_278' title='bbox 3497 762 3646 820; x_wconf 88' lang='lat' dir='ltr'>disci</span> <span class='ocrx_word' id='word_1_279' title='bbox 3652 762 3825 837; x_wconf 82' lang='lat' dir='ltr'>pulos</span> 
     </span>
    </p>
   </div>
   <div class='ocr_carea' id='block_1_38' title="bbox 2162 846 3907 926">
    <p class='ocr_par' dir='ltr' id='par_1_38' title="bbox 2162 846 3907 926">
     <span class='ocr_line' id='line_1_38' title="bbox 2162 846 3907 926; baseline 0.001 -19"><span class='ocrx_word' id='word_1_280' title='bbox 2162 852 2380 923; x_wconf 88' lang='lat' dir='ltr'>docuit,</span> <span class='ocrx_word' id='word_1_281' title='bbox 2413 852 2727 926; x_wconf 72' lang='lat' dir='ltr'>sublimipr</span> <span class='ocrx_word' id='word_1_282' title='bbox 2755 853 3023 909; x_wconf 89' lang='lat' dir='ltr'>doctrina</span> <span class='ocrx_word' id='word_1_283' title='bbox 3046 852 3359 926; x_wconf 89' lang='lat' dir='ltr'>accipitur,</span> <span class='ocrx_word' id='word_1_284' title='bbox 3397 853 3497 908; x_wconf 90' lang='lat' dir='ltr'>ubi</span> <span class='ocrx_word' id='word_1_285' title='bbox 3519 852 3627 909; x_wconf 90' lang='lat' dir='ltr'>soli</span> <span class='ocrx_word' id='word_1_286' title='bbox 3662 852 3831 909; x_wconf 83' lang='lat' dir='ltr'>disci-</span> <span class='ocrx_word' id='word_1_287' title='bbox 3900 846 3907 851; x_wconf 77' lang='grc'><em>’</em></span> 
     </span>
    </p>
   </div>
   <div class='ocr_carea' id='block_1_39' title="bbox 2167 940 3830 1015">
    <p class='ocr_par' dir='ltr' id='par_1_39' title="bbox 2167 940 3830 1015">
     <span class='ocr_line' id='line_1_39' title="bbox 2167 940 3830 1015; baseline 0.001 -20"><span class='ocrx_word' id='word_1_288' title='bbox 2167 940 2288 1013; x_wconf 91' lang='lat' dir='ltr'>puli</span> <span class='ocrx_word' id='word_1_289' title='bbox 2320 947 2728 997; x_wconf 85' lang='lat' dir='ltr'>accesserunt:</span> <span class='ocrx_word' id='word_1_290' title='bbox 2751 941 2984 1015; x_wconf 88' lang='lat' dir='ltr'>quiailli</span> <span class='ocrx_word' id='word_1_291' title='bbox 2998 942 3055 997; x_wconf 89' lang='lat' dir='ltr'>in</span> <span class='ocrx_word' id='word_1_292' title='bbox 3071 941 3481 1015; x_wconf 88' lang='lat' dir='ltr'>spiritualibus</span> <span class='ocrx_word' id='word_1_293' title='bbox 3497 942 3673 998; x_wconf 89' lang='lat' dir='ltr'>rebus</span> <span class='ocrx_word' id='word_1_294' title='bbox 3688 946 3830 998; x_wconf 89' lang='lat' dir='ltr'>sunt</span> 
     </span>
    </p>
   </div>
   <div class='ocr_carea' id='block_1_40' title="bbox 2167 1030 3827 1103">
    <p class='ocr_par' dir='ltr' id='par_1_40' title="bbox 2167 1030 3827 1103">
     <span class='ocr_line' id='line_1_40' title="bbox 2167 1030 3827 1103; baseline 0.002 -19"><span class='ocrx_word' id='word_1_295' title='bbox 2167 1030 2518 1096; x_wconf 89' lang='lat' dir='ltr'>instruendi,</span> <span class='ocrx_word' id='word_1_296' title='bbox 2551 1031 2651 1103; x_wconf 90' lang='lat' dir='ltr'>qui</span> <span class='ocrx_word' id='word_1_297' title='bbox 2683 1048 2786 1103; x_wconf 92' lang='lat' dir='ltr'>per</span> <span class='ocrx_word' id='word_1_298' title='bbox 2804 1030 3147 1087; x_wconf 87' lang='lat' dir='ltr'>diuturnam</span> <span class='ocrx_word' id='word_1_299' title='bbox 3162 1031 3603 1087; x_wconf 85' lang='lat' dir='ltr'>meditationem</span> <span class='ocrx_word' id='word_1_300' title='bbox 3614 1048 3719 1088; x_wconf 87' lang='lat' dir='ltr'>eas</span> <span class='ocrx_word' id='word_1_301' title='bbox 3736 1048 3827 1088; x_wconf 86' lang='lat' dir='ltr'>ca-</span> 
     </span>
    </p>
   </div>
   <div class='ocr_carea' id='block_1_41' title="bbox 2164 1119 3831 1193">
    <p class='ocr_par' dir='ltr' id='par_1_41' title="bbox 2164 1119 3831 1193">
     <span class='ocr_line' id='line_1_41' title="bbox 2164 1119 3831 1193; baseline 0.002 -20"><span class='ocrx_word' id='word_1_302' title='bbox 2164 1135 2299 1191; x_wconf 86' lang='lat' dir='ltr'>pere</span> <span class='ocrx_word' id='word_1_303' title='bbox 2325 1119 2574 1192; x_wconf 90' lang='lat' dir='ltr'>possint.</span> <span class='ocrx_word' id='word_1_304' title='bbox 2610 1120 2716 1186; x_wconf 89' lang='lat' dir='ltr'>Qui</span> <span class='ocrx_word' id='word_1_305' title='bbox 2750 1124 2947 1176; x_wconf 89' lang='lat' dir='ltr'>autem</span> <span class='ocrx_word' id='word_1_306' title='bbox 2976 1120 3201 1193; x_wconf 85' lang='lat' dir='ltr'>parvuli</span> <span class='ocrx_word' id='word_1_307' title='bbox 3233 1120 3445 1176; x_wconf 89' lang='lat' dir='ltr'>suntin</span> <span class='ocrx_word' id='word_1_308' title='bbox 3460 1137 3638 1177; x_wconf 86' lang='lat' dir='ltr'>seusu</span> <span class='ocrx_word' id='word_1_309' title='bbox 3653 1125 3831 1177; x_wconf 85' lang='lat' dir='ltr'>etter-</span> 
     </span>
    </p>
   </div>
   <div class='ocr_carea' id='block_1_42' title="bbox 2164 1206 3826 1280">
    <p class='ocr_par' dir='ltr' id='par_1_42' title="bbox 2164 1206 3826 1280">
     <span class='ocr_line' id='line_1_42' title="bbox 2164 1206 3826 1280; baseline 0.003 -19"><span class='ocrx_word' id='word_1_310' title='bbox 2164 1206 2284 1262; x_wconf 89' lang='lat' dir='ltr'>reni</span> <span class='ocrx_word' id='word_1_311' title='bbox 2315 1206 2375 1262; x_wconf 89' lang='lat' dir='ltr'>in</span> <span class='ocrx_word' id='word_1_312' title='bbox 2409 1208 2543 1277; x_wconf 85' lang='lat' dir='ltr'>fide,</span> <span class='ocrx_word' id='word_1_313' title='bbox 2578 1208 2744 1280; x_wconf 89' lang='lat' dir='ltr'>quasi</span> <span class='ocrx_word' id='word_1_314' title='bbox 2778 1209 2835 1263; x_wconf 90' lang='lat' dir='ltr'>in</span> <span class='ocrx_word' id='word_1_315' title='bbox 2854 1208 3222 1265; x_wconf 87' lang='lat' dir='ltr'>convallibus</span> <span class='ocrx_word' id='word_1_316' title='bbox 3252 1210 3826 1279; x_wconf 85' lang='lat' dir='ltr'>suntinstruendi,id</span> 
     </span>
    </p>
   </div>
   <div class='ocr_carea' id='block_1_43' title="bbox 2162 1295 3826 1367">
    <p class='ocr_par' dir='ltr' id='par_1_43' title="bbox 2162 1295 3826 1367">
     <span class='ocr_line' id='line_1_43' title="bbox 2162 1295 3826 1367; baseline 0.003 -17"><span class='ocrx_word' id='word_1_317' title='bbox 2162 1299 2247 1350; x_wconf 90' lang='lat' dir='ltr'>est</span> <span class='ocrx_word' id='word_1_318' title='bbox 2278 1295 2337 1350; x_wconf 85' lang='lat' dir='ltr'>in</span> <span class='ocrx_word' id='word_1_319' title='bbox 2370 1296 2766 1367; x_wconf 87' lang='lat' dir='ltr'>apertioribus</span> <span class='ocrx_word' id='word_1_320' title='bbox 2798 1297 3110 1353; x_wconf 87' lang='lat' dir='ltr'>sententiis</span> <span class='ocrx_word' id='word_1_321' title='bbox 3157 1297 3454 1353; x_wconf 88' lang='lat' dir='ltr'>monendi.</span> <span class='ocrx_word' id='word_1_322' title='bbox 3505 1298 3670 1354; x_wconf 90' lang='lat' dir='ltr'>Unde</span> <span class='ocrx_word' id='word_1_323' title='bbox 3697 1316 3826 1355; x_wconf 89' lang='lat' dir='ltr'>cum</span> 
     </span>
    </p>
   </div>
   <div class='ocr_carea' id='block_1_44' title="bbox 2161 1384 3828 1461">
    <p class='ocr_par' dir='ltr' id='par_1_44' title="bbox 2161 1384 3828 1461">
     <span class='ocr_line' id='line_1_44' title="bbox 2161 1384 3828 1461; baseline 0.004 -23"><span class='ocrx_word' id='word_1_324' title='bbox 2161 1384 2220 1440; x_wconf 91' lang='lat' dir='ltr'>in</span> <span class='ocrx_word' id='word_1_325' title='bbox 2236 1385 2692 1442; x_wconf 88' lang='lat' dir='ltr'>montibusdisci</span> <span class='ocrx_word' id='word_1_326' title='bbox 2700 1385 2870 1459; x_wconf 90' lang='lat' dir='ltr'>pulos</span> <span class='ocrx_word' id='word_1_327' title='bbox 2883 1387 3246 1453; x_wconf 86' lang='lat' dir='ltr'>docuit,etin</span> <span class='ocrx_word' id='word_1_328' title='bbox 3264 1386 3628 1444; x_wconf 89' lang='lat' dir='ltr'>convallibus</span> <span class='ocrx_word' id='word_1_329' title='bbox 3644 1387 3828 1461; x_wconf 88' lang='lat' dir='ltr'>lepro-</span> 
     </span>
    </p>
   </div>
   <div class='ocr_carea' id='block_1_45' title="bbox 2164 1476 3827 1550">
    <p class='ocr_par' dir='ltr' id='par_1_45' title="bbox 2164 1476 3827 1550">
     <span class='ocr_line' id='line_1_45' title="bbox 2164 1476 3827 1550; baseline 0.003 -22"><span class='ocrx_word' id='word_1_330' title='bbox 2164 1491 2294 1528; x_wconf 90' lang='lat' dir='ltr'>sum</span> <span class='ocrx_word' id='word_1_331' title='bbox 2328 1476 2569 1543; x_wconf 84' lang='lat' dir='ltr'>curavit,</span> <span class='ocrx_word' id='word_1_332' title='bbox 2604 1476 2862 1531; x_wconf 85' lang='lat' dir='ltr'>ostendit</span> <span class='ocrx_word' id='word_1_333' title='bbox 2895 1476 2952 1531; x_wconf 92' lang='lat' dir='ltr'>in</span> <span class='ocrx_word' id='word_1_334' title='bbox 2985 1476 3395 1549; x_wconf 71' lang='lat' dir='ltr'>praedicatione</span> <span class='ocrx_word' id='word_1_335' title='bbox 3407 1477 3577 1548; x_wconf 82' lang='lat' dir='ltr'>juxta</span> <span class='ocrx_word' id='word_1_336' title='bbox 3604 1476 3827 1550; x_wconf 84' lang='lat' dir='ltr'>capaci-</span> 
     </span>
    </p>
   </div>
   <div class='ocr_carea' id='block_1_46' title="bbox 2163 1563 3829 1632">
    <p class='ocr_par' dir='ltr' id='par_1_46' title="bbox 2163 1563 3829 1632">
     <span class='ocr_line' id='line_1_46' title="bbox 2163 1563 3829 1632; baseline 0.003 -13"><span class='ocrx_word' id='word_1_337' title='bbox 2163 1567 2341 1619; x_wconf 85' lang='lat' dir='ltr'>tatem</span> <span class='ocrx_word' id='word_1_338' title='bbox 2375 1563 2734 1632; x_wconf 88' lang='lat' dir='ltr'>auditorum,</span> <span class='ocrx_word' id='word_1_339' title='bbox 2751 1565 3119 1621; x_wconf 81' lang='lat' dir='ltr'>formandam</span> <span class='ocrx_word' id='word_1_340' title='bbox 3135 1581 3265 1621; x_wconf 83' lang='lat' dir='ltr'>esse</span> <span class='ocrx_word' id='word_1_341' title='bbox 3278 1580 3612 1622; x_wconf 84' lang='lat' dir='ltr'>sermonem</span> <span class='ocrx_word' id='word_1_342' title='bbox 3635 1566 3829 1624; x_wconf 87' lang='lat' dir='ltr'>docto-</span> 
     </span>
    </p>
   </div>
   <div class='ocr_carea' id='block_1_47' title="bbox 2166 1653 3831 1728">
    <p class='ocr_par' dir='ltr' id='par_1_47' title="bbox 2166 1653 3831 1728">
     <span class='ocr_line' id='line_1_47' title="bbox 2166 1653 3831 1728; baseline 0.004 -22"><span class='ocrx_word' id='word_1_343' title='bbox 2166 1669 2317 1707; x_wconf 89' lang='lat' dir='ltr'>rum.</span> <span class='ocrx_word' id='word_1_344' title='bbox 2354 1653 2478 1710; x_wconf 86' lang='lat' dir='ltr'>Non</span> <span class='ocrx_word' id='word_1_345' title='bbox 2517 1654 2673 1709; x_wconf 89' lang='lat' dir='ltr'>enim</span> <span class='ocrx_word' id='word_1_346' title='bbox 2713 1656 2951 1726; x_wconf 91' lang='lat' dir='ltr'>propter</span> <span class='ocrx_word' id='word_1_347' title='bbox 2994 1655 3286 1728; x_wconf 88' lang='lat' dir='ltr'>perfectos</span> <span class='ocrx_word' id='word_1_348' title='bbox 3334 1655 3642 1711; x_wconf 85' lang='lat' dir='ltr'>deserendi</span> <span class='ocrx_word' id='word_1_349' title='bbox 3696 1663 3831 1713; x_wconf 90' lang='lat' dir='ltr'>sunt</span> 
     </span>
    </p>
   </div>
   <div class='ocr_carea' id='block_1_48' title="bbox 2163 1740 3830 1818">
    <p class='ocr_par' dir='ltr' id='par_1_48' title="bbox 2163 1740 3830 1818">
     <span class='ocr_line' id='line_1_48' title="bbox 2163 1740 3830 1818; baseline 0.004 -24"><span class='ocrx_word' id='word_1_350' title='bbox 2163 1740 2508 1813; x_wconf 81' lang='lat' dir='ltr'>imperfecti,</span> <span class='ocrx_word' id='word_1_351' title='bbox 2546 1744 2647 1798; x_wconf 86' lang='lat' dir='ltr'>sed</span> <span class='ocrx_word' id='word_1_352' title='bbox 2681 1744 2878 1815; x_wconf 90' lang='lat' dir='ltr'>potius</span> <span class='ocrx_word' id='word_1_353' title='bbox 2904 1758 3059 1800; x_wconf 59' lang='lat' dir='ltr'>tum</span> <span class='ocrx_word' id='word_1_354' title='bbox 3110 1743 3228 1800; x_wconf 90' lang='lat' dir='ltr'>illis</span> <span class='ocrx_word' id='word_1_355' title='bbox 3279 1744 3610 1818; x_wconf 87' lang='lat' dir='ltr'>corrigendi</span> <span class='ocrx_word' id='word_1_356' title='bbox 3656 1750 3830 1817; x_wconf 88' lang='lat' dir='ltr'>atque</span> 
     </span>
    </p>
   </div>
   <div class='ocr_carea' id='block_1_49' title="bbox 2163 1829 3833 1907">
    <p class='ocr_par' dir='ltr' id='par_1_49' title="bbox 2163 1829 3833 1907">
     <span class='ocr_line' id='line_1_49' title="bbox 2163 1829 3833 1907; baseline 0.004 -22"><span class='ocrx_word' id='word_1_357' title='bbox 2163 1829 2472 1886; x_wconf 86' lang='lat' dir='ltr'>tolerandi.</span> <span class='ocrx_word' id='word_1_358' title='bbox 2503 1831 2611 1897; x_wconf 88' lang='lat' dir='ltr'>Qui</span> <span class='ocrx_word' id='word_1_359' title='bbox 2673 1831 2831 1887; x_wconf 87' lang='lat' dir='ltr'>enim</span> <span class='ocrx_word' id='word_1_360' title='bbox 2864 1832 3012 1889; x_wconf 87' lang='lat' dir='ltr'>tales</span> <span class='ocrx_word' id='word_1_361' title='bbox 3056 1837 3215 1902; x_wconf 87' lang='lat' dir='ltr'>sunt,</span> <span class='ocrx_word' id='word_1_362' title='bbox 3251 1838 3318 1890; x_wconf 91' lang='lat' dir='ltr'>ut</span> <span class='ocrx_word' id='word_1_363' title='bbox 3361 1851 3498 1890; x_wconf 91' lang='lat' dir='ltr'>cum</span> <span class='ocrx_word' id='word_1_364' title='bbox 3548 1833 3833 1907; x_wconf 86' lang='lat' dir='ltr'>apostolis</span> 
     </span>
    </p>
   </div>
   <div class='ocr_carea' id='block_1_50' title="bbox 2165 1920 3893 1995">
    <p class='ocr_par' dir='ltr' id='par_1_50' title="bbox 2165 1920 3893 1995">
     <span class='ocr_line' id='line_1_50' title="bbox 2165 1920 3893 1995; baseline 0.003 -21"><span class='ocrx_word' id='word_1_365' title='bbox 2165 1920 2373 1975; x_wconf 88' lang='lat' dir='ltr'>audire</span> <span class='ocrx_word' id='word_1_366' title='bbox 2407 1920 2670 1992; x_wconf 89' lang='lat' dir='ltr'>possint:</span> <span class='ocrx_word' id='word_1_367' title='bbox 2708 1945 2735 1971; x_wconf 90' lang='grc'>‹‹</span> <span class='ocrx_word' id='word_1_368' title='bbox 2769 1921 2947 1978; x_wconf 90' lang='lat' dir='ltr'>Vobis</span> <span class='ocrx_word' id='word_1_369' title='bbox 2979 1922 3181 1978; x_wconf 89' lang='lat' dir='ltr'>datum</span> <span class='ocrx_word' id='word_1_370' title='bbox 3195 1926 3286 1978; x_wconf 90' lang='lat' dir='ltr'>est</span> <span class='ocrx_word' id='word_1_371' title='bbox 3301 1923 3829 1995; x_wconf 78' lang='lat' dir='ltr'>nossemysterium</span> <span class='ocrx_word' id='word_1_372' title='bbox 3890 1956 3893 1957; x_wconf 53' lang='grc' dir='ltr'><em>ν</em></span> 
     </span>
    </p>
   </div>
   <div class='ocr_carea' id='block_1_51' title="bbox 2168 2008 3829 2085">
    <p class='ocr_par' dir='ltr' id='par_1_51' title="bbox 2168 2008 3829 2085">
     <span class='ocr_line' id='line_1_51' title="bbox 2168 2008 3829 2085; baseline 0.004 -23"><span class='ocrx_word' id='word_1_373' title='bbox 2168 2009 2329 2081; x_wconf 89' lang='lat' dir='ltr'>regni</span> <span class='ocrx_word' id='word_1_374' title='bbox 2364 2008 2462 2064; x_wconf 86' lang='lat' dir='ltr'>Dei</span> <span class='ocrx_word' id='word_1_375' title='bbox 2497 2010 2647 2082; x_wconf 85' lang='lat' dir='ltr'>(Luc.</span> <span class='ocrx_word' id='word_1_376' title='bbox 2673 2009 2752 2082; x_wconf 90' lang='lat' dir='ltr'>v),</span> <span class='ocrx_word' id='word_1_377' title='bbox 2783 2032 2810 2060; x_wconf 90' lang='grc'><strong>››</strong></span> <span class='ocrx_word' id='word_1_378' title='bbox 2845 2010 3022 2066; x_wconf 89' lang='lat' dir='ltr'>altius</span> <span class='ocrx_word' id='word_1_379' title='bbox 3052 2016 3111 2067; x_wconf 91' lang='lat' dir='ltr'>et</span> <span class='ocrx_word' id='word_1_380' title='bbox 3140 2012 3488 2084; x_wconf 90' lang='lat' dir='ltr'>profondius</span> <span class='ocrx_word' id='word_1_381' title='bbox 3518 2012 3573 2067; x_wconf 89' lang='lat' dir='ltr'>in</span> <span class='ocrx_word' id='word_1_382' title='bbox 3605 2010 3829 2085; x_wconf 86' lang='lat' dir='ltr'>allego-</span> 
     </span>
    </p>
   </div>
   <div class='ocr_carea' id='block_1_52' title="bbox 2165 2098 3825 2172">
    <p class='ocr_par' dir='ltr' id='par_1_52' title="bbox 2165 2098 3825 2172">
     <span class='ocr_line' id='line_1_52' title="bbox 2165 2098 3825 2172; baseline 0.004 -21"><span class='ocrx_word' id='word_1_383' title='bbox 2165 2114 2384 2152; x_wconf 79' lang='lat' dir='ltr'>riarum</span> <span class='ocrx_word' id='word_1_384' title='bbox 2418 2098 2573 2171; x_wconf 83' lang='lat' dir='ltr'>typis</span> <span class='ocrx_word' id='word_1_385' title='bbox 2602 2102 2658 2154; x_wconf 90' lang='lat' dir='ltr'>et</span> <span class='ocrx_word' id='word_1_386' title='bbox 2689 2099 2897 2172; x_wconf 81' lang='lat' dir='ltr'>figuris</span> <span class='ocrx_word' id='word_1_387' title='bbox 2929 2106 3071 2155; x_wconf 88' lang='lat' dir='ltr'>sunt</span> <span class='ocrx_word' id='word_1_388' title='bbox 3102 2100 3449 2157; x_wconf 85' lang='lat' dir='ltr'>instruendi.</span> <span class='ocrx_word' id='word_1_389' title='bbox 3486 2101 3593 2167; x_wconf 91' lang='lat' dir='ltr'>Qui</span> <span class='ocrx_word' id='word_1_390' title='bbox 3624 2106 3825 2158; x_wconf 84' lang='lat' dir='ltr'>autem</span> 
     </span>
    </p>
   </div>
   <div class='ocr_carea' id='block_1_53' title="bbox 2164 2185 3822 2263">
    <p class='ocr_par' dir='ltr' id='par_1_53' title="bbox 2164 2185 3822 2263">
     <span class='ocr_line' id='line_1_53' title="bbox 2164 2185 3822 2263; baseline 0.004 -23"><span class='ocrx_word' id='word_1_391' title='bbox 2164 2185 2387 2258; x_wconf 83' lang='lat' dir='ltr'>parvuli</span> <span class='ocrx_word' id='word_1_392' title='bbox 2419 2191 2557 2242; x_wconf 90' lang='lat' dir='ltr'>sunt</span> <span class='ocrx_word' id='word_1_393' title='bbox 2575 2205 2774 2256; x_wconf 87' lang='lat' dir='ltr'>sensu,</span> <span class='ocrx_word' id='word_1_394' title='bbox 2795 2191 2919 2244; x_wconf 86' lang='lat' dir='ltr'>sola</span> <span class='ocrx_word' id='word_1_395' title='bbox 2935 2188 3129 2245; x_wconf 88' lang='lat' dir='ltr'>littera</span> <span class='ocrx_word' id='word_1_396' title='bbox 3142 2194 3281 2245; x_wconf 89' lang='lat' dir='ltr'>sunt</span> <span class='ocrx_word' id='word_1_397' title='bbox 3299 2189 3648 2259; x_wconf 89' lang='lat' dir='ltr'>instruendi,</span> <span class='ocrx_word' id='word_1_398' title='bbox 3666 2192 3822 2263; x_wconf 89' lang='lat' dir='ltr'>quod</span> 
     </span>
    </p>
   </div>
   <div class='ocr_carea' id='block_1_54' title="bbox 2161 2274 3820 2350">
    <p class='ocr_par' dir='ltr' id='par_1_54' title="bbox 2161 2274 3820 2350">
     <span class='ocr_line' id='line_1_54' title="bbox 2161 2274 3820 2350; baseline 0.005 -22"><span class='ocrx_word' id='word_1_399' title='bbox 2161 2274 2337 2330; x_wconf 90' lang='lat' dir='ltr'>etiam</span> <span class='ocrx_word' id='word_1_400' title='bbox 2386 2275 2675 2331; x_wconf 89' lang='lat' dir='ltr'>Dominus</span> <span class='ocrx_word' id='word_1_401' title='bbox 2732 2275 2868 2332; x_wconf 89' lang='lat' dir='ltr'>alibi</span> <span class='ocrx_word' id='word_1_402' title='bbox 2927 2292 3033 2333; x_wconf 93' lang='lat' dir='ltr'>suo</span> <span class='ocrx_word' id='word_1_403' title='bbox 3091 2277 3355 2350; x_wconf 77' lang='lat' dir='ltr'>exemplo</span> <span class='ocrx_word' id='word_1_404' title='bbox 3389 2296 3496 2335; x_wconf 90' lang='lat' dir='ltr'>nos</span> <span class='ocrx_word' id='word_1_405' title='bbox 3556 2280 3820 2348; x_wconf 86' lang='lat' dir='ltr'>instruit,</span> 
     </span>
    </p>
   </div>
   <div class='ocr_carea' id='block_1_55' title="bbox 2161 2364 3820 2441">
    <p class='ocr_par' dir='ltr' id='par_1_55' title="bbox 2161 2364 3820 2441">
     <span class='ocr_line' id='line_1_55' title="bbox 2161 2364 3820 2441; baseline 0.004 -23"><span class='ocrx_word' id='word_1_406' title='bbox 2161 2365 2398 2435; x_wconf 88' lang='lat' dir='ltr'>quando</span> <span class='ocrx_word' id='word_1_407' title='bbox 2429 2364 2662 2420; x_wconf 89' lang='lat' dir='ltr'>cuidam</span> <span class='ocrx_word' id='word_1_408' title='bbox 2695 2365 2908 2420; x_wconf 89' lang='lat' dir='ltr'>dicenti</span> <span class='ocrx_word' id='word_1_409' title='bbox 2926 2366 3129 2428; x_wconf 77' lang='lat' dir='ltr'>(Matth.</span> <span class='ocrx_word' id='word_1_410' title='bbox 3146 2367 3820 2441; x_wconf 82' lang='lat' dir='ltr'>x1x):«Magisterbone,</span> 
     </span>
    </p>
   </div>
   <div class='ocr_carea' id='block_1_56' title="bbox 2161 2452 3815 2530">
    <p class='ocr_par' dir='ltr' id='par_1_56' title="bbox 2161 2452 3815 2530">
     <span class='ocr_line' id='line_1_56' title="bbox 2161 2452 3815 2530; baseline 0.004 -23"><span class='ocrx_word' id='word_1_411' title='bbox 2161 2452 2301 2524; x_wconf 87' lang='lat' dir='ltr'>quid</span> <span class='ocrx_word' id='word_1_412' title='bbox 2335 2452 2597 2508; x_wconf 89' lang='lat' dir='ltr'>faciendo</span> <span class='ocrx_word' id='word_1_413' title='bbox 2622 2453 2800 2509; x_wconf 90' lang='lat' dir='ltr'>vitam</span> <span class='ocrx_word' id='word_1_414' title='bbox 2832 2458 3108 2510; x_wconf 74' lang='lat' dir='ltr'>aeternam</span> <span class='ocrx_word' id='word_1_415' title='bbox 3140 2456 3521 2528; x_wconf 75' lang='lat' dir='ltr'>possidebo?»</span> <span class='ocrx_word' id='word_1_416' title='bbox 3549 2457 3725 2530; x_wconf 88' lang='lat' dir='ltr'>quasi</span> <span class='ocrx_word' id='word_1_417' title='bbox 3754 2458 3815 2514; x_wconf 89' lang='lat' dir='ltr'>in</span> 
     </span>
    </p>
   </div>
   <div class='ocr_carea' id='block_1_57' title="bbox 2161 2541 3816 2615">
    <p class='ocr_par' dir='ltr' id='par_1_57' title="bbox 2161 2541 3816 2615">
     <span class='ocr_line' id='line_1_57' title="bbox 2161 2541 3816 2615; baseline 0.004 -19"><span class='ocrx_word' id='word_1_418' title='bbox 2161 2541 2419 2598; x_wconf 88' lang='lat' dir='ltr'>convalle</span> <span class='ocrx_word' id='word_1_419' title='bbox 2450 2541 2639 2614; x_wconf 82' lang='lat' dir='ltr'>posito</span> <span class='ocrx_word' id='word_1_420' title='bbox 2673 2543 2996 2615; x_wconf 88' lang='lat' dir='ltr'>respondit,</span> <span class='ocrx_word' id='word_1_421' title='bbox 3020 2543 3249 2599; x_wconf 88' lang='lat' dir='ltr'>dicens:</span> <span class='ocrx_word' id='word_1_422' title='bbox 3285 2567 3312 2594; x_wconf 90' lang='grc'>‹‹</span> <span class='ocrx_word' id='word_1_423' title='bbox 3347 2545 3816 2604; x_wconf 88' lang='lat' dir='ltr'>Mandatanosti:</span> 
     </span>
    </p>
   </div>
   <div class='ocr_carea' id='block_1_58' title="bbox 2161 2630 3818 2692">
    <p class='ocr_par' dir='ltr' id='par_1_58' title="bbox 2161 2630 3818 2692">
     <span class='ocr_line' id='line_1_58' title="bbox 2161 2630 3818 2692; baseline 0.004 -6"><span class='ocrx_word' id='word_1_424' title='bbox 2161 2630 2284 2686; x_wconf 87' lang='lat' dir='ltr'>Non</span> <span class='ocrx_word' id='word_1_425' title='bbox 2317 2631 2565 2688; x_wconf 83' lang='lat' dir='ltr'>occides.</span> <span class='ocrx_word' id='word_1_426' title='bbox 2599 2631 2722 2686; x_wconf 89' lang='lat' dir='ltr'>Non</span> <span class='ocrx_word' id='word_1_427' title='bbox 2756 2631 3134 2689; x_wconf 85' lang='lat' dir='ltr'>adulterabis.</span> <span class='ocrx_word' id='word_1_428' title='bbox 3166 2632 3289 2688; x_wconf 87' lang='lat' dir='ltr'>Non</span> <span class='ocrx_word' id='word_1_429' title='bbox 3309 2632 3525 2689; x_wconf 89' lang='lat' dir='ltr'>falsum</span> <span class='ocrx_word' id='word_1_430' title='bbox 3546 2635 3818 2692; x_wconf 80' lang='lat' dir='ltr'>testimo-</span> 
     </span>
    </p>
   </div>
   <div class='ocr_carea' id='block_1_59' title="bbox 2160 2718 3816 2795">
    <p class='ocr_par' dir='ltr' id='par_1_59' title="bbox 2160 2718 3816 2795">
     <span class='ocr_line' id='line_1_59' title="bbox 2160 2718 3816 2795; baseline 0.006 -23"><span class='ocrx_word' id='word_1_431' title='bbox 2160 2718 2321 2773; x_wconf 88' lang='lat' dir='ltr'>nium</span> <span class='ocrx_word' id='word_1_432' title='bbox 2355 2720 2533 2788; x_wconf 89' lang='lat' dir='ltr'>dices,</span> <span class='ocrx_word' id='word_1_433' title='bbox 2570 2736 2685 2775; x_wconf 91' lang='lat' dir='ltr'>non</span> <span class='ocrx_word' id='word_1_434' title='bbox 2718 2721 3103 2792; x_wconf 89' lang='lat' dir='ltr'>concupisces</span> <span class='ocrx_word' id='word_1_435' title='bbox 3125 2738 3248 2777; x_wconf 88' lang='lat' dir='ltr'>rem</span> <span class='ocrx_word' id='word_1_436' title='bbox 3278 2718 3525 2795; x_wconf 82' lang='lat' dir='ltr'>proximi</span> <span class='ocrx_word' id='word_1_437' title='bbox 3549 2723 3816 2791; x_wconf 64' lang='lat' dir='ltr'>tui,»,etc.</span> 
     </span>
    </p>
   </div>
   <div class='ocr_carea' id='block_1_60' title="bbox 2160 2807 3821 2883">
    <p class='ocr_par' dir='ltr' id='par_1_60' title="bbox 2160 2807 3821 2883">
     <span class='ocr_line' id='line_1_60' title="bbox 2160 2807 3821 2883; baseline 0.004 -20"><span class='ocrx_word' id='word_1_438' title='bbox 2160 2808 2271 2863; x_wconf 89' lang='lat' dir='ltr'>Sed</span> <span class='ocrx_word' id='word_1_439' title='bbox 2302 2807 2399 2864; x_wconf 92' lang='lat' dir='ltr'>illo</span> <span class='ocrx_word' id='word_1_440' title='bbox 2433 2809 2823 2879; x_wconf 90' lang='lat' dir='ltr'>respondente</span> <span class='ocrx_word' id='word_1_441' title='bbox 2845 2825 2857 2863; x_wconf 91' lang='lat'>:</span> <span class='ocrx_word' id='word_1_442' title='bbox 2877 2832 2904 2859; x_wconf 92' lang='grc'><em>‹‹</em></span> <span class='ocrx_word' id='word_1_443' title='bbox 2923 2812 3055 2865; x_wconf 76' lang='lat' dir='ltr'>Haec</span> <span class='ocrx_word' id='word_1_444' title='bbox 3070 2809 3560 2866; x_wconf 86' lang='lat' dir='ltr'>omniacustodivi</span> <span class='ocrx_word' id='word_1_445' title='bbox 3574 2812 3821 2883; x_wconf 82' lang='lat' dir='ltr'>ajuven-</span> 
     </span>
    </p>
   </div>
   <div class='ocr_carea' id='block_1_61' title="bbox 2162 2897 3816 2972">
    <p class='ocr_par' dir='ltr' id='par_1_61' title="bbox 2162 2897 3816 2972">
     <span class='ocr_line' id='line_1_61' title="bbox 2162 2897 3816 2972; baseline 0.004 -20"><span class='ocrx_word' id='word_1_446' title='bbox 2162 2899 2281 2952; x_wconf 90' lang='lat' dir='ltr'>tute</span> <span class='ocrx_word' id='word_1_447' title='bbox 2313 2913 2461 2962; x_wconf 91' lang='lat' dir='ltr'>mea,</span> <span class='ocrx_word' id='word_1_448' title='bbox 2499 2920 2526 2946; x_wconf 88' lang='grc'><strong>››</strong></span> <span class='ocrx_word' id='word_1_449' title='bbox 2560 2897 2831 2970; x_wconf 89' lang='lat' dir='ltr'>protinus</span> <span class='ocrx_word' id='word_1_450' title='bbox 2850 2903 3109 2954; x_wconf 89' lang='lat' dir='ltr'>montem</span> <span class='ocrx_word' id='word_1_451' title='bbox 3139 2900 3515 2972; x_wconf 80' lang='lat' dir='ltr'>perfectionis</span> <span class='ocrx_word' id='word_1_452' title='bbox 3533 2902 3816 2970; x_wconf 85' lang='lat' dir='ltr'>ostendit,</span> 
     </span>
    </p>
   </div>
   <div class='ocr_carea' id='block_1_62' title="bbox 2159 2984 3817 3064">
    <p class='ocr_par' dir='ltr' id='par_1_62' title="bbox 2159 2984 3817 3064">
     <span class='ocr_line' id='line_1_62' title="bbox 2159 2984 3817 3064; baseline 0.005 -24"><span class='ocrx_word' id='word_1_453' title='bbox 2159 2984 2507 3057; x_wconf 89' lang='lat' dir='ltr'>subjiciens:</span> <span class='ocrx_word' id='word_1_454' title='bbox 2542 3009 2568 3035; x_wconf 91' lang='grc'>‹‹</span> <span class='ocrx_word' id='word_1_455' title='bbox 2601 2986 2805 3041; x_wconf 83' lang='lat' dir='ltr'>Adhuc</span> <span class='ocrx_word' id='word_1_456' title='bbox 2838 3004 3019 3042; x_wconf 90' lang='lat' dir='ltr'>unum</span> <span class='ocrx_word' id='word_1_457' title='bbox 3054 2987 3159 3043; x_wconf 89' lang='lat' dir='ltr'>tibi</span> <span class='ocrx_word' id='word_1_458' title='bbox 3190 2988 3380 3045; x_wconf 86' lang='lat' dir='ltr'>deest:</span> <span class='ocrx_word' id='word_1_459' title='bbox 3414 2990 3474 3045; x_wconf 89' lang='lat' dir='ltr'>Si</span> <span class='ocrx_word' id='word_1_460' title='bbox 3506 2990 3595 3045; x_wconf 88' lang='lat' dir='ltr'>vis</span> <span class='ocrx_word' id='word_1_461' title='bbox 3622 2991 3817 3064; x_wconf 77' lang='lat' dir='ltr'>perfe-</span> 
     </span>
    </p>
   </div>
   <div class='ocr_carea' id='block_1_63' title="bbox 2157 3075 3819 3151">
    <p class='ocr_par' dir='ltr' id='par_1_63' title="bbox 2157 3075 3819 3151">
     <span class='ocr_line' id='line_1_63' title="bbox 2157 3075 3819 3151; baseline 0.006 -22"><span class='ocrx_word' id='word_1_462' title='bbox 2157 3079 2285 3130; x_wconf 90' lang='lat' dir='ltr'>ctus</span> <span class='ocrx_word' id='word_1_463' title='bbox 2314 3092 2464 3143; x_wconf 90' lang='lat' dir='ltr'>esse,</span> <span class='ocrx_word' id='word_1_464' title='bbox 2497 3075 2640 3132; x_wconf 86' lang='lat' dir='ltr'>vade</span> <span class='ocrx_word' id='word_1_465' title='bbox 2671 3078 2728 3131; x_wconf 89' lang='lat' dir='ltr'>et</span> <span class='ocrx_word' id='word_1_466' title='bbox 2754 3076 2938 3132; x_wconf 90' lang='lat' dir='ltr'>vende</span> <span class='ocrx_word' id='word_1_467' title='bbox 2969 3076 3169 3132; x_wconf 90' lang='lat' dir='ltr'>omnia</span> <span class='ocrx_word' id='word_1_468' title='bbox 3214 3094 3342 3150; x_wconf 65' lang='lat' dir='ltr'>quae</span> <span class='ocrx_word' id='word_1_469' title='bbox 3394 3077 3597 3151; x_wconf 88' lang='lat' dir='ltr'>habes,</span> <span class='ocrx_word' id='word_1_470' title='bbox 3649 3083 3709 3136; x_wconf 85' lang='lat' dir='ltr'>et</span> <span class='ocrx_word' id='word_1_471' title='bbox 3734 3082 3819 3139; x_wconf 85' lang='lat' dir='ltr'>da</span> 
     </span>
    </p>
   </div>
   <div class='ocr_carea' id='block_1_64' title="bbox 2158 3164 3816 3236">
    <p class='ocr_par' dir='ltr' id='par_1_64' title="bbox 2158 3164 3816 3236">
     <span class='ocr_line' id='line_1_64' title="bbox 2158 3164 3816 3236; baseline 0.006 -19"><span class='ocrx_word' id='word_1_472' title='bbox 2158 3164 2534 3236; x_wconf 87' lang='lat' dir='ltr'>pauperibus,</span> <span class='ocrx_word' id='word_1_473' title='bbox 2568 3168 2624 3220; x_wconf 88' lang='lat' dir='ltr'>et</span> <span class='ocrx_word' id='word_1_474' title='bbox 2653 3164 2894 3220; x_wconf 87' lang='lat' dir='ltr'>habebis</span> <span class='ocrx_word' id='word_1_475' title='bbox 2928 3164 3271 3222; x_wconf 89' lang='lat' dir='ltr'>thesaurum</span> <span class='ocrx_word' id='word_1_476' title='bbox 3302 3166 3361 3222; x_wconf 91' lang='lat' dir='ltr'>in</span> <span class='ocrx_word' id='word_1_477' title='bbox 3397 3166 3560 3236; x_wconf 74' lang='lat' dir='ltr'>cmlo,</span> <span class='ocrx_word' id='word_1_478' title='bbox 3591 3173 3649 3224; x_wconf 88' lang='lat' dir='ltr'>et</span> <span class='ocrx_word' id='word_1_479' title='bbox 3679 3171 3816 3227; x_wconf 85' lang='lat' dir='ltr'>veni</span> 
     </span>
    </p>
   </div>
   <div class='ocr_carea' id='block_1_65' title="bbox 399 3240 3821 3330">
    <p class='ocr_par' dir='ltr' id='par_1_65' title="bbox 399 3240 3821 3330">
     <span class='ocr_line' id='line_1_65' title="bbox 399 3240 3821 3330; baseline 0.001 -16"><span class='ocrx_word' id='word_1_480' title='bbox 399 3240 770 3315; x_wconf 74' lang='lat' dir='ltr'>etannuntia</span> <span class='ocrx_word' id='word_1_481' title='bbox 795 3255 1837 3330; x_wconf 70' lang='lat' dir='ltr'>eisquantatibifeceritDeus.nnunc</span> <span class='ocrx_word' id='word_1_482' title='bbox 1851 3256 2045 3308; x_wconf 89' lang='lat' dir='ltr'>autem</span> <span class='ocrx_word' id='word_1_483' title='bbox 2078 3240 2121 3307; x_wconf 89' lang='lat' dir='ltr'>C</span> <span class='ocrx_word' id='word_1_484' title='bbox 2160 3269 2402 3325; x_wconf 90' lang='lat' dir='ltr'>sequere</span> <span class='ocrx_word' id='word_1_485' title='bbox 2435 3270 2547 3310; x_wconf 91' lang='lat' dir='ltr'>me.</span> <span class='ocrx_word' id='word_1_486' title='bbox 2584 3276 2612 3303; x_wconf 87' lang='lat'>»</span> <span class='ocrx_word' id='word_1_487' title='bbox 2643 3254 2711 3308; x_wconf 85' lang='lat' dir='ltr'>Et</span> <span class='ocrx_word' id='word_1_488' title='bbox 2741 3253 2879 3327; x_wconf 83' lang='lat' dir='ltr'>quia</span> <span class='ocrx_word' id='word_1_489' title='bbox 2906 3253 3065 3310; x_wconf 89' lang='lat' dir='ltr'>hunc</span> <span class='ocrx_word' id='word_1_490' title='bbox 3082 3259 3341 3312; x_wconf 89' lang='lat' dir='ltr'>montem</span> <span class='ocrx_word' id='word_1_491' title='bbox 3363 3256 3821 3316; x_wconf 82' lang='lat' dir='ltr'>difﬁcileascen-</span> 
     </span>
    </p>
   </div>
   <div class='ocr_carea' id='block_1_66' title="bbox 398 3341 2048 3420">
    <p class='ocr_par' dir='ltr' id='par_1_66' title="bbox 398 3341 2048 3420">
     <span class='ocr_line' id='line_1_66' title="bbox 398 3341 2048 3420; baseline -0.004 -17"><span class='ocrx_word' id='word_1_492' title='bbox 398 3348 628 3420; x_wconf 89' lang='lat' dir='ltr'>leproso</span> <span class='ocrx_word' id='word_1_493' title='bbox 661 3352 864 3403; x_wconf 89' lang='lat' dir='ltr'>curato</span> <span class='ocrx_word' id='word_1_494' title='bbox 897 3346 1063 3402; x_wconf 90' lang='lat' dir='ltr'>dicit:</span> <span class='ocrx_word' id='word_1_495' title='bbox 1101 3370 1128 3396; x_wconf 80' lang='grc' dir='ltr'>α</span> <span class='ocrx_word' id='word_1_496' title='bbox 1150 3346 1309 3401; x_wconf 59' lang='grc' dir='ltr'>Ὓὶἀθ</span> <span class='ocrx_word' id='word_1_497' title='bbox 1338 3343 1557 3399; x_wconf 90' lang='lat' dir='ltr'>nemini</span> <span class='ocrx_word' id='word_1_498' title='bbox 1590 3342 1844 3398; x_wconf 81' lang='lat' dir='ltr'>dixeris?</span> <span class='ocrx_word' id='word_1_499' title='bbox 1883 3365 1904 3390; x_wconf 75' lang='grc' dir='ltr'>ιι</span> <span class='ocrx_word' id='word_1_500' title='bbox 1931 3341 2048 3396; x_wconf 88' lang='lat' dir='ltr'>Nos</span> 
     </span>
    </p>
   </div>
   <div class='ocr_carea' id='block_1_67' title="bbox 403 3429 2048 3504">
    <p class='ocr_par' dir='ltr' id='par_1_67' title="bbox 403 3429 2048 3504">
     <span class='ocr_line' id='line_1_67' title="bbox 403 3429 2048 3504; baseline -0.004 -12"><span class='ocrx_word' id='word_1_501' title='bbox 403 3436 684 3492; x_wconf 90' lang='lat' dir='ltr'>nimirum</span> <span class='ocrx_word' id='word_1_502' title='bbox 710 3434 768 3489; x_wconf 90' lang='lat' dir='ltr'>in</span> <span class='ocrx_word' id='word_1_503' title='bbox 787 3435 896 3489; x_wconf 88' lang='lat' dir='ltr'>hoc</span> <span class='ocrx_word' id='word_1_504' title='bbox 907 3434 1057 3489; x_wconf 87' lang='lat' dir='ltr'>facto</span> <span class='ocrx_word' id='word_1_505' title='bbox 1076 3433 1334 3498; x_wconf 88' lang='lat' dir='ltr'>instruit,</span> <span class='ocrx_word' id='word_1_506' title='bbox 1350 3449 1498 3504; x_wconf 91' lang='lat' dir='ltr'>quos</span> <span class='ocrx_word' id='word_1_507' title='bbox 1512 3429 2048 3502; x_wconf 85' lang='lat' dir='ltr'>frequenterinanis</span> 
     </span>
    </p>
   </div>
   <div class='ocr_carea' id='block_1_68' title="bbox 402 3519 2048 3596">
    <p class='ocr_par' dir='ltr' id='par_1_68' title="bbox 402 3519 2048 3596">
     <span class='ocr_line' id='line_1_68' title="bbox 402 3519 2048 3596; baseline -0.004 -18"><span class='ocrx_word' id='word_1_508' title='bbox 402 3522 589 3596; x_wconf 86' lang='lat' dir='ltr'>gloria</span> <span class='ocrx_word' id='word_1_509' title='bbox 617 3525 821 3591; x_wconf 88' lang='lat' dir='ltr'>tentat,</span> <span class='ocrx_word' id='word_1_510' title='bbox 854 3522 1168 3577; x_wconf 90' lang='lat' dir='ltr'>ostendens</span> <span class='ocrx_word' id='word_1_511' title='bbox 1197 3520 1369 3576; x_wconf 90' lang='lat' dir='ltr'>etiam</span> <span class='ocrx_word' id='word_1_512' title='bbox 1403 3521 1462 3575; x_wconf 91' lang='lat' dir='ltr'>in</span> <span class='ocrx_word' id='word_1_513' title='bbox 1481 3519 2048 3592; x_wconf 89' lang='lat' dir='ltr'>bonooperejactan-</span> 
     </span>
    </p>
   </div>
   <div class='ocr_carea' id='block_1_69' title="bbox 402 3606 2046 3682">
    <p class='ocr_par' dir='ltr' id='par_1_69' title="bbox 402 3606 2046 3682">
     <span class='ocr_line' id='line_1_69' title="bbox 402 3606 2046 3682; baseline -0.002 -16"><span class='ocrx_word' id='word_1_514' title='bbox 402 3612 543 3667; x_wconf 87' lang='lat' dir='ltr'>tiam</span> <span class='ocrx_word' id='word_1_515' title='bbox 576 3626 705 3666; x_wconf 90' lang='lat' dir='ltr'>esse</span> <span class='ocrx_word' id='word_1_516' title='bbox 735 3609 1093 3682; x_wconf 82' lang='lat' dir='ltr'>fugiendam.</span> <span class='ocrx_word' id='word_1_517' title='bbox 1127 3609 1185 3666; x_wconf 91' lang='lat' dir='ltr'>Si</span> <span class='ocrx_word' id='word_1_518' title='bbox 1217 3608 1373 3665; x_wconf 91' lang='lat' dir='ltr'>enim</span> <span class='ocrx_word' id='word_1_519' title='bbox 1405 3607 1521 3675; x_wconf 92' lang='lat' dir='ltr'>ille,</span> <span class='ocrx_word' id='word_1_520' title='bbox 1555 3606 1925 3681; x_wconf 84' lang='lat' dir='ltr'>quiutFilius</span> <span class='ocrx_word' id='word_1_521' title='bbox 1946 3606 2046 3663; x_wconf 90' lang='lat' dir='ltr'>Dei</span> 
     </span>
    </p>
   </div>
   <div class='ocr_carea' id='block_1_70' title="bbox 392 3695 2047 3773">
    <p class='ocr_par' dir='ltr' id='par_1_70' title="bbox 392 3695 2047 3773">
     <span class='ocr_line' id='line_1_70' title="bbox 392 3695 2047 3773; baseline -0.003 -17"><span class='ocrx_word' id='word_1_522' title='bbox 392 3698 740 3773; x_wconf 89' lang='lat' dir='ltr'>jactantiam</span> <span class='ocrx_word' id='word_1_523' title='bbox 773 3715 889 3753; x_wconf 91' lang='lat' dir='ltr'>non</span> <span class='ocrx_word' id='word_1_524' title='bbox 923 3697 1184 3764; x_wconf 90' lang='lat' dir='ltr'>timebat,</span> <span class='ocrx_word' id='word_1_525' title='bbox 1229 3697 1581 3754; x_wconf 88' lang='lat' dir='ltr'>miraculum</span> <span class='ocrx_word' id='word_1_526' title='bbox 1630 3713 1804 3752; x_wconf 90' lang='lat' dir='ltr'>suum</span> <span class='ocrx_word' id='word_1_527' title='bbox 1851 3695 2047 3752; x_wconf 91' lang='lat' dir='ltr'>occul-</span> 
     </span>
    </p>
   </div>
   <div class='ocr_carea' id='block_1_71' title="bbox 398 3785 2046 3861">
    <p class='ocr_par' dir='ltr' id='par_1_71' title="bbox 398 3785 2046 3861">
     <span class='ocr_line' id='line_1_71' title="bbox 398 3785 2046 3861; baseline -0.002 -15"><span class='ocrx_word' id='word_1_528' title='bbox 398 3795 523 3846; x_wconf 89' lang='lat' dir='ltr'>tare</span> <span class='ocrx_word' id='word_1_529' title='bbox 554 3788 845 3861; x_wconf 70' lang='lat' dir='ltr'>praecepit,</span> <span class='ocrx_word' id='word_1_530' title='bbox 882 3786 1068 3843; x_wconf 91' lang='lat' dir='ltr'>multo</span> <span class='ocrx_word' id='word_1_531' title='bbox 1102 3788 1290 3861; x_wconf 90' lang='lat' dir='ltr'>magis</span> <span class='ocrx_word' id='word_1_532' title='bbox 1340 3804 1447 3843; x_wconf 89' lang='lat' dir='ltr'>nos</span> <span class='ocrx_word' id='word_1_533' title='bbox 1496 3804 1642 3860; x_wconf 90' lang='lat' dir='ltr'>quos</span> <span class='ocrx_word' id='word_1_534' title='bbox 1686 3804 1831 3843; x_wconf 88' lang='lat' dir='ltr'>vana</span> <span class='ocrx_word' id='word_1_535' title='bbox 1861 3785 2046 3859; x_wconf 89' lang='lat' dir='ltr'>gloria</span> 
     </span>
    </p>
   </div>
   <div class='ocr_carea' id='block_1_72' title="bbox 397 3875 2042 3949">
    <p class='ocr_par' dir='ltr' id='par_1_72' title="bbox 397 3875 2042 3949">
     <span class='ocr_line' id='line_1_72' title="bbox 397 3875 2042 3949; baseline -0.002 -16"><span class='ocrx_word' id='word_1_536' title='bbox 397 3877 662 3949; x_wconf 90' lang='lat' dir='ltr'>subrepit</span> <span class='ocrx_word' id='word_1_537' title='bbox 684 3876 1030 3949; x_wconf 88' lang='lat' dir='ltr'>jactantiam</span> <span class='ocrx_word' id='word_1_538' title='bbox 1062 3893 1260 3932; x_wconf 88' lang='lat' dir='ltr'>cavere</span> <span class='ocrx_word' id='word_1_539' title='bbox 1286 3876 1589 3932; x_wconf 90' lang='lat' dir='ltr'>debemus.</span> <span class='ocrx_word' id='word_1_540' title='bbox 1623 3880 1686 3932; x_wconf 92' lang='lat' dir='ltr'>ut</span> <span class='ocrx_word' id='word_1_541' title='bbox 1714 3875 2042 3931; x_wconf 89' lang='lat' dir='ltr'>secundum</span> 
     </span>
    </p>
   </div>
   <div class='ocr_carea' id='block_1_73' title="bbox 395 3965 2044 4039">
    <p class='ocr_par' dir='ltr' id='par_1_73' title="bbox 395 3965 2044 4039">
     <span class='ocr_line' id='line_1_73' title="bbox 395 3965 2044 4039; baseline -0.002 -16"><span class='ocrx_word' id='word_1_542' title='bbox 395 3967 551 4039; x_wconf 92' lang='lat' dir='ltr'>quod</span> <span class='ocrx_word' id='word_1_543' title='bbox 584 3966 709 4039; x_wconf 89' lang='lat' dir='ltr'>ipse</span> <span class='ocrx_word' id='word_1_544' title='bbox 740 3966 851 4021; x_wconf 87' lang='lat' dir='ltr'>ait:</span> <span class='ocrx_word' id='word_1_545' title='bbox 909 3987 936 4016; x_wconf 87' lang='grc'><em>‹‹</em></span> <span class='ocrx_word' id='word_1_546' title='bbox 968 3965 1202 4021; x_wconf 90' lang='lat' dir='ltr'>Nesciat</span> <span class='ocrx_word' id='word_1_547' title='bbox 1249 3965 1489 4021; x_wconf 88' lang='lat' dir='ltr'>sinistra</span> <span class='ocrx_word' id='word_1_548' title='bbox 1530 3970 1633 4021; x_wconf 89' lang='lat' dir='ltr'>tua</span> <span class='ocrx_word' id='word_1_549' title='bbox 1681 3965 1823 4037; x_wconf 89' lang='lat' dir='ltr'>quid</span> <span class='ocrx_word' id='word_1_550' title='bbox 1873 3965 2044 4020; x_wconf 82' lang='lat' dir='ltr'>faciet</span> 
     </span>
    </p>
   </div>
   <div class='ocr_carea' id='block_1_74' title="bbox 372 4054 2038 4129">
    <p class='ocr_par' dir='ltr' id='par_1_74' title="bbox 372 4054 2038 4129">
     <span class='ocr_line' id='line_1_74' title="bbox 372 4054 2038 4129; baseline -0.002 -17"><span class='ocrx_word' id='word_1_551' title='bbox 372 4056 631 4112; x_wconf 83' lang='lat' dir='ltr'>-dextera</span> <span class='ocrx_word' id='word_1_552' title='bbox 657 4060 760 4111; x_wconf 90' lang='lat' dir='ltr'>tua</span> <span class='ocrx_word' id='word_1_553' title='bbox 792 4054 997 4129; x_wconf 80' lang='lat' dir='ltr'>(Matth.</span> <span class='ocrx_word' id='word_1_554' title='bbox 1059 4058 1160 4124; x_wconf 77' lang='lat' dir='ltr'>v1).</span> <span class='ocrx_word' id='word_1_555' title='bbox 1198 4078 1224 4104; x_wconf 84' lang='lat'>»</span> <span class='ocrx_word' id='word_1_556' title='bbox 1269 4054 1414 4111; x_wconf 86' lang='lat' dir='ltr'>Hinc</span> <span class='ocrx_word' id='word_1_557' title='bbox 1470 4055 1684 4110; x_wconf 90' lang='lat' dir='ltr'>iterum</span> <span class='ocrx_word' id='word_1_558' title='bbox 1745 4054 2038 4123; x_wconf 87' lang='lat' dir='ltr'>admonet,</span> 
     </span>
    </p>
   </div>
   <div class='ocr_carea' id='block_1_75' title="bbox 390 4143 2041 4212">
    <p class='ocr_par' dir='ltr' id='par_1_75' title="bbox 390 4143 2041 4212">
     <span class='ocr_line' id='line_1_75' title="bbox 390 4143 2041 4212; baseline -0.002 -11"><span class='ocrx_word' id='word_1_559' title='bbox 390 4145 620 4202; x_wconf 92' lang='lat' dir='ltr'>dicens:</span> <span class='ocrx_word' id='word_1_560' title='bbox 656 4168 684 4196; x_wconf 84' lang='lat'><strong>«</strong></span> <span class='ocrx_word' id='word_1_561' title='bbox 715 4147 799 4201; x_wconf 92' lang='lat' dir='ltr'>Tu</span> <span class='ocrx_word' id='word_1_562' title='bbox 830 4148 1028 4200; x_wconf 90' lang='lat' dir='ltr'>autem</span> <span class='ocrx_word' id='word_1_563' title='bbox 1061 4160 1196 4199; x_wconf 92' lang='lat' dir='ltr'>cum</span> <span class='ocrx_word' id='word_1_564' title='bbox 1226 4144 1501 4212; x_wconf 88' lang='lat' dir='ltr'>oraveris,</span> <span class='ocrx_word' id='word_1_565' title='bbox 1536 4143 1691 4199; x_wconf 88' lang='lat' dir='ltr'>intra</span> <span class='ocrx_word' id='word_1_566' title='bbox 1718 4144 1775 4199; x_wconf 92' lang='lat' dir='ltr'>in</span> <span class='ocrx_word' id='word_1_567' title='bbox 1807 4143 2041 4199; x_wconf 88' lang='lat' dir='ltr'>cubicu-</span> 
     </span>
    </p>
   </div>
   <div class='ocr_carea' id='block_1_76' title="bbox 389 4220 2041 4305">
    <p class='ocr_par' dir='ltr' id='par_1_76' title="bbox 389 4220 2041 4305">
     <span class='ocr_line' id='line_1_76' title="bbox 389 4220 2041 4305; baseline -0.002 -15"><span class='ocrx_word' id='word_1_568' title='bbox 389 4234 536 4304; x_wconf 89' lang='lat' dir='ltr'>lum,</span> <span class='ocrx_word' id='word_1_569' title='bbox 567 4239 642 4305; x_wconf 87' lang='lat' dir='ltr'>et,</span> <span class='ocrx_word' id='word_1_570' title='bbox 676 4234 876 4290; x_wconf 89' lang='lat' dir='ltr'>clauso</span> <span class='ocrx_word' id='word_1_571' title='bbox 907 4220 1076 4301; x_wconf 81' lang='lat' dir='ltr'>ostio,</span> <span class='ocrx_word' id='word_1_572' title='bbox 1123 4250 1224 4289; x_wconf 88' lang='lat' dir='ltr'>ora</span> <span class='ocrx_word' id='word_1_573' title='bbox 1273 4233 1500 4288; x_wconf 88' lang='lat' dir='ltr'>Patrem</span> <span class='ocrx_word' id='word_1_574' title='bbox 1549 4235 1738 4299; x_wconf 91' lang='lat' dir='ltr'>tuum,</span> <span class='ocrx_word' id='word_1_575' title='bbox 1786 4236 1842 4288; x_wconf 89' lang='lat' dir='ltr'>et</span> <span class='ocrx_word' id='word_1_576' title='bbox 1872 4232 2041 4287; x_wconf 85' lang='lat' dir='ltr'>Pater</span> 
     </span>
    </p>
   </div>
   <div class='ocr_carea' id='block_1_77' title="bbox 387 4320 2034 4397">
    <p class='ocr_par' dir='ltr' id='par_1_77' title="bbox 387 4320 2034 4397">
     <span class='ocr_line' id='line_1_77' title="bbox 387 4320 2034 4397; baseline -0.006 -17"><span class='ocrx_word' id='word_1_577' title='bbox 387 4328 547 4391; x_wconf 90' lang='lat' dir='ltr'>tuus,</span> <span class='ocrx_word' id='word_1_578' title='bbox 580 4324 681 4397; x_wconf 90' lang='lat' dir='ltr'>qui</span> <span class='ocrx_word' id='word_1_579' title='bbox 712 4322 868 4379; x_wconf 90' lang='lat' dir='ltr'>videt</span> <span class='ocrx_word' id='word_1_580' title='bbox 897 4320 956 4377; x_wconf 92' lang='lat' dir='ltr'>in</span> <span class='ocrx_word' id='word_1_581' title='bbox 989 4322 1353 4391; x_wconf 88' lang='lat' dir='ltr'>abscondito,</span> <span class='ocrx_word' id='word_1_582' title='bbox 1387 4321 1586 4377; x_wconf 90' lang='lat' dir='ltr'>reddet</span> <span class='ocrx_word' id='word_1_583' title='bbox 1613 4320 1713 4377; x_wconf 90' lang='lat' dir='ltr'>tibi</span> <span class='ocrx_word' id='word_1_584' title='bbox 1748 4321 1905 4393; x_wconf 80' lang='lat' dir='ltr'>(Ibid.</span> <span class='ocrx_word' id='word_1_585' title='bbox 1938 4320 1976 4393; x_wconf 92' lang='lat'>).</span> <span class='ocrx_word' id='word_1_586' title='bbox 2007 4343 2034 4371; x_wconf 85' lang='grc'><strong>››</strong></span> 
     </span>
    </p>
   </div>
   <div class='ocr_carea' id='block_1_78' title="bbox 387 4410 2031 4485">
    <p class='ocr_par' dir='ltr' id='par_1_78' title="bbox 387 4410 2031 4485">
     <span class='ocr_line' id='line_1_78' title="bbox 387 4410 2031 4485; baseline -0.006 -15"><span class='ocrx_word' id='word_1_587' title='bbox 387 4416 453 4470; x_wconf 91' lang='lat' dir='ltr'>In</span> <span class='ocrx_word' id='word_1_588' title='bbox 483 4430 549 4470; x_wconf 90' lang='lat' dir='ltr'>eo</span> <span class='ocrx_word' id='word_1_589' title='bbox 578 4430 711 4469; x_wconf 91' lang='lat' dir='ltr'>vero</span> <span class='ocrx_word' id='word_1_590' title='bbox 743 4412 896 4485; x_wconf 88' lang='lat' dir='ltr'>quod</span> <span class='ocrx_word' id='word_1_591' title='bbox 930 4412 1012 4467; x_wconf 91' lang='lat' dir='ltr'>ait</span> <span class='ocrx_word' id='word_1_592' title='bbox 1040 4435 1068 4462; x_wconf 87' lang='lat'><strong>«</strong></span> <span class='ocrx_word' id='word_1_593' title='bbox 1102 4411 1280 4479; x_wconf 88' lang='lat' dir='ltr'>Vade,</span> <span class='ocrx_word' id='word_1_594' title='bbox 1314 4411 1555 4467; x_wconf 89' lang='lat' dir='ltr'>ostende</span> <span class='ocrx_word' id='word_1_595' title='bbox 1584 4414 1641 4465; x_wconf 91' lang='lat' dir='ltr'>te</span> <span class='ocrx_word' id='word_1_596' title='bbox 1672 4410 1980 4477; x_wconf 89' lang='lat' dir='ltr'>sacerdoti,</span> <span class='ocrx_word' id='word_1_597' title='bbox 2010 4433 2031 4460; x_wconf 73' lang='grc' dir='ltr'>ι</span> 
     </span>
    </p>
   </div>
   <div class='ocr_carea' id='block_1_79' title="bbox 388 4498 2039 4572">
    <p class='ocr_par' dir='ltr' id='par_1_79' title="bbox 388 4498 2039 4572">
     <span class='ocr_line' id='line_1_79' title="bbox 388 4498 2039 4572; baseline -0.001 -16"><span class='ocrx_word' id='word_1_598' title='bbox 388 4501 878 4557; x_wconf 88' lang='lat' dir='ltr'>considerandum</span> <span class='ocrx_word' id='word_1_599' title='bbox 916 4505 1023 4565; x_wconf 90' lang='lat' dir='ltr'>est,</span> <span class='ocrx_word' id='word_1_600' title='bbox 1043 4500 1199 4572; x_wconf 88' lang='lat' dir='ltr'>quod</span> <span class='ocrx_word' id='word_1_601' title='bbox 1226 4499 1421 4555; x_wconf 90' lang='lat' dir='ltr'>nullos</span> <span class='ocrx_word' id='word_1_602' title='bbox 1433 4498 1576 4554; x_wconf 90' lang='lat' dir='ltr'>alios</span> <span class='ocrx_word' id='word_1_603' title='bbox 1594 4498 1897 4567; x_wconf 89' lang='lat' dir='ltr'>Dominus,</span> <span class='ocrx_word' id='word_1_604' title='bbox 1914 4499 2039 4571; x_wconf 88' lang='lat' dir='ltr'>qui-</span> 
     </span>
    </p>
   </div>
   <div class='ocr_carea' id='block_1_80' title="bbox 388 4587 2113 4678">
    <p class='ocr_par' dir='ltr' id='par_1_80' title="bbox 388 4587 2113 4678">
     <span class='ocr_line' id='line_1_80' title="bbox 388 4587 2113 4678; baseline 0 -34"><span class='ocrx_word' id='word_1_605' title='bbox 388 4590 500 4645; x_wconf 88' lang='lat' dir='ltr'>bus</span> <span class='ocrx_word' id='word_1_606' title='bbox 531 4589 908 4678; x_wconf 90' lang='lat' dir='ltr'>corporaliter</span> <span class='ocrx_word' id='word_1_607' title='bbox 936 4589 1255 4678; x_wconf 85' lang='lat' dir='ltr'>sanitatem</span> <span class='ocrx_word' id='word_1_608' title='bbox 1282 4587 1570 4660; x_wconf 68' lang='lat' dir='ltr'>praestitit,</span> <span class='ocrx_word' id='word_1_609' title='bbox 1603 4587 2036 4678; x_wconf 85' lang='lat' dir='ltr'>adsacerdotes</span> <span class='ocrx_word' id='word_1_610' title='bbox 2067 4614 2113 4678; x_wconf 66' lang='grc' dir='ltr'><strong>Β</strong></span> 
     </span>
    </p>
   </div>
   <div class='ocr_carea' id='block_1_81' title="bbox 389 4676 2037 4749">
    <p class='ocr_par' dir='ltr' id='par_1_81' title="bbox 389 4676 2037 4749">
     <span class='ocr_line' id='line_1_81' title="bbox 389 4676 2037 4749; baseline -0.001 -16"><span class='ocrx_word' id='word_1_611' title='bbox 389 4677 984 4749; x_wconf 86' lang='lat' dir='ltr'>misisselegitur,nisi</span> <span class='ocrx_word' id='word_1_612' title='bbox 1002 4682 1229 4733; x_wconf 89' lang='lat' dir='ltr'>tantum</span> <span class='ocrx_word' id='word_1_613' title='bbox 1245 4676 1525 4749; x_wconf 89' lang='lat' dir='ltr'>leprosos,</span> <span class='ocrx_word' id='word_1_614' title='bbox 1543 4677 1694 4748; x_wconf 88' lang='lat' dir='ltr'>quod</span> <span class='ocrx_word' id='word_1_615' title='bbox 1713 4693 1826 4732; x_wconf 91' lang='lat' dir='ltr'>non</span> <span class='ocrx_word' id='word_1_616' title='bbox 1845 4676 2037 4732; x_wconf 90' lang='lat' dir='ltr'>solum</span> 
     </span>
    </p>
   </div>
   <div class='ocr_carea' id='block_1_82' title="bbox 358 4764 2036 4840">
    <p class='ocr_par' dir='ltr' id='par_1_82' title="bbox 358 4764 2036 4840">
     <span class='ocr_line' id='line_1_82' title="bbox 358 4764 2036 4840; baseline 0 -18"><span class='ocrx_word' id='word_1_617' title='bbox 358 4786 359 4789; x_wconf 63' lang='lat'>‘</span> <span class='ocrx_word' id='word_1_618' title='bbox 388 4767 483 4824; x_wconf 89' lang='lat' dir='ltr'>hic</span> <span class='ocrx_word' id='word_1_619' title='bbox 513 4766 719 4824; x_wconf 78' lang='lat' dir='ltr'>fecisse</span> <span class='ocrx_word' id='word_1_620' title='bbox 747 4765 979 4840; x_wconf 87' lang='lat' dir='ltr'>legitur,</span> <span class='ocrx_word' id='word_1_621' title='bbox 1014 4768 1114 4824; x_wconf 90' lang='lat' dir='ltr'>sed</span> <span class='ocrx_word' id='word_1_622' title='bbox 1133 4767 1307 4822; x_wconf 86' lang='lat' dir='ltr'>etiam</span> <span class='ocrx_word' id='word_1_623' title='bbox 1324 4764 1734 4838; x_wconf 88' lang='lat' dir='ltr'>alibi,quando</span> <span class='ocrx_word' id='word_1_624' title='bbox 1747 4766 1945 4822; x_wconf 91' lang='lat' dir='ltr'>decem</span> <span class='ocrx_word' id='word_1_625' title='bbox 1960 4766 2036 4821; x_wconf 86' lang='lat' dir='ltr'>vi-</span> 
     </span>
    </p>
   </div>
   <div class='ocr_carea' id='block_1_83' title="bbox 386 4852 2033 4928">
    <p class='ocr_par' dir='ltr' id='par_1_83' title="bbox 386 4852 2033 4928">
     <span class='ocr_line' id='line_1_83' title="bbox 386 4852 2033 4928; baseline 0.001 -17"><span class='ocrx_word' id='word_1_626' title='bbox 386 4856 466 4911; x_wconf 90' lang='lat' dir='ltr'>ris</span> <span class='ocrx_word' id='word_1_627' title='bbox 495 4856 743 4928; x_wconf 89' lang='lat' dir='ltr'>leprosis</span> <span class='ocrx_word' id='word_1_628' title='bbox 775 4855 1339 4912; x_wconf 89' lang='lat' dir='ltr'>sibioccurrentibus</span> <span class='ocrx_word' id='word_1_629' title='bbox 1353 4852 1848 4911; x_wconf 81' lang='lat' dir='ltr'>etclamantibus«</span> <span class='ocrx_word' id='word_1_630' title='bbox 1868 4855 2033 4912; x_wconf 89' lang='lat' dir='ltr'>:Jesu</span> 
     </span>
    </p>
   </div>
   <div class='ocr_carea' id='block_1_84' title="bbox 386 4942 2030 5017">
    <p class='ocr_par' dir='ltr' id='par_1_84' title="bbox 386 4942 2030 5017">
     <span class='ocr_line' id='line_1_84' title="bbox 386 4942 2030 5017; baseline 0.001 -19"><span class='ocrx_word' id='word_1_631' title='bbox 386 4951 720 5017; x_wconf 72' lang='lat' dir='ltr'>prmeeptor,</span> <span class='ocrx_word' id='word_1_632' title='bbox 756 4945 1030 5001; x_wconf 90' lang='lat' dir='ltr'>miserere</span> <span class='ocrx_word' id='word_1_633' title='bbox 1062 4944 1264 5013; x_wconf 87' lang='lat' dir='ltr'>nostri,</span> <span class='ocrx_word' id='word_1_634' title='bbox 1293 4966 1319 4993; x_wconf 81' lang='grc'>››</span> <span class='ocrx_word' id='word_1_635' title='bbox 1339 4942 1628 5017; x_wconf 69' lang='lat' dir='ltr'>praecepit,</span> <span class='ocrx_word' id='word_1_636' title='bbox 1648 4943 1867 5000; x_wconf 90' lang='lat' dir='ltr'>dicens:</span> <span class='ocrx_word' id='word_1_637' title='bbox 1885 4968 1909 4994; x_wconf 86' lang='grc'><em>‹‹</em></span> <span class='ocrx_word' id='word_1_638' title='bbox 1930 4949 2030 5013; x_wconf 93' lang='lat' dir='ltr'>Ite,</span> 
     </span>
    </p>
   </div>
   <div class='ocr_carea' id='block_1_85' title="bbox 386 5032 2035 5106">
    <p class='ocr_par' dir='ltr' id='par_1_85' title="bbox 386 5032 2035 5106">
     <span class='ocr_line' id='line_1_85' title="bbox 386 5032 2035 5106; baseline 0.001 -19"><span class='ocrx_word' id='word_1_639' title='bbox 386 5032 675 5089; x_wconf 90' lang='lat' dir='ltr'>ostendite</span> <span class='ocrx_word' id='word_1_640' title='bbox 706 5051 806 5087; x_wconf 91' lang='lat' dir='ltr'>vos</span> <span class='ocrx_word' id='word_1_641' title='bbox 839 5034 1239 5090; x_wconf 85' lang='lat' dir='ltr'>sacerdotibus</span> <span class='ocrx_word' id='word_1_642' title='bbox 1273 5034 1418 5106; x_wconf 76' lang='lat' dir='ltr'>(Luc.</span> <span class='ocrx_word' id='word_1_643' title='bbox 1451 5032 1827 5104; x_wconf 82' lang='lat' dir='ltr'>xvu),»quod</span> <span class='ocrx_word' id='word_1_644' title='bbox 1859 5033 2035 5089; x_wconf 87' lang='lat' dir='ltr'>obva-</span> 
     </span>
    </p>
   </div>
   <div class='ocr_carea' id='block_1_86' title="bbox 385 5120 2034 5179">
    <p class='ocr_par' dir='ltr' id='par_1_86' title="bbox 385 5120 2034 5179">
     <span class='ocr_line' id='line_1_86' title="bbox 385 5120 2034 5179; baseline 0.001 -2"><span class='ocrx_word' id='word_1_645' title='bbox 385 5121 503 5177; x_wconf 90' lang='lat' dir='ltr'>rias</span> <span class='ocrx_word' id='word_1_646' title='bbox 536 5138 742 5177; x_wconf 87' lang='lat' dir='ltr'>causas</span> <span class='ocrx_word' id='word_1_647' title='bbox 774 5137 907 5176; x_wconf 89' lang='lat' dir='ltr'>eum</span> <span class='ocrx_word' id='word_1_648' title='bbox 941 5120 1754 5179; x_wconf 86' lang='lat' dir='ltr'>fecissecredimus.Primum</span> <span class='ocrx_word' id='word_1_649' title='bbox 1774 5127 2034 5178; x_wconf 89' lang='lat' dir='ltr'>utsacer—</span> 
     </span>
    </p>
   </div>
   <div class='ocr_carea' id='block_1_87' title="bbox 383 5209 2034 5275">
    <p class='ocr_par' dir='ltr' id='par_1_87' title="bbox 383 5209 2034 5275">
     <span class='ocr_line' id='line_1_87' title="bbox 383 5209 2034 5275; baseline 0.001 -9"><span class='ocrx_word' id='word_1_650' title='bbox 383 5209 620 5266; x_wconf 91' lang='lat' dir='ltr'>dotibus</span> <span class='ocrx_word' id='word_1_651' title='bbox 653 5209 927 5265; x_wconf 89' lang='lat' dir='ltr'>honorem</span> <span class='ocrx_word' id='word_1_652' title='bbox 963 5210 1242 5267; x_wconf 89' lang='lat' dir='ltr'>deferret:</span> <span class='ocrx_word' id='word_1_653' title='bbox 1262 5211 1538 5275; x_wconf 89' lang='lat' dir='ltr'>secundo,</span> <span class='ocrx_word' id='word_1_654' title='bbox 1557 5225 1627 5264; x_wconf 89' lang='lat' dir='ltr'>ne</span> <span class='ocrx_word' id='word_1_655' title='bbox 1639 5210 2034 5267; x_wconf 88' lang='lat' dir='ltr'>contradictor</span> 
     </span>
    </p>
   </div>
   <div class='ocr_carea' id='block_1_88' title="bbox 383 5297 2031 5372">
    <p class='ocr_par' dir='ltr' id='par_1_88' title="bbox 383 5297 2031 5372">
     <span class='ocr_line' id='line_1_88' title="bbox 383 5297 2031 5372; baseline 0.001 -18"><span class='ocrx_word' id='word_1_656' title='bbox 383 5298 529 5372; x_wconf 91' lang='lat' dir='ltr'>legis</span> <span class='ocrx_word' id='word_1_657' title='bbox 557 5299 878 5353; x_wconf 85' lang='lat' dir='ltr'>videretur:</span> <span class='ocrx_word' id='word_1_658' title='bbox 931 5297 1068 5369; x_wconf 90' lang='lat' dir='ltr'>quia</span> <span class='ocrx_word' id='word_1_659' title='bbox 1100 5297 1241 5370; x_wconf 88' lang='lat' dir='ltr'>legis</span> <span class='ocrx_word' id='word_1_660' title='bbox 1292 5303 1647 5371; x_wconf 71' lang='lat' dir='ltr'>prmceptum</span> <span class='ocrx_word' id='word_1_661' title='bbox 1690 5301 1832 5368; x_wconf 87' lang='lat' dir='ltr'>erat,</span> <span class='ocrx_word' id='word_1_662' title='bbox 1884 5304 1949 5355; x_wconf 91' lang='lat' dir='ltr'>ut</span> <span class='ocrx_word' id='word_1_663' title='bbox 1980 5299 2031 5356; x_wconf 90' lang='lat' dir='ltr'>si</span> 
     </span>
    </p>
   </div>
   <div class='ocr_carea' id='block_1_89' title="bbox 386 5386 2025 5461">
    <p class='ocr_par' dir='ltr' id='par_1_89' title="bbox 386 5386 2025 5461">
     <span class='ocr_line' id='line_1_89' title="bbox 386 5386 2025 5461; baseline 0.001 -18"><span class='ocrx_word' id='word_1_664' title='bbox 386 5387 520 5461; x_wconf 91' lang='lat' dir='ltr'>quis</span> <span class='ocrx_word' id='word_1_665' title='bbox 553 5406 587 5443; x_wconf 89' lang='lat' dir='ltr'>a</span> <span class='ocrx_word' id='word_1_666' title='bbox 614 5387 777 5460; x_wconf 90' lang='lat' dir='ltr'>lepra</span> <span class='ocrx_word' id='word_1_667' title='bbox 801 5386 1303 5456; x_wconf 89' lang='lat' dir='ltr'>mundatusesset,</span> <span class='ocrx_word' id='word_1_668' title='bbox 1321 5387 1624 5444; x_wconf 88' lang='lat' dir='ltr'>veniretad</span> <span class='ocrx_word' id='word_1_669' title='bbox 1640 5388 2025 5445; x_wconf 89' lang='lat' dir='ltr'>sacerdotem:</span> 
     </span>
    </p>
   </div>
   <div class='ocr_carea' id='block_1_90' title="bbox 384 5472 2026 5542">
    <p class='ocr_par' dir='ltr' id='par_1_90' title="bbox 384 5472 2026 5542">
     <span class='ocr_line' id='line_1_90' title="bbox 384 5472 2026 5542; baseline 0.001 -9"><span class='ocrx_word' id='word_1_670' title='bbox 384 5476 576 5542; x_wconf 88' lang='lat' dir='ltr'>tertio,</span> <span class='ocrx_word' id='word_1_671' title='bbox 606 5480 671 5531; x_wconf 92' lang='lat' dir='ltr'>ut</span> <span class='ocrx_word' id='word_1_672' title='bbox 699 5475 1065 5532; x_wconf 88' lang='lat' dir='ltr'>sacerdotum</span> <span class='ocrx_word' id='word_1_673' title='bbox 1099 5474 1326 5530; x_wconf 90' lang='lat' dir='ltr'>animos</span> <span class='ocrx_word' id='word_1_674' title='bbox 1356 5476 1426 5530; x_wconf 90' lang='lat' dir='ltr'>ad</span> <span class='ocrx_word' id='word_1_675' title='bbox 1444 5472 2026 5534; x_wconf 86' lang='lat' dir='ltr'>suamcrudelitatem</span> 
     </span>
    </p>
   </div>
   <div class='ocr_carea' id='block_1_91' title="bbox 387 5563 2027 5642">
    <p class='ocr_par' dir='ltr' id='par_1_91' title="bbox 387 5563 2027 5642">
     <span class='ocr_line' id='line_1_91' title="bbox 387 5563 2027 5642; baseline 0.002 -21"><span class='ocrx_word' id='word_1_676' title='bbox 387 5571 742 5642; x_wconf 88' lang='lat' dir='ltr'>provocaret,</span> <span class='ocrx_word' id='word_1_677' title='bbox 777 5568 834 5620; x_wconf 88' lang='lat' dir='ltr'>et</span> <span class='ocrx_word' id='word_1_678' title='bbox 862 5581 976 5619; x_wconf 91' lang='lat' dir='ltr'>non</span> <span class='ocrx_word' id='word_1_679' title='bbox 1011 5563 1380 5620; x_wconf 85' lang='lat' dir='ltr'>credentibus</span> <span class='ocrx_word' id='word_1_680' title='bbox 1412 5581 1645 5620; x_wconf 89' lang='lat' dir='ltr'>omnem</span> <span class='ocrx_word' id='word_1_681' title='bbox 1694 5566 2027 5626; x_wconf 82' lang='lat' dir='ltr'>excusatio-</span> 
     </span>
    </p>
   </div>
   <div class='ocr_carea' id='block_1_92' title="bbox 383 5651 2022 5732">
    <p class='ocr_par' dir='ltr' id='par_1_92' title="bbox 383 5651 2022 5732">
     <span class='ocr_line' id='line_1_92' title="bbox 383 5651 2022 5732; baseline -0.002 -16"><span class='ocrx_word' id='word_1_682' title='bbox 383 5672 518 5724; x_wconf 80' lang='lat' dir='ltr'>nem</span> <span class='ocrx_word' id='word_1_683' title='bbox 548 5655 820 5713; x_wconf 86' lang='lat' dir='ltr'>auferret.</span> <span class='ocrx_word' id='word_1_684' title='bbox 855 5653 921 5713; x_wconf 84' lang='lat' dir='ltr'>Et</span> <span class='ocrx_word' id='word_1_685' title='bbox 949 5653 1210 5713; x_wconf 88' lang='lat' dir='ltr'>videntes</span> <span class='ocrx_word' id='word_1_686' title='bbox 1241 5651 1536 5732; x_wconf 84' lang='lat' dir='ltr'>leprosum</span> <span class='ocrx_word' id='word_1_687' title='bbox 1570 5655 1941 5731; x_wconf 77' lang='lat' dir='ltr'>mandatum,</span> <span class='ocrx_word' id='word_1_688' title='bbox 1977 5658 2022 5716; x_wconf 88' lang='lat' dir='ltr'>si</span> 
     </span>
    </p>
   </div>
   <div class='ocr_carea' id='block_1_93' title="bbox 2158 3341 3819 3414">
    <p class='ocr_par' dir='ltr' id='par_1_93' title="bbox 2158 3341 3819 3414">
     <span class='ocr_line' id='line_1_93' title="bbox 2158 3341 3819 3414; baseline 0.006 -19"><span class='ocrx_word' id='word_1_689' title='bbox 2158 3341 2325 3410; x_wconf 90' lang='lat' dir='ltr'>dunt,</span> <span class='ocrx_word' id='word_1_690' title='bbox 2360 3343 2457 3414; x_wconf 89' lang='lat' dir='ltr'>qui</span> <span class='ocrx_word' id='word_1_691' title='bbox 2490 3359 2687 3399; x_wconf 91' lang='lat' dir='ltr'>amore</span> <span class='ocrx_word' id='word_1_692' title='bbox 2716 3343 3053 3399; x_wconf 85' lang='lat' dir='ltr'>divitiarum</span> <span class='ocrx_word' id='word_1_693' title='bbox 3085 3349 3225 3400; x_wconf 90' lang='lat' dir='ltr'>sunt</span> <span class='ocrx_word' id='word_1_694' title='bbox 3254 3346 3500 3414; x_wconf 88' lang='lat' dir='ltr'>onerati,</span> <span class='ocrx_word' id='word_1_695' title='bbox 3536 3347 3681 3403; x_wconf 88' lang='lat' dir='ltr'>abiit</span> <span class='ocrx_word' id='word_1_696' title='bbox 3712 3347 3819 3406; x_wconf 87' lang='lat' dir='ltr'>ille</span> 
     </span>
    </p>
   </div>
   <div class='ocr_carea' id='block_1_94' title="bbox 2157 3429 3818 3509">
    <p class='ocr_par' dir='ltr' id='par_1_94' title="bbox 2157 3429 3818 3509">
     <span class='ocr_line' id='line_1_94' title="bbox 2157 3429 3818 3509; baseline 0.006 -25"><span class='ocrx_word' id='word_1_697' title='bbox 2157 3429 2361 3499; x_wconf 88' lang='lat' dir='ltr'>tristis,</span> <span class='ocrx_word' id='word_1_698' title='bbox 2395 3447 2460 3487; x_wconf 88' lang='lat' dir='ltr'>eo</span> <span class='ocrx_word' id='word_1_699' title='bbox 2492 3432 2644 3505; x_wconf 91' lang='lat' dir='ltr'>quod</span> <span class='ocrx_word' id='word_1_700' title='bbox 2666 3430 2883 3487; x_wconf 91' lang='lat' dir='ltr'>multas</span> <span class='ocrx_word' id='word_1_701' title='bbox 2895 3432 3133 3489; x_wconf 78' lang='lat' dir='ltr'>haberet</span> <span class='ocrx_word' id='word_1_702' title='bbox 3144 3435 3598 3505; x_wconf 88' lang='lat' dir='ltr'>possesssiones.</span> <span class='ocrx_word' id='word_1_703' title='bbox 3620 3437 3818 3509; x_wconf 77' lang='lat' dir='ltr'>Hujus</span> 
     </span>
    </p>
   </div>
   <div class='ocr_carea' id='block_1_95' title="bbox 2157 3520 3817 3598">
    <p class='ocr_par' dir='ltr' id='par_1_95' title="bbox 2157 3520 3817 3598">
     <span class='ocr_line' id='line_1_95' title="bbox 2157 3520 3817 3598; baseline 0.004 -23"><span class='ocrx_word' id='word_1_704' title='bbox 2157 3536 2389 3592; x_wconf 89' lang='lat' dir='ltr'>quoque</span> <span class='ocrx_word' id='word_1_705' title='bbox 2414 3520 2746 3594; x_wconf 82' lang='lat' dir='ltr'>exemplum</span> <span class='ocrx_word' id='word_1_706' title='bbox 2780 3520 2994 3576; x_wconf 87' lang='lat' dir='ltr'>Paulus</span> <span class='ocrx_word' id='word_1_707' title='bbox 3024 3522 3339 3595; x_wconf 88' lang='lat' dir='ltr'>Apostolus</span> <span class='ocrx_word' id='word_1_708' title='bbox 3360 3525 3817 3598; x_wconf 76' lang='lat' dir='ltr'>seCutus,quasi</span> 
     </span>
    </p>
   </div>
   <div class='ocr_carea' id='block_1_96' title="bbox 2157 3609 3817 3687">
    <p class='ocr_par' dir='ltr' id='par_1_96' title="bbox 2157 3609 3817 3687">
     <span class='ocr_line' id='line_1_96' title="bbox 2157 3609 3817 3687; baseline 0.005 -23"><span class='ocrx_word' id='word_1_709' title='bbox 2157 3625 2290 3664; x_wconf 91' lang='lat' dir='ltr'>cum</span> <span class='ocrx_word' id='word_1_710' title='bbox 2324 3609 2680 3682; x_wconf 89' lang='lat' dir='ltr'>quibusdam</span> <span class='ocrx_word' id='word_1_711' title='bbox 2712 3609 2770 3665; x_wconf 92' lang='lat' dir='ltr'>in</span> <span class='ocrx_word' id='word_1_712' title='bbox 2801 3610 3164 3667; x_wconf 71' lang='lat' dir='ltr'>convallibus</span> <span class='ocrx_word' id='word_1_713' title='bbox 3194 3613 3557 3683; x_wconf 86' lang='lat' dir='ltr'>morabatur,</span> <span class='ocrx_word' id='word_1_714' title='bbox 3585 3614 3817 3687; x_wconf 86' lang='lat' dir='ltr'>quibus</span> 
     </span>
    </p>
   </div>
   <div class='ocr_carea' id='block_1_97' title="bbox 2155 3699 3815 3776">
    <p class='ocr_par' dir='ltr' id='par_1_97' title="bbox 2155 3699 3815 3776">
     <span class='ocr_line' id='line_1_97' title="bbox 2155 3699 3815 3776; baseline 0.005 -23"><span class='ocrx_word' id='word_1_715' title='bbox 2155 3699 2411 3755; x_wconf 90' lang='lat' dir='ltr'>dicebat:</span> <span class='ocrx_word' id='word_1_716' title='bbox 2452 3722 2479 3749; x_wconf 90' lang='grc'>‹‹</span> <span class='ocrx_word' id='word_1_717' title='bbox 2504 3700 2623 3773; x_wconf 88' lang='lat' dir='ltr'>Ego</span> <span class='ocrx_word' id='word_1_718' title='bbox 2649 3699 2835 3769; x_wconf 90' lang='lat' dir='ltr'>vobis,</span> <span class='ocrx_word' id='word_1_719' title='bbox 2867 3701 3096 3768; x_wconf 89' lang='lat' dir='ltr'>fratres,</span> <span class='ocrx_word' id='word_1_720' title='bbox 3134 3719 3247 3757; x_wconf 90' lang='lat' dir='ltr'>non</span> <span class='ocrx_word' id='word_1_721' title='bbox 3280 3701 3442 3775; x_wconf 83' lang='lat' dir='ltr'>potui</span> <span class='ocrx_word' id='word_1_722' title='bbox 3457 3703 3815 3776; x_wconf 85' lang='lat' dir='ltr'>loquiquasi</span> 
     </span>
    </p>
   </div>
   <div class='ocr_carea' id='block_1_98' title="bbox 2154 3787 3812 3865">
    <p class='ocr_par' dir='ltr' id='par_1_98' title="bbox 2154 3787 3812 3865">
     <span class='ocr_line' id='line_1_98' title="bbox 2154 3787 3812 3865; baseline 0.004 -21"><span class='ocrx_word' id='word_1_723' title='bbox 2154 3787 2581 3860; x_wconf 88' lang='lat' dir='ltr'>spiritualibus,</span> <span class='ocrx_word' id='word_1_724' title='bbox 2616 3788 2714 3844; x_wconf 89' lang='lat' dir='ltr'>sed</span> <span class='ocrx_word' id='word_1_725' title='bbox 2740 3787 2909 3861; x_wconf 88' lang='lat' dir='ltr'>quasi</span> <span class='ocrx_word' id='word_1_726' title='bbox 2932 3788 3290 3848; x_wconf 88' lang='lat' dir='ltr'>carnalibus.</span> <span class='ocrx_word' id='word_1_727' title='bbox 3323 3792 3627 3864; x_wconf 85' lang='lat' dir='ltr'>Tanquam</span> <span class='ocrx_word' id='word_1_728' title='bbox 3671 3809 3812 3865; x_wconf 87' lang='lat' dir='ltr'>par-</span> 
     </span>
    </p>
   </div>
   <div class='ocr_carea' id='block_1_99' title="bbox 2151 3876 3812 3950">
    <p class='ocr_par' dir='ltr' id='par_1_99' title="bbox 2151 3876 3812 3950">
     <span class='ocr_line' id='line_1_99' title="bbox 2151 3876 3812 3950; baseline 0.005 -19"><span class='ocrx_word' id='word_1_729' title='bbox 2151 3876 2303 3933; x_wconf 87' lang='lat' dir='ltr'>vulis</span> <span class='ocrx_word' id='word_1_730' title='bbox 2332 3876 2390 3932; x_wconf 89' lang='lat' dir='ltr'>in</span> <span class='ocrx_word' id='word_1_731' title='bbox 2425 3877 2651 3934; x_wconf 89' lang='lat' dir='ltr'>Christo</span> <span class='ocrx_word' id='word_1_732' title='bbox 2682 3877 2771 3933; x_wconf 91' lang='lat' dir='ltr'>lac</span> <span class='ocrx_word' id='word_1_733' title='bbox 2801 3879 2968 3934; x_wconf 90' lang='lat' dir='ltr'>vobis</span> <span class='ocrx_word' id='word_1_734' title='bbox 3001 3882 3201 3950; x_wconf 88' lang='lat' dir='ltr'>potum</span> <span class='ocrx_word' id='word_1_735' title='bbox 3235 3880 3390 3948; x_wconf 91' lang='lat' dir='ltr'>dedi,</span> <span class='ocrx_word' id='word_1_736' title='bbox 3439 3898 3555 3936; x_wconf 90' lang='lat' dir='ltr'>non</span> <span class='ocrx_word' id='word_1_737' title='bbox 3605 3898 3812 3940; x_wconf 86' lang='lat' dir='ltr'>escam</span> 
     </span>
    </p>
   </div>
   <div class='ocr_carea' id='block_1_100' title="bbox 2151 3966 3813 4037">
    <p class='ocr_par' dir='ltr' id='par_1_100' title="bbox 2151 3966 3813 4037">
     <span class='ocr_line' id='line_1_100' title="bbox 2151 3966 3813 4037; baseline 0.005 -16"><span class='ocrx_word' id='word_1_738' title='bbox 2151 3967 2196 4037; x_wconf 87' lang='grc' dir='ltr'>(Ι</span> <span class='ocrx_word' id='word_1_739' title='bbox 2228 3966 2346 4023; x_wconf 85' lang='lat' dir='ltr'>Cor.</span> <span class='ocrx_word' id='word_1_740' title='bbox 2380 3971 2488 4035; x_wconf 88' lang='grc' dir='ltr'>ιιι).</span> <span class='ocrx_word' id='word_1_741' title='bbox 2525 3988 2547 4016; x_wconf 69' lang='grc' dir='ltr'><strong>η</strong></span> <span class='ocrx_word' id='word_1_742' title='bbox 2585 3966 2759 4032; x_wconf 88' lang='lat' dir='ltr'>Quasi</span> <span class='ocrx_word' id='word_1_743' title='bbox 2794 3983 2929 4022; x_wconf 89' lang='lat' dir='ltr'>cum</span> <span class='ocrx_word' id='word_1_744' title='bbox 2969 3966 3102 4024; x_wconf 88' lang='lat' dir='ltr'>aliis</span> <span class='ocrx_word' id='word_1_745' title='bbox 3153 3974 3413 4026; x_wconf 90' lang='lat' dir='ltr'>montem</span> <span class='ocrx_word' id='word_1_746' title='bbox 3461 3972 3813 4030; x_wconf 83' lang='lat' dir='ltr'>ascenderat</span> 
     </span>
    </p>
   </div>
   <div class='ocr_carea' id='block_1_101' title="bbox 2151 4053 3813 4132">
    <p class='ocr_par' dir='ltr' id='par_1_101' title="bbox 2151 4053 3813 4132">
     <span class='ocr_line' id='line_1_101' title="bbox 2151 4053 3813 4132; baseline 0.004 -21"><span class='ocrx_word' id='word_1_747' title='bbox 2151 4056 2368 4127; x_wconf 86' lang='lat' dir='ltr'>quibus</span> <span class='ocrx_word' id='word_1_748' title='bbox 2398 4053 2654 4111; x_wconf 88' lang='lat' dir='ltr'>dicebat:</span> <span class='ocrx_word' id='word_1_749' title='bbox 2690 4079 2717 4106; x_wconf 78' lang='grc' dir='ltr'>(ι</span> <span class='ocrx_word' id='word_1_750' title='bbox 2751 4054 3108 4128; x_wconf 87' lang='lat' dir='ltr'>Sapientiam</span> <span class='ocrx_word' id='word_1_751' title='bbox 3140 4056 3442 4130; x_wconf 88' lang='lat' dir='ltr'>loquimur</span> <span class='ocrx_word' id='word_1_752' title='bbox 3462 4058 3813 4132; x_wconf 82' lang='lat' dir='ltr'>interperfe-</span> 
     </span>
    </p>
   </div>
   <div class='ocr_carea' id='block_1_102' title="bbox 2149 4144 3810 4223">
    <p class='ocr_par' dir='ltr' id='par_1_102' title="bbox 2149 4144 3810 4223">
     <span class='ocr_line' id='line_1_102' title="bbox 2149 4144 3810 4223; baseline 0.005 -24"><span class='ocrx_word' id='word_1_753' title='bbox 2149 4150 2273 4201; x_wconf 92' lang='lat' dir='ltr'>ctos</span> <span class='ocrx_word' id='word_1_754' title='bbox 2299 4147 2350 4215; x_wconf 86' lang='grc' dir='ltr'>(Ι</span> <span class='ocrx_word' id='word_1_755' title='bbox 2377 4146 2497 4201; x_wconf 84' lang='lat' dir='ltr'>Cor.</span> <span class='ocrx_word' id='word_1_756' title='bbox 2530 4145 2621 4217; x_wconf 40' lang='lat'>11)..</span> <span class='ocrx_word' id='word_1_757' title='bbox 2648 4166 2675 4195; x_wconf 88' lang='lat'>»</span> <span class='ocrx_word' id='word_1_758' title='bbox 2711 4144 3007 4201; x_wconf 87' lang='lat' dir='ltr'>Moraliter</span> <span class='ocrx_word' id='word_1_759' title='bbox 3034 4150 3230 4203; x_wconf 90' lang='lat' dir='ltr'>autem</span> <span class='ocrx_word' id='word_1_760' title='bbox 3262 4146 3530 4221; x_wconf 89' lang='lat' dir='ltr'>leprosus</span> <span class='ocrx_word' id='word_1_761' title='bbox 3560 4149 3672 4206; x_wconf 91' lang='lat' dir='ltr'>iste</span> <span class='ocrx_word' id='word_1_762' title='bbox 3701 4151 3810 4223; x_wconf 85' lang='lat' dir='ltr'>qui</span> 
     </span>
    </p>
   </div>
   <div class='ocr_carea' id='block_1_103' title="bbox 2116 4234 3805 4311">
    <p class='ocr_par' dir='ltr' id='par_1_103' title="bbox 2116 4234 3805 4311">
     <span class='ocr_line' id='line_1_103' title="bbox 2116 4234 3805 4311; baseline 0.004 -22"><span class='ocrx_word' id='word_1_763' title='bbox 2116 4258 2125 4263; x_wconf 59' lang='grc' dir='ltr'>ι</span> <span class='ocrx_word' id='word_1_764' title='bbox 2147 4234 2396 4290; x_wconf 91' lang='lat' dir='ltr'>Domino</span> <span class='ocrx_word' id='word_1_765' title='bbox 2426 4235 2496 4289; x_wconf 90' lang='lat' dir='ltr'>de</span> <span class='ocrx_word' id='word_1_766' title='bbox 2516 4239 2709 4290; x_wconf 90' lang='lat' dir='ltr'>monte</span> <span class='ocrx_word' id='word_1_767' title='bbox 2722 4234 3107 4291; x_wconf 88' lang='lat' dir='ltr'>descendente</span> <span class='ocrx_word' id='word_1_768' title='bbox 3120 4236 3388 4305; x_wconf 89' lang='lat' dir='ltr'>occurrit,</span> <span class='ocrx_word' id='word_1_769' title='bbox 3406 4255 3805 4311; x_wconf 84' lang='lat' dir='ltr'>unumquem-</span> 
     </span>
    </p>
   </div>
   <div class='ocr_carea' id='block_1_104' title="bbox 2146 4323 3807 4399">
    <p class='ocr_par' dir='ltr' id='par_1_104' title="bbox 2146 4323 3807 4399">
     <span class='ocr_line' id='line_1_104' title="bbox 2146 4323 3807 4399; baseline 0.004 -20"><span class='ocrx_word' id='word_1_770' title='bbox 2146 4341 2259 4396; x_wconf 91' lang='lat' dir='ltr'>que</span> <span class='ocrx_word' id='word_1_771' title='bbox 2290 4323 2439 4397; x_wconf 87' lang='lat' dir='ltr'>signi</span> <span class='ocrx_word' id='word_1_772' title='bbox 2451 4324 2581 4378; x_wconf 88' lang='lat' dir='ltr'>licat</span> <span class='ocrx_word' id='word_1_773' title='bbox 2610 4326 2990 4395; x_wconf 87' lang='lat' dir='ltr'>peccatorem.</span> <span class='ocrx_word' id='word_1_774' title='bbox 3024 4323 3188 4380; x_wconf 90' lang='lat' dir='ltr'>Sicut</span> <span class='ocrx_word' id='word_1_775' title='bbox 3218 4325 3373 4381; x_wconf 91' lang='lat' dir='ltr'>enim</span> <span class='ocrx_word' id='word_1_776' title='bbox 3394 4325 3807 4399; x_wconf 87' lang='lat' dir='ltr'>lepravarium</span> 
     </span>
    </p>
   </div>
   <div class='ocr_carea' id='block_1_105' title="bbox 2145 4411 3809 4487">
    <p class='ocr_par' dir='ltr' id='par_1_105' title="bbox 2145 4411 3809 4487">
     <span class='ocr_line' id='line_1_105' title="bbox 2145 4411 3809 4487; baseline 0.005 -19"><span class='ocrx_word' id='word_1_777' title='bbox 2145 4412 2420 4485; x_wconf 87' lang='lat' dir='ltr'>exprimit</span> <span class='ocrx_word' id='word_1_778' title='bbox 2448 4411 2698 4467; x_wconf 91' lang='lat' dir='ltr'>colorem</span> <span class='ocrx_word' id='word_1_779' title='bbox 2729 4411 2785 4466; x_wconf 90' lang='lat' dir='ltr'>in</span> <span class='ocrx_word' id='word_1_780' title='bbox 2820 4415 2970 4481; x_wconf 91' lang='lat' dir='ltr'>cute,</span> <span class='ocrx_word' id='word_1_781' title='bbox 2993 4414 3075 4469; x_wconf 84' lang='lat' dir='ltr'>sic</span> <span class='ocrx_word' id='word_1_782' title='bbox 3091 4419 3398 4487; x_wconf 89' lang='lat' dir='ltr'>peccatum</span> <span class='ocrx_word' id='word_1_783' title='bbox 3417 4415 3608 4472; x_wconf 89' lang='lat' dir='ltr'>varias</span> <span class='ocrx_word' id='word_1_784' title='bbox 3621 4417 3809 4476; x_wconf 84' lang='lat' dir='ltr'>habet</span> 
     </span>
    </p>
   </div>
   <div class='ocr_carea' id='block_1_106' title="bbox 2144 4500 3804 4574">
    <p class='ocr_par' dir='ltr' id='par_1_106' title="bbox 2144 4500 3804 4574">
     <span class='ocr_line' id='line_1_106' title="bbox 2144 4500 3804 4574; baseline 0.004 -17"><span class='ocrx_word' id='word_1_785' title='bbox 2144 4501 2367 4574; x_wconf 88' lang='lat' dir='ltr'>species</span> <span class='ocrx_word' id='word_1_786' title='bbox 2398 4501 2454 4555; x_wconf 91' lang='lat' dir='ltr'>in</span> <span class='ocrx_word' id='word_1_787' title='bbox 2470 4504 2683 4556; x_wconf 90' lang='lat' dir='ltr'>mente.</span> <span class='ocrx_word' id='word_1_788' title='bbox 2701 4500 2807 4567; x_wconf 91' lang='lat' dir='ltr'>Qui</span> <span class='ocrx_word' id='word_1_789' title='bbox 2820 4501 2975 4556; x_wconf 91' lang='lat' dir='ltr'>enim</span> <span class='ocrx_word' id='word_1_790' title='bbox 2992 4501 3368 4571; x_wconf 88' lang='lat' dir='ltr'>adulterium,</span> <span class='ocrx_word' id='word_1_791' title='bbox 3385 4504 3804 4573; x_wconf 86' lang='lat' dir='ltr'>homicidium,</span> 
     </span>
    </p>
   </div>
   <div class='ocr_carea' id='block_1_107' title="bbox 2146 4588 3807 4670">
    <p class='ocr_par' dir='ltr' id='par_1_107' title="bbox 2146 4588 3807 4670">
     <span class='ocr_line' id='line_1_107' title="bbox 2146 4588 3807 4670; baseline 0.005 -25"><span class='ocrx_word' id='word_1_792' title='bbox 2146 4590 2390 4659; x_wconf 89' lang='lat' dir='ltr'>furtum,</span> <span class='ocrx_word' id='word_1_793' title='bbox 2425 4588 2712 4662; x_wconf 89' lang='lat' dir='ltr'>rapinam,</span> <span class='ocrx_word' id='word_1_794' title='bbox 2748 4589 3141 4664; x_wconf 89' lang='lat' dir='ltr'>sacrilegium,</span> <span class='ocrx_word' id='word_1_795' title='bbox 3166 4597 3222 4648; x_wconf 86' lang='lat' dir='ltr'>et</span> <span class='ocrx_word' id='word_1_796' title='bbox 3242 4592 3334 4650; x_wconf 89' lang='lat' dir='ltr'>his</span> <span class='ocrx_word' id='word_1_797' title='bbox 3356 4593 3574 4649; x_wconf 90' lang='lat' dir='ltr'>similia</span> <span class='ocrx_word' id='word_1_798' title='bbox 3604 4612 3807 4670; x_wconf 84' lang='lat' dir='ltr'>perpe-</span> 
     </span>
    </p>
   </div>
   <div class='ocr_carea' id='block_1_108' title="bbox 2146 4677 3805 4752">
    <p class='ocr_par' dir='ltr' id='par_1_108' title="bbox 2146 4677 3805 4752">
     <span class='ocr_line' id='line_1_108' title="bbox 2146 4677 3805 4752; baseline 0.005 -17"><span class='ocrx_word' id='word_1_799' title='bbox 2146 4683 2281 4748; x_wconf 88' lang='lat' dir='ltr'>trat,</span> <span class='ocrx_word' id='word_1_800' title='bbox 2315 4678 2485 4752; x_wconf 86' lang='lat' dir='ltr'>quasi</span> <span class='ocrx_word' id='word_1_801' title='bbox 2517 4677 2805 4750; x_wconf 75' lang='lat' dir='ltr'>leprosum</span> <span class='ocrx_word' id='word_1_802' title='bbox 2835 4678 2894 4734; x_wconf 91' lang='lat' dir='ltr'>in</span> <span class='ocrx_word' id='word_1_803' title='bbox 2926 4679 3123 4736; x_wconf 88' lang='lat' dir='ltr'>anima</span> <span class='ocrx_word' id='word_1_804' title='bbox 3165 4687 3357 4738; x_wconf 91' lang='lat' dir='ltr'>cutem</span> <span class='ocrx_word' id='word_1_805' title='bbox 3410 4683 3805 4744; x_wconf 87' lang='lat' dir='ltr'>demonstrat.</span> 
     </span>
    </p>
   </div>
   <div class='ocr_carea' id='block_1_109' title="bbox 2149 4766 3804 4843">
    <p class='ocr_par' dir='ltr' id='par_1_109' title="bbox 2149 4766 3804 4843">
     <span class='ocr_line' id='line_1_109' title="bbox 2149 4766 3804 4843; baseline 0.005 -19"><span class='ocrx_word' id='word_1_806' title='bbox 2149 4768 2305 4824; x_wconf 91' lang='lat' dir='ltr'>Talis</span> <span class='ocrx_word' id='word_1_807' title='bbox 2335 4767 2383 4824; x_wconf 91' lang='lat' dir='ltr'>si</span> <span class='ocrx_word' id='word_1_808' title='bbox 2413 4766 2539 4823; x_wconf 86' lang='lat' dir='ltr'>vult</span> <span class='ocrx_word' id='word_1_809' title='bbox 2570 4768 3010 4824; x_wconf 87' lang='lat' dir='ltr'>mundationem</span> <span class='ocrx_word' id='word_1_810' title='bbox 3042 4769 3317 4843; x_wconf 87' lang='lat' dir='ltr'>recipere,</span> <span class='ocrx_word' id='word_1_811' title='bbox 3348 4771 3521 4829; x_wconf 87' lang='lat' dir='ltr'>debet</span> <span class='ocrx_word' id='word_1_812' title='bbox 3549 4773 3804 4833; x_wconf 90' lang='lat' dir='ltr'>Domino</span> 
     </span>
    </p>
   </div>
   <div class='ocr_carea' id='block_1_110' title="bbox 2145 4855 3810 4936">
    <p class='ocr_par' dir='ltr' id='par_1_110' title="bbox 2145 4855 3810 4936">
     <span class='ocr_line' id='line_1_110' title="bbox 2145 4855 3810 4936; baseline 0.004 -23"><span class='ocrx_word' id='word_1_813' title='bbox 2145 4874 2467 4930; x_wconf 87' lang='lat' dir='ltr'>occurrere,</span> <span class='ocrx_word' id='word_1_814' title='bbox 2500 4857 2557 4912; x_wconf 91' lang='lat' dir='ltr'>id</span> <span class='ocrx_word' id='word_1_815' title='bbox 2589 4862 2697 4922; x_wconf 89' lang='lat' dir='ltr'>est,</span> <span class='ocrx_word' id='word_1_816' title='bbox 2731 4855 3226 4931; x_wconf 84' lang='lat' dir='ltr'>cumlacrymiset</span> <span class='ocrx_word' id='word_1_817' title='bbox 3249 4860 3569 4934; x_wconf 89' lang='lat' dir='ltr'>gemitibus</span> <span class='ocrx_word' id='word_1_818' title='bbox 3600 4878 3663 4918; x_wconf 88' lang='lat' dir='ltr'>se</span> <span class='ocrx_word' id='word_1_819' title='bbox 3676 4879 3810 4936; x_wconf 86' lang='lat' dir='ltr'>pec-</span> 
     </span>
    </p>
   </div>
   <div class='ocr_carea' id='block_1_111' title="bbox 2144 4946 3801 5019">
    <p class='ocr_par' dir='ltr' id='par_1_111' title="bbox 2144 4946 3801 5019">
     <span class='ocr_line' id='line_1_111' title="bbox 2144 4946 3801 5019; baseline 0.004 -16"><span class='ocrx_word' id='word_1_820' title='bbox 2144 4952 2397 5003; x_wconf 87' lang='lat' dir='ltr'>catorem</span> <span class='ocrx_word' id='word_1_821' title='bbox 2429 4962 2796 5019; x_wconf 89' lang='lat' dir='ltr'>cognoscere,</span> <span class='ocrx_word' id='word_1_822' title='bbox 2830 4950 2888 5002; x_wconf 88' lang='lat' dir='ltr'>et</span> <span class='ocrx_word' id='word_1_823' title='bbox 2903 4946 3135 5004; x_wconf 90' lang='lat' dir='ltr'>Domini</span> <span class='ocrx_word' id='word_1_824' title='bbox 3157 4950 3619 5007; x_wconf 89' lang='lat' dir='ltr'>misericordiam</span> <span class='ocrx_word' id='word_1_825' title='bbox 3638 4968 3801 5009; x_wconf 89' lang='lat' dir='ltr'>com-</span> 
     </span>
    </p>
   </div>
   <div class='ocr_carea' id='block_1_112' title="bbox 2143 5036 3805 5112">
    <p class='ocr_par' dir='ltr' id='par_1_112' title="bbox 2143 5036 3805 5112">
     <span class='ocr_line' id='line_1_112' title="bbox 2143 5036 3805 5112; baseline 0.004 -21"><span class='ocrx_word' id='word_1_826' title='bbox 2143 5041 2361 5110; x_wconf 91' lang='lat' dir='ltr'>puncto</span> <span class='ocrx_word' id='word_1_827' title='bbox 2391 5036 2563 5092; x_wconf 89' lang='lat' dir='ltr'>corde</span> <span class='ocrx_word' id='word_1_828' title='bbox 2591 5036 3211 5103; x_wconf 83' lang='lat' dir='ltr'>exorare,dicenscum</span> <span class='ocrx_word' id='word_1_829' title='bbox 3227 5039 3547 5112; x_wconf 87' lang='lat' dir='ltr'>Propheta:</span> <span class='ocrx_word' id='word_1_830' title='bbox 3576 5064 3602 5091; x_wconf 89' lang='grc'><strong>‹‹</strong></span> <span class='ocrx_word' id='word_1_831' title='bbox 3629 5041 3805 5099; x_wconf 77' lang='lat' dir='ltr'>Mise-</span> 
     </span>
    </p>
   </div>
   <div class='ocr_carea' id='block_1_113' title="bbox 2143 5125 3800 5200">
    <p class='ocr_par' dir='ltr' id='par_1_113' title="bbox 2143 5125 3800 5200">
     <span class='ocr_line' id='line_1_113' title="bbox 2143 5125 3800 5200; baseline 0.004 -19"><span class='ocrx_word' id='word_1_832' title='bbox 2143 5143 2267 5181; x_wconf 89' lang='lat' dir='ltr'>rere</span> <span class='ocrx_word' id='word_1_833' title='bbox 2300 5125 2435 5195; x_wconf 91' lang='lat' dir='ltr'>mei,</span> <span class='ocrx_word' id='word_1_834' title='bbox 2468 5125 2644 5189; x_wconf 90' lang='lat' dir='ltr'>Deus,</span> <span class='ocrx_word' id='word_1_835' title='bbox 2676 5125 3002 5180; x_wconf 89' lang='lat' dir='ltr'>secundum</span> <span class='ocrx_word' id='word_1_836' title='bbox 3035 5143 3311 5200; x_wconf 88' lang='lat' dir='ltr'>magnam</span> <span class='ocrx_word' id='word_1_837' title='bbox 3329 5128 3800 5187; x_wconf 87' lang='lat' dir='ltr'>misericordiam</span> 
     </span>
    </p>
   </div>
   <div class='ocr_carea' id='block_1_114' title="bbox 2141 5211 3801 5291">
    <p class='ocr_par' dir='ltr' id='par_1_114' title="bbox 2141 5211 3801 5291">
     <span class='ocr_line' id='line_1_114' title="bbox 2141 5211 3801 5291; baseline 0.004 -21"><span class='ocrx_word' id='word_1_838' title='bbox 2141 5220 2326 5270; x_wconf 79' lang='lat' dir='ltr'>tuam.</span> <span class='ocrx_word' id='word_1_839' title='bbox 2361 5214 2647 5280; x_wconf 88' lang='lat' dir='ltr'>Quoniam</span> <span class='ocrx_word' id='word_1_840' title='bbox 2677 5211 3051 5285; x_wconf 88' lang='lat' dir='ltr'>iniquitatem</span> <span class='ocrx_word' id='word_1_841' title='bbox 3065 5232 3255 5272; x_wconf 90' lang='lat' dir='ltr'>meam</span> <span class='ocrx_word' id='word_1_842' title='bbox 3275 5233 3382 5290; x_wconf 90' lang='lat' dir='ltr'>ego</span> <span class='ocrx_word' id='word_1_843' title='bbox 3415 5222 3801 5291; x_wconf 86' lang='lat' dir='ltr'>eognosco,et</span> 
     </span>
    </p>
   </div>
   <div class='ocr_carea' id='block_1_115' title="bbox 2140 5306 3796 5379">
    <p class='ocr_par' dir='ltr' id='par_1_115' title="bbox 2140 5306 3796 5379">
     <span class='ocr_line' id='line_1_115' title="bbox 2140 5306 3796 5379; baseline 0.002 -18"><span class='ocrx_word' id='word_1_844' title='bbox 2140 5308 2442 5377; x_wconf 85' lang='lat' dir='ltr'>peccatum</span> <span class='ocrx_word' id='word_1_845' title='bbox 2478 5318 2674 5358; x_wconf 90' lang='lat' dir='ltr'>meum</span> <span class='ocrx_word' id='word_1_846' title='bbox 2706 5306 2910 5358; x_wconf 91' lang='lat' dir='ltr'>contra</span> <span class='ocrx_word' id='word_1_847' title='bbox 2959 5321 3053 5361; x_wconf 91' lang='lat' dir='ltr'>me</span> <span class='ocrx_word' id='word_1_848' title='bbox 3083 5309 3172 5361; x_wconf 91' lang='lat' dir='ltr'>est</span> <span class='ocrx_word' id='word_1_849' title='bbox 3218 5323 3467 5379; x_wconf 89' lang='lat' dir='ltr'>semper.</span> <span class='ocrx_word' id='word_1_850' title='bbox 3519 5306 3651 5364; x_wconf 86' lang='lat' dir='ltr'>Tibi</span> <span class='ocrx_word' id='word_1_851' title='bbox 3684 5307 3796 5364; x_wconf 84' lang='lat' dir='ltr'>soli</span> 
     </span>
    </p>
   </div>
   <div class='ocr_carea' id='block_1_116' title="bbox 2139 5389 3792 5468">
    <p class='ocr_par' dir='ltr' id='par_1_116' title="bbox 2139 5389 3792 5468">
     <span class='ocr_line' id='line_1_116' title="bbox 2139 5389 3792 5468; baseline 0.003 -20"><span class='ocrx_word' id='word_1_852' title='bbox 2139 5393 2366 5467; x_wconf 85' lang='lat' dir='ltr'>peccavi</span> <span class='ocrx_word' id='word_1_853' title='bbox 2398 5397 2457 5448; x_wconf 89' lang='lat' dir='ltr'>et</span> <span class='ocrx_word' id='word_1_854' title='bbox 2486 5389 2709 5446; x_wconf 89' lang='lat' dir='ltr'>malum</span> <span class='ocrx_word' id='word_1_855' title='bbox 2741 5407 2938 5447; x_wconf 89' lang='lat' dir='ltr'>coram</span> <span class='ocrx_word' id='word_1_856' title='bbox 2966 5396 3020 5449; x_wconf 90' lang='lat' dir='ltr'>te</span> <span class='ocrx_word' id='word_1_857' title='bbox 3052 5394 3158 5450; x_wconf 89' lang='lat' dir='ltr'>feci</span> <span class='ocrx_word' id='word_1_858' title='bbox 3192 5395 3365 5468; x_wconf 80' lang='lat' dir='ltr'>(Psal.</span> <span class='ocrx_word' id='word_1_859' title='bbox 3400 5398 3481 5465; x_wconf 78' lang='lat'>1.):</span> <span class='ocrx_word' id='word_1_860' title='bbox 3517 5419 3545 5448; x_wconf 75' lang='grc' dir='ltr'>ιι</span> <span class='ocrx_word' id='word_1_861' title='bbox 3580 5396 3653 5452; x_wconf 86' lang='lat' dir='ltr'>Et</span> <span class='ocrx_word' id='word_1_862' title='bbox 3684 5398 3792 5454; x_wconf 86' lang='lat' dir='ltr'>ite-</span> 
     </span>
    </p>
   </div>
   <div class='ocr_carea' id='block_1_117' title="bbox 2138 5479 3797 5559">
    <p class='ocr_par' dir='ltr' id='par_1_117' title="bbox 2138 5479 3797 5559">
     <span class='ocr_line' id='line_1_117' title="bbox 2138 5479 3797 5559; baseline 0.003 -22"><span class='ocrx_word' id='word_1_863' title='bbox 2138 5499 2298 5539; x_wconf 89' lang='lat' dir='ltr'>rum:</span> <span class='ocrx_word' id='word_1_864' title='bbox 2334 5506 2360 5533; x_wconf 85' lang='lat'><strong>«</strong></span> <span class='ocrx_word' id='word_1_865' title='bbox 2395 5479 2683 5537; x_wconf 90' lang='lat' dir='ltr'>Delictum</span> <span class='ocrx_word' id='word_1_866' title='bbox 2715 5496 2912 5536; x_wconf 90' lang='lat' dir='ltr'>meum</span> <span class='ocrx_word' id='word_1_867' title='bbox 2944 5482 3242 5556; x_wconf 87' lang='lat' dir='ltr'>cognitum</span> <span class='ocrx_word' id='word_1_868' title='bbox 3267 5484 3374 5541; x_wconf 90' lang='lat' dir='ltr'>tibi</span> <span class='ocrx_word' id='word_1_869' title='bbox 3397 5485 3523 5553; x_wconf 90' lang='lat' dir='ltr'>feci,</span> <span class='ocrx_word' id='word_1_870' title='bbox 3556 5487 3615 5541; x_wconf 93' lang='lat' dir='ltr'>et</span> <span class='ocrx_word' id='word_1_871' title='bbox 3636 5486 3797 5559; x_wconf 87' lang='lat' dir='ltr'>inju-</span> 
     </span>
    </p>
   </div>
   <div class='ocr_carea' id='block_1_118' title="bbox 2136 5569 3795 5641">
    <p class='ocr_par' dir='ltr' id='par_1_118' title="bbox 2136 5569 3795 5641">
     <span class='ocr_line' id='line_1_118' title="bbox 2136 5569 3795 5641; baseline 0.002 -13"><span class='ocrx_word' id='word_1_872' title='bbox 2136 5572 2328 5628; x_wconf 85' lang='lat' dir='ltr'>stitias</span> <span class='ocrx_word' id='word_1_873' title='bbox 2342 5587 2503 5627; x_wconf 89' lang='lat' dir='ltr'>meas</span> <span class='ocrx_word' id='word_1_874' title='bbox 2514 5586 2629 5626; x_wconf 89' lang='lat' dir='ltr'>non</span> <span class='ocrx_word' id='word_1_875' title='bbox 2648 5569 2950 5627; x_wconf 88' lang='lat' dir='ltr'>abssondi.</span> <span class='ocrx_word' id='word_1_876' title='bbox 2967 5571 3114 5641; x_wconf 82' lang='lat' dir='ltr'>Dixi,</span> <span class='ocrx_word' id='word_1_877' title='bbox 3131 5569 3464 5631; x_wconf 81' lang='lat' dir='ltr'>Confitebor</span> <span class='ocrx_word' id='word_1_878' title='bbox 3476 5573 3795 5633; x_wconf 86' lang='lat' dir='ltr'>adversum</span> 
     </span>
    </p>
   </div>
   <div class='ocr_carea' id='block_1_119' title="bbox 2137 5660 3800 5743">
    <p class='ocr_par' dir='ltr' id='par_1_119' title="bbox 2137 5660 3800 5743">
     <span class='ocr_line' id='line_1_119' title="bbox 2137 5660 3800 5743; baseline 0.005 -25"><span class='ocrx_word' id='word_1_879' title='bbox 2137 5677 2227 5718; x_wconf 84' lang='lat' dir='ltr'>me</span> <span class='ocrx_word' id='word_1_880' title='bbox 2260 5660 2606 5738; x_wconf 77' lang='lat' dir='ltr'>injustitiam</span> <span class='ocrx_word' id='word_1_881' title='bbox 2642 5677 2830 5718; x_wconf 85' lang='lat' dir='ltr'>meam</span> <span class='ocrx_word' id='word_1_882' title='bbox 2851 5660 3111 5734; x_wconf 87' lang='lat' dir='ltr'>Domino,</span> <span class='ocrx_word' id='word_1_883' title='bbox 3145 5667 3274 5721; x_wconf 88' lang='lat' dir='ltr'>ettu</span> <span class='ocrx_word' id='word_1_884' title='bbox 3291 5663 3800 5743; x_wconf 74' lang='lat' dir='ltr'>remisistiimpie~</span> 
     </span>
    </p>
   </div>
  </div>
