4018 6180
234 395 323 455 Ml

1456 392 1811 454 nouum;
1850 389 1955 452 DE
1999 367 2417 454 TEMPORE.

3511 402 3625 463 142

226 532 389 581 tatem
424 523 649 598 peccati
684 523 797 580 mei
830 526 1003 593 (Psal.
1037 525 1211 596 χχχι).
1249 548 1274 571 υ
1304 525 1414 579 Nec
1445 525 1615 579 debet
1660 523 1863 595 despe-
1895 525 1948 589 Α
1981 526 2199 594 septem
2224 524 2350 579 dies
2374 523 2623 579 intuitus
2641 541 2796 598 eum,
2813 526 2860 582 si
2882 526 3091 583 viderit
3112 529 3359 586 crevisse
3381 529 3628 604 lepram,

226 630 336 670 rare
365 612 622 680 veniam,
641 612 689 669 si
717 613 955 686 dignam
990 630 1104 669 non
1136 612 1450 686 neglexerit
1480 629 1650 686 agere
1682 613 1864 685 pceni-

224 704 478 760 tentiam.
493 703 642 759 Nam
663 707 951 775 quantum
970 703 1302 758 misericors
1323 703 1401 757 sit
1424 703 1708 757 Dominus
1729 718 1867 775 erga

224 797 546 866 peccatores
577 808 906 862 conversos,
941 791 1349 847 manifestatur
1379 808 1511 847 cum
1546 790 1819 846 subditur
1846 806 1860 846 :

226 907 247 933 «ι
273 883 337 938 Et
370 882 697 938 extendens
726 882 900 938 Jesus
932 898 1175 937 manum
1206 880 1395 955 tetigit
1427 898 1581 947 eum,
1617 879 1817 935 dicens
1844 894 1857 934 :

222 996 245 1023 «ι
273 970 436 1036 Volo,
470 972 777 1026 mundare.
811 993 838 1020 »
869 971 939 1026 Et
969 970 1107 1045 quia
1137 987 1309 1026 verus
1341 974 1427 1025 est
1459 968 1863 1040 medicus,qui

218 1078 318 1118 non
347 1058 510 1116 venit
538 1076 741 1116 vocare
758 1060 1094 1132 justos,sed
1119 1063 1447 1132 peccatores
1478 1059 1549 1114 ad
1584 1058 1864 1131 paeniten-

217 1150 344 1205 tiam
379 1148 585 1222 (Matth.
635 1148 734 1219 Ix),
768 1151 919 1205 recte
966 1147 1261 1221 leprosum
1313 1146 1574 1221 tetigisse
1624 1146 1859 1203 dicitur.

218 1239 419 1295 Manus
448 1238 610 1294 enim
640 1236 875 1293 Domini
902 1236 963 1292 in
996 1236 1313 1310 Scripturis
1340 1236 1656 1309 aliquando
1680 1236 1861 1307 maje-

217 1328 376 1384 statis
407 1345 532 1384 sua:
553 1327 896 1401 potentiam,
916 1325 1234 1399 aliquando
1258 1325 1681 1382 Incarnationis
1705 1343 1860 1399 mys-

216 1417 420 1473 terium
452 1415 766 1489 significat.
817 1415 1142 1473 Potentiam
1191 1416 1517 1487 majestatis
1548 1414 1858 1487 significat,

216 1509 271 1562 ut
299 1506 382 1562 ait
412 1503 729 1561 Psalmista
762 1522 776 1559 :
815 1527 836 1553 ι
875 1504 936 1559 In
972 1500 1181 1559 manus
1212 1508 1365 1571 tuas,
1396 1504 1659 1571 Domine,
1697 1520 1861 1559 com-

214 1596 417 1652 mendo
447 1593 725 1668 spiritum
758 1610 954 1649 meum
990 1593 1156 1665 (Psal.
1188 1594 1342 1661 xxx).
1378 1616 1406 1642 »
1439 1593 1862 1648 lncarnationis

215 1684 574 1758 mysterium,
591 1687 655 1738 ut
676 1682 829 1739 idem
849 1681 985 1738 alibi
1006 1683 1118 1737 ait:
1145 1705 1171 1733 «
1196 1682 1409 1738 Emitte
1433 1699 1672 1737 manum
1698 1686 1858 1738 tuam

214 1775 275 1829 de
294 1773 413 1830 alto
446 1772 622 1846 (Psal.
646 1771 855 1844 CXLIII).
884 1794 912 1820 ››
932 1762 1073 1826 Vult
1102 1771 1259 1826 enim
1292 1770 1445 1826 Deus
1479 1771 1760 1826 mundare
1782 1769 1833 1825 le
1858 1802 1861 1805 -

208 1846 473 1938 prosum,
515 1860 675 1934 quia,
706 1865 769 1916 ut
816 1860 898 1917 ait
942 1858 1274 1959 Apostolus,
1311 1883 1337 1909 ‹‹
1389 1858 1691 1959 Neminem
1738 1858 1863 1958 vult
1894 1895 1940 1959 Β

215 1952 417 2027 perire,
446 1951 550 2024 sed
597 1966 800 2005 omnes
833 1949 904 2004 ad
935 1948 1291 2022 agnitionem
1323 1947 1579 2004 veritatis
1609 1947 1862 2003 converti

210 2032 259 2114 (Ι
285 2044 423 2098 Tim.
458 2041 542 2111 ιι).
580 2062 608 2089 ››
642 2040 800 2095 Unde
842 2039 964 2112 ipse
1011 2055 1115 2111 per
1163 2037 1507 2110 Prophetam
1538 2037 1620 2092 ait
1650 2037 1860 2110 (Bacch.

209 2124 369 2201 'xvm)
391 2148 404 2185 :
426 2153 455 2181 ‹‹
478 2129 621 2187 Vivo
653 2145 780 2202 ego,
796 2128 938 2183 dicit
962 2128 1241 2183 Dominus
1273 2127 1448 2194 Deus,
1464 2126 1597 2182 nolo
1616 2131 1877 2182 mortem'

218 2220 554 2294 peccatoris,
588 2219 689 2274 sed
723 2217 912 2291 magis
941 2222 1004 2272 ut
1049 2219 1419 2297 convertatur
1448 2220 1502 2271 et
1529 2216 1700 2271 vivat.
1739 2239 1765 2265 ››
1800 2215 1866 2271 Et

219 2310 423 2365 iterum
442 2326 456 2365 :
477 2332 505 2357 ‹‹
529 2308 803 2364 Peccator
817 2322 1167 2380 quacunque
1184 2305 1277 2360 die
1293 2322 1608 2361 conversus
1626 2304 1863 2372 fuerit,»

222 2397 541 2470 etreliqua.
576 2397 645 2451 Et
676 2397 733 2452 in
764 2394 1111 2468 Evangelio:
1144 2418 1170 2445 ‹‹
1204 2393 1344 2450 Dico
1372 2394 1556 2461 vobis,
1582 2394 1864 2467 gaudium

223 2489 321 2543 erit
337 2488 395 2543 in
413 2485 556 2542 ccelo
574 2501 753 2557 super
775 2501 890 2539 uno
916 2488 1217 2557 peccatore
1236 2483 1635 2557 paenitentiam
1660 2486 1865 2555 agente

226 2578 362 2647 (Luc.
395 2574 507 2646 xv).
544 2597 572 2624 »
605 2574 722 2629 Nec
754 2576 883 2646 eget
912 2571 1200 2628 Dominus
1231 2571 1419 2643 spatio
1458 2588 1746 2626 annorum
1777 2571 1866 2627 vel

228 2663 581 2738 longitudine
611 2668 941 2735 temporum
974 2660 1033 2716 in
1075 2660 1437 2734 pcenitentia,
1470 2662 1569 2718 sed
1602 2678 1701 2717 cor
1729 2678 1865 2717 con-

234 2754 421 2809 tritum
448 2757 506 2809 et
535 2750 913 2808 humiliatum
944 2750 1097 2806 Deus
1130 2767 1242 2805 non
1277 2750 1502 2823 spernit
1534 2766 1547 2803 :
1583 2749 1718 2823 quia
1748 2768 1867 2806 non

234 2847 427 2899 nocent
456 2840 615 2897 mala
645 2839 955 2914 prmterita,
974 2838 1024 2896 si
1051 2856 1168 2895 non
1189 2838 1436 2912 placent.
1473 2839 1731 2896 Primum
1763 2857 1866 2894 au-

235 2936 339 2988 tem
368 2930 555 3004 tetigit
574 2929 898 3002 leprosum,
914 2933 971 2985 et
994 2928 1361 3000 postmodum
1386 2928 1710 2996 mundavit,
1730 2928 1869 3001 quia

236 3021 385 3092 prius
416 3025 673 3075 mentem
706 3022 966 3074 nostram
999 3034 1102 3090 per
1126 3033 1293 3072 suam
1317 3016 1565 3090 gratiam
1590 3018 1658 3072 ad
1683 3016 1865 3090 poeni-

235 3111 459 3166 tentiam
493 3109 784 3183 agendam
812 3107 1164 3173 inﬂammat,
1196 3111 1254 3162 et
1282 3107 1656 3178 postmodum
1692 3104 1867 3177 digne

231 3198 742 3271 petentibus,quod
779 3196 1148 3270 peccavimus
1175 3213 1277 3269 per
1300 3195 1757 3252 misericordiam
1784 3213 1868 3252 re-

1976 612 2153 667 addat
2194 612 2340 669 alios
2392 618 2614 687 septem
2666 615 2811 671 dies.
2845 617 2981 673 Post
3024 618 3462 690 quatuordecim
3494 637 3627 676 vero

1974 700 2100 755 dies
2128 701 2343 757 iterum
2374 702 2626 759 intuitus
2657 704 2878 772 eum,si
2908 706 3118 761 viderit
3147 707 3339 763 adhuc
3369 724 3629 766 crescere

1974 787 2382 861 lepram,sciat
2411 793 2547 865 quia
2578 792 2740 866 lepra
2769 811 3145 866 perseverans
3174 800 3283 868 est,
3301 801 3358 853 et
3376 801 3519 853 tunc
3530 798 3627 870 ju-

1973 877 2127 934 dicet
2146 896 2281 934 eum
2303 879 2622 953 leprosum,
2639 888 2697 938 et
2716 882 2912 954 ejiciat
2931 901 3066 940 eum
3090 889 3253 941 extra
3272 890 3496 954 castra;
3523 886 3624 959 qui

1972 967 2235 1023 manebit
2266 969 2499 1025 intonsa
2529 970 2728 1039 barba,
2763 978 2963 1045 operto
2995 974 3203 1046 capite,
3228 974 3416 1031 scissa
3443 979 3623 1042 veste,

1972 1060 2173 1126 aperto
2204 1075 2323 1127 ore,
2358 1048 2730 1115 immundum
2764 1078 2827 1117 se
2860 1062 3140 1132 judicans
3170 1062 3331 1119 omni
3361 1068 3624 1138 tempore

1972 1146 2356 1216 separationis
2388 1165 2530 1204 suas.
2566 1150 2624 1205 Si
2676 1153 2871 1206 autem
2924 1152 3245 1209 mundatus
3292 1152 3487 1220 fuerit,
3521 1152 3623 1226 qui

1972 1231 2310 1305 hujusmodi
2343 1237 2595 1294 sustinet
2623 1239 2979 1311 passionem,
3012 1240 3207 1296 veniat
3248 1242 3322 1296 ad
3354 1242 3623 1299 sacerdo-

1970 1325 2088 1378 tem
2121 1329 2178 1380 et
2209 1326 2412 1381 offerat
2442 1343 2547 1399 pro
2577 1329 2994 1385 emundatione
3041 1346 3151 1386 sua
3194 1333 3409 1387 tortam
3449 1331 3620 1405 panis

1970 1415 2028 1467 et
2046 1413 2368 1470 sextarium
2399 1414 2509 1471 olei
2541 1416 2611 1470 ad
2635 1415 2953 1473 luminaria
2975 1417 3462 1486 conciunanda,et
3487 1418 3623 1476 olfe-

1972 1505 2064 1555 rat
2095 1501 2241 1557 duos
2272 1520 2540 1574 passeres
2569 1504 2747 1574 vivos,
2783 1523 2966 1561 unum
2998 1523 3102 1579 pro
3131 1510 3366 1580 peccato
3396 1510 3455 1563 et
3483 1506 3623 1563 alte-

1972 1605 2103 1645 rum
2135 1589 2195 1646 in
2229 1590 2589 1648 holocausto.
2606 1596 2740 1659 Qua:
2765 1595 2965 1650 omnia
2994 1595 3244 1668 qualiter
3265 1613 3419 1651 nunc
3439 1595 3501 1651 in
3523 1596 3624 1653 Ec-

1971 1678 2148 1734 clesia
2185 1680 2572 1752 spiritualiter
2620 1682 2745 1738 fieri
2795 1684 3159 1753 conveniant,
3190 1684 3441 1741 breviter
3464 1701 3621 1741 nunc

1971 1771 2489 1827 commemoranda
2508 1776 2667 1828 sunt.
2689 1772 2873 1844 Lepra
2892 1772 3047 1828 enim
3079 1776 3169 1843 (ut
3195 1774 3473 1847 diximus)
3494 1791 3622 1847 pec-
3699 1791 3705 1803 '

1970 1861 2164 1912 catum
2198 1858 2524 1931 significat;
2550 1861 2606 1917 in
2630 1862 2800 1933 cujus
2824 1877 2961 1934 ergo
2992 1866 3126 1917 cute
3156 1861 3316 1934 lepra
3342 1878 3623 1934 apparue-

1973 1944 2069 2013 rit,
2093 1945 2149 2001 id
2174 1951 2279 2015 est,
2301 1948 2356 2002 in
2383 1949 2555 2021 cujus
2576 1949 2774 2006 anima
2794 1954 3096 2023 peccatum
3119 1950 3312 2018 fuerit,
3325 1952 3522 2007 veniat
3547 1951 3619 2007 ad

1972 2036 2356 2107 sacerdotem,
2380 2036 2573 2094 locum
2607 2038 2777 2111 leprae
2808 2040 3142 2107 ostendens,
3171 2039 3229 2096 id
3260 2044 3366 2109 est,
3387 2045 3624 2113 peccata

1973 2140 2081 2179 sua
2106 2123 2409 2181 humiliter
2436 2126 2486 2183 ei
2517 2128 2883 2183 confiteatur.
2917 2128 3024 2194 Qui
3056 2130 3327 2187 sacerdos
3359 2129 3624 2186 recludat

1973 2228 2108 2267 eum
2138 2212 2197 2267 in
2229 2213 2403 2270 domo
2434 2220 2707 2288 separata
2734 2233 3001 2272 seorsum
3026 2234 3125 2290 per
3147 2221 3371 2291 septem
3396 2217 3546 2285 dies,
3564 2217 3622 2272 id

1973 2305 2062 2357 est
2092 2302 2250 2357 omni
2285 2307 2544 2377 tempore
2572 2305 2700 2361 vitae
2732 2323 2872 2374 suae,
2904 2323 3031 2379 qua:
3079 2323 3183 2380 per
3226 2311 3451 2380 septem
3499 2306 3624 2363 dies

1973 2389 2239 2459 volvitur,
2274 2393 2673 2464 pceniteudum
2707 2394 2997 2452 insinuet:
3024 2400 3081 2451 et
3099 2399 3233 2467 post
3252 2399 3473 2467 septem
3497 2395 3623 2451 dies

1974 2478 2226 2536 intuitus
2252 2498 2410 2550 eum,
2430 2484 2477 2538 si
2511 2483 2718 2540 viderit
2746 2485 2994 2541 crevisse
3016 2484 3457 2566 lepramhaddat
3477 2482 3625 2540 alios

1975 2572 2221 2641 septem,
2241 2571 2295 2625 id
2331 2576 2437 2640 est,
2458 2573 2554 2627 ubi
2592 2572 2836 2629 iteratur
2856 2578 3185 2646 peccatum,
3201 2578 3487 2647 augeatur
3511 2591 3627 2647 pm-

1975 2659 2231 2714 nitentize
2251 2661 2481 2716 modus.
2498 2662 2782 2727 Quoniam
2806 2661 3443 2734 districtiusjudicandi
3462 2667 3622 2732 sunt,

1977 2747 2076 2819 qui
2094 2765 2198 2820 per
2214 2750 2695 2807 consuetudinem
2720 2755 2981 2823 peccant,
3001 2767 3178 2824 quam
3200 2750 3280 2805 illi
3303 2752 3405 2823 qui
3429 2750 3623 2807 subito

1974 2837 2210 2891 cadunt.
2227 2838 2362 2893 Post
2378 2840 2819 2910 quatuordecim
2840 2856 2970 2897 vero
2991 2840 3116 2896 dies
3137 2840 3349 2897 iterum
3373 2839 3624 2897 intuitus

1973 2925 2196 2991 eum,si
2228 2926 2433 2983 viderit
2460 2928 2654 2984 adhuc
2683 2945 2939 2986 crescere
2957 2928 3273 3002 lepram,id
3295 2930 3465 2997 est,si
3487 2945 3618 3003 pec-

1973 3018 2170 3069 catum
2204 3014 2261 3068 in
2293 3016 2776 3072 consuetudinem
2806 3017 3015 3075 viderit
3054 3018 3271 3085 venire,
3304 3018 3452 3074 sciat
3481 3017 3624 3090 quia

1974 3102 2136 3175 lepra
2166 3119 2542 3175 perseverans
2591 3109 2696 3161 est.
2730 3106 2962 3162 Maneat
2988 3111 3187 3163 autem
3218 3111 3379 3163 extra
3407 3110 3625 3175 castra,

1972 3189 2064 3247 vel
2077 3208 2314 3264 corpore
2327 3192 2398 3248 ab
2417 3193 2675 3249 Ecclesia
2687 3199 3010 3267 separatus,
3024 3193 3113 3251 vel
3135 3213 3170 3250 a
3184 3196 3476 3251 consortio
3495 3212 3628 3252 san-

134 3324 142 3331 -
218 3264 504 3344 ilaxat.Sed
520 3264 662 3360 quia
680 3264 809 3359 ipsa
826 3289 1060 3357 peccata
1077 3264 1199 3340 vice
1216 3283 1446 3340 Domini
1465 3285 1865 3341 sacerdotibus
1895 3264 1938 3331 (ἶ
1975 3284 2203 3336 ctorum
2226 3297 2287 3337 se
2308 3280 2365 3335 in
2390 3287 2584 3338 mente
2606 3264 2911 3357 indignum
2927 3284 3154 3355 judicet
3186 3284 3407 3341 Habeat
3432 3285 3626 3341 inton-

228 3375 471 3431 confiteri
506 3376 884 3441 debemus,et
905 3373 975 3430 ad
1009 3390 1211 3429 eorum
1244 3372 1555 3429 consilium
1588 3373 1866 3445 poeniten-

227 3463 357 3521 tiam
388 3481 577 3537 agere,
612 3466 766 3519 recte
797 3461 1176 3534 subjungitur
1200 3479 1212 3516 :
1240 3461 1433 3517 «Vide
1466 3462 1682 3517 nemini
1713 3463 1867 3518 dixe-

224 3554 429 3620 ris,sed
452 3554 616 3619 vade,
642 3551 885 3608 ostende
905 3554 959 3606 te
981 3551 1286 3619 sacerdoti,
1312 3573 1337 3599 ››
1363 3553 1471 3606 etc.
1502 3550 1668 3605 Forte
1687 3550 1864 3606 etiam

216 3646 354 3713 sunt
381 3640 666 3709 nonnulli,
701 3640 802 3712 qui
836 3640 1105 3695 sufficere
1137 3639 1246 3695 sibi
1281 3639 1546 3705 credunt,
1568 3639 1720 3710 quod
1755 3638 1863 3694 soli

223 3730 331 3797 Deo
357 3735 708 3803 compuncto
741 3729 914 3785 corde
945 3733 1180 3801 peccata
1202 3745 1308 3784 sua
1330 3728 1734 3795 confiteantur,
1759 3744 1865 3784 nec

222 3837 287 3877 ea
313 3837 433 3876 esse
464 3836 702 3876 necesse
726 3817 1127 3874 sacerdotibus
1153 3816 1437 3882 confiteri,
1455 3819 1864 3874 tantummodo

225 3913 285 3963 ut
313 3927 343 3964 a
370 3909 540 3965 malis
572 3909 701 3965 suis
733 3906 1009 3980 Operibus
1038 3910 1285 3962 cessent.
1304 3906 1562 3970 Quorum
1596 3906 1793 3977 opinio
1814 3907 1861 3963 si

223 4012 349 4054 vera
376 4002 549 4070 esset,
570 4012 944 4069 nequaquam
978 3995 1263 4051 Dominus
1294 3994 1575 4067 leprosos,
1593 4012 1741 4067 quos
1762 4012 1866 4067 per

225 4088 592 4161 semetipsum
645 4086 1051 4150 mundaverat,
1086 4085 1157 4140 ad
1204 4085 1534 4140 sacerdotes
1584 4083 1859 4141 misisset.

226 4174 472 4249 Denique
503 4176 553 4232 si
586 4179 823 4249 peccata
853 4190 969 4229 non
1001 4176 1198 4229 essent
1230 4172 1633 4229 sacerdotibus
1682 4173 1862 4229 conﬁ-

226 4265 407 4333 tenda,
439 4269 494 4321 et
524 4265 595 4321 ad
629 4280 832 4321 eorum
877 4261 1171 4334 judicium
1222 4260 1584 4328 excutienda,
1616 4261 1861 4318 Paulum

227 4367 387 4422 quem
408 4355 464 4409 in
486 4355 579 4410 via
595 4353 785 4409 fuerat
802 4351 1493 4424 allocutus,nequaquam
1516 4351 1753 4406 Ananiae
1777 4369 1864 4407 sa-

228 4442 426 4497 cerdoti
449 4440 997 4508 destinaret,dicens
1018 4457 1029 4496 :
1053 4463 1080 4489 «
1105 4440 1263 4495 Vade
1285 4439 1342 4494 in
1365 4439 1677 4507 civitatem,
1707 4445 1763 4496 et
1782 4440 1860 4495 ibi

228 4527 435 4586 dicetur
458 4532 563 4586 tibi
596 4530 739 4604 quid
768 4533 824 4584 te
855 4533 1120 4602 oporteat
1147 4529 1335 4584 facere
1359 4528 1491 4600 (Act.
1518 4532 1617 4598 IX).
1648 4552 1674 4578 ››
1697 4529 1860 4595 Quod

230 4616 368 4673 enim
384 4619 793 4677 confitentibus
811 4621 1047 4692 peccata
1066 4634 1173 4672 sua
1185 4617 1588 4673 sacerdotibus
1605 4616 1856 4672 multum

230 4711 412 4778 prosit,
436 4712 640 4783 probat
668 4709 928 4765 Jacobus
958 4705 1285 4780 apostolus,
1310 4705 1541 4762 dicens:
1569 4729 1596 4755 ‹‹
1621 4705 1863 4762 Confite-

234 4796 363 4852 mini
381 4798 721 4855 alterutrum
744 4800 984 4870 peccata
1003 4799 1217 4862 vestra,
1234 4798 1291 4850 et
1316 4798 1475 4850 orate
1496 4812 1599 4867 pro
1620 4794 1865 4849 invicem

232 4889 297 4940 aut
321 4886 608 4943 salvemini
650 4886 854 4958 (Iacob.
878 4888 957 4954 v).
986 4908 1013 4935 »
1034 4885 1105 4939 Et
1131 4885 1388 4941 Joannes
1414 4901 1426 4938 :
1456 4909 1481 4933 ‹‹
1508 4884 1565 4938 Si
1598 4884 1865 4938 conﬁtea-

238 4988 359 5031 mur
383 4982 614 5049 peccata
642 4979 865 5044 nostra,
889 4974 1074 5030 fidelis
1095 4975 1362 5045 etjustus
1386 4977 1474 5028 est
1496 4972 1669 5039 Deus,
1694 4976 1759 5027 ut
1781 4972 1865 5027 di-

241 5062 411 5121 mittat
430 5068 667 5138 peccata
695 5068 921 5130 nostra,
944 5068 1001 5120 et
1020 5063 1299 5117 emundet
1322 5078 1426 5116 nos
1449 5061 1521 5116 ab
1548 5061 1705 5117 omni
1732 5078 1864 5133 pec-

241 5154 351 5208 cato
388 5154 433 5225 (Ι
450 5160 614 5213 Joan.
640 5154 704 5227 1).
727 5177 756 5204 »
790 5152 952 5217 Quod
980 5151 1155 5208 etiam
1186 5151 1244 5205 in
1275 5149 1462 5205 Veteri
1491 5150 1863 5206 Testamento

244 5237 460 5312 ﬁgurate
482 5239 1193 5313 demonstratur,quando
1215 5238 1328 5294 tale
1360 5239 1430 5293 de
1454 5237 1701 5309 leprosis
1724 5255 1866 5311 pras-

245 5333 444 5400 ceptum
476 5332 659 5406 Moysi
693 5349 726 5387 a
751 5330 999 5387 Domino
1031 5326 1266 5397 dicitur,
1286 5327 1369 5382 sic
1402 5325 1556 5382 enim
1581 5326 1863 5398 scriptum

245 5420 432 5476 estzEt
460 5421 696 5479 locutus
724 5424 814 5477 est
842 5418 1130 5497 Dominus
1159 5417 1226 5472 ad
1264 5416 1498 5488 Moysen
1530 5416 1674 5484 (Leo.
1697 5418 1822 5482 xm)
1847 5432 1859 5469 :

244 5498 330 5559 Vir
352 5508 403 5564 in
432 5512 599 5582 cujus
625 5513 757 5566 cute
786 5507 984 5564 varius
1016 5506 1176 5563 color
1205 5504 1560 5578 apparuerit,
1578 5504 1771 5559 veniat
1790 5502 1862 5558 ad

245 5599 569 5657 sacerdotem
601 5604 661 5658 et
692 5597 962 5655 ostendat
994 5614 1056 5656 se
1104 5594 1187 5651 illi
1223 5612 1236 5651 :
1272 5593 1373 5667 qui
1425 5591 1682 5649 recludet
1728 5608 1861 5648 eum

244 5678 294 5740 in
316 5685 472 5746 domo
501 5692 774 5769 separata
803 5703 1067 5745 seorsum
1101 5701 1205 5763 per
1234 5686 1455 5759 septem
1492 5681 1635 5755 dies,
1654 5685 1711 5739 et
1734 5686 1867 5760 post

1975 3385 2101 3425 sam
2134 3370 2399 3435 barbam,
2424 3375 2489 3425 ut
2518 3372 2600 3427 sic
2629 3372 2960 3444 squalorem
2993 3374 3343 3445 poenitentia
3365 3374 3539 3430 etiam
3561 3373 3623 3430 in

1974 3457 2102 3529 ipso
2132 3458 2296 3514 vultu
2346 3460 2636 3517 ostendat.
2670 3461 2881 3534 Operto
2912 3463 3122 3536 capite,
3161 3464 3300 3535 quia
3328 3463 3402 3519 ab
3432 3463 3623 3519 officio

1975 3546 2405 3617 praedicationis
2437 3565 2664 3605 cessare
2706 3551 2898 3618 debet,
2929 3551 3031 3625 qui
3078 3552 3311 3625 publice
3358 3552 3620 3625 paenitet.

1975 3634 2206 3691 Maneat
2231 3641 2426 3692 autem
2460 3643 2658 3711 aperto
2689 3657 2808 3707 ore,
2840 3641 3026 3697 scissa
3072 3646 3248 3710 veste,
3279 3641 3336 3697 id
3379 3646 3489 3709 est,
3523 3658 3626 3715 per

1973 3725 2398 3782 confessionem
2410 3745 2575 3784 suam
2592 3730 3325 3801 patefaciatconscientiam
3337 3731 3411 3787 .Si
3426 3736 3623 3788 autem

1973 3820 2216 3871 sanatus
2249 3816 2440 3884 fuerit,
2475 3818 2573 3889 qui
2607 3819 2947 3891 hujusmodi
2982 3814 3232 3877 sustinet
3262 3820 3625 3893 passionem,

1970 3905 2165 3960 veniat
2195 3906 2265 3960 ad
2298 3907 2680 3977 sacerdotem,
2715 3912 2771 3964 et
2809 3909 3011 3964 ott‘erat
3060 3925 3161 3981 pro
3209 3910 3624 3967 emundatione

1972 4010 2082 4050 sua
2109 3998 2323 4048 tortam
2360 3995 2550 4066 panis,
2582 3996 2851 4052 videlicet
2898 3995 3268 4053 dulcedinem
3317 3998 3620 4055 cbaritatis

1972 4081 2421 4155 quibuseunque
2445 4088 2635 4156 potest
2666 4084 2983 4159 impendat,
3019 4104 3134 4142 non
3166 4087 3359 4143 solum
3390 4087 3616 4156 amicis,

1971 4168 2071 4225 sed
2103 4170 2278 4226 etiam
2303 4171 2576 4228 inimicis.
2594 4175 2659 4229 Et
2682 4175 2923 4246 pulchre
2944 4192 3047 4248 per
3066 4179 3278 4231 tortam
3301 4175 3468 4247 panis
3492 4175 3622 4230 dul-

1970 4260 2109 4315 cedo
2139 4260 2441 4318 charitatis
2462 4262 2820 4335 designatur,
2845 4264 3004 4335 quia,
3032 4263 3184 4319 sicut
3206 4263 3266 4319 in
3286 4263 3404 4318 vita
3423 4264 3618 4318 homi-

1970 4348 2061 4404 nis
2092 4348 2429 4421 principalis
2467 4356 2556 4406 est
2598 4352 2766 4423 panis
2799 4368 2812 4407 :
2847 4352 2929 4407 sic
2962 4352 3115 4408 inter
3140 4366 3345 4407 omnes
3372 4350 3617 4408 virtutes

1970 4437 2311 4511 principalis
2338 4442 2426 4493 est
2454 4438 2728 4496 cbaritas.
2764 4440 2977 4496 Otl‘erat
3006 4440 3180 4497 etiam
3211 4443 3268 4496 et
3298 4439 3616 4496 sextarium

1969 4526 2098 4593 olei,
2122 4525 2182 4582 id
2214 4531 2304 4583 est
2335 4526 2745 4585 misericordiae
2776 4530 2999 4586 viscera
3027 4529 3294 4595 indutus,
3317 4528 3374 4585 in
3401 4546 3463 4586 se
3485 4546 3616 4602 pec-

1891 4637 1937 4703 D
1968 4616 2239 4671 cantibus
2270 4616 2587 4674 clementer
2634 4617 2899 4691 ignoscat
2930 4638 2947 4673 :
2979 4623 3037 4675 et
3066 4619 3174 4676 hoc
3197 4618 3271 4675 ad
3300 4617 3619 4676 luminaria

1970 4704 2395 4775 concinnanda,
2413 4711 2478 4762 ut
2498 4706 2649 4763 sicut
2669 4707 2865 4780 plures
2889 4709 3180 4780 peccando
3204 4725 3311 4764 suo
3333 4707 3620 4764 destruxit

1974 4794 2257 4866 exemplo,
2292 4795 2372 4851 ita
2401 4795 2769 4853 emendatius
2800 4797 3063 4865 vivendo,
3082 4814 3191 4852 sua
3220 4796 3619 4853 satisfactione

1974 4882 2191 4939 multos
2223 4884 2777 4941 reedificetﬂtl'erat
2807 4902 3038 4958 quoque
3069 4886 3216 4942 duos
3247 4902 3515 4958 passeres
3542 4885 3623 4941 vi-

1972 4988 2092 5036 vos.
2114 4973 2171 5027 id
2204 4978 2310 5043 est,
2335 4990 2545 5046 corpus
2568 4978 2625 5029 et
2653 4974 2911 5029 animam
2934 4992 3102 5030 suam
3126 4974 3330 5032 divina
3353 4973 3617 5031 servituti

1974 5060 2265 5132 subjiciat,
2284 5065 2347 5115 ut
2376 5061 2528 5117 sicut
2556 5060 2818 5116 exhibuit
2848 5061 3113 5118 membra
3133 5079 3239 5118 sua
3270 5061 3486 5117 servire
3506 5061 3615 5117 im-

1973 5148 2274 5204 munditiaa
2304 5154 2361 5204 et
2388 5148 2683 5221 iniquitati
2733 5149 2801 5204 ad
2854 5148 3245 5222 iniquitatem,
3276 5149 3358 5205 ita
3406 5149 3619 5206 serviat

1964 5237 2205 5310 justitize
2239 5238 2295 5292 in
2329 5236 2870 5293 sanctificationem.
2897 5237 3024 5294 Sive
3053 5243 3206 5295 certe
3237 5240 3441 5295 offerat
3470 5239 3618 5294 duos

1974 5342 2239 5399 passeres
2271 5325 2429 5380 vivos
2462 5341 2475 5379 :
2509 5325 2568 5380 id
2600 5329 2707 5393 est,
2739 5327 2854 5382 duo
2884 5343 3096 5400 genera
3125 5325 3619 5399 compunctionis,

1971 5414 2201 5469 timoris
2232 5413 2451 5469 scilicet
2480 5418 2537 5468 et
2567 5415 2803 5471 amoris.
2823 5415 2904 5471 De
2935 5416 3151 5488 quibus
3182 5419 3337 5471 recte
3365 5414 3614 5469 dicitur:

1976 5503 2165 5559 Unum
2197 5519 2301 5574 pro
2331 5506 2586 5575 peccato,
2615 5508 2671 5559 et
2701 5503 2950 5560 alterum
2981 5504 3042 5559 in
3073 5504 3430 5571 holocausto,
3450 5501 3508 5556 id
3530 5503 3619 5556 est

1973 5592 2033 5648 in
2061 5590 2365 5658 sacrificio,
2380 5592 2534 5666 quod
2557 5592 2907 5650 offerebatur
2926 5610 3029 5667 pro
3051 5595 3308 5666 peccato,
3325 5605 3507 5646 unum
3528 5604 3540 5642 :
3560 5590 3618 5656 et

1971 5680 2029 5738 in
2063 5679 2382 5759 gratiarum
2414 5681 2640 5742 actione
2674 5698 2687 5740 :
2723 5681 2821 5743 ubi
2853 5699 2967 5742 non
2997 5697 3102 5758 pro
3132 5680 3339 5739 timore
3367 5671 3611 5752 peccati,
