4070 6190
337 377 455 441 M3

910 373 1312 437 HAYMONiS
1357 373 1877 438 HALBERSTAT
1923 370 2169 435 EPISC.
2220 370 2390 433 OPP.
2438 371 2639 433 PARS
2684 372 2757 432 Il.
2793 406 2867 416 —-
2897 368 3166 433 HOMIL.

3633 365 3747 425 Hi

334 513 432 568 sed
460 527 561 583 pro
584 523 781 565 amore
801 507 900 563 Dei
921 512 977 563 et
999 506 1284 565 desiderio
1307 505 1981 571 offerebaturzalterum,
2016 509 2069 574 Α
2101 505 2201 560 sed
2236 503 2294 558 in
2328 502 2486 557 omni
2518 508 2686 575 gente
2719 503 2817 574 qui
2849 506 3124 574 operatur
3145 497 3749 572 justitiam,acceptu2

335 600 473 673 quia
503 599 697 654 omnis
727 603 993 671 peccator
1026 598 1191 670 prius
1220 597 1430 652 timore
1460 594 1892 669 compungitur,
1926 599 1984 650 et

334 692 469 761 post
499 690 716 743 amore.

405 844 435 875 «
467 822 613 879 Cum
644 824 840 876 autem
864 818 1163 875 introisset
1188 818 1617 891 Capharnaum,
1643 818 1889 874 accessit
1911 817 1982 873 ad

335 935 363 963 «
396 927 530 969 eum
573 909 855 975 centurio,
886 924 1099 981 rogans
1149 924 1306 972 eum,
1340 913 1394 963 et
1438 908 1639 964 dicens
1672 925 1685 963 ε
1720 906 1982 975 Domine,

335 1025 365 1057 α
396 1017 542 1074 puer
574 1016 740 1055 meus
763 1000 921 1070 jacet
941 997 999 1052 in
1032 998 1205 1053 domo
1229 997 1603 1069 paralyticus,
1623 1002 1679 1052 et
1701 995 1855 1052 male
1876 1001 1989 1050 tor-

335 1112 365 1142 «
399 1093 673 1163 quetur.»
706 1089 843 1143 Post
862 1086 1223 1142 curationem
1246 1086 1459 1158 leprosi
1480 1086 1712 1142 venitur
1732 1086 1803 1141 ad
1829 1084 1986 1140 aliud

338 1176 710 1245 miraculum,
725 1175 785 1230 in
809 1192 925 1247 quo
946 1192 1060 1231 non
1085 1172 1278 1229 solum
1297 1175 1525 1231 Domini
1546 1174 1731 1229 virtus
1748 1176 1991 1246 apparet

338 1265 745 1333 miranda,sed
768 1262 941 1319 etiam
967 1264 1330 1320 centurionis
1354 1264 1658 1319 humilitas
1680 1262 1987 1318 imitanda.

341 1356 451 1411 Sed
486 1353 743 1427 primum
777 1353 1156 1425 quaarendum
1180 1357 1269 1408 est
1290 1371 1469 1425 quare
1501 1353 1656 1408 dicat
1685 1351 1991 1408 Matthseus

341 1442 739 1500 centurionem
772 1442 844 1496 ad
878 1441 1193 1496 Dominum
1242 1442 1577 1508 accessisse,
1626 1457 1759 1495 cum
1807 1442 1993 1495 Lucas

343 1533 553 1589 referat
583 1533 887 1603 quodnon
919 1530 1045 1602 ipse
1080 1531 1319 1597 venerit,
1356 1532 1454 1586 sed
1488 1531 1745 1587 seniores
1766 1530 1994 1585 Judmo-

342 1641 474 1681 rum
509 1639 611 1695 pro
643 1637 706 1676 se
731 1619 977 1675 miserit.
1003 1620 1097 1673 Sic
1127 1620 1284 1673 enim
1318 1620 1599 1693 scriptum
1634 1624 1723 1675 est
1750 1619 1808 1674 in
1839 1620 1995 1673 Luca

345 1715 495 1786 (Luc.
515 1710 620 1783 vn)
644 1728 654 1766 :
676 1709 1043 1765 Centurionis
1067 1710 1373 1779 cujusdam
1399 1726 1600 1765 servus
1618 1714 1741 1763 erat
1758 1709 1996 1763 moritu-

345 1820 466 1870 rus,
488 1801 585 1873 qui
609 1803 733 1853 erat
754 1798 802 1852 ei
835 1797 1145 1868 pretiosus.
1165 1799 1387 1853 Etcum
1422 1816 1535 1853 non
1569 1800 1806 1853 auderet
1836 1814 1995 1852 acce-

346 1892 481 1947 dere
512 1889 583 1944 ad
613 1888 837 1953 Jesum,
864 1887 1023 1942 misit
1054 1887 1315 1942 seniores
1344 1888 1700 1954 Judzeorum,
1721 1886 1821 1959 qui
1843 1887 1996 1941 veni-
2026 1884 2072 1949 Β

347 1982 476 2035 rent
506 1978 578 2032 ad
609 1991 766 2043 eum,
791 1975 1086 2031 dicentes:
1114 1976 1380 2044 Domine,
1403 1978 1648 2049 dignum
1681 1979 1788 2040 est,
1808 1979 1870 2030 ut
1887 1975 1995 2030 hoc

347 2066 433 2123 illi
461 2070 720 2145 praestes.
758 2063 959 2137 Diligit
987 2065 1141 2120 enim
1173 2069 1406 2137 gentem
1438 2070 1722 2131 nostram,
1764 2080 1899 2119 nam
1940 2069 1998 2119 et

349 2171 706 2230 synagogam
740 2155 864 2227 ipse
895 2155 1199 2210 aediﬁcavit
1229 2155 1417 2211 nobis.
1438 2158 1563 2211 Non
1595 2172 1730 2228 ergo
1752 2151 1997 2227 putandi

349 2249 489 2302 sunt
507 2243 799 2300 contraria
814 2243 1179 2315 evangelista:
1196 2244 1471 2311 sensisse,
1489 2245 1587 2300 sed
1611 2261 1765 2299 unus
1782 2241 1998 2299 descri-

350 2334 438 2390 bit
464 2332 845 2400 voluntatem,
896 2331 1042 2387 alter
1086 2350 1279 2405 opera.
1314 2333 1474 2396 Quod
1506 2333 1660 2386 enim
1693 2331 2002 2387 Matthaeus

352 2423 549 2496 ipsum
573 2421 888 2477 accessisse
908 2421 1068 2489 dicit,
1086 2421 1467 2478 intentionem
1488 2421 1650 2477 illius
1671 2419 1999 2492 descripsit,

353 2511 494 2583 quia
519 2510 815 2567 voluntate
846 2510 1107 2565 accessit.
1143 2511 1303 2575 Quod
1335 2526 1468 2566 vero
1499 2510 1581 2564 ait
1610 2510 1811 2576 Lucas,
1845 2508 1999 2580 quod

354 2617 469 2656 non
501 2600 629 2672 ipse
658 2598 894 2668 venerit,
915 2600 1011 2654 sed
1038 2599 1295 2654 seniores
1316 2599 1648 2655 Judzeorum
1674 2615 1777 2670 pro
1810 2615 1870 2653 se
1892 2596 2001 2651 mi-

351 2687 922 2755 serit,humilitatem
955 2688 1211 2751 ostendit
1239 2687 1616 2757 centurionis,
1637 2691 1694 2742 et
1723 2687 2037 2759 quemad-r

354 2778 597 2835 modum
628 2777 952 2832 secundum
986 2776 1239 2832 litteram
1288 2778 1505 2833 factum
1551 2776 1644 2833 sit.
1678 2775 1825 2842 Quia
1868 2792 2005 2831 cum

354 2870 511 2923 esset
539 2864 794 2939 gentilis,
817 2881 932 2920 non
958 2881 1059 2937 per
1080 2866 1341 2937 seipsum
1364 2866 1436 2921 ad
1470 2864 1778 2921 Dominum
1810 2881 2008 2937 corpo-

354 2955 556 3012 raliter
584 2970 767 3010 ausus
796 2958 887 3009 est
915 2954 1335 3011 accedere.Sed
1368 2954 1507 3027 quid
1539 2955 1588 3010 ei
1620 2955 1903 3010 Dominus
1925 2970 2008 3010 re-

354 3044 676 3117 sponderit,
709 3042 1024 3099 audiamus
1058 3060 1070 3098 :

427 3202 455 3230 «
489 3179 557 3234 Et
586 3178 667 3234 ait
696 3178 779 3233 illi
810 3178 982 3234 Jesus
1008 3195 1021 3233 :
1054 3178 1170 3250 Ego
1202 3179 1431 3235 veniam
1465 3183 1522 3235 et
1552 3180 1769 3235 curabo
1801 3196 1956 3235 eum.
1978 3201 2006 3228 ››

2094 597 2184 649 est
2214 592 2298 648 illi
2343 594 2481 666 (Act.
2515 597 2633 660 x).»

2170 703 2198 731 «
2229 682 2304 737 Et
2334 682 2697 754 respondens
2725 681 3007 748 centurio,
3027 680 3108 736 ait
3140 696 3152 735 :
3187 676 3451 746 Domine,
3477 694 3593 733 non
3612 695 3753 735 sum

2098 793 2126 823 ‹‹
2155 771 2371 844 dignus
2403 777 2469 826 ut
2499 771 2682 826 intres
2711 771 2820 827 sub
2869 773 3091 825 tectum
3136 785 3354 836 meum,
3389 768 3488 823 sed
3519 771 3753 822 tantum

2097 883 2124 909 ‹‹
2145 859 2236 915 dic
2253 860 2445 927 verbo,
2462 864 2517 915 et
2534 860 2843 915 sanabitur
2859 876 3002 932 puer
3018 875 3205 914 meus.
3222 879 3249 907 ››
3266 857 3478 931 Magna
3489 855 3606 912 haec
3625 873 3758 913 cen-

2096 948 2344 1005 turionis
2376 948 2704 1005 declaratur
2727 949 2905 1004 fuisse
2930 949 3094 1016 fides,
3113 947 3213 1003 sed
3241 962 3355 1002 non
3379 946 3581 1019 dispar
3600 962 3756 1002 com-

2097 1038 2379 1113 probatur
2401 1037 2727 1094 humilitas.
2748 1038 2810 1093 In
2833 1053 3005 1110 opere
3026 1037 3206 1109 hujus
3230 1034 3611 1101 centurionis,
3634 1038 3756 1091 tres

2099 1126 2416 1182 imitabiles
2437 1126 2681 1183 virtutes
2702 1126 2873 1183 nobis
2894 1123 3620 1192 ostenduntur,humilitas
3642 1125 3756 1180 sci-

2098 1215 2414 1284 licet,ﬁdes
2435 1220 2491 1271 et
2519 1214 3137 1288 prudentia.Magnam
3168 1213 3324 1269 enim
3353 1212 3528 1268 habet
3555 1212 3756 1268 humi-

2100 1304 2715 1377 litatem,qui,dicente
2734 1304 3012 1361 Domino:
3035 1304 3201 1377 «Ego
3217 1302 3444 1358 veniam
3464 1306 3521 1356 et
3537 1302 3756 1359 curabo

2103 1410 2259 1461 eum,
2288 1416 2314 1443 »
2336 1393 2648 1466 indignum
2674 1402 2734 1449 Se
2757 1394 3054 1465 judicans,
3074 1392 3411 1464 respondit:
3436 1413 3463 1439 «
3489 1391 3756 1462 Domine,

2103 1500 2217 1538 non
2242 1499 2372 1537 sum
2399 1482 2613 1555 dignus
2634 1487 2696 1537 ut
2714 1483 2894 1538 intres
2912 1483 3024 1537 sub
3044 1486 3263 1537 tectum
3283 1497 3500 1536 meum.
3522 1479 3756 1534 nPerfe-

2103 1576 2254 1627 ctam
2287 1575 2481 1627 autem
2516 1571 2722 1626 habuit
2753 1572 2950 1639 fidem,
2971 1571 3130 1643 quia,
3154 1587 3286 1625 cum
3319 1584 3473 1625 esse:
3494 1568 3756 1641 gentilis,

2104 1660 2228 1717 solo
2256 1662 2430 1717 verbo
2461 1661 2774 1717 Dominum
2808 1660 3053 1716 credidit
3086 1676 3255 1733 posse
3304 1675 3483 1732 puero
3515 1658 3759 1714 reddere

2105 1751 2436 1816 sanitatem,
2454 1751 2684 1805 dicens:
2713 1774 2739 1799 ‹‹
2765 1751 3016 1806 Tantum
3042 1748 3134 1804 dic
3157 1748 3351 1816 verbo,
3372 1752 3427 1802 et
3452 1747 3762 1802 sanabitur

2107 1857 2251 1912 puer
2269 1857 2453 1896 meus.
2474 1862 2501 1888 η
2522 1839 2644 1894 Nisi
2668 1838 2824 1894 enim
2845 1838 3011 1894 illum
3029 1837 3489 1910 omnipotentem
3513 1834 3763 1891 ﬁdenter

2105 1929 2761 2000 crederet,nequaquam
2786 1944 2889 1999 pro
2912 1927 3124 1983 servuli
3149 1927 3237 1983 sui
3262 1924 3641 1999 prosperitate
3671 1942 3765 1980 ro-

2104 2020 2369 2088 gaturus,
2394 2017 2464 2072 ad
2498 2034 2632 2073 eum
2665 2015 3026 2072 accessisset.
3056 2016 3265 2071 llabuit
3285 2015 3459 2070 etiam
3484 2031 3597 2070 non
3626 2030 3763 2086 paro

2106 2123 2237 2161 vam
2256 2106 2646 2179 prudentiam,
2666 2123 2799 2162 cum
2821 2122 2956 2162 eum
2973 2123 3149 2178 quem
3167 2103 3544 2178 corporaliter
3558 2103 3769 2159 ambu-

2108 2194 2325 2250 lantem
2347 2195 2658 2268 vidit,ubiq
2669 2212 2737 2252 ue
2759 2212 2860 2268 per
2881 2194 3245 2251 divinitatem
3266 2210 3394 2250 esse
3417 2196 3764 2265 presentem

2108 2283 2411 2339 intellexit.
2432 2284 2545 2339 Nec
2576 2283 2831 2340 eharitas
2863 2283 2921 2339 in
2956 2301 3022 2340 eo
3054 2283 3310 2339 defuisse
3340 2282 3630 2339 credenda
3650 2286 3763 2352 est,

2111 2372 2252 2446 quia
2268 2389 2399 2428 cum
2426 2373 2593 2428 multi
2617 2391 2718 2446 pro
2741 2391 2866 2441 sua,
2883 2389 3244 2445 suorumque
3264 2372 3515 2428 filiorum
3542 2388 3607 2427 ac
3629 2370 3768 2426 cha—

2111 2479 2309 2517 rorum
2341 2461 2530 2518 salute
2563 2462 2632 2517 ad
2666 2462 2978 2518 Dominum
3000 2461 3258 2535 rogaturi
3291 2458 3768 2527 accederent,ille

2112 2569 2216 2625 pro
2247 2551 2395 2607 servi
2428 2555 2656 2607 tantum
2693 2550 3141 2607 sanitate.Unde
3164 2550 3355 2605 adhuc
3376 2549 3434 2605 in
3460 2549 3591 2605 ﬁdei
3624 2565 3768 2603 con-

2113 2641 2331 2696 stantia
2361 2657 2734 2713 perseverans
2764 2640 3089 2711 subjunxit,
3121 2640 3322 2695 dicens
3357 2656 3370 2693 :

2187 2753 2213 2781 ‹‹
2241 2730 2386 2785 Nam
2407 2734 2462 2785 et
2481 2747 2585 2803 ego
2607 2729 2781 2786 homo
2803 2747 2938 2785 sum
2961 2729 3070 2785 sub
3094 2728 3629 2802 potestate,habens
3653 2729 3771 2784 sub

2118 2841 2146 2870 «
2180 2836 2269 2876 me
2300 2819 2535 2886 milites,
2572 2825 2628 2874 et
2656 2819 2786 2875 dico
2816 2819 2953 2875 huic
2985 2837 2998 2874 :
3035 2818 3212 2886 Vade,
3241 2820 3296 2873 et
3324 2817 3486 2873 vadit
3517 2834 3529 2872 :
3564 2823 3621 2872 et
3649 2817 3772 2873 alio

2117 2931 2145 2958 ‹‹
2177 2909 2343 2978 Veni,
2376 2912 2432 2965 et
2459 2909 2617 2965 venit
2650 2926 2663 2965 :
2692 2914 2748 2966 et
2778 2926 2942 2965 servo
2973 2925 3100 2964 meo
3125 2925 3139 2962 :
3164 2908 3274 2964 Fac
3295 2906 3429 2976 hoc,
3460 2911 3516 2963 et
3542 2907 3698 2963 facit.
3738 2931 3765 2971 ,-

2114 3001 2192 3054 Ac
2223 2998 2269 3053 si
2303 2997 2518 3053 diceret
2552 3016 2564 3053 :
2600 2998 2658 3054 Si
2689 3015 2793 3071 ego
2830 2998 2928 3070 qui
2961 2997 3136 3054 homo
3169 3014 3302 3053 sum
3334 2997 3446 3052 sub
3483 2999 3772 3069 potestate

2116 3088 2618 3161 principis,habeo
2648 3089 2760 3145 sub
2788 3105 2879 3143 me
2912 3086 3147 3156 milites,
3174 3091 3230 3143 et
3254 3087 3384 3142 dico
3407 3085 3768 3154 huic,Vade,

2116 3182 2174 3233 et
2202 3178 2360 3233 vadit
2393 3195 2417 3253 εκ
2442 3182 2499 3233 et
2526 3176 2657 3247 alio,
2681 3176 2846 3245 Veni,
2879 3180 2936 3232 et
2963 3176 3120 3232 venit
3153 3193 3165 3230 :
3199 3179 3256 3232 et
3286 3192 3451 3232 servo
3483 3192 3630 3242 meo,
3654 3174 3770 3231 Fac

358 3268 422 3325 In
453 3267 668 3340 quibus
697 3267 888 3324 verbis
919 3271 1120 3323 nostra
1153 3269 1430 3339 superbia
1450 3268 1911 3338 confunditur,si
1936 3269 2007 3324 ad
2036 3253 2081 3320 C
2116 3265 2314 3326 hoc.et
2339 3267 2506 3322 facit:
2534 3271 2750 3339 quanto
2777 3266 2963 3339 magis
2990 3271 3221 3332 tu,cum
3249 3265 3329 3322 sis
3355 3266 3528 3332 Deus,
3548 3264 3773 3337 ubique

358 3357 511 3413 hanc
539 3357 849 3413 lectionem
878 3373 1008 3412 cum
1040 3356 1153 3411 alia
1184 3356 1473 3428 Evangelii
1496 3357 1887 3412 conferamus.
1907 3358 2007 3412 Le-

360 3445 556 3519 gimus
584 3445 740 3501 enim
766 3443 905 3499 alibi
936 3444 994 3498 in
1025 3445 1332 3516 Evangelio
1363 3445 1690 3499 secundum
1721 3445 2008 3501 Joannem

361 3533 666 3606 (Joan.1v),
701 3533 855 3605 quod
902 3537 1025 3587 erat
1069 3532 1306 3604 quidam
1360 3531 1596 3606 regulus
1635 3534 1803 3604 cujus
1852 3533 2010 3590 filius

359 3623 769 3678 inﬁrmabatur
798 3622 1271 3694 Capharuaum.«
1300 3623 1400 3677 llic
1421 3640 1555 3677 cum
1590 3623 1851 3679 audisset
1871 3624 2010 3695 quia

354 3711 527 3769 Jesus
559 3712 855 3768 adveniret
885 3728 918 3766 a
945 3710 1147 3766 Judzea
1178 3710 1235 3766 in
1261 3710 1576 3777 Galilmam,
1602 3711 1744 3767 abiit
1764 3716 1820 3766 et
1841 3728 2007 3785 roga-

352 3801 436 3856 vit
462 3818 618 3868 eum,
654 3805 718 3854 ut
749 3800 1127 3855 descenderet
1160 3806 1215 3854 et
1246 3804 1479 3856 sanaret
1509 3801 1693 3856 ﬁlium
1726 3801 1874 3872 ejus.
1911 3802 2007 3856 In-

353 3889 606 3962 cipicbat
636 3888 791 3944 enim
825 3889 992 3944 mori.
1021 3889 1090 3943 Et
1120 3889 1265 3944 dixit
1287 3889 1337 3945 ei
1368 3890 1544 3945 Jesus
1570 3907 1582 3945 :
1609 3890 1728 3945 Nisi
1765 3889 1931 3963 signa
1954 3894 2009 3946 et

350 3977 619 4052 prodigia
666 3977 950 4044 videritis,
985 3995 1099 4032 non
1153 3978 1408 4034 creditis.
1442 3980 1511 4033 Et
1559 3977 1656 4034 ille
1691 3996 1704 4034 :
1739 3979 2005 4045 Domine,

351 4066 639 4125 descende
671 4066 1014 4139 priusquam
1040 4066 1324 4121 moriatur
1347 4066 1504 4122 [ilius
1526 4084 1710 4123 meus.
1734 4067 1835 4122 Cui
1864 4067 2008 4123 dixit

349 4155 522 4213 Jesus
544 4176 558 4211 ι
584 4154 764 4222 Vade,
788 4155 945 4211 ﬁlius
975 4159 1114 4211 tuus
1145 4155 1303 4211 vivit.
1335 4178 1362 4204 »
1394 4155 1539 4222 Quid
1573 4160 1662 4212 est
1690 4173 1826 4230 ergo
1849 4157 2006 4229 quod

352 4246 637 4302 Dominus
667 4244 739 4301 ad
774 4244 961 4300 ﬁlium
996 4244 1182 4318 reguli
1215 4250 1453 4318 rogatus
1484 4243 1566 4301 ire
1609 4245 1815 4313 noluit,
1850 4250 1906 4301 et
1934 4246 2006 4301 ad

353 4352 585 4391 servum
618 4333 979 4391 centurionis
1028 4335 1205 4390 etiam
1238 4351 1353 4393 non
1385 4338 1624 4407 rogatus
1654 4334 1738 4390 ire
1769 4340 2007 4408 paratus

353 4423 505 4479 fuit?
523 4422 663 4490 Quis
693 4421 849 4479 enim
884 4423 1117 4495 ignorat
1146 4423 1386 4494 majoris
1414 4424 1717 4495 potestatis
1740 4424 2006 4496 regulum

353 4528 530 4583 quam
550 4512 947 4567 centurionem
965 4512 992 4567 ?
1014 4512 1226 4567 Nostra
1249 4512 1305 4567 in
1334 4511 1444 4567 hoc
1464 4512 1709 4579 facto,ut
1730 4511 2005 4580 diximus,

2119 3359 2297 3421 totus,
2327 3356 2544 3427 ubique
2575 3371 2850 3428 praesens,
2874 3354 3091 3427 ubique
3116 3360 3343 3427 potens,
3370 3355 3416 3410 si
3450 3354 3665 3409 dixeris
3684 3352 3773 3408 in-

2121 3444 2406 3511 ﬁrmitati,
2423 3445 2663 3509 Recede,
2678 3461 2870 3500 nonne
2892 3444 3165 3500 recedet?
3186 3444 3244 3500 Si
3268 3444 3482 3500 dixeris
3506 3441 3770 3508 sanitati,

2117 3533 2280 3601 Veni,
2311 3549 2501 3589 nonne
2521 3532 2751 3588 veniet?
2776 3534 2846 3588 Et
2869 3532 2999 3588 ideo
3030 3550 3143 3588 non
3178 3537 3266 3588 est
3295 3537 3351 3589 te
3383 3548 3613 3588 necesse
3637 3548 3771 3586 cor-

2116 3637 2254 3693 pore
2285 3621 2475 3677 eundo
2509 3620 2761 3694 fatigari,
2792 3621 2893 3693 qui
2933 3620 3057 3676 solo
3104 3620 3278 3676 verbo
3329 3625 3494 3695 potes
3538 3635 3768 3676 curare.

2118 3708 2512 3782 Spiritualiter
2540 3714 2733 3765 autem
2766 3728 2868 3782 per
2910 3710 3019 3766 hos
3070 3710 3366 3782 subjectos
3410 3707 3773 3766 centurionis

2118 3804 2254 3853 natu
2265 3797 2413 3854 rales
2424 3799 2688 3865 virtutes,
2702 3798 2759 3852 in
2776 3798 2992 3870 quibus
3006 3798 3246 3871 quidam
3260 3797 3564 3871 gentilium
3585 3794 3773 3869 polle-

2116 3888 2277 3954 bant,
2308 3887 2632 3959 intelligere
2660 3904 3001 3961 possumus,
3036 3892 3100 3944 ut
3131 3892 3237 3956 est,
3275 3904 3387 3943 non
3431 3882 3775 3950 adulterari,

2117 3987 2232 4033 nOn
2268 3977 2484 4031 furtum
2519 3976 2857 4044 facere,non
2892 3992 3245 4049 rapere,non
3277 3972 3778 4045 occidere,inopis

2117 4066 2403 4137 misereri,
2435 4066 2665 4121 miseris
2717 4066 3048 4131 subvenire,
3082 4070 3139 4121 et
3186 4065 3281 4121 his
3323 4062 3561 4121 similia.
3606 4061 3784 4118 Unde

2117 4156 2187 4211 de
2218 4155 2480 4211 Cornelio
2509 4154 2710 4228 gentili
2761 4153 3011 4227 legimus
3042 4154 3180 4223 (Act.
3212 4156 3290 4222 x),
3325 4153 3480 4226 quod
3531 4154 3655 4207 erat
3681 4149 3784 4206 vir

2108 4245 2310 4316 justus
2341 4247 2398 4299 et
2446 4244 2655 4310 bonus,
2709 4243 2928 4299 faciens
2977 4242 3378 4316 eleemosynas
3425 4258 3559 4297 cum
3606 4239 3781 4296 omni

2118 4335 2291 4389 domo
2323 4350 2431 4388 sua
2457 4331 2632 4404 plebi,
2658 4349 2723 4387 ac
2754 4331 2968 4387 timens
2997 4331 3202 4388 Deum.
3226 4330 3328 4386 Vel
3358 4335 3511 4386 certe
3541 4345 3643 4402 per
3658 4327 3781 4385 hos

2116 4423 2414 4493 subjectos
2447 4420 2827 4489 centurionis,
2860 4421 3043 4476 bonas
3076 4420 3331 4477 malasve
3366 4416 3778 4492 cogitationes,

2118 4528 2246 4583 quae
2278 4509 2437 4566 cordi
2470 4514 2669 4566 nostro
2700 4527 2816 4565 non
2848 4510 3081 4578 desunt,
3116 4526 3435 4582 possumus
3489 4505 3782 4579 accipere,

356 4599 1213 4673 euperbiacbnl‘unditur,quiin
1230 4599 1570 4656 hominibus
1585 4616 1697 4654 non
1717 4605 2007 4667 naturam,
2040 4622 2087 4686 D
2119 4616 2265 4672 quas
2290 4599 2459 4655 nobis
2490 4600 2782 4671 subjectas
2814 4597 3025 4654 habere
3054 4598 3371 4655 debemus:
3395 4601 3461 4652 ut
3482 4597 3530 4652 si
3557 4595 3787 4650 dixeri-

356 4688 456 4743 sed
487 4688 807 4760 potentiam
842 4688 1304 4745 consideramus.
1339 4691 1493 4754 Quos
1538 4688 1696 4743 enim
1745 4692 2009 4761 potentes

354 4777 670 4843 cernimus,
688 4776 1027 4841 metuimus,
1043 4793 1388 4833 veneramur
1400 4780 1454 4831 et
1467 4776 2007 4841 honoramus.0uos

354 4870 549 4921 autem
577 4866 1247 4939 pauperes,contemnim
1260 4882 1346 4932 us,
1368 4864 1720 4938 negligimus
1741 4870 1798 4922 et
1819 4866 2008 4939 despi-

352 4953 561 5007 cimus.
587 4956 658 5007 At
681 4971 813 5010 vero
849 4954 1028 5010 Filius
1061 4954 1184 5022 Dei,
1209 4953 1308 5026 qui
1341 4954 1412 5009 de
1443 4953 1584 5008 coelo
1614 4955 1771 5009 venit
1800 4955 1858 5010 in
1891 4960 2006 5011 ter-

352 5057 477 5095 ram
502 5047 565 5096 ut
585 5042 920 5113 superbiam
944 5043 1300 5114 fugiendam,
1318 5050 1373 5098 et
1396 5042 1788 5099 humilitatem
1808 5062 2004 5100 aman-

352 5130 511 5194 dam,
526 5134 699 5201 atque
715 5137 805 5184 nat
818 5148 981 5185 uram
1002 5131 1259 5187 hominis
1275 5131 1632 5204 diligendam
1652 5134 2004 5201 ostenderet,

352 5219 420 5274 ad
456 5216 644 5273 ﬁlium
695 5218 878 5289 reguli
926 5224 1163 5291 rogatus
1216 5221 1294 5275 ire
1343 5219 1549 5283 noluit,
1584 5225 1641 5276 et
1672 5221 1743 5277 ad
1772 5239 2002 5280 servum

353 5306 732 5373 ccnturicnis,
776 5305 951 5361 etiam
986 5324 1117 5361 cum
1152 5325 1267 5363 non
1301 5313 1620 5382 rogaretur,
1652 5314 1736 5366 ire
1764 5316 2003 5383 paratus

352 5396 479 5452 fuit.
496 5396 770 5452 Excelsus
803 5395 959 5450 enim
986 5396 1270 5451 Dominus
1293 5397 1540 5453 humilia
1561 5416 1594 5454 a
1615 5416 1793 5472 prope
1820 5402 2002 5474 respi-

353 5486 431 5542 cit
463 5503 476 5541 :
509 5485 626 5541 alta
655 5489 874 5552 autem,
905 5484 963 5539 id
996 5489 1086 5540 est
1117 5486 1388 5558 superba,
1416 5504 1450 5541 a
1481 5486 1653 5560 longe
1683 5490 2005 5548 contemnit

352 5576 522 5649 (Psal.
556 5573 823 5646 cxxxvu),
857 5573 1158 5647 quoniam,
1185 5572 1334 5629 sicut
1368 5574 1571 5632 Petrus
1602 5578 1903 5650 apostolus
1933 5580 2002 5637 de

350 5682 416 5734 co
448 5666 717 5733 testatur,
754 5684 780 5715 ι(
815 5663 939 5725 Non
971 5668 1059 5723 est
1099 5679 1484 5740 personarum
1530 5671 1795 5743 acceptor
1826 5669 1999 5743 Deus,

2119 4707 2252 4745 mus
2300 4687 2493 4755 malis,
2536 4688 2824 4755 Recedite,
2860 4688 3134 4743 recedant
3167 4704 3179 4741 :
3214 4685 3406 4756 bonis,
3457 4684 3677 4751 Venite,
3715 4689 3787 4741 et

2113 4779 2371 4843 veniant,
2403 4782 2460 4834 et
2499 4795 2633 4833 cum
2686 4777 2802 4833 illis
2846 4775 3334 4833 condelectemur.
3368 4779 3540 4831 Servo
3573 4778 3786 4830 autem

2116 4871 2334 4935 nostro,
2367 4868 2425 4923 id
2458 4873 2546 4923 est
2575 4866 2824 4940 corpori,
2858 4866 3146 4933 dicamus,
3175 4866 3283 4921 Fac
3315 4865 3423 4921 hoc
3470 4867 3526 4919 et
3575 4860 3782 4929 faciet,

2114 4957 2173 5013 id
2204 4961 2313 5024 est,
2337 4956 2695 5030 imperemus
2726 4960 2791 5011 ut
2820 4972 2888 5012 ea
2919 4972 3045 5028 quae
3079 4958 3220 5011 sunt
3249 4953 3502 5026 Spiritus
3533 4950 3781 5007 Domini

2115 5044 2990 5120 perﬁciat,juxtailludApostoli
3009 5061 3022 5099 :
3044 5068 3070 5095 «
3092 5042 3321 5117 Castigo
3339 5059 3550 5115 corpus
3570 5056 3803 5096 meum‘

2114 5141 2171 5191 et
2198 5136 2257 5190 in
2281 5137 2616 5192 servitutem
2642 5134 2861 5206 redigo,
2887 5151 2957 5189 ne
2983 5135 3151 5199 forte,
3171 5149 3305 5188 cum
3330 5131 3465 5187 aliis
3489 5129 3783 5204 praedica-

2111 5225 2315 5291 verim,
2348 5225 2473 5296 ipse
2504 5222 2783 5295 reprobus
2815 5222 3037 5278 efﬁciar
3064 5225 3113 5290 (Ι
3143 5222 3263 5278 Cor.
3298 5220 3396 5295 Ix).
3436 5243 3463 5271 η

2188 5337 2214 5366 ‹‹
2246 5314 2503 5369 Audiens
2533 5316 2725 5368 autem
2757 5311 3221 5379 Jesus,miratus
3243 5315 3350 5367 est.
3373 5333 3402 5361 ››
3422 5307 3781 5365 Admiraba-

2112 5409 2209 5459 tur
2255 5403 2542 5459 Dominus
2591 5401 2764 5456 ﬁdem
2806 5400 3187 5470 centurionis,
3223 5416 3401 5472 quam
3446 5397 3605 5455 cordi
3637 5397 3780 5469 ejus

2113 5492 2457 5548 mirabiliter
2484 5488 2953 5556 administrabat,
2989 5508 3104 5547 non
3136 5491 3291 5564 quod
3321 5487 3541 5562 aliquid
3572 5487 3624 5544 ei
3656 5487 3780 5543 mi-

2112 5581 2364 5639 randum
2395 5582 2570 5645 esset,
2602 5577 2702 5653 qui
2733 5583 2941 5636 cuncta
2970 5585 3246 5654 operatur
3276 5576 3642 5643 mirabiliter,
3662 5577 3813 5649 sed.

2112 5674 2174 5731 ut
2232 5668 2499 5727 eumde
2571 5684 2678 5724 nos
2732 5666 2929 5725 mirari
2996 5669 3205 5728 debere
3263 5669 3515 5726 doceret.
3582 5663 3778 5744 Cujus
