4018 6180
253 335 369 403 145

1493 330 1845 400 ΗΟΜΙΙιΙιΕ
1887 325 1989 394 DE
2031 328 2428 449 TEMPORISJ.

3554 335 3671 402 M6

248 470 428 531 ﬁdem
460 467 758 529 Dominus
800 464 1117 539 admirans,
1162 469 1381 543 pariter
1421 473 1477 526 et
1518 467 1858 526 collaudans
1893 483 1905 523 :
1937 464 1994 532 A
2024 467 2181 526 niam
2213 469 2461 544 dispersi
2494 468 2567 526 de
2595 473 2767 544 gente
2812 467 2871 526 in
2904 471 3157 544 gentem,
3200 473 3257 527 et
3286 466 3356 527 de
3386 487 3562 545 regno
3593 471 3666 529 ad

321 587 349 614 ‹‹
384 560 790 635 Sequentibus
819 577 881 617 se
910 558 1091 635 dixit:
1120 562 1296 615 Amen
1318 559 1447 615 dico
1476 559 1664 627 vobis,
1684 576 1799 616 non
1822 559 1908 615 in-

248 677 277 703 κ
303 652 439 709 veni
470 656 703 707 tantam
737 651 909 705 ﬁdem
939 649 998 704 in
1050 648 1248 705 Israel.
1288 672 1315 698 ››
1347 650 1509 715 Quod
1558 667 1673 705 non
1707 650 1777 705 de
1808 667 1908 722 pa-

248 740 531 800 triarchis
562 746 620 796 et
649 739 951 812 prophetis
972 737 1132 809 dicit,
1147 739 1444 810 quondam
1467 755 1528 794 se
1551 737 1907 805 videntibus,

246 831 369 890 etsi
396 829 582 886 Israel
602 829 809 884 videns
831 828 1013 883 Deum
1035 827 1453 899 interpretatur
1477 845 1490 883 :
1516 828 1617 882 sed
1641 827 1709 883 de
1735 826 1909 882 Israel

245 918 492 985 carnali,
530 919 588 973 id
620 922 710 973 est
739 915 955 990 populo
996 915 1353 983 Judzeorum,
1394 915 1483 970 vel
1532 916 1603 971 de
1651 915 1769 971 illis
1808 915 1907 988 qui

244 1012 571 1083 praesentes
593 1011 779 1071 erant,
803 1007 956 1061 inter
976 1014 1123 1077 quos
1155 1005 1326 1079 signa
1354 1008 1411 1060 et
1441 1004 1722 1060 miracula
1744 1004 1911 1060 facie-

246 1100 366 1166 bat,
404 1097 631 1170 quibus
660 1096 904 1151 verbum
933 1095 1061 1150 vitae
1095 1094 1501 1159 annuntiabat,
1536 1094 1689 1165 quod
1732 1093 1908 1149 etiam

246 1188 511 1261 recipere
542 1184 837 1240 nolebant.
874 1183 1019 1248 Quia
1049 1200 1163 1238 non
1213 1182 1298 1238 sic
1351 1183 1463 1238 cito
1511 1182 1908 1250 crediderunt,

246 1275 550 1349 quomodo
578 1272 1043 1329 centurio.Unde
1065 1271 1307 1344 pulchro
1341 1271 1397 1325 in
1429 1270 1767 1327 centurione
1793 1288 1909 1327 non

247 1365 444 1421 solum
475 1364 626 1419 ﬁdes
655 1361 920 1435 gentium
951 1360 1278 1416 collaudata
1307 1364 1415 1429 est,
1436 1361 1535 1415 sed
1560 1360 1734 1416 etiam
1769 1378 1908 1433 pra:-

247 1454 526 1526 ﬁgurata,
559 1468 693 1508 cum
728 1451 945 1506 dicitur
974 1465 988 1505 :

318 1565 346 1592 «
379 1541 529 1598 Dico
562 1544 758 1595 autem
780 1539 946 1595 vobis
967 1539 1121 1611 quod
1148 1536 1318 1593 multi
1343 1538 1573 1594 venient
1593 1539 1665 1593 ab
1687 1538 1906 1594 oriente

249 1655 274 1680 «
306 1636 363 1686 et
395 1629 720 1695 occidente,
736 1631 795 1684 et
822 1627 1166 1683 recumbent
1195 1643 1330 1682 cum
1350 1626 1645 1683 Abraham
1668 1631 1724 1682 et
1747 1627 1907 1683 Isaac

245 1743 272 1769 «
305 1723 363 1775 et
390 1718 577 1774 Jacob
608 1716 668 1773 in
701 1733 878 1789 regno
907 1715 1203 1771 ccelorum.
1232 1738 1260 1764 »
1282 1714 1389 1771 Per
1417 1714 1698 1771 orientem
1731 1719 1787 1771 et
1818 1732 1908 1770 oc-

2017 560 2299 633 populum
2318 559 2780 628 alterum,relicti
2799 563 2940 617 sunt
2955 559 3081 617 sine
3099 560 3371 628 Deo,sine
3387 560 3669 635 lege,sine

2018 649 2188 716 duce,
2212 651 2337 705 sine
2368 650 2683 707 sacerdote.
2718 650 2882 706 Sicut
2910 650 3065 705 enim
3096 648 3201 705 ﬁlii
3233 649 3334 706 Dei
3364 653 3666 719 vocantur,

1962 784 1969 791 ,
2017 739 2117 812 qui
2152 740 2341 811 magis
2371 739 2557 794 Deum
2590 756 2767 811 quam
2812 739 3102 795 mundum
3143 739 3416 813 diligunt,
3450 740 3533 798 sic
3562 740 3667 797 ﬁlii

2018 830 2180 901 regni
2212 828 2508 895 dicuntur,
2543 828 2643 899 qui
2674 828 2733 883 in
2768 846 2966 885 amore
2997 829 3207 884 terreni
3244 830 3405 904 regni
3439 830 3667 887 radices

2017 918 2210 973 cordis
2241 917 2742 989 perseverabiliter
2771 918 3199 990 plantaverunt.
3226 919 3327 976 Ubi
3359 923 3554 975 autem
3584 924 3670 976 ta-

2016 1006 2102 1062 les
2133 1005 2401 1062 mittendi
2434 1006 2571 1072 sint,
2607 1007 3036 1077 manifestatur,
3071 1025 3205 1063 cum
3236 1009 3617 1081 subjungitur
3648 1025 3662 1064 :

2018 1118 2047 1146 «
2081 1095 2399 1167 Ejicientur
2427 1094 2487 1151 in
2531 1096 2803 1151 tenebras
2852 1096 3186 1153 exteriores.
3216 1120 3236 1147 ιι
3289 1098 3351 1153 In
3393 1115 3508 1170 quo
3540 1098 3666 1154 loco

2017 1185 2534 1248 considerandum,
2553 1184 2709 1256 quia,
2730 1202 2863 1240 cum
2887 1187 3137 1241 tenebrm
3155 1187 3671 1258 sempersintinte—

2018 1275 2201 1329 riores
2232 1278 2287 1328 et
2319 1290 2432 1328 non
2464 1274 2794 1341 exteriores,
2818 1274 2877 1330 in
2895 1275 3165 1329 tenebras
3187 1275 3499 1330 exteriores
3531 1277 3666 1331 mit—

2018 1365 2222 1416 tuntur
2234 1364 2365 1433 post
2387 1365 2653 1425 mortem,
2678 1362 2777 1433 qui
2798 1361 3138 1417 intenebras
3159 1362 3483 1430 interiores,
3502 1363 3558 1419 id
3577 1369 3671 1420 est

2017 1450 2076 1505 in
2109 1450 2364 1507 caecitate
2396 1448 2629 1518 mentis,
2664 1465 2727 1504 se
2769 1450 3183 1507 conclusorunt
3212 1452 3353 1507 dum
3385 1452 3662 1508 viverent.

2017 1537 2306 1605 Quaeritur
2325 1555 2396 1593 au
2408 1542 2522 1593 tem
2557 1554 2737 1609 quare
2766 1538 3038 1593 dicantur
3057 1540 3305 1595 tenebrae
3328 1539 3662 1608 exteriores,

2016 1644 2151 1683 cum
2171 1643 2403 1698 semper
2423 1626 2543 1681 sint
2558 1624 2879 1689 interiores,
2900 1627 3052 1681 sicut
3066 1626 3264 1682 clauso
3283 1628 3432 1683 ostio
3453 1628 3665 1685 domus

2014 1702 2375 1771 intrinsecus
2395 1714 2644 1770 tenebras
2668 1720 2825 1781 sunt,
2845 1716 3205 1771 extrinsecus
3226 1721 3423 1772 autem
3437 1716 3556 1772 lux.
3579 1718 3664 1773 Ad

244 1807 539 1863 sidentem
572 1808 826 1877 quatuor
846 1801 1052 1858 mundi
1059 1806 1266 1878 partes
1292 1801 1692 1875 designantur,
1720 1820 1754 1858 a
1782 1802 1904 1875 qui-
1937 1833 1981 1898 Β
2014 1804 2169 1877 quod
2217 1803 2554 1869 dicendum,
2605 1803 2744 1875 quia
2787 1804 3040 1859 tenebrae
3090 1803 3394 1861 interiores
3437 1805 3665 1862 caecitas

241 1895 354 1951 bus
385 1911 458 1949 ex
488 1892 766 1949 omnibus
803 1892 1079 1963 gentibus
1107 1895 1273 1948 erant
1303 1892 1362 1946 in
1398 1892 1528 1958 ﬁde,
1562 1909 1676 1947 non
1708 1891 1900 1948 solum
1937 1891 1977 1898 '
2015 1893 2229 1949 mentis
2258 1892 2534 1947 dicuntur
2561 1909 2573 1947 :
2608 1892 2919 1948 exteriores
2954 1908 3088 1947 vero
3119 1911 3298 1965 pcenze
3329 1894 3663 1964 infernales,

241 2000 347 2057 per
376 1981 854 2056 praedicationem
908 1978 1327 2053 apostolorum,
1361 1981 1462 2037 sed
1492 1979 1667 2036 etiam
1700 1998 1902 2036 eorum

243 2086 679 2131 successorum.
730 2074 808 2126 De
838 2069 1053 2142 quibus
1103 2086 1205 2141 per
1233 2068 1609 2125 Psalmistam
1640 2068 1854 2125 dicitur
1886 2086 1899 2126 :

242 2185 271 2213 κ
304 2162 520 2218 Dicant
546 2159 648 2233 qui
680 2158 966 2231 redempti
989 2163 1128 2214 sunt
1149 2175 1184 2214 a
1204 2158 1471 2225 Domino,
1487 2174 1636 2229 quos
1658 2158 1906 2214 redemit

244 2252 318 2307 de
349 2266 536 2306 manu
566 2247 810 2314 inimici,
845 2248 915 2303 de
946 2247 1284 2320 regionibus
1316 2246 1691 2319 congregavit
1710 2263 1841 2313 eos;
1872 2264 1906 2303 a

244 2339 391 2396 solis
409 2342 541 2394 ortu
565 2341 622 2393 et
641 2351 873 2404 occasu,
893 2336 965 2391 ab
987 2334 1259 2408 aquilone
1279 2341 1334 2390 et
1357 2334 1504 2390 mari
1526 2336 1696 2405 (Psal.
1714 2335 1847 2406 ενι).
1876 2358 1903 2385 ››

246 2428 416 2495 Quod
446 2431 641 2483 autem
674 2441 779 2497 per
807 2424 1280 2497 przedicationem
1311 2422 1710 2495 apostolorum
1733 2423 1905 2480 multi

248 2519 321 2573 ad
339 2514 1090 2581 ﬁdem,utdiximus,vocati
1106 2513 1425 2579 sunt,idem
1442 2512 1751 2568 Psalmista
1764 2513 1903 2568 alibi

247 2604 638 2669 demonstrat,
652 2617 786 2656 cum
808 2599 980 2655 dicit:
1002 2623 1030 2649 «
1054 2601 1116 2655 Iu
1135 2615 1367 2655 omnem
1392 2604 1605 2655 terram
1631 2598 1805 2656 exivit
1821 2618 1909 2657 so-

249 2704 368 2747 nus
385 2706 609 2756 eorum,
626 2692 682 2744 et
702 2689 758 2743 in
785 2690 931 2749 ﬁnes
951 2688 1109 2744 orbis
1125 2693 1288 2743 terra:
1308 2689 1486 2745 verba
1506 2705 1707 2744 eorum
1729 2691 1903 2758 (Rom.

248 2784 333 2849 ι).
351 2800 380 2831 ι
408 2781 480 2836 Et
502 2778 738 2834 iterum.
755 2801 782 2827 «
806 2778 931 2833 Non
956 2781 1093 2833 sunt
1112 2776 1353 2850 loquela:
1375 2795 1563 2850 neque
1584 2794 1906 2850 sermones,

251 2884 511 2943 quorum
542 2884 657 2924 non
688 2867 1007 2943 audiantur
1033 2882 1202 2922 voces
1234 2883 1434 2922 eorum
1468 2868 1639 2935 (Psal.
1663 2867 1841 2941 xvm).
1876 2890 1904 2919 »

2011 2000 2139 2056 qua:
2162 1987 2324 2038 extra
2354 1999 2460 2037 nos
2492 1985 2648 2037 sunt.
2674 1982 2820 2037 Nam
2845 1982 2903 2036 in
2932 1981 3157 2037 inferno
3178 1982 3484 2040 interiores
3505 1987 3662 2049 sunt,

2012 2073 2113 2127 sed
2137 2071 2219 2125 illi
2240 2071 2337 2143 qui
2362 2069 2479 2125 illic
2500 2070 2822 2142 patiuntur,
2850 2070 2909 2125 in
2942 2071 3214 2127 tenebras
3235 2072 3571 2153 exteriores,
3607 2072 3665 2127 id

2012 2161 2177 2217 estin
2197 2159 2720 2231 infernalespcenas
2734 2158 2887 2214 mitti
2901 2159 3194 2215 dicuntur.
3210 2158 3358 2225 Quid
3371 2165 3567 2217 autem
3581 2160 3662 2217 ibi

2013 2248 2176 2305 missi
2194 2248 2973 2321 patiantur,demonstratur,
2990 2265 3122 2304 cum
3138 2249 3520 2306 subinfertur:
3543 2250 3662 2306 «Ibi

2013 2337 2124 2393 erit
2144 2336 2612 2392 ﬂetusetstridor
2633 2336 2918 2391 dentium.
2940 2358 2966 2384 ››
2984 2336 3146 2392 Oculi
3167 2337 3323 2393 enim
3344 2355 3461 2409 prae
3478 2337 3662 2393 nimio

2014 2425 2175 2481 fumo
2199 2424 2389 2480 solent
2417 2423 2749 2496 lacrymari,
2780 2428 2837 2481 et
2868 2424 3070 2480 dentes
3100 2442 3214 2497 prae
3237 2426 3421 2484 nimio
3450 2426 3663 2500 frigore

2015 2514 2379 2571 stridescere.
2404 2514 2550 2568 Cum
2573 2530 2710 2585 ergo
2738 2515 2821 2569 ait
2844 2531 2856 2568 :
2893 2537 2918 2562 «
2944 2513 3028 2569 Ibi
3052 2514 3163 2569 erit
3184 2514 3352 2571 ﬂetus
3372 2518 3430 2570 et
3450 2514 3666 2571 stridor

2016 2602 2303 2667 dentium,
2334 2626 2361 2651 υ
2393 2601 2651 2657 ostendit
2680 2620 2783 2674 per
2815 2603 3214 2675 metaphoram
3240 2604 3661 2671 membrorum,

2015 2692 2155 2765 quia
2176 2690 2405 2763 reprobi
2429 2691 2488 2745 in
2514 2708 2686 2763 pmna
2705 2695 2762 2746 et
2784 2691 2969 2763 frigus
2990 2691 3414 2759 inaestimabile,
3433 2696 3490 2747 et
3511 2691 3665 2747 calo-

2015 2796 2137 2836 rem
2169 2778 2595 2834 intolerabilem
2643 2779 3040 2846 sustinebunt,
3091 2779 3244 2835 sicut
3273 2796 3376 2851 per
3428 2781 3662 2835 beatum

2014 2868 2122 2924 Job
2150 2867 2366 2923 dicitur
2388 2885 2401 2922 :
2431 2891 2457 2917 «
2476 2869 2560 2923 Ad
2580 2867 2829 2923 calorem
2853 2866 3103 2923 nimium
3124 2871 3382 2924 transeat
3397 2868 3470 2924 ab
3492 2868 3662 2941 aquis

249 2941 360 3013 Vel
392 2962 566 3021 certe,
603 2959 665 3010 ut
702 2941 943 3027 quidam
990 2953 1213 3021 volunt,
1245 2955 1317 3010 ab
1360 2955 1582 3011 oriente
1624 2961 1911 3012 venerunt
2018 2957 2263 3022 nivium,
2286 2961 2343 3012 et
2374 2973 2561 3027 usque
2580 2957 2650 3011 ad
2672 2956 2890 3012 inferos
2920 2961 3224 3029 peccatum
3255 2956 3435 3013 illius.
3456 2955 3667 3014 Oblivi-

253 3043 661 3116 Hebrai,quia
690 3042 863 3114 primi
888 3042 1201 3097 Dominum
1224 3046 1726 3115 cognoverunt,ab
1753 3045 1909 3100 occi-
2017 3050 2214 3102 scatur
2243 3044 2371 3115 ejus
2428 3043 2848 3099 misericordia.
2914 3045 3164 3101 Dulcedo
3223 3044 3383 3101 illius
3438 3062 3665 3115 vermes

252 3135 434 3191 dente
462 3131 732 3207 gentiles,
764 3130 904 3203 quia
933 3130 1123 3186 ultimi
1153 3132 1468 3187 Dominum
1502 3137 1904 3205 perceperunt.
1947 3201 1979 3207 _
2018 3136 2155 3202 (Job.
2187 3136 2360 3198 xxrv).
2397 3155 2423 3179 ››
2473 3132 2530 3187 Si
2577 3132 2711 3203 quis
2754 3136 2948 3188 autem
2982 3134 3052 3189 de
3099 3133 3523 3190 resurrectione
3570 3134 3663 3189 sui

254 3201 562 3289 Aliteriab
593 3201 815 3277 oriente
842 3225 1142 3286 venerunt,
1174 3220 1335 3292 quia,
1386 3201 1520 3276 Deo_
1549 3201 1905 3293 protegente,
1938 3201 1980 3268 (1
2019 3201 2276 3293 corporis
2297 3220 2545 3286 dubitat,
2570 3201 2759 3292 ipsam
2782 3238 2884 3292 per
2903 3220 3060 3276 hunc
3080 3220 3273 3277 locum
3298 3221 3421 3277 ﬁeri
3452 3220 3662 3276 intelli-

250 3311 425 3369 nulla
438 3308 767 3366 criminalia
783 3312 1019 3381 peccata
1032 3308 1481 3372 commiserunt:
1499 3309 1570 3365 ab
1589 3309 1906 3377 occidente,
2016 3328 2151 3385 gere
2170 3309 2336 3365 valet.
2370 3308 2534 3364 Oculi
2557 3309 2713 3365 enim
2736 3327 2797 3364 ca
2808 3309 2929 3365 rnei
2952 3313 3109 3379 sunt,
3132 3314 3189 3366 et
3209 3309 3412 3366 dentes
3433 3326 3502 3365 ex
3521 3309 3664 3366 ossi-

249 3400 381 3475 qui,
398 3402 530 3474 post
548 3398 737 3454 multa
756 3396 978 3470 ﬂagitia
994 3402 1342 3469 perpetrata,
1358 3398 1430 3453 ad
1447 3398 1908 3471 omnipotentem
2018 3401 2149 3456 bus.
2187 3399 2368 3470 Igitur
2398 3415 2533 3454 cum
2557 3398 2718 3465 dixit,
2739 3421 2765 3447 ‹‹
2789 3398 2870 3453 ibi
2891 3398 2999 3453 erit
3022 3398 3192 3454 fletus
3209 3403 3267 3454 et
3287 3398 3503 3455 stridor
3526 3399 3665 3454 den-

248 3492 444 3549 Deum
461 3485 1104 3552 convertuntur.Vel,ab
1123 3486 1470 3558 oriente,qui
1489 3487 1560 3541 ab
1578 3486 1708 3559 ipsa
1725 3487 1910 3544 infan-
2018 3489 2190 3555 tium,
2212 3511 2232 3537 ι
2262 3488 2319 3542 in
2342 3489 2542 3543 eadem
2566 3487 2776 3560 efﬁgie,
2801 3504 2917 3559 qua
2936 3487 2996 3543 in
3014 3488 3283 3560 praesenti
3308 3487 3519 3543 saeculo
3546 3504 3668 3543 ma-

248 3578 342 3637 tia
367 3575 456 3633 vel
486 3575 741 3649 pueritia
768 3580 881 3630 Deo
912 3573 1088 3630 servit
1110 3590 1123 3627 :
1145 3574 1217 3630 ab
1248 3574 1566 3641 occidente,
1601 3575 1700 3646 qui
1731 3574 1789 3630 in
1821 3593 1912 3632 se-
2021 3594 2253 3643 nemus,
2282 3575 2536 3632 ostendit
2569 3593 2673 3630 nos
2705 3575 2765 3630 in
2796 3576 2990 3631 futuro
3023 3579 3471 3631 resurrecturos.
3506 3575 3669 3632 Unde

253 3670 495 3725 nectute
521 3664 608 3720 vel
644 3663 940 3736 decrepita
969 3666 1136 3718 aetate
1165 3664 1237 3718 ad
1269 3662 1370 3718 Dei
1403 3663 1742 3720 servitutem
1775 3681 1911 3721 con-
2023 3665 2161 3721 alibi
2179 3665 2502 3721 beatusJob
2521 3664 2690 3719 dicit:
2711 3687 2739 3713 «
2759 3664 2938 3720 Credo
2960 3665 3115 3736 quod
3135 3664 3489 3737 Redemptor
3504 3680 3670 3719 meus

252 3756 526 3813 vertitur.
561 3754 920 3809 Recumbere
949 3755 1145 3807 autem
1176 3768 1310 3808 cum
1340 3752 1633 3808 Abraham
1667 3757 1724 3809 et
1755 3755 1916 3811 Isaac
2023 3754 2182 3821 vivit,
2216 3763 2268 3809 et
2290 3753 2349 3808 in
2383 3751 2697 3807 novissimo
2720 3752 2812 3809 die
2843 3753 2913 3807 de
2947 3755 3098 3808 terra
3119 3757 3492 3809 surrecturus
3515 3769 3668 3809 sum.

253 3850 318 3901 et
330 3844 510 3900 Iacob
532 3842 592 3897 in
616 3858 795 3914 regno
812 3839 1217 3910 caalorum,est
1238 3840 1295 3895 in
1319 3841 1432 3895 ﬁde
1451 3841 1916 3912 patriarcharum
2026 3843 2097 3899 Et
2129 3860 2361 3898 rursum
2395 3841 2803 3897 circumdabor
2832 3840 2980 3912 pelle
3010 3858 3159 3907 mea,
3183 3843 3240 3895 et
3267 3842 3325 3895 in
3350 3858 3521 3896 carne
3546 3856 3675 3895 mea

255 3936 461 4007 gentes
493 3929 881 4002 requiescere,
914 3933 972 3984 et
1000 3927 1171 3984 illum
1201 3929 1435 3984 credere
1467 3928 1713 3996 venisse,
1744 3947 1916 4003 quem
2026 3931 2231 3987 videbo
2272 3932 2471 3993 Deum,
2510 3945 2686 4000 quem
2734 3928 2967 3984 visurus
3000 3946 3133 3983 sum
3167 3946 3273 4002 ego
3300 3929 3446 4002 ipse,
3473 3933 3530 3987 et
3560 3946 3676 3985 non

257 4021 449 4080 sancti
482 4017 833 4093 patriarcha:
864 4021 1172 4074 venturum
1200 4018 1919 4091 prophetaverunt.Terri-
2029 4019 2201 4087 alius,
2229 4017 2960 4089 etoculimeiconspecturi
2979 4019 3468 4086 sunt(Job.xix),»
3490 4018 3548 4073 id
3568 4020 3675 4083 est,

258 4109 402 4167 bilis
429 4113 630 4164 autem
678 4107 751 4163 de
796 4106 1016 4162 Judaeis
1067 4106 1403 4179 praedicitur
1445 4107 1753 4177 sententia,
1785 4124 1919 4165 cum

259 4200 481 4255 dicitur
509 4214 523 4251 ε

334 4312 362 4339 ‹‹
400 4286 526 4343 Filii
559 4289 758 4341 autem
793 4283 951 4358 regni
998 4285 1178 4356 hujus
1229 4283 1535 4354 eiicientur
1564 4285 1623 4338 in
1656 4285 1925 4340 tenebras

263 4402 291 4428 α
323 4375 662 4433 exteriores.
685 4396 712 4422 ››
747 4373 924 4429 Filios
954 4373 1118 4445 regni
1150 4373 1383 4428 Judzeos
1415 4371 1578 4439 dicit,
1598 4373 1695 4445 qui
1722 4372 1925 4428 merito

264 4466 370 4524 ﬁlii
396 4463 557 4538 regni
580 4461 975 4536 appellantur,
994 4461 1133 4535 quia
1154 4478 1257 4533 pro
1279 4477 1476 4517 amore
1500 4462 1661 4534 regni
1688 4462 1924 4530 terreni,

2031 4127 2144 4165 non
2178 4108 2294 4164 alia
2324 4108 2512 4179 ﬁgura
2559 4122 2662 4178 pro
2695 4123 2808 4171 me,
2839 4107 2940 4161 sed
2973 4122 3078 4178 ego
3110 4106 3235 4179 ipse
3266 4124 3400 4162 eum
3449 4107 3676 4162 videbo.

2031 4198 2213 4262 Quam
2227 4196 2402 4252 etiam
2413 4194 2851 4260 Dominus,cum
2866 4199 2998 4266 post
3010 4212 3176 4249 suam
3194 4193 3679 4250 resurrectionem
3738 4186 3745 4191 ’

2032 4286 2367 4357 loqueretur
2399 4281 2725 4354 discipulis,
2755 4282 3029 4347 ostendit,
3062 4281 3261 4337 dicens
3312 4284 3457 4354 (Luc.
3491 4281 3675 4351 xxxv):

2037 4398 2063 4424 α
2097 4373 2299 4428 Videte
2331 4388 2542 4426 manus
2573 4387 2733 4425 meas
2765 4375 2821 4424 et
2848 4371 3024 4441 pedes
3057 4386 3238 4436 meos,
3262 4368 3402 4441 quia
3418 4386 3524 4442 ego
3555 4368 3679 4441 ipse

2037 4479 2190 4518 sum.
2214 4483 2241 4511 »
2278 4461 2345 4515 Et
2370 4461 2609 4514 iterum:
2640 4482 2666 4506 ‹‹
2704 4457 2940 4529 Palpate
2970 4463 3026 4513 et
3056 4457 3242 4512 videte
3273 4455 3410 4528 quia
3439 4454 3682 4529 spiritus

264 4554 561 4613 cmlestem
592 4567 787 4625 regem
810 4552 1045 4607 credere
1066 4548 1402 4617 noluerunt,
1423 4549 1683 4605 dicentes
1705 4550 1884 4605 Pilato
1911 4566 1923 4605 :
1958 4568 2004 4632 Β
2037 4567 2267 4608 carnem
2293 4554 2348 4605 et
2374 4566 2505 4603 ossa
2528 4565 2641 4602 non
2666 4546 2859 4615 habet,
2886 4546 3037 4601 sicut
3058 4562 3150 4601 me
3170 4544 3381 4602 videtis
3396 4545 3631 4602 habere.
3654 4567 3681 4594 ιο

264 4668 292 4692 σι
326 4643 455 4699 Non
487 4641 778 4696 habemus
810 4655 1005 4712 regem
1038 4637 1151 4693 nisi
1200 4638 1482 4693 Czesarem
1513 4641 1693 4707 (Joan.
1729 4641 1859 4707 xix).
1898 4662 1924 4687 ››

264 4731 337 4787 Et
368 4732 585 4785 iterum
619 4743 868 4801 regnum
910 4732 1210 4783 terrenum
1261 4726 1563 4797 eligentes,
1596 4732 1654 4782 et
1697 4727 1930 4783 caeleste

265 4822 637 4891 respuentes,
692 4816 968 4872 dixerunt
1000 4832 1013 4870 :
1050 4838 1077 4865 ‹‹
1110 4814 1259 4883 Quid
1312 4815 1615 4885 faciemus,
1647 4816 1787 4888 quia
1835 4816 1931 4871 hic

264 4907 448 4964 homo
482 4904 670 4961 multa
698 4903 871 4978 signa
912 4904 1052 4959 facit
1075 4904 1105 4958 ?
1133 4903 1182 4959 si
1235 4902 1591 4959 dimittimus
1639 4920 1772 4959 eum
1824 4905 1929 4977 sic,

265 5010 478 5052 omnes
508 4993 750 5050 credent
775 4992 834 5047 in
859 5008 1014 5057 eum,
1032 4996 1090 5047 et
1110 4991 1342 5047 venient
1364 4991 1630 5059 Romani,
1651 4996 1709 5047 et
1728 4992 1933 5048 tollent

265 5087 544 5141 nostrum
576 5081 774 5138 locum
806 5085 864 5137 et
891 5084 1122 5155 gentem
1169 5082 1342 5149 (Joan.
1374 5085 1475 5147 x1).
1510 5102 1538 5131 »
1572 5081 1717 5136 Nam
1747 5080 1931 5137 Judaei

266 5173 385 5231 sub
414 5175 705 5245 potestate
738 5171 1135 5227 Romanorum
1168 5173 1334 5224 erant
1364 5169 1691 5238 constituti,
1717 5173 1773 5225 et
1804 5169 1933 5225 ideo

269 5263 384 5319 hac
414 5260 723 5317 occasione
755 5260 1002 5332 decepti,
1032 5257 1339 5326 timebant,
1369 5263 1434 5313 ut
1473 5259 1521 5314 si
1574 5277 1606 5314 a
1656 5259 1935 5315 Romanis

2114 4664 2133 4688 α
2162 4640 2226 4693 Et
2248 4636 2393 4693 dixit
2423 4638 2596 4693 Jesus
2617 4636 2939 4691 centurioni
2966 4654 2979 4691 :
3011 4635 3188 4702 Vade,
3214 4635 3366 4692 sicut
3386 4634 3685 4691 credidisti

2040 4752 2067 4778 ‹‹
2107 4729 2207 4783 ﬁat
2236 4726 2363 4782 tibi.
2398 4727 2467 4781 Et
2497 4729 2740 4780 sanatus
2786 4729 2876 4779 est
2906 4741 3049 4795 puer
3079 4741 3147 4779 ex
3178 4722 3277 4778 illa
3307 4723 3470 4778 hora.
3507 4744 3534 4771 »
3587 4722 3687 4777 Hic

2039 4814 2531 4874 considerandum
2551 4816 2639 4868 est
2655 4816 2940 4884 quantum
2957 4826 3439 4884 unumquemque
3457 4809 3691 4882 propria

2040 4907 2186 4962 ﬁdes
2207 4903 2462 4975 adjuvet,
2481 4901 2715 4974 quando
2737 4905 2966 4957 tantum
2988 4901 3203 4974 profuit
3220 4899 3426 4956 aliena.
3453 4899 3693 4971 Propter

2042 4995 2217 5049 ﬁdem
2248 4992 2406 5047 enim
2438 4990 2820 5057 centurionis,
2854 4989 3081 5045 reddita
3114 4993 3202 5045 est
3232 5005 3412 5062 puero
3444 4987 3687 5044 sanitas.

2042 5084 2210 5139 Fides
2229 5097 2484 5152 namque
2507 5095 2719 5151 magna
2739 5082 2827 5133 est
2847 5077 3052 5144 virtus,
3075 5083 3150 5146 et,
3170 5083 3235 5133 ut
3257 5076 3338 5133 ait
3355 5076 3690 5149 Apostolus,

2046 5196 2072 5222 ‹‹
2108 5171 2232 5228 sine
2263 5187 2380 5242 qua
2410 5167 2774 5241 impossibile
2804 5170 2892 5222 est
2922 5170 3148 5238 placere
3177 5166 3292 5223 Deo
3324 5166 3511 5239 (Hebr.
3540 5168 3640 5234 χι).
3664 5189 3692 5216 ››

2047 5260 2127 5315 De
2158 5275 2274 5329 qua
2294 5256 2467 5313 etiam
2491 5272 2592 5327 per
2612 5254 2882 5310 Habacuc
2904 5253 3248 5326 prophetam
3273 5254 3512 5309 dicitur:
3538 5276 3566 5303 «
3588 5252 3693 5308 Ju-

268 5368 376 5408 rex
396 5350 660 5406 novusin
679 5349 885 5405 Judzea
908 5364 1151 5420 regnare
1172 5346 1940 5412 audiretur,debellarentur
2049 5352 2174 5404 stus
2206 5350 2401 5401 autem
2462 5360 2627 5399 meus
2677 5360 2747 5399 ex
2777 5345 2891 5399 ﬁde
2938 5344 3078 5399 vivit
3124 5343 3281 5414 (Hab.
3316 5346 3399 5410 ιι),
3436 5364 3463 5389 ››
3515 5358 3695 5414 quam

275 5444 336 5495 et
365 5456 399 5493 a
428 5455 609 5512 regno
642 5438 1010 5511 ejicerentur.
1044 5438 1193 5508 Ergo
1224 5436 1365 5507 quia
1392 5435 1579 5491 Judaei
1607 5436 1795 5507 magis
1826 5440 1937 5490 ter-

276 5542 487 5584 renum
510 5544 708 5599 regem
731 5543 908 5599 quam
932 5525 1227 5582 cmlestem
1247 5523 1590 5589 dilexerunt,
1607 5540 1721 5579 non
1750 5524 1938 5579 solum

276 5616 604 5685 ccelestem,
654 5617 755 5673 sed
806 5615 980 5673 etiam
1025 5620 1323 5699 terrenum
1365 5613 1759 5686 perdiderunt.
1793 5615 1942 5681 Quo-

2048 5435 2334 5492 Dominus
2357 5432 2663 5504 discipulis
2688 5434 3128 5499 commendans,
3151 5432 3269 5488 ait:
3304 5429 3408 5484 «Si
3430 5430 3699 5486 habueri-

2051 5525 2129 5580 tis
2152 5524 2324 5577 ﬁdem
2346 5521 2491 5576 sicut
2514 5538 2762 5593 granum
2781 5522 3025 5594 sinapis,
3045 5520 3313 5577 diceretis
3332 5517 3514 5575 monti
3536 5516 3695 5582 huic,

2053 5611 2263 5671 Transi
2293 5611 2451 5680 hinc,
2487 5616 2544 5666 et
2564 5611 2867 5668 transiret:
2892 5609 3083 5667 arbori
3106 5606 3621 5682 moro,'.Eradicare
3641 5607 3699 5656 et
