4018 6180
342 308 457 385 N7

901 306 1316 371 HAYMONIS
1358 303 1904 371 HALBERSTAT.
1953 300 2198 364 EPISC.
2245 305 2418 366 OI’P.
2466 305 2667 368 PARS
2712 305 2789 368 II.
2820 338 2897 351 —
2926 302 3197 368 HOMIL.

3652 299 3769 365 148

308 512 315 519 ε
344 440 779 516 transplantare
808 441 867 498 in
900 458 1080 511 mare,
1114 445 1172 496 et
1194 439 1456 496 obediret
1474 437 1637 494 vobis
1660 438 1809 509 (Luc.
1839 437 1996 509 xvu).
2028 434 2084 502 Α
2114 437 2183 493 de
2214 437 2502 512 sepulcro.
2527 440 2608 496 De
2633 456 2752 512 qua
2780 437 3129 495 dormitione
3153 437 3275 510 ipse
3297 453 3400 510 per
3419 434 3766 509 prophetam

346 530 414 589 Et
443 533 581 607 quia
609 532 667 588 in
700 530 1037 587 centurione
1058 526 1282 603 gentili,
1306 526 1567 601 gentium
1586 526 1731 581 ﬁdes
1747 530 1837 581 est
1858 543 1999 598 prae-

348 624 618 697 ﬁgurata,
643 625 798 677 recte
818 619 929 677 iste
949 620 1048 691 qui
1070 618 1153 674 sic
1176 617 1427 692 perfecte
1448 614 1712 682 credidit,
1736 614 1999 671 centurio

348 713 422 768 ab
452 709 812 784 evangelista
860 706 1201 781 appellatur.
1260 704 1530 762 Centurio
1576 703 1732 758 enim
1765 703 1997 768 dicitur,

351 801 505 874 quod
540 801 648 856 sub
681 816 742 854 se
791 802 1025 854 centum
1064 796 1276 851 habeat
1319 793 1554 850 milites.
1588 792 2000 848 Centenarium

353 889 568 963 quippe
598 904 880 943 numerus
901 886 1193 959 perfectus
1214 886 1318 951 est,
1345 882 1443 955 qui
1467 883 1537 938 de
1559 882 1698 937 laeva
1714 880 1924 937 transit
1943 880 2000 935 in

354 978 672 1043 dexteram,
695 979 750 1031 et
781 973 1065 1030 circulum
1098 972 1448 1045 exprimens,
1474 971 1537 1026 ﬁt
1561 970 1619 1026 in
1650 972 1890 1027 modum
1916 987 2005 1026 co-

357 1085 536 1137 ronae,
594 1065 755 1120 illam
815 1079 1088 1119 coronam
1146 1061 1495 1133 exprimens,
1551 1078 1726 1134 quam
1787 1060 2004 1117 milites

357 1154 571 1211 Christi
602 1170 704 1226 pro
763 1150 1054 1224 spirituali
1105 1149 1423 1206 certamine
1471 1150 1796 1223 percepturi
1845 1154 2003 1216 sunt,

359 1260 607 1316 quorum
639 1258 795 1297 unus
825 1240 1191 1312 loquebatur,
1226 1239 1459 1296 dicens:
1504 1262 1531 1287 «
1568 1240 1787 1294 Bonum
1821 1244 2006 1295 certa-

359 1349 491 1388 men
525 1328 757 1398 certavi,
793 1345 1032 1385 cursum
1083 1327 1505 1401 consummavi,
1555 1327 1729 1383 ﬁdem
1764 1327 2003 1384 servavi.

359 1422 439 1476 De
469 1419 715 1491 reliquo,
767 1418 1019 1491 reposita
1048 1421 1137 1474 est
1195 1416 1340 1473 mihi
1400 1433 1613 1472 corona
1649 1416 1896 1488 justitim
1928 1418 2004 1489 (ll

363 1510 495 1566 Tim.
529 1511 626 1582 ιν).
657 1530 683 1558 η

956 1631 1257 1689 HOMILIA
1304 1629 1415 1685 XX.

642 1740 918 1782 DOMINIGA
946 1735 1162 1784 QUARTA
1186 1735 1331 1775 PORT
1359 1735 1725 1776 EPIPHANIAM.

431 1872 672 1939 (MATTH.
704 1867 911 1933 vm.)'«
939 1860 1010 1917 ln
1043 1861 1141 1918 illo
1179 1866 1459 1934 tempore,
1495 1862 1845 1919 ascendente
1875 1863 2014 1920 Jesu

363 1981 391 2011 «
415 1959 476 2014 in
490 1954 844 2021 naviculam,
860 1951 1044 2010 secuti
1060 1955 1341 2007 suntcum
1357 1950 1789 2023 discipuliejus.
1805 1954 2016 2009 Etecce

364 2070 394 2099 ‹‹
421 2050 615 2102 motus
647 2059 899 2115 magnus
916 2042 1106 2097 factus
1126 2045 1214 2095 rst
1244 2041 1303 2105 in
1337 2039 1505 2108 mari,
1539 2046 1595 2096 et
1627 2040 1870 2113 reliqua.
1900 2066 1926 2091 »
1950 2043 2014 2098 In

365 2135 546 2206 hujus
565 2132 833 2188 lectionis
853 2130 1000 2187 serie
1015 2128 1317 2201 utriusque
1335 2146 1454 2185 suae
1474 2133 1611 2184 natu
1621 2148 1693 2185 ra
1714 2130 2016 2186 veritatem

365 2223 653 2281 Dominus
675 2222 846 2277 Jesus
877 2219 1143 2275 Christus
1166 2218 1439 2291 dignatus
1468 2223 1559 2275 est
1583 2221 2014 2288 commendare,

369 2312 627 2370 divinam
676 2309 899 2367 scilicet
928 2313 983 2363 et
1034 2308 1375 2363 humanam.
1424 2307 1600 2375 Quasi
1629 2308 1785 2363 enim
1842 2309 2016 2365 homo

369 2418 575 2459 navem
596 2397 878 2464 ascendit,
908 2398 1008 2454 sed
1042 2397 1207 2468 quasi
1231 2397 1385 2452 Deus
1421 2413 1581 2452 mare
1606 2398 1976 2454 conturbavit
2003 2417 2015 2454 :

370 2490 540 2564 quasi
561 2488 737 2545 homo
758 2486 817 2542 in
841 2503 985 2542 nave
1009 2484 1300 2551 dormivit,
1334 2485 1431 2540 sed
1457 2485 1623 2557 quasi
1648 2486 1802 2542 Deus
1831 2488 2019 2544 ventis

370 2584 428 2637 et
454 2579 601 2636 mari
634 2576 957 2650 imperavit.
998 2575 1113 2630 Nec
1143 2574 1270 2630 ideo
1298 2574 1461 2630 navis
1492 2574 1752 2630 ofﬁcium
1783 2594 2018 2632 assum-

370 2668 507 2743 psit,
558 2671 765 2724 utnon
798 2668 991 2739 posset
1025 2680 1183 2719 mare
1232 2662 1471 2729 siccare,
1524 2662 1674 2719 sicut
1722 2666 2017 2736 quondam

369 2774 564 2815 coram
593 2756 730 2812 ﬁliis
761 2751 936 2811 Israel
973 2754 1185 2809 fecerat
1212 2769 1224 2807 :
1272 2750 1359 2807 vel
1391 2769 1570 2824 super
1598 2753 1813 2809 ﬂuctus
1841 2756 2020 2811 maris

370 2846 691 2913 ambulare,
725 2843 826 2917 qui
856 2841 1033 2899 etiam
1069 2842 1257 2906 Petro,
1283 2844 1347 2896 ut
1372 2857 1548 2912 super
1572 2841 1784 2898 ﬂuctus
1813 2844 2019 2898 ambu-

367 2935 536 3007 laret,
569 2934 810 2990 tribuit:
842 2932 942 2987 sed
966 2948 1091 3003 quae
1113 2927 1370 2985 hominis
1401 2933 1540 2983 sunt
1560 2930 1702 3001 egit,
1736 2935 1799 2986 ut
1818 2948 2018 2987 verum

369 3023 668 3081 hominem
702 3038 806 3095 pro
836 3018 1006 3075 nobis
1030 3018 1247 3074 factum
1271 3034 1331 3072 se
1352 3034 1479 3073 esse
1501 3016 1845 3075 insinuaret.
1877 3020 2022 3077 Alle-

370 3111 564 3185 gorice
594 3114 791 3168 autem
823 3108 1005 3175 navis,
1032 3123 1208 3179 quam
1231 3105 1515 3162 Dominus
1538 3108 1822 3173 ascendit,
1845 3109 2020 3165 vexil-

2107 526 2286 583 dicit:
2331 550 2356 580 α
2386 529 2504 601 Ego
2534 528 2783 585 dormivi
2830 533 2885 585 et
2916 531 3228 602 soporatus
3259 543 3414 595 sum,
3460 530 3516 582 et
3567 542 3766 582 exsur-

2108 616 2227 671 rexi
2262 618 2434 679 (Psal.
2464 635 2526 673 ιιι
2556 660 2568 672 .
2609 640 2636 667 ››
3000 634 3016 645 -

2179 729 2206 754 «
2242 707 2311 761 Et
2331 711 2702 762 accesserunt
2724 708 2795 762 ad
2819 723 2953 762 eum
2976 705 3252 779 discipuli
3278 706 3428 777 ejus,
3448 708 3505 759 et
3524 704 3770 760 suscita-

2111 817 2138 843 «
2163 799 2371 850 verunt
2384 812 2541 863 eum,
2562 796 2842 852 dicentes:
2861 795 3125 862 Domine,
3142 793 3304 850 salva
3318 793 3769 865 nos,perimus.»

2110 882 2237 938 Non
2260 888 2322 938 ut
2343 884 2569 956 aliquid
2594 886 2651 940 in
2678 885 3103 941 resurrectione
3129 900 3263 940 eum
3276 883 3487 955 juvare
3508 886 3768 955 possent,

2111 971 2211 1044 qui
2261 990 2323 1029 se
2354 975 2590 1047 propria
2618 974 2832 1029 virtute
2865 972 3254 1037 resuscitavit,
3288 972 3390 1029 sed
3443 971 3612 1043 quasi
3664 971 3776 1044 ipsi

2112 1077 2245 1117 eum
2279 1063 2732 1129 suscitaverunt,
2787 1063 2886 1135 qui
2917 1063 2987 1119 de
3044 1063 3172 1134 ejus
3231 1060 3658 1117 resurrectione
3711 1077 3777 1116 ex

2115 1156 2277 1224 parte
2298 1152 2734 1221 dubitaverunt,
2767 1157 2922 1207 recte
2953 1150 3196 1207 dicitur:

2191 1241 2308 1295 «Et
2338 1241 2483 1296 dixit
2504 1243 2621 1297 eis:
2658 1240 2893 1297 Modica)
2932 1241 3089 1308 ﬁdei,
3136 1256 3318 1312 quare
3347 1238 3664 1294 dubitastis
3692 1238 3719 1293 ‘I
3750 1261 3778 1288 »

2116 1329 2351 1385 Modicae
2384 1330 2517 1385 ﬁdei
2559 1334 2668 1397 est,
2717 1330 2817 1403 qui
2858 1346 2926 1385 ex
2969 1334 3132 1403 parte
3181 1329 3384 1396 credit,
3416 1332 3474 1384 et
3502 1345 3571 1383 ex
3621 1334 3783 1401 parte

2118 1435 2235 1475 non
2266 1419 2465 1475 credit.
2497 1419 2644 1474 Nam
2689 1419 2786 1491 qui
2815 1436 2886 1475 ex
2915 1423 3037 1475 toto
3087 1417 3336 1486 dubitat,
3385 1415 3642 1472 inﬁdelis
3673 1421 3780 1488 est.

2118 1508 2354 1564 Modiete
2386 1525 2522 1582 ergo
2553 1508 2689 1564 ﬁdei
2732 1507 3006 1581 appellati
3044 1511 3185 1564 sunt
3228 1504 3497 1580 apostoli,
3551 1505 3693 1578 quia
3726 1506 3782 1560 in

2120 1598 2249 1669 ejus
2301 1598 2735 1654 resurrectione,
2797 1601 3086 1669 exparte
3144 1596 3583 1662 dubitaverunt,
3638 1599 3786 1652 teste

2121 1686 2411 1751 Matthaeo,
2441 1687 2540 1759 qui
2574 1687 2683 1742 ait:
2741 1708 2769 1737 ‹‹
2800 1685 3080 1742 Undecim
3113 1684 3389 1758 discipuli
3422 1684 3698 1740 abierunt
3727 1685 3781 1740 in

2044 1807 2093 1872 Β
2124 1774 2442 1844 Galilaeam,
2464 1775 2523 1830 in
2555 1780 2810 1832 montem
2840 1774 2939 1830 ubi
2962 1773 3347 1830 constituerat
3368 1771 3487 1828 illis
3508 1773 3706 1841 Jesus,
3728 1778 3784 1829 et

2122 1864 2383 1920 videntes
2409 1881 2541 1919 eum
2577 1865 2984 1929 adoraverunt,
3030 1863 3273 1935 quidam
3303 1865 3499 1918 autem
3549 1862 3782 1927 dubita-

2122 1958 2330 2010 verunt
2358 1954 2572 2016 (Matth.
2600 1959 2878 2020 xxvm).-»
2912 1952 3075 2008 Unde
3099 1952 3307 2007 merito
3321 1952 3493 2023 juxta
3518 1951 3778 2017 Marcum

2125 2042 2541 2115 evangelistam
2593 2042 2908 2100 novissime
2960 2041 3295 2112 increpatur
3322 2039 3560 2097 illorum
3590 2040 3777 2095 inere-

2126 2131 2363 2199 dulitas,
2391 2136 2446 2187 et
2466 2131 2685 2187 duritia
2704 2130 2916 2195 cordis,
2944 2130 3083 2202 quia
3109 2128 3222 2196 his,
3247 2129 3347 2201 qui
3368 2129 3635 2185 viderant
3651 2146 3784 2185 eum

2126 2221 2533 2288 resurrexisse,
2586 2238 2700 2276 non
2752 2220 3147 2277 crediderunt.
3179 2219 3259 2274 De
3288 2217 3397 2273 hac
3446 2218 3785 2276 modicitate

2126 2310 2263 2366 ﬁdei
2285 2310 2681 2382 arguebantur
2703 2308 2810 2376 illi,
2834 2308 2935 2380 qui
2966 2325 3000 2363 a
3029 2306 3276 2364 Domino
3300 2306 3646 2363 audierant:
3683 2331 3711 2357 «
3744 2308 3786 2363 Ο

2128 2398 2291 2455 stulti
2323 2404 2379 2454 et
2408 2397 2558 2453 tardi
2582 2398 2753 2453 corde
2786 2398 2856 2452 ad
2884 2397 3241 2453 credendum
3263 2395 3322 2450 in
3351 2395 3630 2452 omnibus
3662 2413 3788 2468 qua:

2126 2486 2303 2543 locuti
2323 2492 2460 2543 sunt
2480 2486 2772 2559 prophetis
2795 2488 2945 2558 (Luc.
2970 2494 3143 2555 xxxv).
3168 2508 3194 2535 ››
3214 2516 3282 2524 —
3303 2507 3331 2534 ‹‹
3355 2487 3514 2539 Tunc
3538 2500 3787 2557 surgens

2130 2598 2157 2626 ‹‹
2192 2575 2500 2648 imperavit
2528 2575 2715 2631 ventis
2745 2578 2802 2631 et
2831 2574 2999 2643 mari,
3029 2579 3086 2629 et
3107 2574 3259 2629 facta
3278 2578 3367 2629 est
3386 2572 3788 2646 tranquillitas

2128 2688 2157 2717 ‹‹
2193 2682 2425 2739 magna.
2446 2663 2903 2738 »Surgensenim
2926 2663 3231 2731 Dominus,
3248 2661 3437 2719 ventis
3450 2666 3505 2718 et
3518 2662 3669 2718 mari
3685 2662 3789 2719 im-

2128 2751 2371 2824 peravit,
2409 2752 2644 2824 quando
2676 2768 2845 2808 suam
2880 2750 3366 2807 resurrectionem
3397 2751 3788 2809 manifestans

2129 2840 2506 2912 diseipuliset
2517 2857 2718 2896 eorum
2734 2840 3030 2896 mentibus
3045 2839 3469 2895 dubitationem
3487 2838 3789 2911 quiescere

2129 2927 2283 2996 fecit,
2307 2934 2364 2985 et
2386 2930 2685 2986 frementis
2706 2929 3041 2985 Judaeorum
3078 2928 3277 3001 populi
3308 2926 3590 2984 saevitiam
3619 2945 3787 2984 com-

2129 3018 2365 3090 pressit,
2399 3017 2641 3089 impleta
2668 3017 2975 3090 prophetia
3004 3035 3131 3090 quae
3160 3017 3336 3073 dicit:
3378 3041 3405 3068 ‹‹
3442 3018 3623 3073 Terra
3670 3021 3785 3074 tre-

2131 3105 2279 3161 muit
2298 3111 2357 3162 et
2387 3105 2623 3179 quievit,
2657 3123 2789 3162 cum
2823 3094 3151 3179 resurgeret
3181 3104 3241 3160 in
3263 3105 3488 3178 judicio
3511 3106 3687 3175 Deus,
3722 3110 3791 3162 ut

369 3175 494 3258 lum
527 3200 718 3258 erucis
750 3198 1060 3273 signiﬁcat.
1095 3194 1271 3265 Quasi
1310 3196 1465 3250 enim
1499 3213 1705 3252 navem
1736 3199 2016 3267 ascendit,
2050 3175 2092 3242 (ἶ
2130 3194 2320 3250 salvos
2336 3195 2550 3250 faceret
2574 3212 2778 3251 omnes
2800 3200 3140 3251 mansuetos
3155 3198 3328 3250 terrae
3358 3196 3530 3268 (Psal.
3560 3196 3789 3258 mum.»

373 3291 608 3367 quando
655 3307 758 3362 pro
808 3290 1009 3344 nostra
1047 3283 1391 3340 liberatione
1421 3283 1479 3338 in
1512 3283 1670 3358 ligno
1729 3287 1916 3343 crucis
1964 3305 2025 3344 se

372 3378 583 3436 elevari
638 3377 925 3449 permisit,
975 3375 1130 3430 sicut
1179 3373 1304 3444 ipse
1333 3372 1554 3428 Judazis
1584 3374 1766 3430 dixit:
1820 3397 1849 3426 «
1879 3376 2022 3431 Cum

373 3465 761 3537 exaltaveritis
787 3463 995 3519 Filium
1029 3459 1307 3527 hominis,
1341 3464 1483 3514 tunc
1516 3460 1711 3517 scietis
1751 3463 1890 3533 quia
1918 3481 2023 3538 ego

371 3570 507 3610 sum
557 3557 747 3621 (Joan.
786 3550 928 3618 vm).
965 3573 991 3599 »
1024 3548 1187 3604 Unde
1218 3548 1364 3603 bene
1393 3547 1623 3604 Marcus
1656 3566 1832 3622 prope
1882 3551 2022 3608 solis

372 3659 647 3701 occasum
679 3657 815 3696 eum
846 3654 1053 3694 navem
1099 3635 1436 3692 ascendisse
1488 3644 1924 3707 commemorat,
1958 3646 2024 3697 ut

369 3729 665 3805 passionis
695 3730 824 3799 ejus
854 3729 1290 3783 sacramentum
1314 3723 1657 3795 insinuaret,
1683 3727 1753 3783 de
1784 3745 1899 3800 quo
1920 3746 2023 3801 per

369 3819 714 3893 prophetam
764 3814 1009 3871 dicitur:
1059 3837 1086 3863 ‹‹
1121 3813 1218 3870 Sol
1248 3813 1812 3884 cognovitoceasum
1844 3834 2020 3874 suum

367 3909 539 3979 (Psal.
568 3910 706 3976 CIII).
742 3928 769 3955 »
820 3903 1012 3963 Secuti
1047 3906 1186 3959 sunt
1233 3919 1366 3958 eum
1400 3902 1670 3975 discipuli
1703 3907 1850 3977 ejus,
1885 3906 2022 3980 quia

364 3995 610 4070 vestigia
630 3996 758 4066 ejus
780 3991 1072 4067 passionis
1095 3994 1235 4047 sunt
1256 3989 1493 4045 imitati.
1523 3990 1696 4063 Sequi
1721 3993 1877 4049 enim
1913 4000 2017 4052 Do-

367 4086 618 4153 minum,
653 4082 868 4138 imitari
892 4085 999 4147 est,
1023 4080 1175 4137 sicut
1196 4080 1320 4151 ipse
1336 4078 1477 4134 dicit
1504 4097 1516 4135 :
1545 4104 1571 4129 ‹‹
1597 4082 1701 4147 Qui
1731 4082 1873 4138 mihi
1907 4086 2015 4140 mi-

365 4160 597 4240 nistrat,
630 4189 725 4228 me
755 4173 1035 4244 sequatur
1064 4172 1248 4231 (Joan.
1282 4172 1398 4232 xu).
1428 4190 1455 4217 »
1489 4168 1555 4223 Et
1581 4167 1792 4227 iterum
1816 4189 1829 4227 :
1857 4196 1886 4223 «
1910 4174 2016 4237 Qui

363 4264 488 4321 vult
516 4261 711 4321 venire
742 4265 876 4334 post
910 4276 1022 4327 me,
1058 4257 1306 4330 abneget
1335 4256 1737 4329 semetipsum,
1769 4263 1825 4316 et
1852 4261 2019 4318 tollat

363 4369 595 4410 crucem
630 4368 823 4421 suam,
856 4352 915 4405 et
947 4349 1226 4420 sequatur
1257 4360 1350 4400 me
1381 4349 1532 4414 (Luc.
1566 4345 1663 4417 IX).
1702 4369 1730 4396 »
1762 4348 1872 4405 Sed
1905 4350 2015 4406 Do-

363 4443 523 4499 mino
554 4457 759 4498 navem
792 4438 1162 4495 ascendente.

2205 3308 2231 3333 ‹‹
2258 3285 2432 3340 Porro
2462 3283 2730 3340 homines
2753 3274 3124 3353 miratisunt,
3155 3284 3451 3340 dicentes:
3480 3283 3681 3348 Qualis
3702 3290 3797 3341 est

2133 3394 2159 3420 α
2187 3371 2302 3439 hic,
2335 3372 2473 3443 quia
2500 3372 2654 3427 venti
2687 3375 2745 3428 et
2775 3388 2935 3427 mare
2983 3371 3265 3427 obediunt
3290 3371 3389 3426 ei?
3420 3394 3447 3421 ››
3496 3371 3618 3426 Non
3678 3371 3793 3428 hoc

2132 3459 2377 3532 apostoli
2411 3460 2626 3516 dixisse
2656 3461 2899 3533 putandi
2945 3462 3102 3528 sunt,
3151 3461 3249 3515 sed
3288 3465 3475 3515 nauta:
3507 3464 3563 3515 et
3595 3461 3795 3522 caeteri

2133 3547 2231 3620 qui
2264 3554 2430 3603 erant
2457 3548 2516 3603 in
2547 3549 2699 3604 navi.
2732 3549 2843 3604 Sed
2876 3548 2923 3606 si
2950 3548 3082 3621 quis
3106 3547 3465 3604 contentiose
3506 3547 3613 3604 hoc
3647 3565 3797 3621 apo-

2130 3636 2312 3693 stolos
2341 3637 2558 3693 dixisse
2598 3637 2890 3707 defendat,
2921 3638 3144 3695 noverit
3189 3655 3289 3693 eos
3340 3636 3611 3693 homines
3658 3654 3799 3695 esse

2130 3726 2469 3798 appellatos,
2506 3727 2646 3798 quia
2673 3726 2865 3783 adhuc
2895 3727 3155 3783 humana
3184 3726 3510 3798 sepiebant.
3557 3726 3706 3781 Nam
3739 3727 3796 3784 si

2131 3815 2263 3887 quis
2296 3815 2620 3871 divinitatis
2668 3819 2939 3872 naturam
2984 3815 3333 3884 consideret,
3370 3832 3488 3870 non
3538 3820 3629 3870 est
3677 3815 3795 3872 hoc

2130 3903 2370 3971 mirum,
2394 3903 2443 3959 si
2459 3904 2648 3960 ventis
2669 3910 2725 3959 et
2743 3904 2889 3960 mari
2912 3904 3101 3976 potuit
3123 3904 3430 3977 imperare,
3452 3903 3551 3977 qui
3573 3909 3796 3960 cuneta

2128 4010 2195 4048 ex
2227 3993 2411 4048 nihilo
2442 3994 2630 4065 potuit
2660 4010 2872 4051 creare.
2908 3994 3037 4065 Ipse
3059 3994 3216 4050 enim
3248 3998 3373 4049 erat
3398 3994 3458 4048 in
3495 3992 3647 4058 navi,
3685 3994 3795 4066 qui

2126 4081 2185 4136 in
2239 4081 2522 4154 principio
2571 4081 2888 4137 terminum
2942 4082 3250 4137 constituit
3297 4081 3501 4148 maris,
3541 4080 3788 4137 dicens:

2129 4192 2157 4222 «
2186 4168 2498 4243 Hucusquc
2528 4171 2745 4239 venies,
2779 4176 2837 4227 et
2863 4175 2981 4226 non
3006 4172 3285 4244 procedes
3311 4169 3565 4243 amplius
3598 4174 3658 4225 et
3687 4171 3791 4226 hic

2126 4260 2458 4333 confringes
2496 4263 2790 4315 tumentes
2837 4260 3052 4315 ﬂuetus
3098 4265 3232 4316 tuos
3282 4261 3423 4329 (Job.
3458 4272 3718 4333 xxxvlu).
3761 4282 3785 4311 ιι

2126 4349 2447 4405 Possumus
2480 4364 2710 4420 quoque
2739 4353 2798 4405 et
2829 4350 2976 4405 hanc
2998 4347 3232 4404 Domini
3255 4347 3686 4420 navigationem
3709 4349 3790 4425 ad

2124 4437 2453 4509 generalem
2477 4434 2745 4492 Ecclesiae
2766 4438 2976 4492 referre
2994 4437 3481 4510 persecutionem,
3501 4437 3795 4509 quoniam

437 4553 463 4578 ‹‹
498 4531 690 4585 Motus
720 4543 972 4601 magnus
1004 4525 1191 4581 tactus
1216 4526 1305 4578 est
1325 4521 1382 4576 in
1408 4522 1576 4588 mari,
1604 4545 1631 4571 ››
1654 4524 1812 4594 quia,
1837 4524 1935 4581 illo
1958 4525 2017 4581 in
2048 4537 2093 4600 Ι)
2129 4524 2290 4580 navis
2319 4524 2637 4596 aliquando
2660 4523 2916 4580 Ecclesia
2937 4526 3306 4598 designatur,
3338 4524 3494 4581 sicut
3521 4541 3624 4596 per
3654 4542 3796 4598 pro-

360 4634 531 4673 cruce
552 4617 860 4689 pendente,
875 4613 1190 4670 commotio
1206 4612 1356 4666 facta
1372 4610 1540 4666 estin
1558 4610 1771 4683 populo
1786 4612 2016 4670 Judan-

362 4723 513 4763 rum.
540 4704 715 4770 Quasi
748 4703 904 4759 enim
931 4719 1092 4759 mare
1114 4700 1398 4766 tumebat,
1422 4700 1656 4770 quando
1676 4699 2012 4760 Judaeorum
2039 4774 2045 4779 ρ

358 4794 613 4868 papulas
644 4793 943 4850 fremendo
977 4790 1307 4846 clamabat:
1342 4810 1370 4837 ‹‹
1403 4786 1708 4860 Crueitige,
1741 4790 2014 4864 cruciﬁge

360 4884 536 4955 (Joan.
586 4890 752 4949 XIX)»
802 4881 1000 4937 talem.
1053 4881 1305 4934 Tantum
1357 4880 1554 4931 autem
1588 4881 1784 4933 motus
1835 4879 2014 4936 maris

358 4969 680 5042 praevaluit,
706 4994 732 5021 «
758 4974 820 5024 ut
851 4966 1116 5025 navicula
1147 4964 1471 5038 operiretur
1490 4963 1786 5021 ﬂuctibus.
1818 4990 1843 5015 ››
1867 4967 2015 5031 Quia

359 5057 420 5113 in
452 5061 681 5112 tantum
734 5057 983 5112 excrevit
1030 5053 1354 5127 persecutio
1399 5052 1758 5124 Judaeorum,
1794 5060 1858 5109 ut
1889 5055 2012 5126 ipse

354 5145 630 5218 princeps
655 5144 1049 5215 apostolorum
1087 5142 1385 5198 Christum
1421 5145 1678 5214 negaret,
1714 5146 1771 5197 et
1801 5141 1926 5214 ipse
1955 5149 2014 5201 et

359 5232 456 5290 alii
502 5237 734 5305 propter
784 5235 1006 5287 metum
1038 5232 1373 5286 Judaeorum
1405 5228 1465 5284 in
1505 5229 1760 5286 conclavi
1795 5231 2009 5289 reside-

359 5326 507 5377 rent.
534 5343 559 5369 «
586 5321 712 5392 Ipse
753 5336 885 5375 vero
917 5318 1273 5373 dormiebat:
1304 5341 1328 5367 ››
1381 5317 1520 5390 quia
1568 5320 2010 5379 resurrectionis

356 5427 476 5467 suae
523 5408 846 5481 potentiam
906 5400 1090 5478 usque
1134 5405 1192 5460 in
1251 5405 1513 5461 triduum
1564 5407 1884 5465 differebat.
1942 5412 2011 5467 Et

354 5499 596 5572 pulchre
620 5514 776 5554 mors
797 5494 1008 5552 Christi
1032 5510 1237 5550 somno
1259 5500 1651 5567 comparatur,
1676 5497 1813 5569 quia
1836 5516 2006 5554 nemo

356 5605 476 5668 tam
510 5587 674 5644 facile
703 5586 987 5646 excitatur
1017 5602 1050 5640 a
1080 5599 1308 5651 somno,
1349 5599 1527 5653 quam
1565 5584 1660 5640 ille
1693 5589 2008 5645 resurrexit

2127 4613 2362 4685 phetam
2385 4612 2639 4668 dicitur:
2666 4634 2693 4661 ››
2725 4613 2831 4680 Qui
2854 4614 3220 4670 descendunt
3250 4629 3410 4669 mare
3430 4612 3489 4668 in
3514 4612 3793 4682 navibus,

2122 4700 2401 4757 facientes
2421 4700 2813 4773 operationem
2834 4702 2892 4757 in
2911 4702 3082 4774 aquis
3101 4701 3327 4759 multis.
3348 4701 3497 4775 Ipsis
3512 4702 3797 4757 viderunt

2122 4806 2297 4862 opera
2334 4788 2584 4855 Domini,
2618 4794 2674 4846 et
2718 4790 3011 4846 mirabilia
3041 4792 3170 4862 ejus
3195 4790 3255 4846 in
3284 4790 3577 4864 profundo
3610 4792 3788 4851 (Psal.

2122 4880 2254 4942 ενι).
2292 4902 2318 4929 ››
2350 4878 2456 4942 Qui
2487 4895 2622 4951 ergo
2654 4879 2895 4953 pelagus
2927 4880 3133 4934 mundi
3166 4879 3418 4935 transire
3464 4878 3788 4950 desiderat,

2121 4967 2301 5039 hujus
2324 4967 2486 5023 navis
2503 4968 2795 5041 gremium
2811 4984 3044 5025 necesse
3066 4969 3361 5031 ascendat,
3388 4968 3446 5024 id
3467 4971 3577 5035 est,
3591 4968 3791 5025 Eccle-

2122 5056 2219 5112 siae
2252 5056 2533 5113 membris
2554 5073 2616 5112 se
2639 5057 2750 5113 ﬁde
2772 5061 2828 5112 et
2857 5073 3028 5129 opere
3051 5058 3251 5113 societ.
3286 5056 3463 5122 Quasi
3485 5057 3645 5112 enim
3676 5058 3789 5113 Do-

2122 5146 2320 5201 minus
2339 5163 2543 5202 navem
2565 5145 2849 5214 ascendit,
2872 5147 3109 5218 quando
3131 5145 3589 5219 praedicantibus
3610 5145 3793 5202 discis

2118 5234 2275 5307 pulis
2306 5236 2377 5290 ad
2408 5234 2727 5291 Ecclesiam
2759 5234 2931 5290 venit.
2970 5258 2999 5285 «
3033 5236 3142 5291 Sed
3177 5240 3375 5291 motus
3407 5250 3664 5307 magnus
3696 5235 3788 5291 fa-

2118 5328 2248 5380 ctus
2269 5329 2358 5381 est
2381 5324 2439 5378 in
2462 5322 2629 5377 mari.
2653 5346 2678 5371 ››
2699 5321 2842 5386 Quia
2863 5324 3188 5395 persecutio
3206 5339 3599 5397 paganorum,
3618 5321 3793 5383 iusti.

2116 5418 2289 5485 gante
2312 5410 2561 5478 diabolo,
2588 5417 2789 5467 contra
2812 5413 3129 5470 Ecclesiam
3160 5411 3548 5477 consurrexit,
3572 5410 3634 5466 in
3655 5402 3790 5475 tané

2114 5505 2241 5556 tum
2261 5524 2288 5548 «
2308 5506 2373 5555 ut
2390 5498 2655 5554 navicula
2674 5501 2829 5574 Operi
2841 5507 2998 5558 retur
3018 5502 3317 5559 ﬂuctibus.
3340 5524 3366 5551 ››
3389 5498 3700 5568 Videlicet,
3717 5502 3789 5556 ut

2114 5593 2409 5645 crescente
2444 5590 2866 5662 persecutione,
2893 5592 3147 5650 Ecclesia
3176 5592 3234 5648 in
3266 5588 3468 5664 paucis
3498 5587 3780 5645 ﬁdelibus
