  <div class='ocr_page' id='page_1' title='image "/cluster/home/n/w/nwhite01/storage/ocr_20150623/118/hvd.32044073505158/080.png"; bbox 0 0 4070 6190; ppageno 0'>
   <div class='ocr_carea' id='block_1_1' title="bbox 266 336 389 404">
    <p class='ocr_par' dir='ltr' id='par_1_1' title="bbox 266 336 389 404">
     <span class='ocr_line' id='line_1_1' title="bbox 266 336 389 404; baseline -0.016 0"><span class='ocrx_word' id='word_1_1' title='bbox 266 336 389 404; x_wconf 70' lang='grc'><strong>149</strong></span> 
     </span>
    </p>
   </div>
   <div class='ocr_carea' id='block_1_2' title="bbox 1499 326 2441 397">
    <p class='ocr_par' dir='ltr' id='par_1_2' title="bbox 1499 326 2441 397">
     <span class='ocr_line' id='line_1_2' title="bbox 1499 326 2441 397; baseline -0.005 0"><span class='ocrx_word' id='word_1_2' title='bbox 1499 330 1697 397; x_wconf 85' lang='grc' dir='ltr'><strong>ΗΟΜΙ</strong></span> <span class='ocrx_word' id='word_1_3' title='bbox 1710 329 1856 394; x_wconf 67' lang='lat' dir='ltr'><strong>LIIE</strong></span> <span class='ocrx_word' id='word_1_4' title='bbox 1899 326 2001 392; x_wconf 89' lang='lat' dir='ltr'><strong>DE</strong></span> <span class='ocrx_word' id='word_1_5' title='bbox 2044 327 2441 394; x_wconf 79' lang='lat' dir='ltr'><strong>TEMPORE.</strong></span> 
     </span>
    </p>
   </div>
   <div class='ocr_carea' id='block_1_3' title="bbox 3556 320 3674 391">
    <p class='ocr_par' dir='ltr' id='par_1_3' title="bbox 3556 320 3674 391">
     <span class='ocr_line' id='line_1_3' title="bbox 3556 320 3674 391; baseline -0.017 0"><span class='ocrx_word' id='word_1_6' title='bbox 3556 320 3674 391; x_wconf 71' lang='grc'><strong>150</strong></span> 
     </span>
    </p>
   </div>
   <div class='ocr_carea' id='block_1_4' title="bbox 261 463 3671 549">
    <p class='ocr_par' dir='ltr' id='par_1_4' title="bbox 261 463 3671 549">
     <span class='ocr_line' id='line_1_4' title="bbox 261 463 3671 549; baseline -0.003 -14"><span class='ocrx_word' id='word_1_7' title='bbox 261 478 360 535; x_wconf 85' lang='lat' dir='ltr'><strong>vix</strong></span> <span class='ocrx_word' id='word_1_8' title='bbox 386 472 570 535; x_wconf 83' lang='lat' dir='ltr'><strong>latere</strong></span> <span class='ocrx_word' id='word_1_9' title='bbox 601 473 949 549; x_wconf 77' lang='lat' dir='ltr'><strong>possetmec</strong></span> <span class='ocrx_word' id='word_1_10' title='bbox 980 470 1222 529; x_wconf 80' lang='lat' dir='ltr'><strong>auderet</strong></span> <span class='ocrx_word' id='word_1_11' title='bbox 1250 468 1483 545; x_wconf 90' lang='lat' dir='ltr'><strong>publice</strong></span> <span class='ocrx_word' id='word_1_12' title='bbox 1504 484 1714 526; x_wconf 88' lang='lat' dir='ltr'><strong>nomen</strong></span> <span class='ocrx_word' id='word_1_13' title='bbox 1729 463 1911 522; x_wconf 89' lang='lat' dir='ltr'><strong>Chisti</strong></span> <span class='ocrx_word' id='word_1_14' title='bbox 1939 463 1998 534; x_wconf 72' lang='grc' dir='ltr'><strong>Α</strong></span> <span class='ocrx_word' id='word_1_15' title='bbox 2026 466 2273 539; x_wconf 70' lang='lat' dir='ltr'><strong>propriae</strong></span> <span class='ocrx_word' id='word_1_16' title='bbox 2323 465 2516 523; x_wconf 89' lang='lat' dir='ltr'><strong>carnis</strong></span> <span class='ocrx_word' id='word_1_17' title='bbox 2569 464 2843 523; x_wconf 90' lang='lat' dir='ltr'><strong>stimulos</strong></span> <span class='ocrx_word' id='word_1_18' title='bbox 2892 481 3000 523; x_wconf 89' lang='lat' dir='ltr'><strong>sua</strong></span> <span class='ocrx_word' id='word_1_19' title='bbox 3044 463 3256 522; x_wconf 88' lang='lat' dir='ltr'><strong>virtute</strong></span> <span class='ocrx_word' id='word_1_20' title='bbox 3306 483 3581 539; x_wconf 89' lang='lat' dir='ltr'><strong>superare</strong></span> <span class='ocrx_word' id='word_1_21' title='bbox 3609 483 3671 526; x_wconf 84' lang='lat' dir='ltr'><strong>se</strong></span> 
     </span>
    </p>
   </div>
   <div class='ocr_carea' id='block_1_5' title="bbox 264 555 1918 638">
    <p class='ocr_par' dir='ltr' id='par_1_5' title="bbox 264 555 1918 638">
     <span class='ocr_line' id='line_1_5' title="bbox 264 555 1918 638; baseline -0.011 -12"><span class='ocrx_word' id='word_1_22' title='bbox 264 567 557 638; x_wconf 82' lang='lat' dir='ltr'><strong>conﬁteri,</strong></span> <span class='ocrx_word' id='word_1_23' title='bbox 588 564 704 621; x_wconf 91' lang='lat' dir='ltr'><strong>nisi</strong></span> <span class='ocrx_word' id='word_1_24' title='bbox 738 564 840 638; x_wconf 88' lang='lat' dir='ltr'><strong>qui</strong></span> <span class='ocrx_word' id='word_1_25' title='bbox 872 567 1112 636; x_wconf 84' lang='lat' dir='ltr'><strong>paratus</strong></span> <span class='ocrx_word' id='word_1_26' title='bbox 1140 565 1295 619; x_wconf 84' lang='lat' dir='ltr'><strong>esset</strong></span> <span class='ocrx_word' id='word_1_27' title='bbox 1333 559 1488 615; x_wconf 75' lang='lat' dir='ltr'><strong>illico</strong></span> <span class='ocrx_word' id='word_1_28' title='bbox 1537 575 1641 631; x_wconf 91' lang='lat' dir='ltr'><strong>pro</strong></span> <span class='ocrx_word' id='word_1_29' title='bbox 1689 555 1918 611; x_wconf 86' lang='lat' dir='ltr'><strong>Christo</strong></span> 
     </span>
    </p>
   </div>
   <div class='ocr_carea' id='block_1_6' title="bbox 263 643 1919 728">
    <p class='ocr_par' dir='ltr' id='par_1_6' title="bbox 263 643 1919 728">
     <span class='ocr_line' id='line_1_6' title="bbox 263 643 1919 728; baseline -0.01 -14"><span class='ocrx_word' id='word_1_30' title='bbox 263 655 418 715; x_wconf 92' lang='lat' dir='ltr'><strong>mori</strong></span> <span class='ocrx_word' id='word_1_31' title='bbox 454 673 468 713; x_wconf 90' lang='lat'>:</span> <span class='ocrx_word' id='word_1_32' title='bbox 501 655 661 728; x_wconf 92' lang='lat' dir='ltr'><strong>quod</strong></span> <span class='ocrx_word' id='word_1_33' title='bbox 693 653 910 709; x_wconf 88' lang='lat' dir='ltr'><strong>factum</strong></span> <span class='ocrx_word' id='word_1_34' title='bbox 944 650 1200 706; x_wconf 63' lang='lat' dir='ltr'><strong>historia;</strong></span> <span class='ocrx_word' id='word_1_35' title='bbox 1249 649 1509 707; x_wconf 86' lang='lat' dir='ltr'><strong>referunt</strong></span> <span class='ocrx_word' id='word_1_36' title='bbox 1556 643 1919 717; x_wconf 83' lang='lat' dir='ltr'><strong>temporibus</strong></span> 
     </span>
    </p>
   </div>
   <div class='ocr_carea' id='block_1_7' title="bbox 262 731 1916 809">
    <p class='ocr_par' dir='ltr' id='par_1_7' title="bbox 262 731 1916 809">
     <span class='ocr_line' id='line_1_7' title="bbox 262 731 1916 809; baseline -0.01 -6"><span class='ocrx_word' id='word_1_37' title='bbox 262 743 613 803; x_wconf 76' lang='lat' dir='ltr'><strong>Diocletiani</strong></span> <span class='ocrx_word' id='word_1_38' title='bbox 640 747 699 798; x_wconf 90' lang='lat' dir='ltr'><strong>et</strong></span> <span class='ocrx_word' id='word_1_39' title='bbox 729 737 1429 805; x_wconf 82' lang='lat' dir='ltr'><strong>Maximiani,eta1iorum</strong></span> <span class='ocrx_word' id='word_1_40' title='bbox 1460 734 1561 809; x_wconf 90' lang='lat' dir='ltr'><strong>qui</strong></span> <span class='ocrx_word' id='word_1_41' title='bbox 1592 731 1916 789; x_wconf 87' lang='lat' dir='ltr'><strong>Ecclesiam</strong></span> 
     </span>
    </p>
   </div>
   <div class='ocr_carea' id='block_1_8' title="bbox 264 820 1920 901">
    <p class='ocr_par' dir='ltr' id='par_1_8' title="bbox 264 820 1920 901">
     <span class='ocr_line' id='line_1_8' title="bbox 264 820 1920 901; baseline -0.011 -8"><span class='ocrx_word' id='word_1_42' title='bbox 264 853 385 893; x_wconf 91' lang='lat' dir='ltr'><strong>non</strong></span> <span class='ocrx_word' id='word_1_43' title='bbox 418 829 794 889; x_wconf 84' lang='lat' dir='ltr'><strong>mediocriter</strong></span> <span class='ocrx_word' id='word_1_44' title='bbox 822 828 1113 901; x_wconf 79' lang='lat' dir='ltr'><strong>persecuti</strong></span> <span class='ocrx_word' id='word_1_45' title='bbox 1147 829 1308 882; x_wconf 91' lang='lat' dir='ltr'><strong>sunt.</strong></span> <span class='ocrx_word' id='word_1_46' title='bbox 1327 830 1641 898; x_wconf 85' lang='lat' dir='ltr'><strong>«Ipsevero</strong></span> <span class='ocrx_word' id='word_1_47' title='bbox 1674 820 1920 878; x_wconf 88' lang='lat' dir='ltr'><strong>dormie-</strong></span> 
     </span>
    </p>
   </div>
   <div class='ocr_carea' id='block_1_9' title="bbox 264 910 1917 994">
    <p class='ocr_par' dir='ltr' id='par_1_9' title="bbox 264 910 1917 994">
     <span class='ocr_line' id='line_1_9' title="bbox 264 910 1917 994; baseline -0.011 -12"><span class='ocrx_word' id='word_1_48' title='bbox 264 925 432 994; x_wconf 81' lang='lat' dir='ltr'><strong>bat,»</strong></span> <span class='ocrx_word' id='word_1_49' title='bbox 464 921 609 994; x_wconf 83' lang='lat' dir='ltr'><strong>quia</strong></span> <span class='ocrx_word' id='word_1_50' title='bbox 637 918 875 974; x_wconf 84' lang='lat' dir='ltr'><strong>virtutis</strong></span> <span class='ocrx_word' id='word_1_51' title='bbox 904 934 1024 973; x_wconf 62' lang='lat' dir='ltr'><strong>suae</strong></span> <span class='ocrx_word' id='word_1_52' title='bbox 1051 915 1375 989; x_wconf 80' lang='lat' dir='ltr'><strong>potentiam</strong></span> <span class='ocrx_word' id='word_1_53' title='bbox 1407 929 1525 968; x_wconf 90' lang='lat' dir='ltr'><strong>non</strong></span> <span class='ocrx_word' id='word_1_54' title='bbox 1554 910 1917 968; x_wconf 80' lang='lat' dir='ltr'><strong>ostendebat.</strong></span> 
     </span>
    </p>
   </div>
   <div class='ocr_carea' id='block_1_10' title="bbox 265 998 1921 1080">
    <p class='ocr_par' dir='ltr' id='par_1_10' title="bbox 265 998 1921 1080">
     <span class='ocr_line' id='line_1_10' title="bbox 265 998 1921 1080; baseline -0.01 -11"><span class='ocrx_word' id='word_1_55' title='bbox 265 1011 446 1080; x_wconf 82' lang='lat' dir='ltr'><strong>Quasi</strong></span> <span class='ocrx_word' id='word_1_56' title='bbox 477 1010 636 1066; x_wconf 90' lang='lat' dir='ltr'><strong>enim</strong></span> <span class='ocrx_word' id='word_1_57' title='bbox 669 1005 997 1063; x_wconf 83' lang='lat' dir='ltr'><strong>dormiebat</strong></span> <span class='ocrx_word' id='word_1_58' title='bbox 1027 1004 1087 1059; x_wconf 89' lang='lat' dir='ltr'><strong>in</strong></span> <span class='ocrx_word' id='word_1_59' title='bbox 1117 1003 1270 1071; x_wconf 87' lang='lat' dir='ltr'><strong>navi,</strong></span> <span class='ocrx_word' id='word_1_60' title='bbox 1295 1002 1531 1076; x_wconf 83' lang='lat' dir='ltr'><strong>quando</strong></span> <span class='ocrx_word' id='word_1_61' title='bbox 1562 1002 1765 1056; x_wconf 85' lang='lat' dir='ltr'><strong>contra</strong></span> <span class='ocrx_word' id='word_1_62' title='bbox 1794 998 1921 1071; x_wconf 87' lang='lat' dir='ltr'><strong>pios</strong></span> 
     </span>
    </p>
   </div>
   <div class='ocr_carea' id='block_1_11' title="bbox 266 1086 1921 1175">
    <p class='ocr_par' dir='ltr' id='par_1_11' title="bbox 266 1086 1921 1175">
     <span class='ocr_line' id='line_1_11' title="bbox 266 1086 1921 1175; baseline -0.011 -15"><span class='ocrx_word' id='word_1_63' title='bbox 266 1101 549 1175; x_wconf 88' lang='lat' dir='ltr'><strong>reprobos</strong></span> <span class='ocrx_word' id='word_1_64' title='bbox 573 1088 881 1170; x_wconf 69' lang='lat' dir='ltr'><strong>praevalere</strong></span> <span class='ocrx_word' id='word_1_65' title='bbox 892 1092 1286 1167; x_wconf 84' lang='lat' dir='ltr'><strong>permittebat,</strong></span> <span class='ocrx_word' id='word_1_66' title='bbox 1302 1096 1366 1147; x_wconf 91' lang='lat' dir='ltr'><strong>ut</strong></span> <span class='ocrx_word' id='word_1_67' title='bbox 1377 1090 1545 1146; x_wconf 86' lang='lat' dir='ltr'><strong>electi</strong></span> <span class='ocrx_word' id='word_1_68' title='bbox 1561 1090 1631 1144; x_wconf 85' lang='lat' dir='ltr'><strong>de</strong></span> <span class='ocrx_word' id='word_1_69' title='bbox 1642 1086 1921 1161; x_wconf 81' lang='lat' dir='ltr'><strong>patientia</strong></span> 
     </span>
    </p>
   </div>
   <div class='ocr_carea' id='block_1_12' title="bbox 268 1175 1922 1253">
    <p class='ocr_par' dir='ltr' id='par_1_12' title="bbox 268 1175 1922 1253">
     <span class='ocr_line' id='line_1_12' title="bbox 268 1175 1922 1253; baseline -0.012 -5"><span class='ocrx_word' id='word_1_70' title='bbox 268 1186 590 1249; x_wconf 88' lang='lat' dir='ltr'><strong>sublimius</strong></span> <span class='ocrx_word' id='word_1_71' title='bbox 635 1187 1075 1251; x_wconf 85' lang='lat' dir='ltr'><strong>coronarentur,</strong></span> <span class='ocrx_word' id='word_1_72' title='bbox 1107 1184 1166 1237; x_wconf 90' lang='lat' dir='ltr'><strong>et</strong></span> <span class='ocrx_word' id='word_1_73' title='bbox 1196 1179 1427 1253; x_wconf 88' lang='lat' dir='ltr'><strong>reprobi</strong></span> <span class='ocrx_word' id='word_1_74' title='bbox 1468 1179 1538 1233; x_wconf 91' lang='lat' dir='ltr'><strong>de</strong></span> <span class='ocrx_word' id='word_1_75' title='bbox 1579 1175 1922 1231; x_wconf 85' lang='lat' dir='ltr'><strong>crudelitate</strong></span> 
     </span>
    </p>
   </div>
   <div class='ocr_carea' id='block_1_13' title="bbox 268 1264 1921 1337">
    <p class='ocr_par' dir='ltr' id='par_1_13' title="bbox 268 1264 1921 1337">
     <span class='ocr_line' id='line_1_13' title="bbox 268 1264 1921 1337; baseline -0.011 -1"><span class='ocrx_word' id='word_1_76' title='bbox 268 1279 466 1337; x_wconf 86' lang='lat' dir='ltr'><strong>acrius</strong></span> <span class='ocrx_word' id='word_1_77' title='bbox 498 1276 940 1332; x_wconf 84' lang='lat' dir='ltr'><strong>damnarentur.</strong></span> <span class='ocrx_word' id='word_1_78' title='bbox 972 1292 998 1319; x_wconf 82' lang='lat'><strong>»</strong></span> <span class='ocrx_word' id='word_1_79' title='bbox 1033 1270 1098 1325; x_wconf 89' lang='lat' dir='ltr'><strong>Et</strong></span> <span class='ocrx_word' id='word_1_80' title='bbox 1129 1270 1521 1336; x_wconf 87' lang='lat' dir='ltr'><strong>accesserunt,</strong></span> <span class='ocrx_word' id='word_1_81' title='bbox 1541 1264 1921 1322; x_wconf 85' lang='lat' dir='ltr'><strong>etsuscitave-</strong></span> 
     </span>
    </p>
   </div>
   <div class='ocr_carea' id='block_1_14' title="bbox 268 1346 1921 1432">
    <p class='ocr_par' dir='ltr' id='par_1_14' title="bbox 268 1346 1921 1432">
     <span class='ocr_line' id='line_1_14' title="bbox 268 1346 1921 1432; baseline -0.015 -5"><span class='ocrx_word' id='word_1_82' title='bbox 268 1373 409 1427; x_wconf 85' lang='lat' dir='ltr'><strong>runt</strong></span> <span class='ocrx_word' id='word_1_83' title='bbox 430 1382 594 1432; x_wconf 84' lang='lat' dir='ltr'><strong>eum,</strong></span> <span class='ocrx_word' id='word_1_84' title='bbox 624 1363 884 1419; x_wconf 85' lang='lat' dir='ltr'><strong>dicentes</strong></span> <span class='ocrx_word' id='word_1_85' title='bbox 916 1377 929 1415; x_wconf 90' lang='lat'>:</span> <span class='ocrx_word' id='word_1_86' title='bbox 962 1359 1227 1427; x_wconf 89' lang='lat' dir='ltr'><strong>Domine,</strong></span> <span class='ocrx_word' id='word_1_87' title='bbox 1263 1356 1423 1412; x_wconf 88' lang='lat' dir='ltr'><strong>salva</strong></span> <span class='ocrx_word' id='word_1_88' title='bbox 1454 1346 1921 1426; x_wconf 76' lang='lat' dir='ltr'><strong>nos,perimus.»</strong></span> 
     </span>
    </p>
   </div>
   <div class='ocr_carea' id='block_1_15' title="bbox 269 1441 1924 1524">
    <p class='ocr_par' dir='ltr' id='par_1_15' title="bbox 269 1441 1924 1524">
     <span class='ocr_line' id='line_1_15' title="bbox 269 1441 1924 1524; baseline -0.012 -9"><span class='ocrx_word' id='word_1_89' title='bbox 269 1455 517 1524; x_wconf 83' lang='lat' dir='ltr'><strong>Quando</strong></span> <span class='ocrx_word' id='word_1_90' title='bbox 547 1451 748 1508; x_wconf 89' lang='lat' dir='ltr'><strong>fideles</strong></span> <span class='ocrx_word' id='word_1_91' title='bbox 778 1452 835 1505; x_wconf 89' lang='lat' dir='ltr'><strong>et</strong></span> <span class='ocrx_word' id='word_1_92' title='bbox 864 1445 1241 1504; x_wconf 87' lang='lat' dir='ltr'><strong>ecclesiastici</strong></span> <span class='ocrx_word' id='word_1_93' title='bbox 1278 1443 1405 1512; x_wconf 86' lang='lat' dir='ltr'><strong>viri,</strong></span> <span class='ocrx_word' id='word_1_94' title='bbox 1440 1441 1831 1515; x_wconf 87' lang='lat' dir='ltr'><strong>intelligentes</strong></span> <span class='ocrx_word' id='word_1_95' title='bbox 1861 1457 1924 1496; x_wconf 90' lang='lat' dir='ltr'><strong>se</strong></span> 
     </span>
    </p>
   </div>
   <div class='ocr_carea' id='block_1_16' title="bbox 268 1528 1920 1617">
    <p class='ocr_par' dir='ltr' id='par_1_16' title="bbox 268 1528 1920 1617">
     <span class='ocr_line' id='line_1_16' title="bbox 268 1528 1920 1617; baseline -0.012 -14"><span class='ocrx_word' id='word_1_96' title='bbox 268 1547 431 1603; x_wconf 83' lang='lat' dir='ltr'><strong>illam</strong></span> <span class='ocrx_word' id='word_1_97' title='bbox 464 1537 893 1617; x_wconf 86' lang='lat' dir='ltr'><strong>persecutionis</strong></span> <span class='ocrx_word' id='word_1_98' title='bbox 922 1533 1238 1611; x_wconf 86' lang='lat' dir='ltr'><strong>procellam</strong></span> <span class='ocrx_word' id='word_1_99' title='bbox 1271 1552 1378 1590; x_wconf 87' lang='lat' dir='ltr'><strong>sua</strong></span> <span class='ocrx_word' id='word_1_100' title='bbox 1411 1532 1621 1587; x_wconf 86' lang='lat' dir='ltr'><strong>virtute</strong></span> <span class='ocrx_word' id='word_1_101' title='bbox 1645 1547 1750 1586; x_wconf 92' lang='lat' dir='ltr'><strong>nec</strong></span> <span class='ocrx_word' id='word_1_102' title='bbox 1781 1528 1920 1585; x_wconf 88' lang='lat' dir='ltr'><strong>tole-</strong></span> 
     </span>
    </p>
   </div>
   <div class='ocr_carea' id='block_1_17' title="bbox 270 1620 1922 1703">
    <p class='ocr_par' dir='ltr' id='par_1_17' title="bbox 270 1620 1922 1703">
     <span class='ocr_line' id='line_1_17' title="bbox 270 1620 1922 1703; baseline -0.011 -12"><span class='ocrx_word' id='word_1_103' title='bbox 270 1651 400 1703; x_wconf 85' lang='lat' dir='ltr'><strong>rare</strong></span> <span class='ocrx_word' id='word_1_104' title='bbox 427 1649 534 1688; x_wconf 91' lang='lat' dir='ltr'><strong>nec</strong></span> <span class='ocrx_word' id='word_1_105' title='bbox 588 1643 866 1702; x_wconf 90' lang='lat' dir='ltr'><strong>superare</strong></span> <span class='ocrx_word' id='word_1_106' title='bbox 897 1642 1090 1699; x_wconf 89' lang='lat' dir='ltr'><strong>posse,</strong></span> <span class='ocrx_word' id='word_1_107' title='bbox 1125 1623 1263 1680; x_wconf 92' lang='lat' dir='ltr'><strong>totis</strong></span> <span class='ocrx_word' id='word_1_108' title='bbox 1306 1620 1613 1677; x_wconf 86' lang='lat' dir='ltr'><strong>desideriis</strong></span> <span class='ocrx_word' id='word_1_109' title='bbox 1662 1620 1733 1675; x_wconf 88' lang='lat' dir='ltr'><strong>ad</strong></span> <span class='ocrx_word' id='word_1_110' title='bbox 1786 1635 1922 1674; x_wconf 92' lang='lat' dir='ltr'><strong>eum</strong></span> 
     </span>
    </p>
   </div>
   <div class='ocr_carea' id='block_1_18' title="bbox 268 1705 1923 1795">
    <p class='ocr_par' dir='ltr' id='par_1_18' title="bbox 268 1705 1923 1795">
     <span class='ocr_line' id='line_1_18' title="bbox 268 1705 1923 1795; baseline -0.012 -14"><span class='ocrx_word' id='word_1_111' title='bbox 268 1721 683 1795; x_wconf 83' lang='lat' dir='ltr'><strong>confugerunt,</strong></span> <span class='ocrx_word' id='word_1_112' title='bbox 716 1715 817 1789; x_wconf 89' lang='lat' dir='ltr'><strong>qui</strong></span> <span class='ocrx_word' id='word_1_113' title='bbox 849 1715 931 1772; x_wconf 87' lang='lat' dir='ltr'><strong>ait</strong></span> <span class='ocrx_word' id='word_1_114' title='bbox 961 1714 1021 1770; x_wconf 92' lang='lat' dir='ltr'><strong>in</strong></span> <span class='ocrx_word' id='word_1_115' title='bbox 1052 1710 1391 1786; x_wconf 88' lang='lat' dir='ltr'><strong>Evangelio:</strong></span> <span class='ocrx_word' id='word_1_116' title='bbox 1430 1732 1458 1760; x_wconf 78' lang='grc' dir='ltr'>α</span> <span class='ocrx_word' id='word_1_117' title='bbox 1489 1708 1624 1767; x_wconf 91' lang='lat' dir='ltr'><strong>Sine</strong></span> <span class='ocrx_word' id='word_1_118' title='bbox 1655 1725 1747 1764; x_wconf 89' lang='lat' dir='ltr'><strong>me</strong></span> <span class='ocrx_word' id='word_1_119' title='bbox 1779 1705 1923 1762; x_wconf 88' lang='lat' dir='ltr'><strong>nihil</strong></span> 
     </span>
    </p>
   </div>
   <div class='ocr_carea' id='block_1_19' title="bbox 268 1796 1924 1889">
    <p class='ocr_par' dir='ltr' id='par_1_19' title="bbox 268 1796 1924 1889">
     <span class='ocr_line' id='line_1_19' title="bbox 268 1796 1924 1889; baseline -0.011 -20"><span class='ocrx_word' id='word_1_120' title='bbox 268 1811 519 1889; x_wconf 86' lang='lat' dir='ltr'><strong>potestis</strong></span> <span class='ocrx_word' id='word_1_121' title='bbox 563 1809 751 1864; x_wconf 87' lang='lat' dir='ltr'><strong>lacere</strong></span> <span class='ocrx_word' id='word_1_122' title='bbox 778 1809 967 1875; x_wconf 84' lang='lat' dir='ltr'><strong>(Joan.</strong></span> <span class='ocrx_word' id='word_1_123' title='bbox 998 1802 1135 1873; x_wconf 71' lang='lat' dir='ltr'><strong>xvr),</strong></span> <span class='ocrx_word' id='word_1_124' title='bbox 1168 1801 1429 1857; x_wconf 88' lang='lat' dir='ltr'><strong>dicentes</strong></span> <span class='ocrx_word' id='word_1_125' title='bbox 1476 1798 1575 1889; x_wconf 88' lang='lat' dir='ltr'><strong>illi</strong></span> <span class='ocrx_word' id='word_1_126' title='bbox 1611 1814 1747 1889; x_wconf 85' lang='lat' dir='ltr'><strong>cum</strong></span> <span class='ocrx_word' id='word_1_127' title='bbox 1789 1796 1924 1889; x_wconf 55' lang='grc' dir='ltr'><strong>ξιο-</strong></span> 
     </span>
    </p>
   </div>
   <div class='ocr_carea' id='block_1_20' title="bbox 266 1885 1917 1978">
    <p class='ocr_par' dir='ltr' id='par_1_20' title="bbox 266 1885 1917 1978">
     <span class='ocr_line' id='line_1_20' title="bbox 266 1885 1917 1978; baseline -0.012 -19"><span class='ocrx_word' id='word_1_128' title='bbox 266 1885 449 1978; x_wconf 71' lang='lat' dir='ltr'><strong>pheta</strong></span> <span class='ocrx_word' id='word_1_129' title='bbox 480 1895 666 1971; x_wconf 79' lang='lat' dir='ltr'><strong>(Psal.</strong></span> <span class='ocrx_word' id='word_1_130' title='bbox 699 1896 859 1963; x_wconf 69' lang='lat' dir='ltr'><strong>xum)</strong></span> <span class='ocrx_word' id='word_1_131' title='bbox 889 1910 945 1947; x_wconf 87' lang='lat'><strong>:«</strong></span> <span class='ocrx_word' id='word_1_132' title='bbox 962 1893 1242 1964; x_wconf 86' lang='lat' dir='ltr'><strong>Exsurge,</strong></span> <span class='ocrx_word' id='word_1_133' title='bbox 1258 1905 1439 1978; x_wconf 82' lang='lat' dir='ltr'><strong>quare</strong></span> <span class='ocrx_word' id='word_1_134' title='bbox 1471 1885 1917 1978; x_wconf 64' lang='lat' dir='ltr'><strong>obdormis,Do-</strong></span> 
     </span>
    </p>
   </div>
   <div class='ocr_carea' id='block_1_21' title="bbox 268 1973 1918 2059">
    <p class='ocr_par' dir='ltr' id='par_1_21' title="bbox 268 1973 1918 2059">
     <span class='ocr_line' id='line_1_21' title="bbox 268 1973 1918 2059; baseline -0.013 -11"><span class='ocrx_word' id='word_1_135' title='bbox 268 1973 465 2049; x_wconf 76' lang='lat' dir='ltr'><strong>mine?</strong></span> <span class='ocrx_word' id='word_1_136' title='bbox 495 2001 765 2059; x_wconf 82' lang='lat' dir='ltr'><strong>exsurge,</strong></span> <span class='ocrx_word' id='word_1_137' title='bbox 796 1987 854 2039; x_wconf 91' lang='lat' dir='ltr'><strong>et</strong></span> <span class='ocrx_word' id='word_1_138' title='bbox 884 1998 957 2037; x_wconf 89' lang='lat' dir='ltr'><strong>ne</strong></span> <span class='ocrx_word' id='word_1_139' title='bbox 987 1978 1235 2053; x_wconf 86' lang='lat' dir='ltr'><strong>repellas</strong></span> <span class='ocrx_word' id='word_1_140' title='bbox 1265 1978 1325 2033; x_wconf 92' lang='lat' dir='ltr'><strong>in</strong></span> <span class='ocrx_word' id='word_1_141' title='bbox 1360 1977 1559 2032; x_wconf 85' lang='lat' dir='ltr'><strong>finem.</strong></span> <span class='ocrx_word' id='word_1_142' title='bbox 1585 1998 1612 2025; x_wconf 86' lang='grc'><strong>››</strong></span> <span class='ocrx_word' id='word_1_143' title='bbox 1648 1975 1715 2030; x_wconf 92' lang='lat' dir='ltr'><strong>Et</strong></span> <span class='ocrx_word' id='word_1_144' title='bbox 1743 1973 1918 2029; x_wconf 89' lang='lat' dir='ltr'><strong>illud:</strong></span> 
     </span>
    </p>
   </div>
   <div class='ocr_carea' id='block_1_22' title="bbox 269 2064 1922 2150">
    <p class='ocr_par' dir='ltr' id='par_1_22' title="bbox 269 2064 1922 2150">
     <span class='ocr_line' id='line_1_22' title="bbox 269 2064 1922 2150; baseline -0.009 -18"><span class='ocrx_word' id='word_1_145' title='bbox 269 2106 300 2132; x_wconf 71' lang='grc' dir='ltr'><strong>(ι</strong></span> <span class='ocrx_word' id='word_1_146' title='bbox 332 2081 617 2150; x_wconf 84' lang='lat' dir='ltr'><strong>Exsurge,</strong></span> <span class='ocrx_word' id='word_1_147' title='bbox 650 2072 916 2139; x_wconf 88' lang='lat' dir='ltr'><strong>Domine,</strong></span> <span class='ocrx_word' id='word_1_148' title='bbox 947 2068 1162 2138; x_wconf 89' lang='lat' dir='ltr'><strong>adjuva</strong></span> <span class='ocrx_word' id='word_1_149' title='bbox 1199 2082 1305 2122; x_wconf 92' lang='lat' dir='ltr'><strong>nos</strong></span> <span class='ocrx_word' id='word_1_150' title='bbox 1335 2070 1392 2121; x_wconf 90' lang='lat' dir='ltr'><strong>et</strong></span> <span class='ocrx_word' id='word_1_151' title='bbox 1419 2064 1603 2120; x_wconf 89' lang='lat' dir='ltr'><strong>libera</strong></span> <span class='ocrx_word' id='word_1_152' title='bbox 1634 2080 1740 2119; x_wconf 91' lang='lat' dir='ltr'><strong>nos</strong></span> <span class='ocrx_word' id='word_1_153' title='bbox 1789 2078 1922 2135; x_wconf 87' lang='lat' dir='ltr'><strong>pro-</strong></span> 
     </span>
    </p>
   </div>
   <div class='ocr_carea' id='block_1_23' title="bbox 268 2152 1923 2244">
    <p class='ocr_par' dir='ltr' id='par_1_23' title="bbox 268 2152 1923 2244">
     <span class='ocr_line' id='line_1_23' title="bbox 268 2152 1923 2244; baseline -0.013 -18"><span class='ocrx_word' id='word_1_154' title='bbox 268 2174 403 2244; x_wconf 88' lang='lat' dir='ltr'><strong>pter</strong></span> <span class='ocrx_word' id='word_1_155' title='bbox 413 2180 626 2223; x_wconf 88' lang='lat' dir='ltr'><strong>nomen</strong></span> <span class='ocrx_word' id='word_1_156' title='bbox 640 2159 1145 2218; x_wconf 80' lang='lat' dir='ltr'><strong>tuum.»-——«Tunc</strong></span> <span class='ocrx_word' id='word_1_157' title='bbox 1159 2171 1406 2228; x_wconf 86' lang='lat' dir='ltr'><strong>surgens</strong></span> <span class='ocrx_word' id='word_1_158' title='bbox 1418 2153 1497 2209; x_wconf 91' lang='lat' dir='ltr'><strong>im</strong></span> <span class='ocrx_word' id='word_1_159' title='bbox 1507 2152 1838 2226; x_wconf 89' lang='lat' dir='ltr'><strong>peravitven</strong></span> <span class='ocrx_word' id='word_1_160' title='bbox 1850 2152 1923 2206; x_wconf 90' lang='lat' dir='ltr'><strong>tis</strong></span> 
     </span>
    </p>
   </div>
   <div class='ocr_carea' id='block_1_24' title="bbox 269 2239 1923 2321">
    <p class='ocr_par' dir='ltr' id='par_1_24' title="bbox 269 2239 1923 2321">
     <span class='ocr_line' id='line_1_24' title="bbox 269 2239 1923 2321; baseline -0.012 -7"><span class='ocrx_word' id='word_1_161' title='bbox 269 2239 331 2315; x_wconf 70' lang='lat' dir='ltr'><strong>et</strong></span> <span class='ocrx_word' id='word_1_162' title='bbox 358 2254 531 2312; x_wconf 87' lang='lat' dir='ltr'><strong>mari.</strong></span> <span class='ocrx_word' id='word_1_163' title='bbox 568 2275 597 2303; x_wconf 87' lang='grc'><strong>››</strong></span> <span class='ocrx_word' id='word_1_164' title='bbox 624 2252 884 2321; x_wconf 89' lang='lat' dir='ltr'><strong>Surgens</strong></span> <span class='ocrx_word' id='word_1_165' title='bbox 912 2247 1069 2303; x_wconf 89' lang='lat' dir='ltr'><strong>enim</strong></span> <span class='ocrx_word' id='word_1_166' title='bbox 1102 2243 1409 2309; x_wconf 86' lang='lat' dir='ltr'><strong>Dominus,</strong></span> <span class='ocrx_word' id='word_1_167' title='bbox 1439 2243 1631 2298; x_wconf 89' lang='lat' dir='ltr'><strong>ventis</strong></span> <span class='ocrx_word' id='word_1_168' title='bbox 1681 2245 1737 2297; x_wconf 91' lang='lat' dir='ltr'><strong>et</strong></span> <span class='ocrx_word' id='word_1_169' title='bbox 1775 2239 1923 2296; x_wconf 87' lang='lat' dir='ltr'><strong>mari</strong></span> 
     </span>
    </p>
   </div>
   <div class='ocr_carea' id='block_1_25' title="bbox 270 2328 1922 2418">
    <p class='ocr_par' dir='ltr' id='par_1_25' title="bbox 270 2328 1922 2418">
     <span class='ocr_line' id='line_1_25' title="bbox 270 2328 1922 2418; baseline -0.013 -14"><span class='ocrx_word' id='word_1_170' title='bbox 270 2341 603 2418; x_wconf 83' lang='lat' dir='ltr'><strong>imperavit,</strong></span> <span class='ocrx_word' id='word_1_171' title='bbox 636 2337 872 2412; x_wconf 87' lang='lat' dir='ltr'><strong>quando</strong></span> <span class='ocrx_word' id='word_1_172' title='bbox 905 2333 1339 2410; x_wconf 87' lang='lat' dir='ltr'><strong>persecutiones</strong></span> <span class='ocrx_word' id='word_1_173' title='bbox 1361 2347 1724 2405; x_wconf 84' lang='lat' dir='ltr'><strong>paganorum</strong></span> <span class='ocrx_word' id='word_1_174' title='bbox 1745 2347 1780 2385; x_wconf 89' lang='lat' dir='ltr'><strong>a</strong></span> <span class='ocrx_word' id='word_1_175' title='bbox 1797 2328 1922 2384; x_wconf 89' lang='lat' dir='ltr'><strong>dia-</strong></span> 
     </span>
    </p>
   </div>
   <div class='ocr_carea' id='block_1_26' title="bbox 268 2418 1922 2500">
    <p class='ocr_par' dir='ltr' id='par_1_26' title="bbox 268 2418 1922 2500">
     <span class='ocr_line' id='line_1_26' title="bbox 268 2418 1922 2500; baseline -0.013 -7"><span class='ocrx_word' id='word_1_176' title='bbox 268 2433 407 2493; x_wconf 83' lang='lat' dir='ltr'><strong>bolo</strong></span> <span class='ocrx_word' id='word_1_177' title='bbox 436 2430 723 2490; x_wconf 85' lang='lat' dir='ltr'><strong>excitatas</strong></span> <span class='ocrx_word' id='word_1_178' title='bbox 752 2426 1052 2500; x_wconf 90' lang='lat' dir='ltr'><strong>quiescere</strong></span> <span class='ocrx_word' id='word_1_179' title='bbox 1073 2423 1228 2489; x_wconf 81' lang='lat' dir='ltr'><strong>fecit,</strong></span> <span class='ocrx_word' id='word_1_180' title='bbox 1267 2419 1587 2477; x_wconf 89' lang='lat' dir='ltr'><strong>nonnullos</strong></span> <span class='ocrx_word' id='word_1_181' title='bbox 1617 2435 1818 2475; x_wconf 90' lang='lat' dir='ltr'><strong>eorum</strong></span> <span class='ocrx_word' id='word_1_182' title='bbox 1851 2418 1922 2472; x_wconf 91' lang='lat' dir='ltr'><strong>ad</strong></span> 
     </span>
    </p>
   </div>
   <div class='ocr_carea' id='block_1_27' title="bbox 271 2508 1923 2583">
    <p class='ocr_par' dir='ltr' id='par_1_27' title="bbox 271 2508 1923 2583">
     <span class='ocr_line' id='line_1_27' title="bbox 271 2508 1923 2583; baseline -0.013 -2"><span class='ocrx_word' id='word_1_183' title='bbox 271 2539 443 2581; x_wconf 89' lang='lat' dir='ltr'><strong>suam</strong></span> <span class='ocrx_word' id='word_1_184' title='bbox 467 2520 644 2576; x_wconf 86' lang='lat' dir='ltr'><strong>fidem</strong></span> <span class='ocrx_word' id='word_1_185' title='bbox 667 2511 1270 2583; x_wconf 90' lang='lat' dir='ltr'><strong>convertens,aliquos</strong></span> <span class='ocrx_word' id='word_1_186' title='bbox 1289 2509 1348 2565; x_wconf 91' lang='lat' dir='ltr'><strong>in</strong></span> <span class='ocrx_word' id='word_1_187' title='bbox 1374 2508 1779 2565; x_wconf 85' lang='lat' dir='ltr'><strong>incredulitate</strong></span> <span class='ocrx_word' id='word_1_188' title='bbox 1793 2523 1923 2579; x_wconf 88' lang='lat' dir='ltr'><strong>per-</strong></span> 
     </span>
    </p>
   </div>
   <div class='ocr_carea' id='block_1_28' title="bbox 272 2597 1926 2676">
    <p class='ocr_par' dir='ltr' id='par_1_28' title="bbox 272 2597 1926 2676">
     <span class='ocr_line' id='line_1_28' title="bbox 272 2597 1926 2676; baseline -0.013 -6"><span class='ocrx_word' id='word_1_189' title='bbox 272 2611 610 2670; x_wconf 84' lang='lat' dir='ltr'><strong>severantes</strong></span> <span class='ocrx_word' id='word_1_190' title='bbox 640 2601 1016 2676; x_wconf 86' lang='lat' dir='ltr'><strong>corporaliter</strong></span> <span class='ocrx_word' id='word_1_191' title='bbox 1043 2599 1315 2672; x_wconf 89' lang='lat' dir='ltr'><strong>puniens.</strong></span> <span class='ocrx_word' id='word_1_192' title='bbox 1351 2620 1378 2648; x_wconf 88' lang='lat'><strong>«</strong></span> <span class='ocrx_word' id='word_1_193' title='bbox 1412 2598 1481 2652; x_wconf 88' lang='lat' dir='ltr'><strong>Et</strong></span> <span class='ocrx_word' id='word_1_194' title='bbox 1511 2597 1926 2653; x_wconf 88' lang='lat' dir='ltr'><strong>factaesttran-</strong></span> 
     </span>
    </p>
   </div>
   <div class='ocr_carea' id='block_1_29' title="bbox 270 2685 1922 2775">
    <p class='ocr_par' dir='ltr' id='par_1_29' title="bbox 270 2685 1922 2775">
     <span class='ocr_line' id='line_1_29' title="bbox 270 2685 1922 2775; baseline -0.011 -19"><span class='ocrx_word' id='word_1_195' title='bbox 270 2698 540 2775; x_wconf 83' lang='lat' dir='ltr'><strong>quillitas</strong></span> <span class='ocrx_word' id='word_1_196' title='bbox 572 2718 601 2745; x_wconf 86' lang='grc'><strong>››</strong></span> <span class='ocrx_word' id='word_1_197' title='bbox 630 2690 917 2761; x_wconf 75' lang='lat' dir='ltr'><strong>Ecclesiae,</strong></span> <span class='ocrx_word' id='word_1_198' title='bbox 931 2690 991 2746; x_wconf 90' lang='lat' dir='ltr'><strong>in</strong></span> <span class='ocrx_word' id='word_1_199' title='bbox 1025 2692 1257 2744; x_wconf 87' lang='lat' dir='ltr'><strong>tantum</strong></span> <span class='ocrx_word' id='word_1_200' title='bbox 1287 2690 1352 2742; x_wconf 93' lang='lat' dir='ltr'><strong>ut</strong></span> <span class='ocrx_word' id='word_1_201' title='bbox 1379 2685 1493 2758; x_wconf 89' lang='lat' dir='ltr'><strong>ipsi</strong></span> <span class='ocrx_word' id='word_1_202' title='bbox 1520 2686 1922 2775; x_wconf 73' lang='lat' dir='ltr'><strong>imperatores,</strong></span> 
     </span>
    </p>
   </div>
   <div class='ocr_carea' id='block_1_30' title="bbox 274 2772 1925 2864">
    <p class='ocr_par' dir='ltr' id='par_1_30' title="bbox 274 2772 1925 2864">
     <span class='ocr_line' id='line_1_30' title="bbox 274 2772 1925 2864; baseline -0.013 -17"><span class='ocrx_word' id='word_1_203' title='bbox 274 2772 445 2864; x_wconf 64' lang='lat' dir='ltr'><strong>reges</strong></span> <span class='ocrx_word' id='word_1_204' title='bbox 474 2789 533 2843; x_wconf 90' lang='lat' dir='ltr'><strong>et</strong></span> <span class='ocrx_word' id='word_1_205' title='bbox 563 2780 862 2857; x_wconf 85' lang='lat' dir='ltr'><strong>principes</strong></span> <span class='ocrx_word' id='word_1_206' title='bbox 887 2779 1033 2852; x_wconf 89' lang='lat' dir='ltr'><strong>jugo</strong></span> <span class='ocrx_word' id='word_1_207' title='bbox 1064 2775 1411 2864; x_wconf 64' lang='lat' dir='ltr'><strong>Christiana:</strong></span> <span class='ocrx_word' id='word_1_208' title='bbox 1444 2774 1575 2830; x_wconf 85' lang='lat' dir='ltr'><strong>fidei</strong></span> <span class='ocrx_word' id='word_1_209' title='bbox 1608 2772 1757 2864; x_wconf 78' lang='lat' dir='ltr'><strong>colla</strong></span> <span class='ocrx_word' id='word_1_210' title='bbox 1785 2772 1925 2829; x_wconf 88' lang='lat' dir='ltr'><strong>sub-</strong></span> 
     </span>
    </p>
   </div>
   <div class='ocr_carea' id='block_1_31' title="bbox 270 2860 1923 2943">
    <p class='ocr_par' dir='ltr' id='par_1_31' title="bbox 270 2860 1923 2943">
     <span class='ocr_line' id='line_1_31' title="bbox 270 2860 1923 2943; baseline -0.011 -9"><span class='ocrx_word' id='word_1_211' title='bbox 270 2860 596 2938; x_wconf 71' lang='lat' dir='ltr'><strong>mitterent,</strong></span> <span class='ocrx_word' id='word_1_212' title='bbox 630 2875 687 2927; x_wconf 91' lang='lat' dir='ltr'><strong>et</strong></span> <span class='ocrx_word' id='word_1_213' title='bbox 715 2869 877 2943; x_wconf 90' lang='lat' dir='ltr'><strong>ipsos</strong></span> <span class='ocrx_word' id='word_1_214' title='bbox 907 2865 1286 2939; x_wconf 88' lang='lat' dir='ltr'><strong>postmodum</strong></span> <span class='ocrx_word' id='word_1_215' title='bbox 1317 2862 1675 2919; x_wconf 88' lang='lat' dir='ltr'><strong>honorarent</strong></span> <span class='ocrx_word' id='word_1_216' title='bbox 1692 2860 1753 2916; x_wconf 90' lang='lat' dir='ltr'><strong>in</strong></span> <span class='ocrx_word' id='word_1_217' title='bbox 1781 2877 1923 2933; x_wconf 90' lang='lat' dir='ltr'><strong>quo-</strong></span> 
     </span>
    </p>
   </div>
   <div class='ocr_carea' id='block_1_32' title="bbox 272 2950 1925 3036">
    <p class='ocr_par' dir='ltr' id='par_1_32' title="bbox 272 2950 1925 3036">
     <span class='ocr_line' id='line_1_32' title="bbox 272 2950 1925 3036; baseline -0.012 -13"><span class='ocrx_word' id='word_1_218' title='bbox 272 2982 408 3022; x_wconf 86' lang='lat' dir='ltr'><strong>rum</strong></span> <span class='ocrx_word' id='word_1_219' title='bbox 439 2957 911 3036; x_wconf 88' lang='lat' dir='ltr'><strong>persecutionem</strong></span> <span class='ocrx_word' id='word_1_220' title='bbox 944 2954 1107 3027; x_wconf 90' lang='lat' dir='ltr'><strong>prius</strong></span> <span class='ocrx_word' id='word_1_221' title='bbox 1136 2954 1490 3020; x_wconf 82' lang='lat' dir='ltr'><strong>exarserant,</strong></span> <span class='ocrx_word' id='word_1_222' title='bbox 1514 2955 1572 3006; x_wconf 93' lang='lat' dir='ltr'><strong>et</strong></span> <span class='ocrx_word' id='word_1_223' title='bbox 1599 2950 1656 3005; x_wconf 92' lang='lat' dir='ltr'><strong>in</strong></span> <span class='ocrx_word' id='word_1_224' title='bbox 1670 2953 1925 3014; x_wconf 88' lang='lat' dir='ltr'><strong>tantum,</strong></span> 
     </span>
    </p>
   </div>
   <div class='ocr_carea' id='block_1_33' title="bbox 272 3036 1923 3110">
    <p class='ocr_par' dir='ltr' id='par_1_33' title="bbox 272 3036 1923 3110">
     <span class='ocr_line' id='line_1_33' title="bbox 272 3036 1923 3110; baseline -0.012 1"><span class='ocrx_word' id='word_1_225' title='bbox 272 3058 344 3110; x_wconf 91' lang='lat' dir='ltr'><strong>ut</strong></span> <span class='ocrx_word' id='word_1_226' title='bbox 370 3049 643 3109; x_wconf 87' lang='lat' dir='ltr'><strong>homines</strong></span> <span class='ocrx_word' id='word_1_227' title='bbox 676 3046 1048 3110; x_wconf 86' lang='lat' dir='ltr'><strong>mirarentur,</strong></span> <span class='ocrx_word' id='word_1_228' title='bbox 1077 3041 1373 3099; x_wconf 83' lang='lat' dir='ltr'><strong>dicentes:</strong></span> <span class='ocrx_word' id='word_1_229' title='bbox 1402 3063 1429 3090; x_wconf 87' lang='grc'><em>‹‹</em></span> <span class='ocrx_word' id='word_1_230' title='bbox 1461 3038 1660 3106; x_wconf 87' lang='lat' dir='ltr'><strong>Qualis</strong></span> <span class='ocrx_word' id='word_1_231' title='bbox 1690 3042 1779 3094; x_wconf 90' lang='lat' dir='ltr'><strong>est</strong></span> <span class='ocrx_word' id='word_1_232' title='bbox 1807 3036 1923 3104; x_wconf 88' lang='lat' dir='ltr'><strong>hic,</strong></span> 
     </span>
    </p>
   </div>
   <div class='ocr_carea' id='block_1_34' title="bbox 271 3124 1924 3217">
    <p class='ocr_par' dir='ltr' id='par_1_34' title="bbox 271 3124 1924 3217">
     <span class='ocr_line' id='line_1_34' title="bbox 271 3124 1924 3217; baseline -0.011 -18"><span class='ocrx_word' id='word_1_233' title='bbox 271 3143 415 3217; x_wconf 87' lang='lat' dir='ltr'><strong>quia</strong></span> <span class='ocrx_word' id='word_1_234' title='bbox 442 3137 598 3196; x_wconf 86' lang='lat' dir='ltr'><strong>venti</strong></span> <span class='ocrx_word' id='word_1_235' title='bbox 620 3140 679 3192; x_wconf 90' lang='lat' dir='ltr'><strong>et</strong></span> <span class='ocrx_word' id='word_1_236' title='bbox 698 3151 857 3190; x_wconf 89' lang='lat' dir='ltr'><strong>mare</strong></span> <span class='ocrx_word' id='word_1_237' title='bbox 878 3132 1159 3187; x_wconf 88' lang='lat' dir='ltr'><strong>obediunt</strong></span> <span class='ocrx_word' id='word_1_238' title='bbox 1181 3128 1272 3185; x_wconf 87' lang='lat' dir='ltr'><strong>ei?</strong></span> <span class='ocrx_word' id='word_1_239' title='bbox 1288 3151 1315 3179; x_wconf 86' lang='grc'><strong>››</strong></span> <span class='ocrx_word' id='word_1_240' title='bbox 1328 3128 1436 3185; x_wconf 93' lang='lat' dir='ltr'><strong>Sed</strong></span> <span class='ocrx_word' id='word_1_241' title='bbox 1463 3128 1620 3200; x_wconf 91' lang='lat' dir='ltr'><strong>quod</strong></span> <span class='ocrx_word' id='word_1_242' title='bbox 1641 3124 1924 3217; x_wconf 84' lang='lat' dir='ltr'><strong>generali-</strong></span> 
     </span>
    </p>
   </div>
   <div class='ocr_carea' id='block_1_35' title="bbox 268 3204 1995 3290">
    <p class='ocr_par' dir='ltr' id='par_1_35' title="bbox 268 3204 1995 3290">
     <span class='ocr_line' id='line_1_35' title="bbox 268 3204 1995 3290; baseline -0.01 -1"><span class='ocrx_word' id='word_1_243' title='bbox 268 3204 365 3290; x_wconf 50' lang='lat' dir='ltr'><strong>ter</strong></span> <span class='ocrx_word' id='word_1_244' title='bbox 411 3229 486 3285; x_wconf 89' lang='lat' dir='ltr'><strong>ad</strong></span> <span class='ocrx_word' id='word_1_245' title='bbox 533 3220 921 3282; x_wconf 89' lang='lat' dir='ltr'><strong>universalem</strong></span> <span class='ocrx_word' id='word_1_246' title='bbox 965 3217 1284 3276; x_wconf 77' lang='lat' dir='ltr'><strong>Ecclesium</strong></span> <span class='ocrx_word' id='word_1_247' title='bbox 1326 3217 1582 3274; x_wconf 83' lang='lat' dir='ltr'><strong>diximus</strong></span> <span class='ocrx_word' id='word_1_248' title='bbox 1611 3215 1920 3289; x_wconf 88' lang='lat' dir='ltr'><strong>pertinere,</strong></span> <span class='ocrx_word' id='word_1_249' title='bbox 1952 3204 1995 3271; x_wconf 88' lang='lat' dir='ltr'><strong>C</strong></span> 
     </span>
    </p>
   </div>
   <div class='ocr_carea' id='block_1_36' title="bbox 271 3301 1926 3395">
    <p class='ocr_par' dir='ltr' id='par_1_36' title="bbox 271 3301 1926 3395">
     <span class='ocr_line' id='line_1_36' title="bbox 271 3301 1926 3395; baseline -0.012 -18"><span class='ocrx_word' id='word_1_250' title='bbox 271 3322 473 3395; x_wconf 87' lang='lat' dir='ltr'><strong>potest</strong></span> <span class='ocrx_word' id='word_1_251' title='bbox 502 3313 805 3372; x_wconf 87' lang='lat' dir='ltr'><strong>moraliter</strong></span> <span class='ocrx_word' id='word_1_252' title='bbox 833 3311 905 3367; x_wconf 89' lang='lat' dir='ltr'><strong>ad</strong></span> <span class='ocrx_word' id='word_1_253' title='bbox 949 3323 1429 3381; x_wconf 84' lang='lat' dir='ltr'><strong>unamquamque</strong></span> <span class='ocrx_word' id='word_1_254' title='bbox 1477 3305 1736 3395; x_wconf 90' lang='lat' dir='ltr'><strong>animam</strong></span> <span class='ocrx_word' id='word_1_255' title='bbox 1777 3301 1926 3374; x_wconf 87' lang='lat' dir='ltr'><strong>justi</strong></span> 
     </span>
    </p>
   </div>
   <div class='ocr_carea' id='block_1_37' title="bbox 272 3394 1930 3467">
    <p class='ocr_par' dir='ltr' id='par_1_37' title="bbox 272 3394 1930 3467">
     <span class='ocr_line' id='line_1_37' title="bbox 272 3394 1930 3467; baseline -0.012 -1"><span class='ocrx_word' id='word_1_256' title='bbox 272 3394 385 3466; x_wconf 76' lang='lat' dir='ltr'><strong>viri</strong></span> <span class='ocrx_word' id='word_1_257' title='bbox 417 3404 643 3463; x_wconf 79' lang='lat' dir='ltr'><strong>referri.</strong></span> <span class='ocrx_word' id='word_1_258' title='bbox 676 3401 782 3467; x_wconf 89' lang='lat' dir='ltr'><strong>Qui</strong></span> <span class='ocrx_word' id='word_1_259' title='bbox 813 3398 972 3455; x_wconf 89' lang='lat' dir='ltr'><strong>enim</strong></span> <span class='ocrx_word' id='word_1_260' title='bbox 1002 3394 1426 3454; x_wconf 89' lang='lat' dir='ltr'><strong>abrenuntians</strong></span> <span class='ocrx_word' id='word_1_261' title='bbox 1474 3394 1838 3467; x_wconf 89' lang='lat' dir='ltr'><strong>impietatem</strong></span> <span class='ocrx_word' id='word_1_262' title='bbox 1872 3395 1930 3447; x_wconf 93' lang='lat' dir='ltr'><strong>et</strong></span> 
     </span>
    </p>
   </div>
   <div class='ocr_carea' id='block_1_38' title="bbox 274 3479 1927 3557">
    <p class='ocr_par' dir='ltr' id='par_1_38' title="bbox 274 3479 1927 3557">
     <span class='ocr_line' id='line_1_38' title="bbox 274 3479 1927 3557; baseline -0.012 -2"><span class='ocrx_word' id='word_1_263' title='bbox 274 3494 585 3557; x_wconf 65' lang='lat' dir='ltr'><strong>saecularia</strong></span> <span class='ocrx_word' id='word_1_264' title='bbox 614 3488 927 3554; x_wconf 86' lang='lat' dir='ltr'><strong>desideria,</strong></span> <span class='ocrx_word' id='word_1_265' title='bbox 947 3486 1213 3543; x_wconf 90' lang='lat' dir='ltr'><strong>membra</strong></span> <span class='ocrx_word' id='word_1_266' title='bbox 1242 3501 1349 3540; x_wconf 91' lang='lat' dir='ltr'><strong>sua</strong></span> <span class='ocrx_word' id='word_1_267' title='bbox 1376 3482 1665 3555; x_wconf 84' lang='lat' dir='ltr'><strong>crucifigit</strong></span> <span class='ocrx_word' id='word_1_268' title='bbox 1695 3498 1829 3537; x_wconf 88' lang='lat' dir='ltr'><strong>cum</strong></span> <span class='ocrx_word' id='word_1_269' title='bbox 1846 3479 1927 3535; x_wconf 88' lang='lat' dir='ltr'><strong>vi-</strong></span> 
     </span>
    </p>
   </div>
   <div class='ocr_carea' id='block_1_39' title="bbox 275 3569 1930 3653">
    <p class='ocr_par' dir='ltr' id='par_1_39' title="bbox 275 3569 1930 3653">
     <span class='ocr_line' id='line_1_39' title="bbox 275 3569 1930 3653; baseline -0.013 -8"><span class='ocrx_word' id='word_1_270' title='bbox 275 3587 383 3645; x_wconf 86' lang='lat' dir='ltr'><strong>tiis</strong></span> <span class='ocrx_word' id='word_1_271' title='bbox 411 3589 471 3642; x_wconf 89' lang='lat' dir='ltr'><strong>et</strong></span> <span class='ocrx_word' id='word_1_272' title='bbox 499 3574 995 3653; x_wconf 85' lang='lat' dir='ltr'><strong>concupiscentiis</strong></span> <span class='ocrx_word' id='word_1_273' title='bbox 1026 3574 1165 3648; x_wconf 83' lang='lat' dir='ltr'><strong>(Gal.</strong></span> <span class='ocrx_word' id='word_1_274' title='bbox 1197 3575 1275 3642; x_wconf 92' lang='lat' dir='ltr'><strong>v),</strong></span> <span class='ocrx_word' id='word_1_275' title='bbox 1308 3572 1477 3644; x_wconf 85' lang='lat' dir='ltr'><strong>quasi</strong></span> <span class='ocrx_word' id='word_1_276' title='bbox 1510 3588 1644 3626; x_wconf 90' lang='lat' dir='ltr'><strong>cum</strong></span> <span class='ocrx_word' id='word_1_277' title='bbox 1684 3569 1930 3626; x_wconf 91' lang='lat' dir='ltr'><strong>Domino</strong></span> 
     </span>
    </p>
   </div>
   <div class='ocr_carea' id='block_1_40' title="bbox 277 3657 1932 3739">
    <p class='ocr_par' dir='ltr' id='par_1_40' title="bbox 277 3657 1932 3739">
     <span class='ocr_line' id='line_1_40' title="bbox 277 3657 1932 3739; baseline -0.013 -6"><span class='ocrx_word' id='word_1_278' title='bbox 277 3690 490 3733; x_wconf 85' lang='lat' dir='ltr'><strong>navem</strong></span> <span class='ocrx_word' id='word_1_279' title='bbox 521 3668 1041 3735; x_wconf 52' lang='lat' dir='ltr'><strong>ascendensﬁlare</strong></span> <span class='ocrx_word' id='word_1_280' title='bbox 1070 3663 1251 3735; x_wconf 89' lang='lat' dir='ltr'><strong>hujus</strong></span> <span class='ocrx_word' id='word_1_281' title='bbox 1282 3659 1479 3718; x_wconf 66' lang='lat' dir='ltr'><strong>saeculi</strong></span> <span class='ocrx_word' id='word_1_282' title='bbox 1510 3659 1759 3739; x_wconf 81' lang='lat' dir='ltr'><strong>transire</strong></span> <span class='ocrx_word' id='word_1_283' title='bbox 1780 3657 1932 3714; x_wconf 90' lang='lat' dir='ltr'><strong>desi-</strong></span> 
     </span>
    </p>
   </div>
   <div class='ocr_carea' id='block_1_41' title="bbox 279 3745 1931 3826">
    <p class='ocr_par' dir='ltr' id='par_1_41' title="bbox 279 3745 1931 3826">
     <span class='ocr_line' id='line_1_41' title="bbox 279 3745 1931 3826; baseline -0.013 -6"><span class='ocrx_word' id='word_1_284' title='bbox 279 3759 599 3820; x_wconf 87' lang='lat' dir='ltr'><strong>derat.Sed</strong></span> <span class='ocrx_word' id='word_1_285' title='bbox 630 3755 829 3814; x_wconf 82' lang='lat' dir='ltr'><strong>statim</strong></span> <span class='ocrx_word' id='word_1_286' title='bbox 860 3759 1056 3810; x_wconf 90' lang='lat' dir='ltr'><strong>motus</strong></span> <span class='ocrx_word' id='word_1_287' title='bbox 1087 3768 1339 3826; x_wconf 88' lang='lat' dir='ltr'><strong>magnus</strong></span> <span class='ocrx_word' id='word_1_288' title='bbox 1369 3748 1671 3821; x_wconf 86' lang='lat' dir='ltr'><strong>consurgit</strong></span> <span class='ocrx_word' id='word_1_289' title='bbox 1690 3749 1747 3803; x_wconf 90' lang='lat' dir='ltr'><strong>in</strong></span> <span class='ocrx_word' id='word_1_290' title='bbox 1764 3745 1931 3813; x_wconf 88' lang='lat' dir='ltr'><strong>mari,</strong></span> 
     </span>
    </p>
   </div>
   <div class='ocr_carea' id='block_1_42' title="bbox 280 3835 1933 3926">
    <p class='ocr_par' dir='ltr' id='par_1_42' title="bbox 280 3835 1933 3926">
     <span class='ocr_line' id='line_1_42' title="bbox 280 3835 1933 3926; baseline -0.011 -18"><span class='ocrx_word' id='word_1_291' title='bbox 280 3851 425 3926; x_wconf 83' lang='lat' dir='ltr'><strong>quia</strong></span> <span class='ocrx_word' id='word_1_292' title='bbox 480 3845 731 3923; x_wconf 85' lang='lat' dir='ltr'><strong>procella</strong></span> <span class='ocrx_word' id='word_1_293' title='bbox 779 3841 1123 3900; x_wconf 88' lang='lat' dir='ltr'><strong>tentationis</strong></span> <span class='ocrx_word' id='word_1_294' title='bbox 1160 3858 1230 3897; x_wconf 91' lang='lat' dir='ltr'><strong>ex</strong></span> <span class='ocrx_word' id='word_1_295' title='bbox 1272 3838 1491 3895; x_wconf 86' lang='lat' dir='ltr'><strong>invidia</strong></span> <span class='ocrx_word' id='word_1_296' title='bbox 1532 3835 1746 3892; x_wconf 89' lang='lat' dir='ltr'><strong>diaboli</strong></span> <span class='ocrx_word' id='word_1_297' title='bbox 1788 3839 1933 3902; x_wconf 90' lang='lat' dir='ltr'><strong>orta,</strong></span> 
     </span>
    </p>
   </div>
   <div class='ocr_carea' id='block_1_43' title="bbox 281 3926 1939 4006">
    <p class='ocr_par' dir='ltr' id='par_1_43' title="bbox 281 3926 1939 4006">
     <span class='ocr_line' id='line_1_43' title="bbox 281 3926 1939 4006; baseline -0.012 -8"><span class='ocrx_word' id='word_1_298' title='bbox 281 3943 548 3999; x_wconf 87' lang='lat' dir='ltr'><strong>mentem</strong></span> <span class='ocrx_word' id='word_1_299' title='bbox 604 3933 711 3989; x_wconf 81' lang='lat' dir='ltr'><strong>viri</strong></span> <span class='ocrx_word' id='word_1_300' title='bbox 742 3931 895 4006; x_wconf 89' lang='lat' dir='ltr'><strong>justi</strong></span> <span class='ocrx_word' id='word_1_301' title='bbox 940 3949 971 3987; x_wconf 91' lang='lat' dir='ltr'><strong>a</strong></span> <span class='ocrx_word' id='word_1_302' title='bbox 1022 3932 1173 3986; x_wconf 93' lang='lat' dir='ltr'><strong>bono</strong></span> <span class='ocrx_word' id='word_1_303' title='bbox 1219 3926 1515 4002; x_wconf 88' lang='lat' dir='ltr'><strong>proposito</strong></span> <span class='ocrx_word' id='word_1_304' title='bbox 1574 3940 1939 3981; x_wconf 81' lang='lat' dir='ltr'><strong>commovere</strong></span> 
     </span>
    </p>
   </div>
   <div class='ocr_carea' id='block_1_44' title="bbox 282 4012 1937 4103">
    <p class='ocr_par' dir='ltr' id='par_1_44' title="bbox 282 4012 1937 4103">
     <span class='ocr_line' id='line_1_44' title="bbox 282 4012 1937 4103; baseline -0.012 -17"><span class='ocrx_word' id='word_1_305' title='bbox 282 4033 472 4103; x_wconf 85' lang='lat' dir='ltr'><strong>optat,</strong></span> <span class='ocrx_word' id='word_1_306' title='bbox 488 4022 804 4097; x_wconf 88' lang='lat' dir='ltr'><strong>aliquando</strong></span> <span class='ocrx_word' id='word_1_307' title='bbox 818 4036 1127 4093; x_wconf 88' lang='lat' dir='ltr'><strong>pravorum</strong></span> <span class='ocrx_word' id='word_1_308' title='bbox 1144 4014 1647 4103; x_wconf 86' lang='lat' dir='ltr'><strong>persecutionibus</strong></span> <span class='ocrx_word' id='word_1_309' title='bbox 1663 4012 1937 4103; x_wconf 83' lang='lat' dir='ltr'><strong>exterius,</strong></span> 
     </span>
    </p>
   </div>
   <div class='ocr_carea' id='block_1_45' title="bbox 282 4101 1938 4191">
    <p class='ocr_par' dir='ltr' id='par_1_45' title="bbox 282 4101 1938 4191">
     <span class='ocr_line' id='line_1_45' title="bbox 282 4101 1938 4191; baseline -0.011 -17"><span class='ocrx_word' id='word_1_310' title='bbox 282 4101 608 4191; x_wconf 81' lang='lat' dir='ltr'><strong>aliquando</strong></span> <span class='ocrx_word' id='word_1_311' title='bbox 634 4110 896 4184; x_wconf 88' lang='lat' dir='ltr'><strong>impulsu</strong></span> <span class='ocrx_word' id='word_1_312' title='bbox 931 4107 1225 4164; x_wconf 88' lang='lat' dir='ltr'><strong>malarum</strong></span> <span class='ocrx_word' id='word_1_313' title='bbox 1238 4101 1938 4180; x_wconf 88' lang='lat' dir='ltr'><strong>cogitationuminterius,</strong></span> 
     </span>
    </p>
   </div>
   <div class='ocr_carea' id='block_1_46' title="bbox 283 4190 1940 4274">
    <p class='ocr_par' dir='ltr' id='par_1_46' title="bbox 283 4190 1940 4274">
     <span class='ocr_line' id='line_1_46' title="bbox 283 4190 1940 4274; baseline -0.011 -11"><span class='ocrx_word' id='word_1_314' title='bbox 283 4190 719 4274; x_wconf 81' lang='lat' dir='ltr'><strong>nonnunquam</strong></span> <span class='ocrx_word' id='word_1_315' title='bbox 749 4198 928 4255; x_wconf 89' lang='lat' dir='ltr'><strong>etiam</strong></span> <span class='ocrx_word' id='word_1_316' title='bbox 959 4214 1027 4253; x_wconf 88' lang='lat' dir='ltr'><strong>ex</strong></span> <span class='ocrx_word' id='word_1_317' title='bbox 1077 4193 1316 4268; x_wconf 91' lang='lat' dir='ltr'><strong>propria</strong></span> <span class='ocrx_word' id='word_1_318' title='bbox 1366 4190 1676 4265; x_wconf 82' lang='lat' dir='ltr'><strong>fragilitate</strong></span> <span class='ocrx_word' id='word_1_319' title='bbox 1724 4190 1940 4257; x_wconf 88' lang='lat' dir='ltr'><strong>carnis,</strong></span> 
     </span>
    </p>
   </div>
   <div class='ocr_carea' id='block_1_47' title="bbox 282 4278 1945 4354">
    <p class='ocr_par' dir='ltr' id='par_1_47' title="bbox 282 4278 1945 4354">
     <span class='ocr_line' id='line_1_47' title="bbox 282 4278 1945 4354; baseline -0.012 -2"><span class='ocrx_word' id='word_1_320' title='bbox 282 4291 549 4352; x_wconf 83' lang='lat' dir='ltr'><strong>stimulis</strong></span> <span class='ocrx_word' id='word_1_321' title='bbox 582 4288 725 4345; x_wconf 88' lang='lat' dir='ltr'><strong>ortis</strong></span> <span class='ocrx_word' id='word_1_322' title='bbox 753 4286 1168 4343; x_wconf 89' lang='lat' dir='ltr'><strong>tentationum.</strong></span> <span class='ocrx_word' id='word_1_323' title='bbox 1195 4280 1511 4354; x_wconf 90' lang='lat' dir='ltr'><strong>Discipulis</strong></span> <span class='ocrx_word' id='word_1_324' title='bbox 1541 4297 1677 4352; x_wconf 90' lang='lat' dir='ltr'><strong>ergo</strong></span> <span class='ocrx_word' id='word_1_325' title='bbox 1691 4295 1823 4334; x_wconf 91' lang='lat' dir='ltr'><strong>cum</strong></span> <span class='ocrx_word' id='word_1_326' title='bbox 1839 4278 1945 4333; x_wconf 90' lang='lat' dir='ltr'><strong>Do-</strong></span> 
     </span>
    </p>
   </div>
   <div class='ocr_carea' id='block_1_48' title="bbox 283 4366 1945 4441">
    <p class='ocr_par' dir='ltr' id='par_1_48' title="bbox 283 4366 1945 4441">
     <span class='ocr_line' id='line_1_48' title="bbox 283 4366 1945 4441; baseline -0.012 0"><span class='ocrx_word' id='word_1_327' title='bbox 283 4383 452 4441; x_wconf 87' lang='lat' dir='ltr'><strong>mino</strong></span> <span class='ocrx_word' id='word_1_328' title='bbox 476 4394 682 4435; x_wconf 86' lang='lat' dir='ltr'><strong>navem</strong></span> <span class='ocrx_word' id='word_1_329' title='bbox 713 4373 1184 4440; x_wconf 86' lang='lat' dir='ltr'><strong>ascendentibus,</strong></span> <span class='ocrx_word' id='word_1_330' title='bbox 1218 4372 1285 4426; x_wconf 86' lang='lat' dir='ltr'><strong>ﬁt</strong></span> <span class='ocrx_word' id='word_1_331' title='bbox 1313 4369 1627 4425; x_wconf 88' lang='lat' dir='ltr'><strong>commotio</strong></span> <span class='ocrx_word' id='word_1_332' title='bbox 1660 4366 1945 4439; x_wconf 89' lang='lat' dir='ltr'><strong>magnain</strong></span> 
     </span>
    </p>
   </div>
   <div class='ocr_carea' id='block_1_49' title="bbox 287 4455 1943 4540">
    <p class='ocr_par' dir='ltr' id='par_1_49' title="bbox 287 4455 1943 4540">
     <span class='ocr_line' id='line_1_49' title="bbox 287 4455 1943 4540; baseline -0.011 -11"><span class='ocrx_word' id='word_1_333' title='bbox 287 4466 627 4540; x_wconf 87' lang='lat' dir='ltr'><strong>mari:quia</strong></span> <span class='ocrx_word' id='word_1_334' title='bbox 656 4467 884 4538; x_wconf 88' lang='lat' dir='ltr'><strong>quanto</strong></span> <span class='ocrx_word' id='word_1_335' title='bbox 916 4461 1106 4534; x_wconf 89' lang='lat' dir='ltr'><strong>magis</strong></span> <span class='ocrx_word' id='word_1_336' title='bbox 1136 4460 1388 4532; x_wconf 90' lang='lat' dir='ltr'><strong>quisque</strong></span> <span class='ocrx_word' id='word_1_337' title='bbox 1410 4457 1468 4513; x_wconf 90' lang='lat' dir='ltr'><strong>in</strong></span> <span class='ocrx_word' id='word_1_338' title='bbox 1499 4458 1681 4513; x_wconf 91' lang='lat' dir='ltr'><strong>Deum</strong></span> <span class='ocrx_word' id='word_1_339' title='bbox 1696 4455 1943 4529; x_wconf 84' lang='lat' dir='ltr'><strong>proficit,</strong></span> 
     </span>
    </p>
   </div>
   <div class='ocr_carea' id='block_1_50' title="bbox 2027 554 3672 629">
    <p class='ocr_par' dir='ltr' id='par_1_50' title="bbox 2027 554 3672 629">
     <span class='ocr_line' id='line_1_50' title="bbox 2027 554 3672 629; baseline 0.001 -18"><span class='ocrx_word' id='word_1_340' title='bbox 2027 555 2458 629; x_wconf 88' lang='lat' dir='ltr'><strong>posse,accedit</strong></span> <span class='ocrx_word' id='word_1_341' title='bbox 2488 559 2543 612; x_wconf 92' lang='lat' dir='ltr'><strong>et</strong></span> <span class='ocrx_word' id='word_1_342' title='bbox 2573 556 2819 613; x_wconf 89' lang='lat' dir='ltr'><strong>suscitat</strong></span> <span class='ocrx_word' id='word_1_343' title='bbox 2839 554 3324 625; x_wconf 87' lang='lat' dir='ltr'><strong>Dominum,cum</strong></span> <span class='ocrx_word' id='word_1_344' title='bbox 3348 556 3672 628; x_wconf 80' lang='lat' dir='ltr'><strong>permeatis</strong></span> 
     </span>
    </p>
   </div>
   <div class='ocr_carea' id='block_1_51' title="bbox 2028 644 3672 718">
    <p class='ocr_par' dir='ltr' id='par_1_51' title="bbox 2028 644 3672 718">
     <span class='ocr_line' id='line_1_51' title="bbox 2028 644 3672 718; baseline -0.001 -16"><span class='ocrx_word' id='word_1_345' title='bbox 2028 645 2395 702; x_wconf 88' lang='lat' dir='ltr'><strong>devotionem</strong></span> <span class='ocrx_word' id='word_1_346' title='bbox 2428 645 2511 701; x_wconf 90' lang='lat' dir='ltr'><strong>illi</strong></span> <span class='ocrx_word' id='word_1_347' title='bbox 2541 645 3041 718; x_wconf 84' lang='lat' dir='ltr'><strong>apprOpinquans,</strong></span> <span class='ocrx_word' id='word_1_348' title='bbox 3076 649 3131 701; x_wconf 88' lang='lat' dir='ltr'><strong>et</strong></span> <span class='ocrx_word' id='word_1_349' title='bbox 3179 662 3347 701; x_wconf 89' lang='lat' dir='ltr'><strong>suam</strong></span> <span class='ocrx_word' id='word_1_350' title='bbox 3394 644 3672 718; x_wconf 88' lang='lat' dir='ltr'><strong>fragilita-</strong></span> 
     </span>
    </p>
   </div>
   <div class='ocr_carea' id='block_1_52' title="bbox 2028 734 3673 807">
    <p class='ocr_par' dir='ltr' id='par_1_52' title="bbox 2028 734 3673 807">
     <span class='ocr_line' id='line_1_52' title="bbox 2028 734 3673 807; baseline 0.001 -19"><span class='ocrx_word' id='word_1_351' title='bbox 2028 736 2146 789; x_wconf 89' lang='lat' dir='ltr'><strong>tem</strong></span> <span class='ocrx_word' id='word_1_352' title='bbox 2216 734 2518 789; x_wconf 88' lang='lat' dir='ltr'><strong>humiliter</strong></span> <span class='ocrx_word' id='word_1_353' title='bbox 2590 734 2972 807; x_wconf 85' lang='lat' dir='ltr'><strong>recognoscit,</strong></span> <span class='ocrx_word' id='word_1_354' title='bbox 3033 738 3090 790; x_wconf 91' lang='lat' dir='ltr'><strong>et</strong></span> <span class='ocrx_word' id='word_1_355' title='bbox 3151 734 3409 790; x_wconf 79' lang='lat' dir='ltr'><strong>divinam</strong></span> <span class='ocrx_word' id='word_1_356' title='bbox 3473 738 3673 807; x_wconf 90' lang='lat' dir='ltr'><strong>poten-</strong></span> 
     </span>
    </p>
   </div>
   <div class='ocr_carea' id='block_1_53' title="bbox 2030 822 3673 896">
    <p class='ocr_par' dir='ltr' id='par_1_53' title="bbox 2030 822 3673 896">
     <span class='ocr_line' id='line_1_53' title="bbox 2030 822 3673 896; baseline 0.002 -19"><span class='ocrx_word' id='word_1_357' title='bbox 2030 822 2171 877; x_wconf 88' lang='lat' dir='ltr'><strong>tiam</strong></span> <span class='ocrx_word' id='word_1_358' title='bbox 2240 824 2614 880; x_wconf 90' lang='lat' dir='ltr'><strong>devotissime</strong></span> <span class='ocrx_word' id='word_1_359' title='bbox 2666 825 3028 896; x_wconf 88' lang='lat' dir='ltr'><strong>deprecatur.</strong></span> <span class='ocrx_word' id='word_1_360' title='bbox 3082 824 3142 880; x_wconf 92' lang='lat' dir='ltr'><strong>Si</strong></span> <span class='ocrx_word' id='word_1_361' title='bbox 3208 828 3406 879; x_wconf 90' lang='lat' dir='ltr'><strong>autem</strong></span> <span class='ocrx_word' id='word_1_362' title='bbox 3475 840 3673 880; x_wconf 86' lang='lat' dir='ltr'><strong>sense-</strong></span> 
     </span>
    </p>
   </div>
   <div class='ocr_carea' id='block_1_54' title="bbox 2030 910 3677 985">
    <p class='ocr_par' dir='ltr' id='par_1_54' title="bbox 2030 910 3677 985">
     <span class='ocr_line' id='line_1_54' title="bbox 2030 910 3677 985; baseline 0.001 -19"><span class='ocrx_word' id='word_1_363' title='bbox 2030 910 2106 966; x_wconf 90' lang='lat' dir='ltr'><strong>rit</strong></span> <span class='ocrx_word' id='word_1_364' title='bbox 2130 929 2237 967; x_wconf 91' lang='lat' dir='ltr'><strong>sua</strong></span> <span class='ocrx_word' id='word_1_365' title='bbox 2278 911 2565 968; x_wconf 86' lang='lat' dir='ltr'><strong>desideria</strong></span> <span class='ocrx_word' id='word_1_366' title='bbox 2595 930 2629 968; x_wconf 89' lang='lat' dir='ltr'><strong>a</strong></span> <span class='ocrx_word' id='word_1_367' title='bbox 2665 911 2908 968; x_wconf 91' lang='lat' dir='ltr'><strong>Domino</strong></span> <span class='ocrx_word' id='word_1_368' title='bbox 2958 912 3198 979; x_wconf 71' lang='lat' dir='ltr'><strong>differri,</strong></span> <span class='ocrx_word' id='word_1_369' title='bbox 3230 913 3431 968; x_wconf 89' lang='lat' dir='ltr'><strong>tandiu</strong></span> <span class='ocrx_word' id='word_1_370' title='bbox 3474 911 3677 985; x_wconf 88' lang='lat' dir='ltr'><strong>jungit</strong></span> 
     </span>
    </p>
   </div>
   <div class='ocr_carea' id='block_1_55' title="bbox 2030 1000 3671 1074">
    <p class='ocr_par' dir='ltr' id='par_1_55' title="bbox 2030 1000 3671 1074">
     <span class='ocr_line' id='line_1_55' title="bbox 2030 1000 3671 1074; baseline 0.001 -19"><span class='ocrx_word' id='word_1_371' title='bbox 2030 1017 2231 1073; x_wconf 87' lang='lat' dir='ltr'><strong>preces</strong></span> <span class='ocrx_word' id='word_1_372' title='bbox 2262 1002 2553 1074; x_wconf 77' lang='lat' dir='ltr'><strong>prembus,</strong></span> <span class='ocrx_word' id='word_1_373' title='bbox 2574 1003 2960 1074; x_wconf 88' lang='lat' dir='ltr'><strong>quoadusque</strong></span> <span class='ocrx_word' id='word_1_374' title='bbox 2991 1000 3249 1057; x_wconf 90' lang='lat' dir='ltr'><strong>assiduis</strong></span> <span class='ocrx_word' id='word_1_375' title='bbox 3278 1001 3671 1073; x_wconf 89' lang='lat' dir='ltr'><strong>gemitibusin</strong></span> 
     </span>
    </p>
   </div>
   <div class='ocr_carea' id='block_1_56' title="bbox 2031 1088 3674 1161">
    <p class='ocr_par' dir='ltr' id='par_1_56' title="bbox 2031 1088 3674 1161">
     <span class='ocr_line' id='line_1_56' title="bbox 2031 1088 3674 1161; baseline 0.001 -17"><span class='ocrx_word' id='word_1_376' title='bbox 2031 1088 2123 1144; x_wconf 90' lang='lat' dir='ltr'><strong>sui</strong></span> <span class='ocrx_word' id='word_1_377' title='bbox 2136 1089 2493 1161; x_wconf 85' lang='lat' dir='ltr'><strong>adjutorium</strong></span> <span class='ocrx_word' id='word_1_378' title='bbox 2507 1090 2767 1145; x_wconf 87' lang='lat' dir='ltr'><strong>divinum</strong></span> <span class='ocrx_word' id='word_1_379' title='bbox 2783 1090 2992 1145; x_wconf 83' lang='lat' dir='ltr'><strong>excitet</strong></span> <span class='ocrx_word' id='word_1_380' title='bbox 3012 1089 3317 1145; x_wconf 87' lang='lat' dir='ltr'><strong>auxilium.</strong></span> <span class='ocrx_word' id='word_1_381' title='bbox 3333 1090 3497 1146; x_wconf 92' lang='lat' dir='ltr'><strong>Unde</strong></span> <span class='ocrx_word' id='word_1_382' title='bbox 3527 1090 3674 1145; x_wconf 90' lang='lat' dir='ltr'><strong>bene</strong></span> 
     </span>
    </p>
   </div>
   <div class='ocr_carea' id='block_1_57' title="bbox 2028 1177 3673 1251">
    <p class='ocr_par' dir='ltr' id='par_1_57' title="bbox 2028 1177 3673 1251">
     <span class='ocr_line' id='line_1_57' title="bbox 2028 1177 3673 1251; baseline 0.001 -18"><span class='ocrx_word' id='word_1_383' title='bbox 2028 1177 2442 1250; x_wconf 87' lang='lat' dir='ltr'><strong>subjungitur:</strong></span> <span class='ocrx_word' id='word_1_384' title='bbox 2488 1202 2515 1228; x_wconf 83' lang='lat'><strong>«</strong></span> <span class='ocrx_word' id='word_1_385' title='bbox 2548 1180 2712 1234; x_wconf 91' lang='lat' dir='ltr'><strong>Tunc</strong></span> <span class='ocrx_word' id='word_1_386' title='bbox 2745 1196 2994 1251; x_wconf 86' lang='lat' dir='ltr'><strong>surgens</strong></span> <span class='ocrx_word' id='word_1_387' title='bbox 3026 1178 3334 1250; x_wconf 86' lang='lat' dir='ltr'><strong>imperavit</strong></span> <span class='ocrx_word' id='word_1_388' title='bbox 3382 1180 3570 1235; x_wconf 87' lang='lat' dir='ltr'><strong>ventis</strong></span> <span class='ocrx_word' id='word_1_389' title='bbox 3615 1183 3673 1234; x_wconf 90' lang='lat' dir='ltr'><strong>et</strong></span> 
     </span>
    </p>
   </div>
   <div class='ocr_carea' id='block_1_58' title="bbox 2032 1267 3670 1340">
    <p class='ocr_par' dir='ltr' id='par_1_58' title="bbox 2032 1267 3670 1340">
     <span class='ocr_line' id='line_1_58' title="bbox 2032 1267 3670 1340; baseline -0.001 -18"><span class='ocrx_word' id='word_1_390' title='bbox 2032 1267 2201 1322; x_wconf 90' lang='lat' dir='ltr'><strong>mari.</strong></span> <span class='ocrx_word' id='word_1_391' title='bbox 2238 1290 2264 1317; x_wconf 85' lang='lat'>»</span> <span class='ocrx_word' id='word_1_392' title='bbox 2293 1268 2545 1340; x_wconf 89' lang='lat' dir='ltr'><strong>Surgens</strong></span> <span class='ocrx_word' id='word_1_393' title='bbox 2579 1267 2879 1337; x_wconf 87' lang='lat' dir='ltr'><strong>Dominus,</strong></span> <span class='ocrx_word' id='word_1_394' title='bbox 2913 1267 3100 1323; x_wconf 90' lang='lat' dir='ltr'><strong>ventis</strong></span> <span class='ocrx_word' id='word_1_395' title='bbox 3130 1272 3187 1322; x_wconf 90' lang='lat' dir='ltr'><strong>et</strong></span> <span class='ocrx_word' id='word_1_396' title='bbox 3216 1267 3360 1322; x_wconf 85' lang='lat' dir='ltr'><strong>mari</strong></span> <span class='ocrx_word' id='word_1_397' title='bbox 3401 1268 3670 1339; x_wconf 89' lang='lat' dir='ltr'><strong>imperat,</strong></span> 
     </span>
    </p>
   </div>
   <div class='ocr_carea' id='block_1_59' title="bbox 2033 1355 3684 1430">
    <p class='ocr_par' dir='ltr' id='par_1_59' title="bbox 2033 1355 3684 1430">
     <span class='ocr_line' id='line_1_59' title="bbox 2033 1355 3684 1430; baseline 0.001 -20"><span class='ocrx_word' id='word_1_398' title='bbox 2033 1356 2267 1428; x_wconf 89' lang='lat' dir='ltr'><strong>quando</strong></span> <span class='ocrx_word' id='word_1_399' title='bbox 2298 1355 2589 1412; x_wconf 89' lang='lat' dir='ltr'><strong>tumultus</strong></span> <span class='ocrx_word' id='word_1_400' title='bbox 2617 1355 2904 1412; x_wconf 85' lang='lat' dir='ltr'><strong>malarum</strong></span> <span class='ocrx_word' id='word_1_401' title='bbox 2937 1355 3350 1430; x_wconf 87' lang='lat' dir='ltr'><strong>cogitationum</strong></span> <span class='ocrx_word' id='word_1_402' title='bbox 3385 1356 3443 1411; x_wconf 89' lang='lat' dir='ltr'><strong>in</strong></span> <span class='ocrx_word' id='word_1_403' title='bbox 3475 1355 3684 1412; x_wconf 89' lang='lat' dir='ltr'><strong>anima.</strong></span> 
     </span>
    </p>
   </div>
   <div class='ocr_carea' id='block_1_60' title="bbox 2033 1443 3674 1517">
    <p class='ocr_par' dir='ltr' id='par_1_60' title="bbox 2033 1443 3674 1517">
     <span class='ocr_line' id='line_1_60' title="bbox 2033 1443 3674 1517; baseline 0 -18"><span class='ocrx_word' id='word_1_404' title='bbox 2033 1443 2190 1500; x_wconf 83' lang='lat' dir='ltr'><strong>fideli</strong></span> <span class='ocrx_word' id='word_1_405' title='bbox 2234 1444 2645 1516; x_wconf 86' lang='lat' dir='ltr'><strong>conquiescere</strong></span> <span class='ocrx_word' id='word_1_406' title='bbox 2689 1444 2844 1501; x_wconf 84' lang='lat' dir='ltr'><strong>facit.</strong></span> <span class='ocrx_word' id='word_1_407' title='bbox 2894 1445 2984 1499; x_wconf 88' lang='lat' dir='ltr'><strong>Fit</strong></span> <span class='ocrx_word' id='word_1_408' title='bbox 3029 1449 3223 1501; x_wconf 89' lang='lat' dir='ltr'><strong>autem</strong></span> <span class='ocrx_word' id='word_1_409' title='bbox 3271 1444 3674 1517; x_wconf 87' lang='lat' dir='ltr'><strong>tranquillitas</strong></span> 
     </span>
    </p>
   </div>
   <div class='ocr_carea' id='block_1_61' title="bbox 2033 1532 3675 1607">
    <p class='ocr_par' dir='ltr' id='par_1_61' title="bbox 2033 1532 3675 1607">
     <span class='ocr_line' id='line_1_61' title="bbox 2033 1532 3675 1607; baseline 0.001 -20"><span class='ocrx_word' id='word_1_410' title='bbox 2033 1549 2266 1606; x_wconf 88' lang='lat' dir='ltr'><strong>magna,</strong></span> <span class='ocrx_word' id='word_1_411' title='bbox 2283 1533 2441 1605; x_wconf 89' lang='lat' dir='ltr'><strong>quia,</strong></span> <span class='ocrx_word' id='word_1_412' title='bbox 2457 1532 2715 1605; x_wconf 89' lang='lat' dir='ltr'><strong>expulsis</strong></span> <span class='ocrx_word' id='word_1_413' title='bbox 2730 1533 3013 1588; x_wconf 85' lang='lat' dir='ltr'><strong>malarum</strong></span> <span class='ocrx_word' id='word_1_414' title='bbox 3038 1533 3456 1607; x_wconf 86' lang='lat' dir='ltr'><strong>cogitationum</strong></span> <span class='ocrx_word' id='word_1_415' title='bbox 3468 1535 3565 1589; x_wconf 89' lang='lat' dir='ltr'><strong>rad</strong></span> <span class='ocrx_word' id='word_1_416' title='bbox 3577 1533 3675 1588; x_wconf 90' lang='lat' dir='ltr'><strong>ici-</strong></span> 
     </span>
    </p>
   </div>
   <div class='ocr_carea' id='block_1_62' title="bbox 2033 1621 3675 1694">
    <p class='ocr_par' dir='ltr' id='par_1_62' title="bbox 2033 1621 3675 1694">
     <span class='ocr_line' id='line_1_62' title="bbox 2033 1621 3675 1694; baseline -0.001 -17"><span class='ocrx_word' id='word_1_417' title='bbox 2033 1621 2164 1688; x_wconf 92' lang='lat' dir='ltr'><strong>bus,</strong></span> <span class='ocrx_word' id='word_1_418' title='bbox 2196 1621 2440 1678; x_wconf 86' lang='lat' dir='ltr'><strong>virtutes</strong></span> <span class='ocrx_word' id='word_1_419' title='bbox 2472 1621 2863 1694; x_wconf 65' lang='lat' dir='ltr'><strong>animae,quas</strong></span> <span class='ocrx_word' id='word_1_420' title='bbox 2892 1622 3055 1693; x_wconf 89' lang='lat' dir='ltr'><strong>prius</strong></span> <span class='ocrx_word' id='word_1_421' title='bbox 3085 1621 3219 1677; x_wconf 87' lang='lat' dir='ltr'><strong>cum</strong></span> <span class='ocrx_word' id='word_1_422' title='bbox 3250 1622 3557 1678; x_wconf 85' lang='lat' dir='ltr'><strong>formidine</strong></span> <span class='ocrx_word' id='word_1_423' title='bbox 3573 1622 3675 1678; x_wconf 93' lang='lat' dir='ltr'><strong>ob-</strong></span> 
     </span>
    </p>
   </div>
   <div class='ocr_carea' id='block_1_63' title="bbox 2033 1709 3672 1779">
    <p class='ocr_par' dir='ltr' id='par_1_63' title="bbox 2033 1709 3672 1779">
     <span class='ocr_line' id='line_1_63' title="bbox 2033 1709 3672 1779; baseline 0.001 -14"><span class='ocrx_word' id='word_1_424' title='bbox 2033 1711 2494 1779; x_wconf 89' lang='lat' dir='ltr'><strong>servabat,velut</strong></span> <span class='ocrx_word' id='word_1_425' title='bbox 2524 1709 2869 1766; x_wconf 85' lang='lat' dir='ltr'><strong>naturaliter</strong></span> <span class='ocrx_word' id='word_1_426' title='bbox 2885 1728 2952 1766; x_wconf 89' lang='lat' dir='ltr'><strong>ex</strong></span> <span class='ocrx_word' id='word_1_427' title='bbox 2974 1711 3127 1767; x_wconf 90' lang='lat' dir='ltr'><strong>bona</strong></span> <span class='ocrx_word' id='word_1_428' title='bbox 3157 1711 3577 1767; x_wconf 88' lang='lat' dir='ltr'><strong>consuetudine</strong></span> <span class='ocrx_word' id='word_1_429' title='bbox 3594 1712 3672 1767; x_wconf 87' lang='lat' dir='ltr'><strong>in-</strong></span> 
     </span>
    </p>
   </div>
   <div class='ocr_carea' id='block_1_64' title="bbox 2034 1798 3672 1873">
    <p class='ocr_par' dir='ltr' id='par_1_64' title="bbox 2034 1798 3672 1873">
     <span class='ocr_line' id='line_1_64' title="bbox 2034 1798 3672 1873; baseline 0.002 -19"><span class='ocrx_word' id='word_1_430' title='bbox 2034 1798 2177 1871; x_wconf 89' lang='lat' dir='ltr'><strong>cipit</strong></span> <span class='ocrx_word' id='word_1_431' title='bbox 2208 1800 2801 1872; x_wconf 89' lang='lat' dir='ltr'><strong>custodire,gaudens</strong></span> <span class='ocrx_word' id='word_1_432' title='bbox 2823 1817 2956 1855; x_wconf 90' lang='lat' dir='ltr'><strong>cum</strong></span> <span class='ocrx_word' id='word_1_433' title='bbox 2984 1800 3286 1873; x_wconf 86' lang='lat' dir='ltr'><strong>propheta,</strong></span> <span class='ocrx_word' id='word_1_434' title='bbox 3312 1805 3369 1856; x_wconf 90' lang='lat' dir='ltr'><strong>et</strong></span> <span class='ocrx_word' id='word_1_435' title='bbox 3399 1805 3672 1857; x_wconf 88' lang='lat' dir='ltr'><strong>cantans:</strong></span> 
     </span>
    </p>
   </div>
   <div class='ocr_carea' id='block_1_65' title="bbox 2038 1888 3675 1963">
    <p class='ocr_par' dir='ltr' id='par_1_65' title="bbox 2038 1888 3675 1963">
     <span class='ocr_line' id='line_1_65' title="bbox 2038 1888 3675 1963; baseline 0.001 -20"><span class='ocrx_word' id='word_1_436' title='bbox 2038 1912 2058 1937; x_wconf 74' lang='grc' dir='ltr'>α</span> <span class='ocrx_word' id='word_1_437' title='bbox 2077 1888 2369 1944; x_wconf 90' lang='lat' dir='ltr'><strong>Declinate</strong></span> <span class='ocrx_word' id='word_1_438' title='bbox 2408 1907 2442 1943; x_wconf 90' lang='lat' dir='ltr'><strong>a</strong></span> <span class='ocrx_word' id='word_1_439' title='bbox 2471 1906 2583 1958; x_wconf 89' lang='lat' dir='ltr'><strong>me,</strong></span> <span class='ocrx_word' id='word_1_440' title='bbox 2603 1888 2842 1963; x_wconf 88' lang='lat' dir='ltr'><strong>maligni</strong></span> <span class='ocrx_word' id='word_1_441' title='bbox 2854 1894 2939 1956; x_wconf 91' lang='lat' dir='ltr'><strong>,et</strong></span> <span class='ocrx_word' id='word_1_442' title='bbox 2970 1889 3675 1946; x_wconf 88' lang='lat' dir='ltr'><strong>scrutabormandataDei</strong></span> 
     </span>
    </p>
   </div>
   <div class='ocr_carea' id='block_1_66' title="bbox 2033 1976 3678 2050">
    <p class='ocr_par' dir='ltr' id='par_1_66' title="bbox 2033 1976 3678 2050">
     <span class='ocr_line' id='line_1_66' title="bbox 2033 1976 3678 2050; baseline 0.001 -18"><span class='ocrx_word' id='word_1_443' title='bbox 2033 1977 2145 2033; x_wconf 91' lang='lat' dir='ltr'><strong>mei</strong></span> <span class='ocrx_word' id='word_1_444' title='bbox 2180 1976 2358 2050; x_wconf 78' lang='lat' dir='ltr'><strong>(Psal.</strong></span> <span class='ocrx_word' id='word_1_445' title='bbox 2393 1982 2602 2045; x_wconf 84' lang='lat' dir='ltr'><strong>cxvm).</strong></span> <span class='ocrx_word' id='word_1_446' title='bbox 2624 2001 2730 2027; x_wconf 90' lang='grc'><strong>››-</strong></span> <span class='ocrx_word' id='word_1_447' title='bbox 2754 2002 2779 2027; x_wconf 86' lang='grc'><strong>‹‹</strong></span> <span class='ocrx_word' id='word_1_448' title='bbox 2803 1979 3164 2034; x_wconf 82' lang='lat' dir='ltr'><strong>Ascendente</strong></span> <span class='ocrx_word' id='word_1_449' title='bbox 3193 1979 3333 2034; x_wconf 91' lang='lat' dir='ltr'><strong>Jesu</strong></span> <span class='ocrx_word' id='word_1_450' title='bbox 3358 1978 3414 2034; x_wconf 92' lang='lat' dir='ltr'><strong>in</strong></span> <span class='ocrx_word' id='word_1_451' title='bbox 3440 1979 3678 2034; x_wconf 86' lang='lat' dir='ltr'><strong>navicu-</strong></span> 
     </span>
    </p>
   </div>
   <div class='ocr_carea' id='block_1_67' title="bbox 2031 2066 3677 2141">
    <p class='ocr_par' dir='ltr' id='par_1_67' title="bbox 2031 2066 3677 2141">
     <span class='ocr_line' id='line_1_67' title="bbox 2031 2066 3677 2141; baseline 0.001 -19"><span class='ocrx_word' id='word_1_452' title='bbox 2031 2066 2171 2123; x_wconf 88' lang='lat' dir='ltr'><strong>lam.</strong></span> <span class='ocrx_word' id='word_1_453' title='bbox 2192 2067 2558 2123; x_wconf 78' lang='lat' dir='ltr'><strong>»Soletenim</strong></span> <span class='ocrx_word' id='word_1_454' title='bbox 2593 2068 2652 2122; x_wconf 91' lang='lat' dir='ltr'><strong>in</strong></span> <span class='ocrx_word' id='word_1_455' title='bbox 2683 2067 2998 2139; x_wconf 88' lang='lat' dir='ltr'><strong>Scripturis</strong></span> <span class='ocrx_word' id='word_1_456' title='bbox 3016 2066 3198 2123; x_wconf 89' lang='lat' dir='ltr'><strong>sacris</strong></span> <span class='ocrx_word' id='word_1_457' title='bbox 3219 2084 3339 2123; x_wconf 91' lang='lat' dir='ltr'><strong>una</strong></span> <span class='ocrx_word' id='word_1_458' title='bbox 3353 2068 3677 2141; x_wconf 90' lang='lat' dir='ltr'><strong>eademque</strong></span> 
     </span>
    </p>
   </div>
   <div class='ocr_carea' id='block_1_68' title="bbox 2032 2155 3674 2230">
    <p class='ocr_par' dir='ltr' id='par_1_68' title="bbox 2032 2155 3674 2230">
     <span class='ocr_line' id='line_1_68' title="bbox 2032 2155 3674 2230; baseline 0.001 -19"><span class='ocrx_word' id='word_1_459' title='bbox 2032 2172 2123 2214; x_wconf 85' lang='lat' dir='ltr'><strong>res</strong></span> <span class='ocrx_word' id='word_1_460' title='bbox 2157 2155 2450 2228; x_wconf 90' lang='lat' dir='ltr'><strong>duplicem</strong></span> <span class='ocrx_word' id='word_1_461' title='bbox 2476 2155 2563 2210; x_wconf 89' lang='lat' dir='ltr'><strong>vel</strong></span> <span class='ocrx_word' id='word_1_462' title='bbox 2595 2155 2881 2227; x_wconf 86' lang='lat' dir='ltr'><strong>triplicem</strong></span> <span class='ocrx_word' id='word_1_463' title='bbox 2928 2155 3142 2212; x_wconf 90' lang='lat' dir='ltr'><strong>habere</strong></span> <span class='ocrx_word' id='word_1_464' title='bbox 3198 2155 3674 2230; x_wconf 77' lang='lat' dir='ltr'><strong>significantium,</strong></span> 
     </span>
    </p>
   </div>
   <div class='ocr_carea' id='block_1_69' title="bbox 2032 2244 3676 2318">
    <p class='ocr_par' dir='ltr' id='par_1_69' title="bbox 2032 2244 3676 2318">
     <span class='ocr_line' id='line_1_69' title="bbox 2032 2244 3676 2318; baseline 0.001 -19"><span class='ocrx_word' id='word_1_465' title='bbox 2032 2249 2233 2317; x_wconf 91' lang='lat' dir='ltr'><strong>utpote</strong></span> <span class='ocrx_word' id='word_1_466' title='bbox 2262 2244 2447 2312; x_wconf 88' lang='lat' dir='ltr'><strong>navis,</strong></span> <span class='ocrx_word' id='word_1_467' title='bbox 2482 2263 2607 2317; x_wconf 70' lang='lat' dir='ltr'><strong>quae</strong></span> <span class='ocrx_word' id='word_1_468' title='bbox 2653 2244 2968 2317; x_wconf 86' lang='lat' dir='ltr'><strong>aliquando</strong></span> <span class='ocrx_word' id='word_1_469' title='bbox 3014 2245 3288 2301; x_wconf 81' lang='lat' dir='ltr'><strong>vexillum</strong></span> <span class='ocrx_word' id='word_1_470' title='bbox 3329 2246 3541 2318; x_wconf 91' lang='lat' dir='ltr'><strong>crucis,</strong></span> <span class='ocrx_word' id='word_1_471' title='bbox 3573 2245 3676 2303; x_wconf 90' lang='lat' dir='ltr'><strong>ali-</strong></span> 
     </span>
    </p>
   </div>
   <div class='ocr_carea' id='block_1_70' title="bbox 2032 2333 3677 2407">
    <p class='ocr_par' dir='ltr' id='par_1_70' title="bbox 2032 2333 3677 2407">
     <span class='ocr_line' id='line_1_70' title="bbox 2032 2333 3677 2407; baseline 0.002 -18"><span class='ocrx_word' id='word_1_472' title='bbox 2032 2335 2268 2405; x_wconf 88' lang='lat' dir='ltr'><strong>quando</strong></span> <span class='ocrx_word' id='word_1_473' title='bbox 2302 2337 2531 2389; x_wconf 90' lang='lat' dir='ltr'><strong>uterum</strong></span> <span class='ocrx_word' id='word_1_474' title='bbox 2556 2333 2912 2389; x_wconf 62' lang='lat' dir='ltr'><strong>intemeratae</strong></span> <span class='ocrx_word' id='word_1_475' title='bbox 2944 2333 3677 2407; x_wconf 89' lang='lat' dir='ltr'><strong>virginis,aliquandosan-</strong></span> 
     </span>
    </p>
   </div>
   <div class='ocr_carea' id='block_1_71' title="bbox 2033 2421 3678 2495">
    <p class='ocr_par' dir='ltr' id='par_1_71' title="bbox 2033 2421 3678 2495">
     <span class='ocr_line' id='line_1_71' title="bbox 2033 2421 3678 2495; baseline 0.002 -17"><span class='ocrx_word' id='word_1_476' title='bbox 2033 2425 2186 2478; x_wconf 89' lang='lat' dir='ltr'><strong>ctam</strong></span> <span class='ocrx_word' id='word_1_477' title='bbox 2202 2421 2517 2478; x_wconf 87' lang='lat' dir='ltr'><strong>Ecclesiam</strong></span> <span class='ocrx_word' id='word_1_478' title='bbox 2536 2422 2848 2495; x_wconf 80' lang='lat' dir='ltr'><strong>significat.</strong></span> <span class='ocrx_word' id='word_1_479' title='bbox 2865 2424 3139 2479; x_wconf 87' lang='lat' dir='ltr'><strong>Sanctam</strong></span> <span class='ocrx_word' id='word_1_480' title='bbox 3152 2423 3491 2495; x_wconf 88' lang='lat' dir='ltr'><strong>Ecclesiam,</strong></span> <span class='ocrx_word' id='word_1_481' title='bbox 3508 2429 3572 2480; x_wconf 89' lang='lat' dir='ltr'><strong>ut</strong></span> <span class='ocrx_word' id='word_1_482' title='bbox 3588 2429 3678 2481; x_wconf 90' lang='lat' dir='ltr'><strong>est</strong></span> 
     </span>
    </p>
   </div>
   <div class='ocr_carea' id='block_1_72' title="bbox 2034 2509 3676 2585">
    <p class='ocr_par' dir='ltr' id='par_1_72' title="bbox 2034 2509 3676 2585">
     <span class='ocr_line' id='line_1_72' title="bbox 2034 2509 3676 2585; baseline 0.002 -18"><span class='ocrx_word' id='word_1_483' title='bbox 2034 2510 2179 2568; x_wconf 92' lang='lat' dir='ltr'><strong>illud</strong></span> <span class='ocrx_word' id='word_1_484' title='bbox 2201 2529 2212 2567; x_wconf 91' lang='lat'>:</span> <span class='ocrx_word' id='word_1_485' title='bbox 2231 2534 2259 2561; x_wconf 82' lang='lat'><strong><em>«</em></strong></span> <span class='ocrx_word' id='word_1_486' title='bbox 2278 2512 2635 2567; x_wconf 87' lang='lat' dir='ltr'><strong>Ascendente</strong></span> <span class='ocrx_word' id='word_1_487' title='bbox 2657 2512 2791 2582; x_wconf 90' lang='lat' dir='ltr'><strong>jesu</strong></span> <span class='ocrx_word' id='word_1_488' title='bbox 2821 2509 2881 2566; x_wconf 91' lang='lat' dir='ltr'><strong>in</strong></span> <span class='ocrx_word' id='word_1_489' title='bbox 2918 2511 3242 2569; x_wconf 86' lang='lat' dir='ltr'><strong>naviculam</strong></span> <span class='ocrx_word' id='word_1_490' title='bbox 3269 2513 3629 2585; x_wconf 64' lang='lat' dir='ltr'><strong>(Matt/avni).</strong></span> <span class='ocrx_word' id='word_1_491' title='bbox 3649 2536 3676 2563; x_wconf 91' lang='grc'><strong>››</strong></span> 
     </span>
    </p>
   </div>
   <div class='ocr_carea' id='block_1_73' title="bbox 2033 2600 3676 2674">
    <p class='ocr_par' dir='ltr' id='par_1_73' title="bbox 2033 2600 3676 2674">
     <span class='ocr_line' id='line_1_73' title="bbox 2033 2600 3676 2674; baseline -0.002 -17"><span class='ocrx_word' id='word_1_492' title='bbox 2033 2602 2120 2671; x_wconf 90' lang='lat' dir='ltr'><strong>Et,</strong></span> <span class='ocrx_word' id='word_1_493' title='bbox 2155 2624 2181 2651; x_wconf 83' lang='lat'><strong>«</strong></span> <span class='ocrx_word' id='word_1_494' title='bbox 2217 2601 2436 2657; x_wconf 91' lang='lat' dir='ltr'><strong>Sedens</strong></span> <span class='ocrx_word' id='word_1_495' title='bbox 2469 2600 2713 2655; x_wconf 90' lang='lat' dir='ltr'><strong>docebat</strong></span> <span class='ocrx_word' id='word_1_496' title='bbox 2743 2601 2813 2656; x_wconf 92' lang='lat' dir='ltr'><strong>de</strong></span> <span class='ocrx_word' id='word_1_497' title='bbox 2844 2601 3111 2657; x_wconf 87' lang='lat' dir='ltr'><strong>navicula</strong></span> <span class='ocrx_word' id='word_1_498' title='bbox 3140 2602 3343 2659; x_wconf 84' lang='lat' dir='ltr'><strong>turbas</strong></span> <span class='ocrx_word' id='word_1_499' title='bbox 3374 2605 3522 2674; x_wconf 83' lang='lat' dir='ltr'><strong>(Luc.</strong></span> <span class='ocrx_word' id='word_1_500' title='bbox 3554 2606 3627 2669; x_wconf 91' lang='lat' dir='ltr'><strong>v).</strong></span> <span class='ocrx_word' id='word_1_501' title='bbox 3649 2627 3676 2654; x_wconf 84' lang='grc'><strong>››</strong></span> 
     </span>
    </p>
   </div>
   <div class='ocr_carea' id='block_1_74' title="bbox 2034 2688 3673 2765">
    <p class='ocr_par' dir='ltr' id='par_1_74' title="bbox 2034 2688 3673 2765">
     <span class='ocr_line' id='line_1_74' title="bbox 2034 2688 3673 2765; baseline 0.001 -19"><span class='ocrx_word' id='word_1_502' title='bbox 2034 2690 2275 2747; x_wconf 88' lang='lat' dir='ltr'><strong>Uterum</strong></span> <span class='ocrx_word' id='word_1_503' title='bbox 2323 2689 2679 2744; x_wconf 66' lang='lat' dir='ltr'><strong>intemerata:</strong></span> <span class='ocrx_word' id='word_1_504' title='bbox 2725 2688 2990 2761; x_wconf 89' lang='lat' dir='ltr'><strong>virginis,</strong></span> <span class='ocrx_word' id='word_1_505' title='bbox 3026 2689 3178 2746; x_wconf 87' lang='lat' dir='ltr'><strong>sicut</strong></span> <span class='ocrx_word' id='word_1_506' title='bbox 3225 2691 3363 2747; x_wconf 91' lang='lat' dir='ltr'><strong>alibi</strong></span> <span class='ocrx_word' id='word_1_507' title='bbox 3412 2692 3673 2765; x_wconf 90' lang='lat' dir='ltr'><strong>legitur:</strong></span> 
     </span>
    </p>
   </div>
   <div class='ocr_carea' id='block_1_75' title="bbox 2036 2776 3681 2846">
    <p class='ocr_par' dir='ltr' id='par_1_75' title="bbox 2036 2776 3681 2846">
     <span class='ocr_line' id='line_1_75' title="bbox 2036 2776 3681 2846; baseline 0.003 -15"><span class='ocrx_word' id='word_1_508' title='bbox 2036 2800 2065 2831; x_wconf 84' lang='lat'><strong><em>«</em></strong></span> <span class='ocrx_word' id='word_1_509' title='bbox 2093 2778 2428 2834; x_wconf 88' lang='lat' dir='ltr'><strong>Ascendens</strong></span> <span class='ocrx_word' id='word_1_510' title='bbox 2458 2777 2632 2833; x_wconf 90' lang='lat' dir='ltr'><strong>Jesus</strong></span> <span class='ocrx_word' id='word_1_511' title='bbox 2662 2776 2722 2832; x_wconf 91' lang='lat' dir='ltr'><strong>in</strong></span> <span class='ocrx_word' id='word_1_512' title='bbox 2755 2794 2979 2846; x_wconf 91' lang='lat' dir='ltr'><strong>navem,</strong></span> <span class='ocrx_word' id='word_1_513' title='bbox 3013 2779 3408 2835; x_wconf 88' lang='lat' dir='ltr'><strong>transfretavit</strong></span> <span class='ocrx_word' id='word_1_514' title='bbox 3437 2785 3495 2835; x_wconf 91' lang='lat' dir='ltr'><strong>et</strong></span> <span class='ocrx_word' id='word_1_515' title='bbox 3523 2781 3681 2836; x_wconf 90' lang='lat' dir='ltr'><strong>venit</strong></span> 
     </span>
    </p>
   </div>
   <div class='ocr_carea' id='block_1_76' title="bbox 2032 2865 3677 2938">
    <p class='ocr_par' dir='ltr' id='par_1_76' title="bbox 2032 2865 3677 2938">
     <span class='ocr_line' id='line_1_76' title="bbox 2032 2865 3677 2938; baseline 0.002 -16"><span class='ocrx_word' id='word_1_516' title='bbox 2032 2866 2092 2922; x_wconf 91' lang='lat' dir='ltr'><strong>in</strong></span> <span class='ocrx_word' id='word_1_517' title='bbox 2143 2867 2435 2922; x_wconf 88' lang='lat' dir='ltr'><strong>civitatem</strong></span> <span class='ocrx_word' id='word_1_518' title='bbox 2480 2883 2648 2921; x_wconf 90' lang='lat' dir='ltr'><strong>suam</strong></span> <span class='ocrx_word' id='word_1_519' title='bbox 2699 2865 2899 2938; x_wconf 74' lang='lat' dir='ltr'><strong>(Matth.</strong></span> <span class='ocrx_word' id='word_1_520' title='bbox 2934 2869 3032 2935; x_wconf 82' lang='lat' dir='ltr'><strong>1x).</strong></span> <span class='ocrx_word' id='word_1_521' title='bbox 3070 2888 3098 2916; x_wconf 87' lang='grc'><strong>››</strong></span> <span class='ocrx_word' id='word_1_522' title='bbox 3128 2867 3421 2923; x_wconf 88' lang='lat' dir='ltr'><strong>Vexillum</strong></span> <span class='ocrx_word' id='word_1_523' title='bbox 3463 2873 3677 2925; x_wconf 63' lang='lat' dir='ltr'><strong>sanctas</strong></span> 
     </span>
    </p>
   </div>
   <div class='ocr_carea' id='block_1_77' title="bbox 2035 2953 3681 3021">
    <p class='ocr_par' dir='ltr' id='par_1_77' title="bbox 2035 2953 3681 3021">
     <span class='ocr_line' id='line_1_77' title="bbox 2035 2953 3681 3021; baseline 0.001 -9"><span class='ocrx_word' id='word_1_524' title='bbox 2035 2954 2246 3021; x_wconf 89' lang='lat' dir='ltr'><strong>crucis,</strong></span> <span class='ocrx_word' id='word_1_525' title='bbox 2270 2955 2423 3010; x_wconf 92' lang='lat' dir='ltr'><strong>sicut</strong></span> <span class='ocrx_word' id='word_1_526' title='bbox 2455 2954 2513 3009; x_wconf 92' lang='lat' dir='ltr'><strong>in</strong></span> <span class='ocrx_word' id='word_1_527' title='bbox 2546 2954 2656 3009; x_wconf 93' lang='lat' dir='ltr'><strong>hoc</strong></span> <span class='ocrx_word' id='word_1_528' title='bbox 2688 2953 2849 3011; x_wconf 89' lang='lat' dir='ltr'><strong>loco:</strong></span> <span class='ocrx_word' id='word_1_529' title='bbox 2893 2977 2918 3007; x_wconf 77' lang='grc' dir='ltr'>α</span> <span class='ocrx_word' id='word_1_530' title='bbox 2946 2957 3308 3013; x_wconf 88' lang='lat' dir='ltr'><strong>Ascendente</strong></span> <span class='ocrx_word' id='word_1_531' title='bbox 3337 2957 3475 3013; x_wconf 86' lang='lat' dir='ltr'><strong>Jesu</strong></span> <span class='ocrx_word' id='word_1_532' title='bbox 3509 2958 3565 3013; x_wconf 89' lang='lat' dir='ltr'><strong>in</strong></span> <span class='ocrx_word' id='word_1_533' title='bbox 3583 2976 3681 3014; x_wconf 83' lang='lat' dir='ltr'><strong>na-</strong></span> 
     </span>
    </p>
   </div>
   <div class='ocr_carea' id='block_1_78' title="bbox 2034 3043 3679 3119">
    <p class='ocr_par' dir='ltr' id='par_1_78' title="bbox 2034 3043 3679 3119">
     <span class='ocr_line' id='line_1_78' title="bbox 2034 3043 3679 3119; baseline 0.002 -20"><span class='ocrx_word' id='word_1_534' title='bbox 2034 3043 2286 3100; x_wconf 89' lang='lat' dir='ltr'><strong>viculam</strong></span> <span class='ocrx_word' id='word_1_535' title='bbox 2317 3043 2502 3098; x_wconf 76' lang='lat' dir='ltr'><strong>Matth.</strong></span> <span class='ocrx_word' id='word_1_536' title='bbox 2535 3046 2680 3109; x_wconf 87' lang='lat' dir='ltr'><strong>vm).</strong></span> <span class='ocrx_word' id='word_1_537' title='bbox 2710 3067 2737 3092; x_wconf 84' lang='lat'><strong>»</strong></span> <span class='ocrx_word' id='word_1_538' title='bbox 2761 3044 2823 3098; x_wconf 91' lang='lat' dir='ltr'><strong>In</strong></span> <span class='ocrx_word' id='word_1_539' title='bbox 2857 3060 3211 3116; x_wconf 90' lang='lat' dir='ltr'><strong>unoquoque</strong></span> <span class='ocrx_word' id='word_1_540' title='bbox 3241 3045 3560 3119; x_wconf 90' lang='lat' dir='ltr'><strong>eodemque</strong></span> <span class='ocrx_word' id='word_1_541' title='bbox 3574 3047 3679 3103; x_wconf 88' lang='lat' dir='ltr'><strong>mi-</strong></span> 
     </span>
    </p>
   </div>
   <div class='ocr_carea' id='block_1_79' title="bbox 2036 3130 3678 3203">
    <p class='ocr_par' dir='ltr' id='par_1_79' title="bbox 2036 3130 3678 3203">
     <span class='ocr_line' id='line_1_79' title="bbox 2036 3130 3678 3203; baseline 0.001 -15"><span class='ocrx_word' id='word_1_542' title='bbox 2036 3130 2234 3188; x_wconf 86' lang='lat' dir='ltr'><strong>raculo</strong></span> <span class='ocrx_word' id='word_1_543' title='bbox 2266 3136 2514 3203; x_wconf 89' lang='lat' dir='ltr'><strong>utraque</strong></span> <span class='ocrx_word' id='word_1_544' title='bbox 2546 3130 2779 3186; x_wconf 91' lang='lat' dir='ltr'><strong>Domini</strong></span> <span class='ocrx_word' id='word_1_545' title='bbox 2806 3135 3035 3199; x_wconf 89' lang='lat' dir='ltr'><strong>natura,</strong></span> <span class='ocrx_word' id='word_1_546' title='bbox 3061 3132 3257 3189; x_wconf 89' lang='lat' dir='ltr'><strong>divina</strong></span> <span class='ocrx_word' id='word_1_547' title='bbox 3273 3132 3678 3191; x_wconf 88' lang='lat' dir='ltr'><strong>scilicetethu-</strong></span> 
     </span>
    </p>
   </div>
   <div class='ocr_carea' id='block_1_80' title="bbox 2035 3219 3677 3288">
    <p class='ocr_par' dir='ltr' id='par_1_80' title="bbox 2035 3219 3677 3288">
     <span class='ocr_line' id='line_1_80' title="bbox 2035 3219 3677 3288; baseline 0.002 -12"><span class='ocrx_word' id='word_1_548' title='bbox 2035 3238 2230 3288; x_wconf 90' lang='lat' dir='ltr'><strong>mana,</strong></span> <span class='ocrx_word' id='word_1_549' title='bbox 2263 3219 2432 3275; x_wconf 91' lang='lat' dir='ltr'><strong>nobis</strong></span> <span class='ocrx_word' id='word_1_550' title='bbox 2462 3220 2923 3276; x_wconf 90' lang='lat' dir='ltr'><strong>commendatur.</strong></span> <span class='ocrx_word' id='word_1_551' title='bbox 2958 3221 3134 3287; x_wconf 88' lang='lat' dir='ltr'><strong>Quasi</strong></span> <span class='ocrx_word' id='word_1_552' title='bbox 3166 3221 3322 3277; x_wconf 88' lang='lat' dir='ltr'><strong>enim</strong></span> <span class='ocrx_word' id='word_1_553' title='bbox 3356 3222 3529 3278; x_wconf 88' lang='lat' dir='ltr'><strong>homo</strong></span> <span class='ocrx_word' id='word_1_554' title='bbox 3574 3240 3677 3278; x_wconf 89' lang='lat' dir='ltr'><strong>na-</strong></span> 
     </span>
    </p>
   </div>
   <div class='ocr_carea' id='block_1_81' title="bbox 2033 3308 3672 3380">
    <p class='ocr_par' dir='ltr' id='par_1_81' title="bbox 2033 3308 3672 3380">
     <span class='ocr_line' id='line_1_81' title="bbox 2033 3308 3672 3380; baseline 0.001 -14"><span class='ocrx_word' id='word_1_555' title='bbox 2033 3326 2163 3367; x_wconf 90' lang='lat' dir='ltr'><strong>vem</strong></span> <span class='ocrx_word' id='word_1_556' title='bbox 2196 3308 2478 3375; x_wconf 86' lang='lat' dir='ltr'><strong>ascendit,</strong></span> <span class='ocrx_word' id='word_1_557' title='bbox 2512 3309 2611 3364; x_wconf 89' lang='lat' dir='ltr'><strong>sed</strong></span> <span class='ocrx_word' id='word_1_558' title='bbox 2644 3309 2810 3380; x_wconf 88' lang='lat' dir='ltr'><strong>quasi</strong></span> <span class='ocrx_word' id='word_1_559' title='bbox 2840 3309 2998 3365; x_wconf 90' lang='lat' dir='ltr'><strong>Deus</strong></span> <span class='ocrx_word' id='word_1_560' title='bbox 3047 3326 3207 3365; x_wconf 86' lang='lat' dir='ltr'><strong>mare</strong></span> <span class='ocrx_word' id='word_1_561' title='bbox 3260 3311 3629 3367; x_wconf 88' lang='lat' dir='ltr'><strong>conturbavit</strong></span> <span class='ocrx_word' id='word_1_562' title='bbox 3658 3327 3672 3367; x_wconf 87' lang='lat'><strong>:</strong></span> 
     </span>
    </p>
   </div>
   <div class='ocr_carea' id='block_1_82' title="bbox 2037 3397 3677 3472">
    <p class='ocr_par' dir='ltr' id='par_1_82' title="bbox 2037 3397 3677 3472">
     <span class='ocr_line' id='line_1_82' title="bbox 2037 3397 3677 3472; baseline 0.001 -18"><span class='ocrx_word' id='word_1_563' title='bbox 2037 3398 2204 3472; x_wconf 87' lang='lat' dir='ltr'><strong>quasi</strong></span> <span class='ocrx_word' id='word_1_564' title='bbox 2236 3398 2410 3454; x_wconf 90' lang='lat' dir='ltr'><strong>homo</strong></span> <span class='ocrx_word' id='word_1_565' title='bbox 2444 3397 2503 3452; x_wconf 92' lang='lat' dir='ltr'><strong>in</strong></span> <span class='ocrx_word' id='word_1_566' title='bbox 2536 3414 2678 3453; x_wconf 83' lang='lat' dir='ltr'><strong>nave</strong></span> <span class='ocrx_word' id='word_1_567' title='bbox 2708 3398 3000 3466; x_wconf 88' lang='lat' dir='ltr'><strong>dormivit,</strong></span> <span class='ocrx_word' id='word_1_568' title='bbox 3017 3398 3117 3454; x_wconf 90' lang='lat' dir='ltr'><strong>sed</strong></span> <span class='ocrx_word' id='word_1_569' title='bbox 3136 3397 3304 3470; x_wconf 90' lang='lat' dir='ltr'><strong>quasi</strong></span> <span class='ocrx_word' id='word_1_570' title='bbox 3325 3398 3677 3456; x_wconf 88' lang='lat' dir='ltr'><strong>Deusventis</strong></span> 
     </span>
    </p>
   </div>
   <div class='ocr_carea' id='block_1_83' title="bbox 2038 3486 3676 3559">
    <p class='ocr_par' dir='ltr' id='par_1_83' title="bbox 2038 3486 3676 3559">
     <span class='ocr_line' id='line_1_83' title="bbox 2038 3486 3676 3559; baseline -0.001 -15"><span class='ocrx_word' id='word_1_571' title='bbox 2038 3492 2095 3545; x_wconf 90' lang='lat' dir='ltr'><strong>et</strong></span> <span class='ocrx_word' id='word_1_572' title='bbox 2126 3487 2270 3543; x_wconf 90' lang='lat' dir='ltr'><strong>mari</strong></span> <span class='ocrx_word' id='word_1_573' title='bbox 2306 3486 2705 3559; x_wconf 88' lang='lat' dir='ltr'><strong>imperavit,et</strong></span> <span class='ocrx_word' id='word_1_574' title='bbox 2737 3487 3037 3559; x_wconf 82' lang='lat' dir='ltr'><strong>quiescere</strong></span> <span class='ocrx_word' id='word_1_575' title='bbox 3069 3486 3312 3542; x_wconf 88' lang='lat' dir='ltr'><strong>fecit.Ut</strong></span> <span class='ocrx_word' id='word_1_576' title='bbox 3327 3487 3465 3559; x_wconf 91' lang='lat' dir='ltr'><strong>quid</strong></span> <span class='ocrx_word' id='word_1_577' title='bbox 3482 3492 3676 3543; x_wconf 89' lang='lat' dir='ltr'><strong>autem</strong></span> 
     </span>
    </p>
   </div>
   <div class='ocr_carea' id='block_1_84' title="bbox 2038 3570 3684 3648">
    <p class='ocr_par' dir='ltr' id='par_1_84' title="bbox 2038 3570 3684 3648">
     <span class='ocr_line' id='line_1_84' title="bbox 2038 3570 3684 3648; baseline 0.001 -16"><span class='ocrx_word' id='word_1_578' title='bbox 2038 3592 2198 3632; x_wconf 90' lang='lat' dir='ltr'><strong>mare</strong></span> <span class='ocrx_word' id='word_1_579' title='bbox 2257 3570 2825 3648; x_wconf 79' lang='lat' dir='ltr'><strong>transnavigaturus,</strong></span> <span class='ocrx_word' id='word_1_580' title='bbox 2855 3592 3061 3631; x_wconf 89' lang='lat' dir='ltr'><strong>navem</strong></span> <span class='ocrx_word' id='word_1_581' title='bbox 3109 3576 3422 3633; x_wconf 86' lang='lat' dir='ltr'><strong>ascendere</strong></span> <span class='ocrx_word' id='word_1_582' title='bbox 3460 3576 3684 3633; x_wconf 83' lang='lat' dir='ltr'><strong>voluit?</strong></span> 
     </span>
    </p>
   </div>
   <div class='ocr_carea' id='block_1_85' title="bbox 2041 3663 3683 3738">
    <p class='ocr_par' dir='ltr' id='par_1_85' title="bbox 2041 3663 3683 3738">
     <span class='ocr_line' id='line_1_85' title="bbox 2041 3663 3683 3738; baseline -0.001 -15"><span class='ocrx_word' id='word_1_583' title='bbox 2041 3664 2323 3736; x_wconf 90' lang='lat' dir='ltr'><strong>Nunquid</strong></span> <span class='ocrx_word' id='word_1_584' title='bbox 2372 3680 2486 3719; x_wconf 90' lang='lat' dir='ltr'><strong>non</strong></span> <span class='ocrx_word' id='word_1_585' title='bbox 2536 3682 2714 3736; x_wconf 85' lang='lat' dir='ltr'><strong>supra</strong></span> <span class='ocrx_word' id='word_1_586' title='bbox 2763 3682 2923 3719; x_wconf 86' lang='lat' dir='ltr'><strong>mare</strong></span> <span class='ocrx_word' id='word_1_587' title='bbox 2987 3663 3239 3721; x_wconf 88' lang='lat' dir='ltr'><strong>transire</strong></span> <span class='ocrx_word' id='word_1_588' title='bbox 3288 3669 3533 3737; x_wconf 87' lang='lat' dir='ltr'><strong>poterat,</strong></span> <span class='ocrx_word' id='word_1_589' title='bbox 3583 3665 3683 3738; x_wconf 91' lang='lat' dir='ltr'><strong>qui</strong></span> 
     </span>
    </p>
   </div>
   <div class='ocr_carea' id='block_1_86' title="bbox 2043 3751 3690 3826">
    <p class='ocr_par' dir='ltr' id='par_1_86' title="bbox 2043 3751 3690 3826">
     <span class='ocr_line' id='line_1_86' title="bbox 2043 3751 3690 3826; baseline 0.001 -17"><span class='ocrx_word' id='word_1_590' title='bbox 2043 3754 2209 3810; x_wconf 88' lang='lat' dir='ltr'><strong>Petro</strong></span> <span class='ocrx_word' id='word_1_591' title='bbox 2235 3751 2507 3826; x_wconf 65' lang='lat' dir='ltr'><strong>prrsstitit</strong></span> <span class='ocrx_word' id='word_1_592' title='bbox 2536 3769 2714 3825; x_wconf 87' lang='lat' dir='ltr'><strong>super</strong></span> <span class='ocrx_word' id='word_1_593' title='bbox 2745 3753 2931 3808; x_wconf 91' lang='lat' dir='ltr'><strong>undas</strong></span> <span class='ocrx_word' id='word_1_594' title='bbox 2979 3752 3160 3809; x_wconf 88' lang='lat' dir='ltr'><strong>maris</strong></span> <span class='ocrx_word' id='word_1_595' title='bbox 3201 3753 3543 3811; x_wconf 85' lang='lat' dir='ltr'><strong>ambulare?</strong></span> <span class='ocrx_word' id='word_1_596' title='bbox 3570 3758 3690 3811; x_wconf 86' lang='lat' dir='ltr'><strong>Aut</strong></span> 
     </span>
    </p>
   </div>
   <div class='ocr_carea' id='block_1_87' title="bbox 2045 3841 3687 3915">
    <p class='ocr_par' dir='ltr' id='par_1_87' title="bbox 2045 3841 3687 3915">
     <span class='ocr_line' id='line_1_87' title="bbox 2045 3841 3687 3915; baseline 0 -16"><span class='ocrx_word' id='word_1_597' title='bbox 2045 3860 2162 3899; x_wconf 90' lang='lat' dir='ltr'><strong>non</strong></span> <span class='ocrx_word' id='word_1_598' title='bbox 2193 3844 2416 3914; x_wconf 86' lang='lat' dir='ltr'><strong>poterat</strong></span> <span class='ocrx_word' id='word_1_599' title='bbox 2449 3841 2574 3897; x_wconf 86' lang='lat' dir='ltr'><strong>suis</strong></span> <span class='ocrx_word' id='word_1_600' title='bbox 2606 3858 2799 3897; x_wconf 90' lang='lat' dir='ltr'><strong>coram</strong></span> <span class='ocrx_word' id='word_1_601' title='bbox 2834 3841 3092 3913; x_wconf 82' lang='lat' dir='ltr'><strong>vestigiis</strong></span> <span class='ocrx_word' id='word_1_602' title='bbox 3125 3858 3285 3898; x_wconf 88' lang='lat' dir='ltr'><strong>mare</strong></span> <span class='ocrx_word' id='word_1_603' title='bbox 3317 3842 3557 3911; x_wconf 89' lang='lat' dir='ltr'><strong>siccare,</strong></span> <span class='ocrx_word' id='word_1_604' title='bbox 3589 3842 3687 3915; x_wconf 90' lang='lat' dir='ltr'><strong>qui</strong></span> 
     </span>
    </p>
   </div>
   <div class='ocr_carea' id='block_1_88' title="bbox 2047 3928 3691 4004">
    <p class='ocr_par' dir='ltr' id='par_1_88' title="bbox 2047 3928 3691 4004">
     <span class='ocr_line' id='line_1_88' title="bbox 2047 3928 3691 4004; baseline 0 -17"><span class='ocrx_word' id='word_1_605' title='bbox 2047 3948 2242 3987; x_wconf 89' lang='lat' dir='ltr'><strong>coram</strong></span> <span class='ocrx_word' id='word_1_606' title='bbox 2267 3928 2403 3984; x_wconf 86' lang='lat' dir='ltr'><strong>filiis</strong></span> <span class='ocrx_word' id='word_1_607' title='bbox 2430 3929 2625 3997; x_wconf 88' lang='lat' dir='ltr'><strong>Israel,</strong></span> <span class='ocrx_word' id='word_1_608' title='bbox 2641 3930 2864 3985; x_wconf 89' lang='lat' dir='ltr'><strong>dudum</strong></span> <span class='ocrx_word' id='word_1_609' title='bbox 2881 3946 2949 3985; x_wconf 89' lang='lat' dir='ltr'><strong>ex</strong></span> <span class='ocrx_word' id='word_1_610' title='bbox 2968 3934 3213 4003; x_wconf 59' lang='lat' dir='ltr'><strong>IEgypto</strong></span> <span class='ocrx_word' id='word_1_611' title='bbox 3235 3930 3691 4004; x_wconf 90' lang='lat' dir='ltr'><strong>egredientibus,</strong></span> 
     </span>
    </p>
   </div>
   <div class='ocr_carea' id='block_1_89' title="bbox 2050 4018 3697 4093">
    <p class='ocr_par' dir='ltr' id='par_1_89' title="bbox 2050 4018 3697 4093">
     <span class='ocr_line' id='line_1_89' title="bbox 2050 4018 3697 4093; baseline 0.001 -17"><span class='ocrx_word' id='word_1_612' title='bbox 2050 4036 2211 4076; x_wconf 90' lang='lat' dir='ltr'><strong>mare</strong></span> <span class='ocrx_word' id='word_1_613' title='bbox 2242 4019 2507 4074; x_wconf 84' lang='lat' dir='ltr'><strong>Rubrum</strong></span> <span class='ocrx_word' id='word_1_614' title='bbox 2538 4018 2873 4088; x_wconf 88' lang='lat' dir='ltr'><strong>siccaverat,</strong></span> <span class='ocrx_word' id='word_1_615' title='bbox 2888 4023 2945 4075; x_wconf 91' lang='lat' dir='ltr'><strong>et</strong></span> <span class='ocrx_word' id='word_1_616' title='bbox 2970 4019 3091 4075; x_wconf 88' lang='lat' dir='ltr'><strong>sieo</strong></span> <span class='ocrx_word' id='word_1_617' title='bbox 3121 4020 3366 4093; x_wconf 90' lang='lat' dir='ltr'><strong>vestigio</strong></span> <span class='ocrx_word' id='word_1_618' title='bbox 3388 4037 3489 4077; x_wconf 92' lang='lat' dir='ltr'><strong>eos</strong></span> <span class='ocrx_word' id='word_1_619' title='bbox 3510 4025 3697 4077; x_wconf 89' lang='lat' dir='ltr'><strong>trans-</strong></span> 
     </span>
    </p>
   </div>
   <div class='ocr_carea' id='block_1_90' title="bbox 2050 4106 3697 4179">
    <p class='ocr_par' dir='ltr' id='par_1_90' title="bbox 2050 4106 3697 4179">
     <span class='ocr_line' id='line_1_90' title="bbox 2050 4106 3697 4179; baseline 0.001 -16"><span class='ocrx_word' id='word_1_620' title='bbox 2050 4108 2134 4164; x_wconf 90' lang='lat' dir='ltr'><strong>ire</strong></span> <span class='ocrx_word' id='word_1_621' title='bbox 2167 4106 2417 4164; x_wconf 82' lang='lat' dir='ltr'><strong>fecerat?</strong></span> <span class='ocrx_word' id='word_1_622' title='bbox 2448 4106 2677 4162; x_wconf 88' lang='lat' dir='ltr'><strong>Poterat</strong></span> <span class='ocrx_word' id='word_1_623' title='bbox 2709 4107 2934 4179; x_wconf 88' lang='lat' dir='ltr'><strong>utique,</strong></span> <span class='ocrx_word' id='word_1_624' title='bbox 2970 4109 3071 4164; x_wconf 89' lang='lat' dir='ltr'><strong>sed</strong></span> <span class='ocrx_word' id='word_1_625' title='bbox 3122 4109 3250 4173; x_wconf 78' lang='lat' dir='ltr'><strong>ideo</strong></span> <span class='ocrx_word' id='word_1_626' title='bbox 3302 4109 3697 4165; x_wconf 89' lang='lat' dir='ltr'><strong>ministerium</strong></span> 
     </span>
    </p>
   </div>
   <div class='ocr_carea' id='block_1_91' title="bbox 2053 4194 3701 4268">
    <p class='ocr_par' dir='ltr' id='par_1_91' title="bbox 2053 4194 3701 4268">
     <span class='ocr_line' id='line_1_91' title="bbox 2053 4194 3701 4268; baseline -0.001 -16"><span class='ocrx_word' id='word_1_627' title='bbox 2053 4195 2219 4252; x_wconf 89' lang='lat' dir='ltr'><strong>navis</strong></span> <span class='ocrx_word' id='word_1_628' title='bbox 2241 4194 2586 4267; x_wconf 89' lang='lat' dir='ltr'><strong>assumpsit,</strong></span> <span class='ocrx_word' id='word_1_629' title='bbox 2603 4195 2886 4250; x_wconf 88' lang='lat' dir='ltr'><strong>nimirum</strong></span> <span class='ocrx_word' id='word_1_630' title='bbox 2910 4201 2975 4251; x_wconf 90' lang='lat' dir='ltr'><strong>ut</strong></span> <span class='ocrx_word' id='word_1_631' title='bbox 3001 4195 3199 4251; x_wconf 90' lang='lat' dir='ltr'><strong>omnia</strong></span> <span class='ocrx_word' id='word_1_632' title='bbox 3222 4214 3347 4268; x_wconf 67' lang='lat' dir='ltr'><strong>quae</strong></span> <span class='ocrx_word' id='word_1_633' title='bbox 3369 4197 3701 4253; x_wconf 90' lang='lat' dir='ltr'><strong>sunthomi-</strong></span> 
     </span>
    </p>
   </div>
   <div class='ocr_carea' id='block_1_92' title="bbox 2053 4284 3696 4349">
    <p class='ocr_par' dir='ltr' id='par_1_92' title="bbox 2053 4284 3696 4349">
     <span class='ocr_line' id='line_1_92' title="bbox 2053 4284 3696 4349; baseline -0.001 -9"><span class='ocrx_word' id='word_1_634' title='bbox 2053 4284 2144 4341; x_wconf 90' lang='lat' dir='ltr'><strong>nis</strong></span> <span class='ocrx_word' id='word_1_635' title='bbox 2193 4284 2434 4349; x_wconf 85' lang='lat' dir='ltr'><strong>faciens,</strong></span> <span class='ocrx_word' id='word_1_636' title='bbox 2469 4300 2531 4338; x_wconf 90' lang='lat' dir='ltr'><strong>se</strong></span> <span class='ocrx_word' id='word_1_637' title='bbox 2580 4301 2783 4339; x_wconf 89' lang='lat' dir='ltr'><strong>verum</strong></span> <span class='ocrx_word' id='word_1_638' title='bbox 2831 4284 3131 4340; x_wconf 90' lang='lat' dir='ltr'><strong>hominem</strong></span> <span class='ocrx_word' id='word_1_639' title='bbox 3172 4301 3301 4340; x_wconf 90' lang='lat' dir='ltr'><strong>esse</strong></span> <span class='ocrx_word' id='word_1_640' title='bbox 3337 4284 3696 4340; x_wconf 46' lang='lat' dir='ltr'><strong>&#39;ostenderet.</strong></span> 
     </span>
    </p>
   </div>
   <div class='ocr_carea' id='block_1_93' title="bbox 2056 4371 3702 4445">
    <p class='ocr_par' dir='ltr' id='par_1_93' title="bbox 2056 4371 3702 4445">
     <span class='ocr_line' id='line_1_93' title="bbox 2056 4371 3702 4445; baseline 0 -17"><span class='ocrx_word' id='word_1_641' title='bbox 2056 4374 2371 4445; x_wconf 78' lang='lat' dir='ltr'><strong>Postham</strong></span> <span class='ocrx_word' id='word_1_642' title='bbox 2394 4372 2547 4426; x_wconf 87' lang='lat' dir='ltr'><strong>enim</strong></span> <span class='ocrx_word' id='word_1_643' title='bbox 2575 4371 2920 4427; x_wconf 88' lang='lat' dir='ltr'><strong>mirabiliter</strong></span> <span class='ocrx_word' id='word_1_644' title='bbox 2934 4371 3467 4428; x_wconf 85' lang='lat' dir='ltr'><strong>miraculainterris</strong></span> <span class='ocrx_word' id='word_1_645' title='bbox 3486 4371 3702 4429; x_wconf 89' lang='lat' dir='ltr'><strong>nostris</strong></span> 
     </span>
    </p>
   </div>
   <div class='ocr_carea' id='block_1_94' title="bbox 2057 4459 3705 4534">
    <p class='ocr_par' dir='ltr' id='par_1_94' title="bbox 2057 4459 3705 4534">
     <span class='ocr_line' id='line_1_94' title="bbox 2057 4459 3705 4534; baseline 0 -17"><span class='ocrx_word' id='word_1_646' title='bbox 2057 4462 2215 4529; x_wconf 90' lang='lat' dir='ltr'><strong>fecit,</strong></span> <span class='ocrx_word' id='word_1_647' title='bbox 2245 4462 2317 4517; x_wconf 90' lang='lat' dir='ltr'><strong>ad</strong></span> <span class='ocrx_word' id='word_1_648' title='bbox 2350 4478 2508 4516; x_wconf 90' lang='lat' dir='ltr'><strong>mare</strong></span> <span class='ocrx_word' id='word_1_649' title='bbox 2538 4460 2765 4529; x_wconf 88' lang='lat' dir='ltr'><strong>transit,</strong></span> <span class='ocrx_word' id='word_1_650' title='bbox 2792 4463 2856 4516; x_wconf 92' lang='lat' dir='ltr'><strong>ut</strong></span> <span class='ocrx_word' id='word_1_651' title='bbox 2886 4462 3092 4534; x_wconf 85' lang='lat' dir='ltr'><strong>ingens</strong></span> <span class='ocrx_word' id='word_1_652' title='bbox 3123 4460 3202 4516; x_wconf 91' lang='lat' dir='ltr'><strong>ibi</strong></span> <span class='ocrx_word' id='word_1_653' title='bbox 3235 4459 3584 4516; x_wconf 90' lang='lat' dir='ltr'><strong>miraculum</strong></span> <span class='ocrx_word' id='word_1_654' title='bbox 3615 4461 3705 4517; x_wconf 88' lang='lat' dir='ltr'><strong>fa-</strong></span> 
     </span>
    </p>
   </div>
   <div class='ocr_carea' id='block_1_95' title="bbox 286 4546 3708 4643">
    <p class='ocr_par' dir='ltr' id='par_1_95' title="bbox 286 4546 3708 4643">
     <span class='ocr_line' id='line_1_95' title="bbox 286 4546 3708 4643; baseline -0.003 -28"><span class='ocrx_word' id='word_1_655' title='bbox 286 4562 456 4616; x_wconf 82' lang='lat' dir='ltr'><strong>tanto</strong></span> <span class='ocrx_word' id='word_1_656' title='bbox 487 4555 676 4628; x_wconf 84' lang='lat' dir='ltr'><strong>magis</strong></span> <span class='ocrx_word' id='word_1_657' title='bbox 704 4550 925 4609; x_wconf 86' lang='lat' dir='ltr'><strong>invenit</strong></span> <span class='ocrx_word' id='word_1_658' title='bbox 958 4550 1018 4606; x_wconf 88' lang='lat' dir='ltr'><strong>in</strong></span> <span class='ocrx_word' id='word_1_659' title='bbox 1052 4548 1284 4616; x_wconf 74' lang='lat' dir='ltr'><strong>saeculo,</strong></span> <span class='ocrx_word' id='word_1_660' title='bbox 1316 4547 1472 4643; x_wconf 68' lang='lat' dir='ltr'><strong>quod</strong></span> <span class='ocrx_word' id='word_1_661' title='bbox 1505 4546 1714 4602; x_wconf 90' lang='lat' dir='ltr'><strong>durius</strong></span> <span class='ocrx_word' id='word_1_662' title='bbox 1738 4548 1945 4643; x_wconf 69' lang='lat' dir='ltr'><strong>portet,</strong></span> <span class='ocrx_word' id='word_1_663' title='bbox 1978 4574 2026 4639; x_wconf 83' lang='lat' dir='ltr'><strong>D</strong></span> <span class='ocrx_word' id='word_1_664' title='bbox 2058 4554 2233 4615; x_wconf 88' lang='lat' dir='ltr'><strong>ceret,</strong></span> <span class='ocrx_word' id='word_1_665' title='bbox 2260 4554 2315 4604; x_wconf 91' lang='lat' dir='ltr'><strong>et</strong></span> <span class='ocrx_word' id='word_1_666' title='bbox 2351 4548 2557 4604; x_wconf 84' lang='lat' dir='ltr'><strong>Filium</strong></span> <span class='ocrx_word' id='word_1_667' title='bbox 2594 4550 2687 4605; x_wconf 89' lang='lat' dir='ltr'><strong>Dei</strong></span> <span class='ocrx_word' id='word_1_668' title='bbox 2720 4566 2782 4606; x_wconf 89' lang='lat' dir='ltr'><strong>se</strong></span> <span class='ocrx_word' id='word_1_669' title='bbox 2813 4566 2940 4607; x_wconf 89' lang='lat' dir='ltr'><strong>esse</strong></span> <span class='ocrx_word' id='word_1_670' title='bbox 2972 4551 3421 4617; x_wconf 85' lang='lat' dir='ltr'><strong>demonstraret,</strong></span> <span class='ocrx_word' id='word_1_671' title='bbox 3456 4548 3708 4622; x_wconf 87' lang='lat' dir='ltr'><strong>quifacit</strong></span> 
     </span>
    </p>
   </div>
   <div class='ocr_carea' id='block_1_96' title="bbox 284 4633 1948 4718">
    <p class='ocr_par' dir='ltr' id='par_1_96' title="bbox 284 4633 1948 4718">
     <span class='ocr_line' id='line_1_96' title="bbox 284 4633 1948 4718; baseline -0.01 -15"><span class='ocrx_word' id='word_1_672' title='bbox 284 4644 558 4718; x_wconf 78' lang='lat' dir='ltr'><strong>exemplo</strong></span> <span class='ocrx_word' id='word_1_673' title='bbox 588 4641 1011 4704; x_wconf 88' lang='lat' dir='ltr'><strong>Israelitarum,</strong></span> <span class='ocrx_word' id='word_1_674' title='bbox 1032 4637 1133 4712; x_wconf 92' lang='lat' dir='ltr'><strong>qui</strong></span> <span class='ocrx_word' id='word_1_675' title='bbox 1168 4641 1310 4692; x_wconf 92' lang='lat' dir='ltr'><strong>tunc</strong></span> <span class='ocrx_word' id='word_1_676' title='bbox 1341 4653 1376 4691; x_wconf 93' lang='lat' dir='ltr'><strong>a</strong></span> <span class='ocrx_word' id='word_1_677' title='bbox 1402 4635 1702 4691; x_wconf 87' lang='lat' dir='ltr'><strong>Pharaone</strong></span> <span class='ocrx_word' id='word_1_678' title='bbox 1728 4633 1948 4707; x_wconf 88' lang='lat' dir='ltr'><strong>duplici</strong></span> 
     </span>
    </p>
   </div>
   <div class='ocr_carea' id='block_1_97' title="bbox 286 4721 1943 4798">
    <p class='ocr_par' dir='ltr' id='par_1_97' title="bbox 286 4721 1943 4798">
     <span class='ocr_line' id='line_1_97' title="bbox 286 4721 1943 4798; baseline -0.009 -7"><span class='ocrx_word' id='word_1_679' title='bbox 286 4732 484 4791; x_wconf 83' lang='lat' dir='ltr'><strong>vexati</strong></span> <span class='ocrx_word' id='word_1_680' title='bbox 514 4735 654 4787; x_wconf 89' lang='lat' dir='ltr'><strong>sunt</strong></span> <span class='ocrx_word' id='word_1_681' title='bbox 685 4728 1019 4798; x_wconf 84' lang='lat' dir='ltr'><strong>afﬂictione,</strong></span> <span class='ocrx_word' id='word_1_682' title='bbox 1036 4743 1169 4783; x_wconf 89' lang='lat' dir='ltr'><strong>cum</strong></span> <span class='ocrx_word' id='word_1_683' title='bbox 1198 4742 1296 4781; x_wconf 90' lang='lat' dir='ltr'><strong>eos</strong></span> <span class='ocrx_word' id='word_1_684' title='bbox 1323 4742 1357 4780; x_wconf 89' lang='lat' dir='ltr'><strong>a</strong></span> <span class='ocrx_word' id='word_1_685' title='bbox 1377 4728 1569 4796; x_wconf 70' lang='lat' dir='ltr'><strong>Moyse</strong></span> <span class='ocrx_word' id='word_1_686' title='bbox 1591 4721 1844 4778; x_wconf 88' lang='lat' dir='ltr'><strong>monitos</strong></span> <span class='ocrx_word' id='word_1_687' title='bbox 1871 4722 1943 4777; x_wconf 91' lang='lat' dir='ltr'><strong>ad</strong></span> 
     </span>
    </p>
   </div>
   <div class='ocr_carea' id='block_1_98' title="bbox 290 4811 1950 4890">
    <p class='ocr_par' dir='ltr' id='par_1_98' title="bbox 290 4811 1950 4890">
     <span class='ocr_line' id='line_1_98' title="bbox 290 4811 1950 4890; baseline -0.008 -12"><span class='ocrx_word' id='word_1_688' title='bbox 290 4822 563 4879; x_wconf 88' lang='lat' dir='ltr'><strong>divinum</strong></span> <span class='ocrx_word' id='word_1_689' title='bbox 598 4817 843 4890; x_wconf 90' lang='lat' dir='ltr'><strong>contigit</strong></span> <span class='ocrx_word' id='word_1_690' title='bbox 873 4814 1157 4871; x_wconf 83' lang='lat' dir='ltr'><strong>auxilium</strong></span> <span class='ocrx_word' id='word_1_691' title='bbox 1187 4812 1544 4886; x_wconf 85' lang='lat' dir='ltr'><strong>confugisse,</strong></span> <span class='ocrx_word' id='word_1_692' title='bbox 1579 4811 1815 4883; x_wconf 87' lang='lat' dir='ltr'><strong>quando</strong></span> <span class='ocrx_word' id='word_1_693' title='bbox 1849 4827 1950 4883; x_wconf 89' lang='lat' dir='ltr'><strong>per</strong></span> 
     </span>
    </p>
   </div>
   <div class='ocr_carea' id='block_1_99' title="bbox 292 4899 1950 4983">
    <p class='ocr_par' dir='ltr' id='par_1_99' title="bbox 292 4899 1950 4983">
     <span class='ocr_line' id='line_1_99' title="bbox 292 4899 1950 4983; baseline -0.009 -15"><span class='ocrx_word' id='word_1_694' title='bbox 292 4912 537 4983; x_wconf 72' lang='lat' dir='ltr'><strong>Moysen</strong></span> <span class='ocrx_word' id='word_1_695' title='bbox 578 4913 635 4963; x_wconf 90' lang='lat' dir='ltr'><strong>et</strong></span> <span class='ocrx_word' id='word_1_696' title='bbox 663 4909 854 4962; x_wconf 88' lang='lat' dir='ltr'><strong>Aaron</strong></span> <span class='ocrx_word' id='word_1_697' title='bbox 903 4905 974 4960; x_wconf 90' lang='lat' dir='ltr'><strong>ad</strong></span> <span class='ocrx_word' id='word_1_698' title='bbox 1022 4908 1236 4959; x_wconf 87' lang='lat' dir='ltr'><strong>terram</strong></span> <span class='ocrx_word' id='word_1_699' title='bbox 1292 4899 1765 4974; x_wconf 87' lang='lat' dir='ltr'><strong>repromissionis</strong></span> <span class='ocrx_word' id='word_1_700' title='bbox 1811 4903 1950 4955; x_wconf 88' lang='lat' dir='ltr'><strong>sunt</strong></span> 
     </span>
    </p>
   </div>
   <div class='ocr_carea' id='block_1_100' title="bbox 290 4989 1948 5063">
    <p class='ocr_par' dir='ltr' id='par_1_100' title="bbox 290 4989 1948 5063">
     <span class='ocr_line' id='line_1_100' title="bbox 290 4989 1948 5063; baseline -0.009 -6"><span class='ocrx_word' id='word_1_701' title='bbox 290 4997 688 5062; x_wconf 78' lang='lat' dir='ltr'><strong>vocati.Quorl</strong></span> <span class='ocrx_word' id='word_1_702' title='bbox 720 4994 1005 5051; x_wconf 89' lang='lat' dir='ltr'><strong>Dominus</strong></span> <span class='ocrx_word' id='word_1_703' title='bbox 1031 4992 1207 5049; x_wconf 88' lang='lat' dir='ltr'><strong>etiam</strong></span> <span class='ocrx_word' id='word_1_704' title='bbox 1239 5009 1347 5047; x_wconf 89' lang='lat' dir='ltr'><strong>suo</strong></span> <span class='ocrx_word' id='word_1_705' title='bbox 1377 4989 1642 5063; x_wconf 88' lang='lat' dir='ltr'><strong>exemplo</strong></span> <span class='ocrx_word' id='word_1_706' title='bbox 1674 4989 1948 5056; x_wconf 89' lang='lat' dir='ltr'><strong>ostendit,</strong></span> 
     </span>
    </p>
   </div>
   <div class='ocr_carea' id='block_1_101' title="bbox 293 5075 1948 5163">
    <p class='ocr_par' dir='ltr' id='par_1_101' title="bbox 293 5075 1948 5163">
     <span class='ocr_line' id='line_1_101' title="bbox 293 5075 1948 5163; baseline -0.008 -19"><span class='ocrx_word' id='word_1_707' title='bbox 293 5088 538 5163; x_wconf 83' lang='lat' dir='ltr'><strong>quando</strong></span> <span class='ocrx_word' id='word_1_708' title='bbox 570 5089 701 5158; x_wconf 90' lang='lat' dir='ltr'><strong>post</strong></span> <span class='ocrx_word' id='word_1_709' title='bbox 717 5083 1017 5156; x_wconf 85' lang='lat' dir='ltr'><strong>jejunium</strong></span> <span class='ocrx_word' id='word_1_710' title='bbox 1048 5080 1263 5138; x_wconf 87' lang='lat' dir='ltr'><strong>diaboli</strong></span> <span class='ocrx_word' id='word_1_711' title='bbox 1291 5079 1643 5135; x_wconf 80' lang='lat' dir='ltr'><strong>tentationes</strong></span> <span class='ocrx_word' id='word_1_712' title='bbox 1688 5075 1948 5150; x_wconf 90' lang='lat' dir='ltr'><strong>pertulit.</strong></span> 
     </span>
    </p>
   </div>
   <div class='ocr_carea' id='block_1_102' title="bbox 294 5165 1953 5246">
    <p class='ocr_par' dir='ltr' id='par_1_102' title="bbox 294 5165 1953 5246">
     <span class='ocr_line' id='line_1_102' title="bbox 294 5165 1953 5246; baseline -0.01 -10"><span class='ocrx_word' id='word_1_713' title='bbox 294 5180 463 5244; x_wconf 63' lang='lat' dir='ltr'><strong>Sape</strong></span> <span class='ocrx_word' id='word_1_714' title='bbox 494 5173 649 5232; x_wconf 91' lang='lat' dir='ltr'><strong>enim</strong></span> <span class='ocrx_word' id='word_1_715' title='bbox 681 5176 814 5246; x_wconf 90' lang='lat' dir='ltr'><strong>post</strong></span> <span class='ocrx_word' id='word_1_716' title='bbox 842 5171 1277 5227; x_wconf 88' lang='lat' dir='ltr'><strong>conversionem</strong></span> <span class='ocrx_word' id='word_1_717' title='bbox 1306 5186 1414 5225; x_wconf 91' lang='lat' dir='ltr'><strong>nos</strong></span> <span class='ocrx_word' id='word_1_718' title='bbox 1445 5165 1715 5223; x_wconf 90' lang='lat' dir='ltr'><strong>diabolus</strong></span> <span class='ocrx_word' id='word_1_719' title='bbox 1759 5166 1953 5221; x_wconf 88' lang='lat' dir='ltr'><strong>acrius</strong></span> 
     </span>
    </p>
   </div>
   <div class='ocr_carea' id='block_1_103' title="bbox 291 5253 1957 5337">
    <p class='ocr_par' dir='ltr' id='par_1_103' title="bbox 291 5253 1957 5337">
     <span class='ocr_line' id='line_1_103' title="bbox 291 5253 1957 5337; baseline -0.009 -14"><span class='ocrx_word' id='word_1_720' title='bbox 291 5269 507 5332; x_wconf 82' lang='lat' dir='ltr'><strong>tentat,</strong></span> <span class='ocrx_word' id='word_1_721' title='bbox 538 5279 691 5337; x_wconf 90' lang='lat' dir='ltr'><strong>quos</strong></span> <span class='ocrx_word' id='word_1_722' title='bbox 721 5278 756 5317; x_wconf 90' lang='lat' dir='ltr'><strong>a</strong></span> <span class='ocrx_word' id='word_1_723' title='bbox 787 5276 895 5317; x_wconf 89' lang='lat' dir='ltr'><strong>sua</strong></span> <span class='ocrx_word' id='word_1_724' title='bbox 926 5259 1201 5315; x_wconf 89' lang='lat' dir='ltr'><strong>servitute</strong></span> <span class='ocrx_word' id='word_1_725' title='bbox 1223 5258 1489 5314; x_wconf 89' lang='lat' dir='ltr'><strong>recedere</strong></span> <span class='ocrx_word' id='word_1_726' title='bbox 1520 5254 1695 5311; x_wconf 90' lang='lat' dir='ltr'><strong>dolet.</strong></span> <span class='ocrx_word' id='word_1_727' title='bbox 1716 5255 1826 5310; x_wconf 88' lang='lat' dir='ltr'><strong>Sed</strong></span> <span class='ocrx_word' id='word_1_728' title='bbox 1859 5253 1957 5309; x_wconf 91' lang='lat' dir='ltr'><strong>ille</strong></span> 
     </span>
    </p>
   </div>
   <div class='ocr_carea' id='block_1_104' title="bbox 297 5342 1958 5429">
    <p class='ocr_par' dir='ltr' id='par_1_104' title="bbox 297 5342 1958 5429">
     <span class='ocr_line' id='line_1_104' title="bbox 297 5342 1958 5429; baseline -0.008 -18"><span class='ocrx_word' id='word_1_729' title='bbox 297 5354 400 5429; x_wconf 85' lang='lat' dir='ltr'><strong>qui</strong></span> <span class='ocrx_word' id='word_1_730' title='bbox 431 5370 547 5410; x_wconf 89' lang='lat' dir='ltr'><strong>non</strong></span> <span class='ocrx_word' id='word_1_731' title='bbox 580 5350 1025 5422; x_wconf 82' lang='lat' dir='ltr'><strong>dormit,neque</strong></span> <span class='ocrx_word' id='word_1_732' title='bbox 1057 5347 1358 5413; x_wconf 89' lang='lat' dir='ltr'><strong>dormitat,</strong></span> <span class='ocrx_word' id='word_1_733' title='bbox 1384 5346 1719 5403; x_wconf 88' lang='lat' dir='ltr'><strong>custodiens</strong></span> <span class='ocrx_word' id='word_1_734' title='bbox 1751 5342 1958 5411; x_wconf 86' lang='lat' dir='ltr'><strong>Israel,</strong></span> 
     </span>
    </p>
   </div>
   <div class='ocr_carea' id='block_1_105' title="bbox 300 5432 1962 5518">
    <p class='ocr_par' dir='ltr' id='par_1_105' title="bbox 300 5432 1962 5518">
     <span class='ocr_line' id='line_1_105' title="bbox 300 5432 1962 5518; baseline -0.009 -17"><span class='ocrx_word' id='word_1_735' title='bbox 300 5443 471 5518; x_wconf 85' lang='lat' dir='ltr'><strong>quasi</strong></span> <span class='ocrx_word' id='word_1_736' title='bbox 502 5440 722 5499; x_wconf 90' lang='lat' dir='ltr'><strong>dormit</strong></span> <span class='ocrx_word' id='word_1_737' title='bbox 750 5440 810 5495; x_wconf 92' lang='lat' dir='ltr'><strong>in</strong></span> <span class='ocrx_word' id='word_1_738' title='bbox 843 5438 996 5504; x_wconf 87' lang='lat' dir='ltr'><strong>navi,</strong></span> <span class='ocrx_word' id='word_1_739' title='bbox 1031 5454 1169 5494; x_wconf 90' lang='lat' dir='ltr'><strong>cum</strong></span> <span class='ocrx_word' id='word_1_740' title='bbox 1210 5440 1464 5492; x_wconf 91' lang='lat' dir='ltr'><strong>mentem</strong></span> <span class='ocrx_word' id='word_1_741' title='bbox 1495 5434 1602 5491; x_wconf 89' lang='lat' dir='ltr'><strong>viri</strong></span> <span class='ocrx_word' id='word_1_742' title='bbox 1626 5433 1773 5506; x_wconf 91' lang='lat' dir='ltr'><strong>justi</strong></span> <span class='ocrx_word' id='word_1_743' title='bbox 1805 5432 1962 5487; x_wconf 87' lang='lat' dir='ltr'><strong>inter</strong></span> 
     </span>
    </p>
   </div>
   <div class='ocr_carea' id='block_1_106' title="bbox 295 5522 1963 5608">
    <p class='ocr_par' dir='ltr' id='par_1_106' title="bbox 295 5522 1963 5608">
     <span class='ocr_line' id='line_1_106' title="bbox 295 5522 1963 5608; baseline -0.009 -18"><span class='ocrx_word' id='word_1_744' title='bbox 295 5531 583 5608; x_wconf 70' lang='lat' dir='ltr'><strong>procellas</strong></span> <span class='ocrx_word' id='word_1_745' title='bbox 596 5528 991 5597; x_wconf 79' lang='lat' dir='ltr'><strong>tentationum</strong></span> <span class='ocrx_word' id='word_1_746' title='bbox 1006 5524 1213 5581; x_wconf 89' lang='lat' dir='ltr'><strong>durius</strong></span> <span class='ocrx_word' id='word_1_747' title='bbox 1228 5524 1515 5596; x_wconf 88' lang='lat' dir='ltr'><strong>permittit</strong></span> <span class='ocrx_word' id='word_1_748' title='bbox 1531 5522 1781 5596; x_wconf 85' lang='lat' dir='ltr'><strong>fatigari:</strong></span> <span class='ocrx_word' id='word_1_749' title='bbox 1800 5539 1963 5577; x_wconf 89' lang='lat' dir='ltr'><strong>cum-</strong></span> 
     </span>
    </p>
   </div>
   <div class='ocr_carea' id='block_1_107' title="bbox 302 5610 1965 5695">
    <p class='ocr_par' dir='ltr' id='par_1_107' title="bbox 302 5610 1965 5695">
     <span class='ocr_line' id='line_1_107' title="bbox 302 5610 1965 5695; baseline -0.008 -17"><span class='ocrx_word' id='word_1_750' title='bbox 302 5639 419 5695; x_wconf 89' lang='lat' dir='ltr'><strong>que</strong></span> <span class='ocrx_word' id='word_1_751' title='bbox 448 5620 623 5677; x_wconf 81' lang='lat' dir='ltr'><strong>sentit</strong></span> <span class='ocrx_word' id='word_1_752' title='bbox 657 5635 774 5675; x_wconf 91' lang='lat' dir='ltr'><strong>non</strong></span> <span class='ocrx_word' id='word_1_753' title='bbox 804 5615 1000 5674; x_wconf 90' lang='lat' dir='ltr'><strong>solum</strong></span> <span class='ocrx_word' id='word_1_754' title='bbox 1045 5613 1262 5670; x_wconf 89' lang='lat' dir='ltr'><strong>diaboli</strong></span> <span class='ocrx_word' id='word_1_755' title='bbox 1316 5613 1684 5680; x_wconf 83' lang='lat' dir='ltr'><strong>tentationes,</strong></span> <span class='ocrx_word' id='word_1_756' title='bbox 1719 5610 1817 5666; x_wconf 76' lang='lat' dir='ltr'><strong>sed</strong></span> <span class='ocrx_word' id='word_1_757' title='bbox 1862 5627 1965 5665; x_wconf 88' lang='lat' dir='ltr'><strong>nec</strong></span> 
     </span>
    </p>
   </div>
   <div class='ocr_carea' id='block_1_108' title="bbox 2058 4637 3706 4712">
    <p class='ocr_par' dir='ltr' id='par_1_108' title="bbox 2058 4637 3706 4712">
     <span class='ocr_line' id='line_1_108' title="bbox 2058 4637 3706 4712; baseline 0.001 -19"><span class='ocrx_word' id='word_1_758' title='bbox 2058 4638 2327 4712; x_wconf 83' lang='lat' dir='ltr'><strong>prodigia</strong></span> <span class='ocrx_word' id='word_1_759' title='bbox 2357 4654 2588 4709; x_wconf 84' lang='lat' dir='ltr'><strong>magna,</strong></span> <span class='ocrx_word' id='word_1_760' title='bbox 2619 4642 2677 4694; x_wconf 88' lang='lat' dir='ltr'><strong>et</strong></span> <span class='ocrx_word' id='word_1_761' title='bbox 2708 4655 2867 4694; x_wconf 85' lang='lat' dir='ltr'><strong>mare</strong></span> <span class='ocrx_word' id='word_1_762' title='bbox 2897 4645 2952 4695; x_wconf 89' lang='lat' dir='ltr'><strong>et</strong></span> <span class='ocrx_word' id='word_1_763' title='bbox 2993 4638 3237 4694; x_wconf 89' lang='lat' dir='ltr'><strong>flumina</strong></span> <span class='ocrx_word' id='word_1_764' title='bbox 3276 4637 3565 4711; x_wconf 90' lang='lat' dir='ltr'><strong>producit.</strong></span> <span class='ocrx_word' id='word_1_765' title='bbox 3599 4638 3706 4704; x_wconf 89' lang='lat' dir='ltr'><strong>Qui</strong></span> 
     </span>
    </p>
   </div>
   <div class='ocr_carea' id='block_1_109' title="bbox 2057 4727 3709 4800">
    <p class='ocr_par' dir='ltr' id='par_1_109' title="bbox 2057 4727 3709 4800">
     <span class='ocr_line' id='line_1_109' title="bbox 2057 4727 3709 4800; baseline -0.001 -16"><span class='ocrx_word' id='word_1_766' title='bbox 2057 4727 2257 4784; x_wconf 88' lang='lat' dir='ltr'><strong>educit</strong></span> <span class='ocrx_word' id='word_1_767' title='bbox 2288 4731 2490 4783; x_wconf 89' lang='lat' dir='ltr'><strong>ventos</strong></span> <span class='ocrx_word' id='word_1_768' title='bbox 2517 4728 2587 4782; x_wconf 89' lang='lat' dir='ltr'><strong>de</strong></span> <span class='ocrx_word' id='word_1_769' title='bbox 2620 4727 2911 4784; x_wconf 87' lang='lat' dir='ltr'><strong>thesauris</strong></span> <span class='ocrx_word' id='word_1_770' title='bbox 2945 4727 3089 4783; x_wconf 90' lang='lat' dir='ltr'><strong>suis.</strong></span> <span class='ocrx_word' id='word_1_771' title='bbox 3126 4728 3255 4799; x_wconf 79' lang='lat' dir='ltr'><strong>ipse</strong></span> <span class='ocrx_word' id='word_1_772' title='bbox 3286 4731 3373 4783; x_wconf 91' lang='lat' dir='ltr'><strong>est</strong></span> <span class='ocrx_word' id='word_1_773' title='bbox 3407 4727 3563 4784; x_wconf 90' lang='lat' dir='ltr'><strong>enim</strong></span> <span class='ocrx_word' id='word_1_774' title='bbox 3606 4728 3709 4800; x_wconf 92' lang='lat' dir='ltr'><strong>qui</strong></span> 
     </span>
    </p>
   </div>
   <div class='ocr_carea' id='block_1_110' title="bbox 2060 4814 3707 4889">
    <p class='ocr_par' dir='ltr' id='par_1_110' title="bbox 2060 4814 3707 4889">
     <span class='ocr_line' id='line_1_110' title="bbox 2060 4814 3707 4889; baseline -0.001 -17"><span class='ocrx_word' id='word_1_775' title='bbox 2060 4815 2193 4872; x_wconf 85' lang='lat' dir='ltr'><strong>fecit</strong></span> <span class='ocrx_word' id='word_1_776' title='bbox 2225 4832 2385 4871; x_wconf 89' lang='lat' dir='ltr'><strong>mare</strong></span> <span class='ocrx_word' id='word_1_777' title='bbox 2411 4819 2466 4872; x_wconf 89' lang='lat' dir='ltr'><strong>et</strong></span> <span class='ocrx_word' id='word_1_778' title='bbox 2497 4817 2857 4889; x_wconf 80' lang='lat' dir='ltr'><strong>aridam,qui</strong></span> <span class='ocrx_word' id='word_1_779' title='bbox 2883 4816 3165 4889; x_wconf 89' lang='lat' dir='ltr'><strong>imposuit</strong></span> <span class='ocrx_word' id='word_1_780' title='bbox 3193 4815 3510 4871; x_wconf 87' lang='lat' dir='ltr'><strong>terminum</strong></span> <span class='ocrx_word' id='word_1_781' title='bbox 3538 4814 3707 4883; x_wconf 88' lang='lat' dir='ltr'><strong>mari,</strong></span> 
     </span>
    </p>
   </div>
   <div class='ocr_carea' id='block_1_111' title="bbox 2062 4904 3711 4977">
    <p class='ocr_par' dir='ltr' id='par_1_111' title="bbox 2062 4904 3711 4977">
     <span class='ocr_line' id='line_1_111' title="bbox 2062 4904 3711 4977; baseline 0.001 -18"><span class='ocrx_word' id='word_1_782' title='bbox 2062 4905 2302 4960; x_wconf 88' lang='lat' dir='ltr'><strong>dicens:</strong></span> <span class='ocrx_word' id='word_1_783' title='bbox 2339 4928 2365 4953; x_wconf 90' lang='grc'><strong>‹‹</strong></span> <span class='ocrx_word' id='word_1_784' title='bbox 2403 4905 2720 4977; x_wconf 85' lang='lat' dir='ltr'><strong>Hucusque</strong></span> <span class='ocrx_word' id='word_1_785' title='bbox 2751 4905 2968 4973; x_wconf 84' lang='lat' dir='ltr'><strong>venies,</strong></span> <span class='ocrx_word' id='word_1_786' title='bbox 3003 4908 3060 4959; x_wconf 92' lang='lat' dir='ltr'><strong>et</strong></span> <span class='ocrx_word' id='word_1_787' title='bbox 3101 4921 3215 4960; x_wconf 91' lang='lat' dir='ltr'><strong>non</strong></span> <span class='ocrx_word' id='word_1_788' title='bbox 3251 4904 3532 4976; x_wconf 89' lang='lat' dir='ltr'><strong>procedes</strong></span> <span class='ocrx_word' id='word_1_789' title='bbox 3581 4921 3711 4961; x_wconf 88' lang='lat' dir='ltr'><strong>am-</strong></span> 
     </span>
    </p>
   </div>
   <div class='ocr_carea' id='block_1_112' title="bbox 2062 4992 3709 5066">
    <p class='ocr_par' dir='ltr' id='par_1_112' title="bbox 2062 4992 3709 5066">
     <span class='ocr_line' id='line_1_112' title="bbox 2062 4992 3709 5066; baseline 0.003 -20"><span class='ocrx_word' id='word_1_790' title='bbox 2062 4992 2312 5065; x_wconf 90' lang='lat' dir='ltr'><strong>plius,et</strong></span> <span class='ocrx_word' id='word_1_791' title='bbox 2342 4993 2433 5048; x_wconf 87' lang='lat' dir='ltr'><strong>hic</strong></span> <span class='ocrx_word' id='word_1_792' title='bbox 2467 4993 2798 5065; x_wconf 88' lang='lat' dir='ltr'><strong>confringes</strong></span> <span class='ocrx_word' id='word_1_793' title='bbox 2833 4997 3124 5049; x_wconf 88' lang='lat' dir='ltr'><strong>tumentes</strong></span> <span class='ocrx_word' id='word_1_794' title='bbox 3157 4993 3370 5050; x_wconf 91' lang='lat' dir='ltr'><strong>fluctus</strong></span> <span class='ocrx_word' id='word_1_795' title='bbox 3400 4996 3533 5050; x_wconf 91' lang='lat' dir='ltr'><strong>tuos</strong></span> <span class='ocrx_word' id='word_1_796' title='bbox 3565 4994 3709 5066; x_wconf 82' lang='lat' dir='ltr'><strong>(Job.</strong></span> 
     </span>
    </p>
   </div>
   <div class='ocr_carea' id='block_1_113' title="bbox 2064 5081 3712 5154">
    <p class='ocr_par' dir='ltr' id='par_1_113' title="bbox 2064 5081 3712 5154">
     <span class='ocr_line' id='line_1_113' title="bbox 2064 5081 3712 5154; baseline 0 -17"><span class='ocrx_word' id='word_1_797' title='bbox 2064 5083 2316 5152; x_wconf 77' lang='lat' dir='ltr'><strong>xxxvul).</strong></span> <span class='ocrx_word' id='word_1_798' title='bbox 2352 5082 2563 5154; x_wconf 79' lang='lat' dir='ltr'><strong>Typice</strong></span> <span class='ocrx_word' id='word_1_799' title='bbox 2586 5085 2779 5136; x_wconf 87' lang='lat' dir='ltr'><strong>autem</strong></span> <span class='ocrx_word' id='word_1_800' title='bbox 2814 5099 2914 5154; x_wconf 91' lang='lat' dir='ltr'><strong>per</strong></span> <span class='ocrx_word' id='word_1_801' title='bbox 2940 5083 3092 5137; x_wconf 87' lang='lat' dir='ltr'><strong>hanc</strong></span> <span class='ocrx_word' id='word_1_802' title='bbox 3124 5081 3712 5150; x_wconf 89' lang='lat' dir='ltr'><strong>naviculam,utdixi-</strong></span> 
     </span>
    </p>
   </div>
   <div class='ocr_carea' id='block_1_114' title="bbox 2066 5170 3713 5245">
    <p class='ocr_par' dir='ltr' id='par_1_114' title="bbox 2066 5170 3713 5245">
     <span class='ocr_line' id='line_1_114' title="bbox 2066 5170 3713 5245; baseline 0.001 -19"><span class='ocrx_word' id='word_1_803' title='bbox 2066 5189 2219 5235; x_wconf 84' lang='lat' dir='ltr'><strong>mus,</strong></span> <span class='ocrx_word' id='word_1_804' title='bbox 2245 5170 2519 5225; x_wconf 86' lang='lat' dir='ltr'><strong>vexillum</strong></span> <span class='ocrx_word' id='word_1_805' title='bbox 2550 5170 2742 5226; x_wconf 89' lang='lat' dir='ltr'><strong>crucis</strong></span> <span class='ocrx_word' id='word_1_806' title='bbox 2772 5170 3074 5243; x_wconf 88' lang='lat' dir='ltr'><strong>accipitur.</strong></span> <span class='ocrx_word' id='word_1_807' title='bbox 3107 5172 3280 5229; x_wconf 89' lang='lat' dir='ltr'><strong>Navis</strong></span> <span class='ocrx_word' id='word_1_808' title='bbox 3318 5172 3533 5245; x_wconf 89' lang='lat' dir='ltr'><strong>quippe</strong></span> <span class='ocrx_word' id='word_1_809' title='bbox 3576 5189 3713 5228; x_wconf 85' lang='lat' dir='ltr'><strong>con-</strong></span> 
     </span>
    </p>
   </div>
   <div class='ocr_carea' id='block_1_115' title="bbox 2068 5257 3717 5334">
    <p class='ocr_par' dir='ltr' id='par_1_115' title="bbox 2068 5257 3717 5334">
     <span class='ocr_line' id='line_1_115' title="bbox 2068 5257 3717 5334; baseline 0.002 -20"><span class='ocrx_word' id='word_1_810' title='bbox 2068 5276 2277 5314; x_wconf 85' lang='lat' dir='ltr'><strong>cavum</strong></span> <span class='ocrx_word' id='word_1_811' title='bbox 2299 5262 2386 5314; x_wconf 88' lang='lat' dir='ltr'><strong>est</strong></span> <span class='ocrx_word' id='word_1_812' title='bbox 2412 5257 2662 5332; x_wconf 88' lang='lat' dir='ltr'><strong>lignum,</strong></span> <span class='ocrx_word' id='word_1_813' title='bbox 2681 5260 2750 5314; x_wconf 82' lang='lat' dir='ltr'><strong>ad</strong></span> <span class='ocrx_word' id='word_1_814' title='bbox 2773 5277 2950 5316; x_wconf 88' lang='lat' dir='ltr'><strong>onera</strong></span> <span class='ocrx_word' id='word_1_815' title='bbox 2967 5277 3143 5332; x_wconf 86' lang='lat' dir='ltr'><strong>super</strong></span> <span class='ocrx_word' id='word_1_816' title='bbox 3157 5278 3340 5334; x_wconf 87' lang='lat' dir='ltr'><strong>aquas</strong></span> <span class='ocrx_word' id='word_1_817' title='bbox 3354 5262 3717 5334; x_wconf 88' lang='lat' dir='ltr'><strong>deportanda</strong></span> 
     </span>
    </p>
   </div>
   <div class='ocr_carea' id='block_1_116' title="bbox 2070 5346 3719 5420">
    <p class='ocr_par' dir='ltr' id='par_1_116' title="bbox 2070 5346 3719 5420">
     <span class='ocr_line' id='line_1_116' title="bbox 2070 5346 3719 5420; baseline 0.004 -19"><span class='ocrx_word' id='word_1_818' title='bbox 2070 5346 2482 5416; x_wconf 85' lang='lat' dir='ltr'><strong>utilissimum,</strong></span> <span class='ocrx_word' id='word_1_819' title='bbox 2520 5347 2771 5403; x_wconf 88' lang='lat' dir='ltr'><strong>maxime</strong></span> <span class='ocrx_word' id='word_1_820' title='bbox 2803 5348 2920 5404; x_wconf 91' lang='lat' dir='ltr'><strong>illis</strong></span> <span class='ocrx_word' id='word_1_821' title='bbox 2949 5348 3007 5404; x_wconf 91' lang='lat' dir='ltr'><strong>in</strong></span> <span class='ocrx_word' id='word_1_822' title='bbox 3038 5348 3316 5420; x_wconf 87' lang='lat' dir='ltr'><strong>locis,ubi</strong></span> <span class='ocrx_word' id='word_1_823' title='bbox 3345 5351 3619 5406; x_wconf 87' lang='lat' dir='ltr'><strong>vadanon</strong></span> <span class='ocrx_word' id='word_1_824' title='bbox 3636 5368 3719 5407; x_wconf 80' lang='lat' dir='ltr'><strong>re~</strong></span> 
     </span>
    </p>
   </div>
   <div class='ocr_carea' id='block_1_117' title="bbox 2072 5436 3718 5508">
    <p class='ocr_par' dir='ltr' id='par_1_117' title="bbox 2072 5436 3718 5508">
     <span class='ocr_line' id='line_1_117' title="bbox 2072 5436 3718 5508; baseline 0.002 -18"><span class='ocrx_word' id='word_1_825' title='bbox 2072 5436 2399 5508; x_wconf 75' lang='lat' dir='ltr'><strong>pariuntur,</strong></span> <span class='ocrx_word' id='word_1_826' title='bbox 2415 5436 2831 5493; x_wconf 88' lang='lat' dir='ltr'><strong>necessarium.</strong></span> <span class='ocrx_word' id='word_1_827' title='bbox 2848 5437 3133 5493; x_wconf 90' lang='lat' dir='ltr'><strong>Dominus</strong></span> <span class='ocrx_word' id='word_1_828' title='bbox 3155 5442 3353 5495; x_wconf 91' lang='lat' dir='ltr'><strong>autem</strong></span> <span class='ocrx_word' id='word_1_829' title='bbox 3375 5439 3586 5494; x_wconf 89' lang='lat' dir='ltr'><strong>fluctus</strong></span> <span class='ocrx_word' id='word_1_830' title='bbox 3601 5456 3718 5494; x_wconf 90' lang='lat' dir='ltr'><strong>ma-</strong></span> 
     </span>
    </p>
   </div>
   <div class='ocr_carea' id='block_1_118' title="bbox 2073 5523 3720 5599">
    <p class='ocr_par' dir='ltr' id='par_1_118' title="bbox 2073 5523 3720 5599">
     <span class='ocr_line' id='line_1_118' title="bbox 2073 5523 3720 5599; baseline 0.001 -21"><span class='ocrx_word' id='word_1_831' title='bbox 2073 5523 2235 5578; x_wconf 89' lang='lat' dir='ltr'><strong>rinos</strong></span> <span class='ocrx_word' id='word_1_832' title='bbox 2271 5524 2835 5598; x_wconf 87' lang='lat' dir='ltr'><strong>trausnavigaturus,</strong></span> <span class='ocrx_word' id='word_1_833' title='bbox 2870 5543 3077 5582; x_wconf 89' lang='lat' dir='ltr'><strong>navem</strong></span> <span class='ocrx_word' id='word_1_834' title='bbox 3111 5528 3392 5596; x_wconf 90' lang='lat' dir='ltr'><strong>ascendit,</strong></span> <span class='ocrx_word' id='word_1_835' title='bbox 3425 5526 3720 5599; x_wconf 88' lang='lat' dir='ltr'><strong>quia,eal-</strong></span> 
     </span>
    </p>
   </div>
   <div class='ocr_carea' id='block_1_119' title="bbox 2077 5611 3722 5689">
    <p class='ocr_par' dir='ltr' id='par_1_119' title="bbox 2077 5611 3722 5689">
     <span class='ocr_line' id='line_1_119' title="bbox 2077 5611 3722 5689; baseline 0 -22"><span class='ocrx_word' id='word_1_836' title='bbox 2077 5611 2223 5668; x_wconf 88' lang='lat' dir='ltr'><strong>catis</strong></span> <span class='ocrx_word' id='word_1_837' title='bbox 2257 5611 2435 5683; x_wconf 86' lang='lat' dir='ltr'><strong>hujus</strong></span> <span class='ocrx_word' id='word_1_838' title='bbox 2466 5614 2661 5670; x_wconf 69' lang='lat' dir='ltr'><strong>saeculi</strong></span> <span class='ocrx_word' id='word_1_839' title='bbox 2693 5616 2987 5681; x_wconf 85' lang='lat' dir='ltr'><strong>fluctibus,</strong></span> <span class='ocrx_word' id='word_1_840' title='bbox 3020 5632 3306 5689; x_wconf 84' lang='lat' dir='ltr'><strong>passurus</strong></span> <span class='ocrx_word' id='word_1_841' title='bbox 3337 5631 3567 5671; x_wconf 89' lang='lat' dir='ltr'><strong>crucem</strong></span> <span class='ocrx_word' id='word_1_842' title='bbox 3598 5618 3722 5668; x_wconf 89' lang='lat' dir='ltr'><strong>erat</strong></span> 
     </span>
    </p>
   </div>
  </div>
