4070 6190
342 351 451 420 151

902 356 1311 422 HAYMONIS
1356 334 1892 419 HALBERSTAT.
1938 330 2189 412 arise.
2236 332 2408 414 opp.
2455 333 2652 416 ritas
2696 352 3180 418 II.—HOMIL.

3631 353 3749 417 £32

344 507 721 550 ascensurus.
754 491 1008 567 Dignum
1041 491 1253 566 quippe
1293 497 1437 561 erat,
1470 496 1537 547 ut
1583 476 1725 564 quia
1762 490 1990 564 primus
2019 472 2301 551 Avestrm
2356 504 2468 544 non
2537 489 2972 545 confundentur
3030 488 3201 561 (Psal.
3258 486 3391 562 LIII).
3419 511 3446 538 »
3490 466 3619 559 Vel,
3671 490 3747 549 ad

343 580 520 638 homo
548 581 652 655 per
681 580 905 656 lignum
938 583 1179 639 vetitum
1222 580 1609 638 inobediendo
1633 584 1877 636 mortem
1902 597 1991 635 re-

344 675 594 744 pererat,
629 685 732 743 per
776 670 1005 745 lignum
1057 675 1272 728 sanctae
1302 670 1491 727 erucis
1521 670 1637 726 Deo
1684 670 1990 726 obediente

340 758 897 833 vitam~reciperet.«
928 760 1121 816 Secuti
1154 765 1292 817 sunt
1321 764 1515 815 autem
1548 777 1683 816 eum
1715 756 1989 829 discipuli

340 849 535 918 ejus.»
568 848 713 914 Quia
743 849 895 904 sicut
923 849 1047 922 ipse
1080 867 1182 921 pro
1213 849 1611 922 redemptione
1640 847 1989 921 generishu-

346 936 505 993 mani
538 937 681 1009 pati,
716 937 975 1010 cruciﬁgi
1009 942 1066 993 et
1099 937 1245 992 mori
1275 937 1552 1010 dignatus
1573 942 1681 1005 est,
1716 936 1799 992 sic
1829 935 1988 992 etdi-

346 1025 557 1098 scipuli
588 1027 717 1098 ejus
748 1043 851 1098 pro
882 1027 1115 1081 nomine
1147 1026 1305 1081 illius
1337 1027 1564 1098 sibique
1595 1026 1798 1082 ovibus
1831 1041 1988 1080 com-

350 1115 572 1180 missis,
597 1114 785 1170 multa
814 1119 1104 1170 tormenta
1132 1115 1253 1187 pati
1286 1132 1401 1171 non
1434 1115 1805 1171 distulerunt.
1841 1115 1986 1169 Nam

341 1208 398 1259 et
423 1204 628 1260 Petrus
658 1207 714 1259 et
743 1205 1016 1258 Audrzeas
1039 1208 1281 1277 uterque
1295 1204 1608 1259 cruciﬁxus
1621 1202 1828 1259 extitit.
1848 1203 1988 1258 Pau-

344 1291 438 1348 lus
468 1309 601 1347 vero
627 1291 966 1357 decollatus,
1001 1293 1189 1348 caeteri
1242 1309 1472 1364 quoque
1519 1291 1677 1347 varia
1725 1290 1987 1363 perpessi

346 1384 487 1437 sunt
515 1385 827 1436 tormenta.
853 1381 983 1436 Sive
1033 1398 1165 1436 eum
1215 1380 1399 1436 secuti
1440 1385 1597 1447 sunt,
1633 1380 1771 1452 quia
1818 1377 1987 1434 bonis

346 1469 624 1541 operibus
654 1468 998 1533 insistendo,
1014 1470 1143 1540 ejus
1156 1468 1398 1540 vestigia
1415 1468 1793 1523 suntimitati.
1812 1467 1986 1539 Sequi

343 1558 501 1613 enim
539 1558 1094 1623 Dominum,imitari
1124 1557 1391 1622 est,sicut
1438 1558 1564 1630 ipse
1595 1557 1736 1612 dicit
1769 1575 1782 1613 :
1819 1580 1846 1606 «
1879 1556 1986 1623 Qui

344 1646 489 1702 mihi
516 1647 836 1712 ministrat,
850 1662 943 1701 me
966 1650 1246 1718 sequatur
1264 1650 1450 1714 (Joan.
1467 1650 1588 1715 xu).
1614 1668 1641 1696 ››
1660 1646 1982 1701 Etiterum:

345 1759 373 1786 «
391 1734 629 1802 Quivult
648 1735 845 1791 venire
876 1739 1007 1807 post
1025 1751 1139 1799 me,
1159 1736 1404 1807 abneget
1435 1735 1817 1807 semetipsum
1836 1737 1983 1803 (Luc.

346 1827 450 1921 rx),
486 1847 513 1921 γ
547 1828 603 1879 et
634 1823 877 1921 reliqua.
913 1822 1073 1878 Unde
1099 1827 1155 1878 et
1176 1823 1397 1921 in‘lege
1428 1823 1987 1921 praecipiturra-Post
2018 1856 2065 1921 Β

342 1912 655 1969 Dominum
680 1912 859 1967 Deum
883 1916 1052 1966 tuum
1074 1911 1714 1982 ambulabis.(Deu.t.x).
1736 1935 1761 1961 υ
1780 1913 1919 1967 llinc
1932 1918 1989 1968 et

343 2000 404 2057 in
436 2000 693 2056 Canticis
721 2000 1104 2065 canticorum,
1136 2017 1272 2056 voce
1305 2000 1568 2057 Ecclesiae
1601 2000 1989 2079 sponsodici-

342 2093 443 2145 tur
475 2106 488 2143 :
526 2111 554 2139 ‹‹
585 2087 769 2145 Trahe
802 2103 893 2142 me
925 2092 1056 2159 post
1085 2091 1163 2154 te,
1194 2105 1500 2145 curremus
1529 2091 1590 2145 in
1623 2090 1859 2146 odorem
1880 2107 1987 2145 un-

344 2181 694 2252 guentorum
726 2180 961 2232 tuorum
977 2176 1154 2248 (Cant.
1171 2178 1230 2248 1).
1251 2200 1271 2226 n
1296 2210 1359 2219 -
1381 2200 1408 2227 ‹‹
1430 2179 1495 2233 Et
1511 2195 1642 2233 ecce
1657 2184 1850 2234 motus
1872 2196 1988 2236 ma-

345 2283 498 2339 gnus
523 2265 712 2320 factus
743 2268 832 2319 est
860 2265 918 2319 in
953 2265 1119 2331 mari,
1154 2266 1233 2321 ita
1265 2270 1329 2321 ut
1360 2267 1629 2322 navicula
1658 2268 1993 2340 operiretur

344 2353 643 2409 ﬂuctibus.
681 2376 708 2401 ››
739 2352 799 2407 Si
831 2354 988 2409 enim
1022 2371 1124 2426 per
1156 2370 1382 2424 navem,
1405 2373 1580 2428 quam
1608 2356 1993 2413 Dominusas-

346 2440 560 2508 cendit,
583 2439 857 2496 vexillum
888 2441 1077 2497 crucis
1108 2442 1409 2516 accipitur,
1430 2443 1815 2501 nihilominus
1844 2450 1900 2501 et
1925 2446 1989 2501 'in

346 2529 456 2585 hoc
491 2529 743 2601 loco,per
774 2546 933 2585 mare
964 2530 1215 2603 populus
1244 2532 1602 2600 Judzeorum,
1629 2532 1737 2606 ,qui
1779 2550 1993 2607 magna

344 2617 628 2674 seditione
658 2618 1007 2675 concutitur.
1041 2620 1281 2675 Turbati
1314 2621 1471 2676 enim
1523 2625 1661 2678 sunt
1698 2622 1900 2689 Judaei,
1934 2626 1993 2678 et

343 2706 618 2780 discipuli
649 2707 778 2776 ejus
798 2707 1001 2779 fugati.
1018 2708 1317 2781 Numquid
1342 2726 1453 2764 non
1473 2711 1990 2777 mareﬂuctuabat,

346 2797 602 2869 quando,
635 2795 816 2853 Pilato
841 2797 1069 2853 dicente
1102 2798 1471 2871 (lozm.x:x),«
1491 2798 1721 2854 Nullam
1752 2816 1991 2855 causam

341 2885 793 2942 mortisinvenio
807 2886 865 2941 in
879 2903 1013 2942 eum
1032 2904 1044 2954 ;
1065 2910 1090 2935 ››
1106 2887 1356 2960 populus
1369 2887 1751 2954 acclamabat,
1770 2888 1990 2944 dicens:

358 2996 388 3026 «
416 2970 593 3043 Tolle,
618 2974 787 3045 tolle,
806 2975 1079 3049 cruciﬁge
1104 2993 1259 3042 eum,
1288 2999 1314 3025 ››
1340 2980 1398 3031 et
1431 2994 1444 3032 :
1470 3000 1496 3026 ‹‹
1530 2977 1587 3031 Si
1618 2975 1774 3031 hunc
1795 2976 1994 3032 dimit-

355 3063 453 3132 tis,
500 3080 616 3120 non
662 3080 723 3119 es
771 3063 999 3121 amicus
1046 3064 1328 3121 Ctesaris?
1362 3087 1389 3115 »
1424 3063 1769 3120 Fluctuabat
1812 3081 1993 3130 mare,

352 3153 587 3224 quando
612 3151 709 3208 alii
735 3152 1009 3209 dicebant
1041 3170 1053 3208 :
1089 3177 1115 3203 ‹‹
1151 3153 1273 3210 Nisi
1303 3154 1398 3209 hic
1433 3154 1610 3210 homo
1657 3153 1998 3219 malefactor

2099 594 2231 633 eum
2267 583 2656 645 accesserunt,
2685 577 2824 651 quia
2845 581 2966 635 toto
2998 578 3131 633 nisu
3162 577 3376 634 mentis
3406 579 3534 651 ejus
3556 592 3755 645 resur-'

2100 665 2411 721 rectionem
2448 665 2569 721 ﬁeri
2604 666 3141 739 optaverunt,quod
3183 671 3361 722 Lucas
3383 667 3750 741 Evangelista

2099 753 2435 809 manifestat
2454 769 2587 810 cum
2620 755 2787 810 dicit:
2806 780 2833 805 ‹‹
2849 755 3041 811 Gavisi
3054 759 3193 810 sunt
3208 755 3479 828 discipuli
3492 758 3614 814 viso
3627 758 3747 815 Do—

2099 842 2258 898 mino
2290 843 2800 915 (Luc.xx1v).»—«
2826 845 2895 900 Et
2911 844 3051 900 dicit
3075 838 3347 908 eis:Quid
3373 845 3561 901 timidi
3581 848 3745 918 estis,

2099 932 2340 986 modius
2364 932 2580 988 ﬁdei?»
2616 933 2723 997 Qui
2756 951 2870 989 non
2905 934 3086 989 credit
3115 933 3367 989 inﬁdelis
3390 934 3747 1010 diciturzqui

2096 1021 2345 1092 perfecte
2375 1022 2577 1089 credit,
2613 1039 2837 1095 magna:
2859 1023 2992 1078 ﬁdei
3026 1022 3383 1078 nominatur.
3409 1023 3516 1088 Qui
3547 1030 3755 1083 autem

2096 1126 2162 1165 ex
2194 1114 2358 1181 parte
2389 1111 2830 1184 credit,magna2
2870 1111 2999 1167 ﬁdei
3032 1110 3387 1168 nominatur.
3417 1114 3521 1179 Qui
3551 1119 3748 1172 autem

2097 1199 2231 1253 fidei
2260 1197 2603 1271 appellatur.
2623 1200 2903 1272 Discipuli
2936 1218 3071 1273 ergo
3105 1200 3342 1256 modicae
3362 1201 3751 1260 ﬁdeifuerunt

2096 1288 2335 1358 quando
2359 1287 2833 1361 Omnipotentem
2868 1294 3208 1362 praesentem
3229 1289 3748 1349 dubitaveruntzet

2095 1390 2229 1430 cum
2263 1375 2499 1432 Creator
2528 1394 2786 1450 praesens
2818 1382 2994 1449 esset,
3027 1382 3354 1434 creaturam
3398 1379 3746 1438 timuerunt.

2096 1465 2218 1520 Non
2253 1464 2440 1521 solum
2476 1470 2671 1521 autem
2703 1466 2818 1538 hic,
2848 1467 3233 1523 verumetiam
3267 1454 3398 1524 aliis
3429 1468 3487 1523 in
3508 1468 3654 1526 locis
3677 1472 3753 1527 de

2095 1552 2426 1609 modicitate
2451 1555 2584 1611 ﬁdei
2610 1556 3230 1629 redarguuntur.Nam
3255 1554 3314 1611 in
3338 1557 3753 1629 ipsapassione

2094 1641 2324 1697 Domini
2358 1644 2647 1699 modicam
2685 1644 2856 1699 ﬁdem
2894 1644 3361 1717 habuerunt,qui
3404 1646 3627 1702 dudum
3658 1648 3752 1704 di-

2094 1731 2303 1786 cebant
2338 1747 2351 1785 :
2387 1755 2413 1779 ‹‹
2450 1732 2667 1789 Eamus
2720 1736 2778 1788 et
2828 1750 2954 1803 nos,
2989 1738 3047 1789 et
3096 1733 3419 1789 moriamur
3466 1752 3594 1790 cum
3644 1736 3750 1793 illo

2094 1822 2276 1886 (Joan.
2326 1826 2427 1887 XI).
2473 1843 2500 1870 »
2555 1822 2835 1876 Videntes
2879 1826 3074 1877 autem
3125 1838 3259 1878 eum
3310 1823 3747 1896 comprehendi,
3800 1846 3807 1851 λ

2097 1907 2285 1982 ligari,
2321 1908 2623 1981 ﬂagellari,
2656 1909 2858 1966 relicto
2896 1927 2981 1977 eo,
3012 1911 3287 1983 fugerunt
3330 1911 3537 1974 (Matth.
3570 1922 3753 1983 xxvx).

2099 1992 2302 2051 Petrus
2315 2001 2508 2051 autem
2522 1998 2810 2053 modicam
2826 1999 2997 2054 ﬁdem
3016 1998 3239 2068 habuit,
3256 1999 3416 2071 quia,
3433 2017 3565 2055 cum
3581 2001 3753 2073 prius

2102 2082 2345 2140 Domino
2393 2084 2637 2142 dixisset
2666 2087 2849 2160 (Ιὸἰά.)
2885 2105 2898 2143 :
2933 2111 2959 2136 «
2995 2088 3053 2143 Si
3102 2089 3426 2161 oportuerit
3456 2107 3549 2146 me
3598 2092 3752 2147 mori

2098 2176 2313 2241 tecum,
2351 2191 2464 2229 non
2497 2179 2553 2230 te
2585 2177 2872 2248 negabo,»
2911 2177 3084 2232 etiam
3119 2177 3189 2233 ad
3220 2192 3417 2234 vocem
3450 2178 3754 2235 uniusan-

2099 2261 2240 2318 cillae
2295 2278 2428 2318 eum
2484 2265 2731 2337 negavit.
2766 2265 2880 2320 Nec
2925 2269 3157 2321 tantum
3208 2265 3265 2321 in
3314 2266 3606 2339 passione,
3640 2269 3748 2324 sed

2098 2350 2276 2406 etiam
2318 2351 2377 2405 in
2428 2354 2852 2409 resurrectione
2902 2354 3193 2410 modicam
3245 2355 3420 2410 ﬁdem
3471 2355 3757 2414 habuisse

2100 2440 2575 2511 comprobantur,
2593 2441 2731 2513 quia
2750 2458 2884 2497 eum
2904 2448 3365 2499 resurrecturum
3379 2444 3751 2501 dubitabant.

2100 2526 2261 2584 Unde
2291 2545 2424 2584 cum
2457 2533 2590 2601 post
2622 2530 3104 2586 resurrectionem
3132 2532 3260 2604 ejus
3293 2532 3351 2587 in
3385 2532 3664 2601 conclavi,
3682 2534 3746 2590 id

2101 2617 2273 2683 est,in
2306 2618 2478 2672 domo
2511 2618 2711 2675 clausa
2739 2620 3079 2677 sedentibus
3110 2621 3754 2693 apparuisset,contur-

2102 2705 2219 2760 bati
2253 2710 2309 2761 et
2340 2707 2592 2762 exterriti
2628 2707 3001 2764 aestimabant
3035 2726 3094 2765 se
3126 2710 3403 2782 spiritum
3435 2710 3754 2767 videre.Ad

2103 2810 2352 2866 quorum
2386 2795 2561 2851 ﬁdem
2593 2796 3347 2863 eonﬁrmandam,ostendit
3365 2798 3761 2856 eismanuset

2103 2883 2300 2954 pedes,
2330 2878 2531 2939 dicens
2565 2887 2714 2949 (Luc.
2747 2885 2899 2957 xxrv)
2933 2903 2947 2941 :
2981 2909 3009 2937 «
3040 2886 3243 2941 Videte
3276 2904 3486 2943 manus
3516 2905 3675 2943 meas
3696 2893 3761 2946 et

2104 2971 2301 3043 pedes,
2334 2973 2472 3044 quia
2518 2974 2642 3046 ipse
2673 2991 2779 3047 ego
2811 2992 2964 3030 sum.
3004 2999 3024 3023 ο
3060 2975 3128 3030 Et
3152 2975 3366 3030 iterum
3401 2992 3414 3031 :
3452 2999 3480 3026 «
3516 2976 3758 3048 Palpate

2103 3064 2161 3115 et
2201 3060 2410 3129 videte,
2444 3062 2583 3134 quia
2626 3062 2870 3136 spiritus
2901 3080 3135 3119 carnem
3157 3067 3213 3119 et
3242 3081 3377 3120 ossa
3406 3081 3521 3120 non
3547 3054 3754 3135 habet,

2105 3147 2258 3202 sicut
2290 3165 2382 3204 me
2411 3150 2621 3206 videtis
2652 3151 2884 3211 habere.
2920 3152 3033 3207 Nec
3067 3152 3139 3208 ab
3168 3152 3279 3208 hac
3332 3152 3465 3208 ﬁdei
3505 3154 3756 3209 modici.

349 3245 524 3311 esset,
571 3258 941 3314 nequaquam
995 3242 1100 3298 tibi
1132 3259 1265 3299 eum
1300 3243 1749 3299 tradidissemus
1799 3247 1987 3309 (Joan.
2022 3228 2065 3295 C
2100 3238 2217 3291 tate
2245 3238 2499 3294 Thomas
2532 3239 2754 3296 alienus
2787 3240 3134 3314 exstitit,qui
3168 3241 3475 3314 discipulis
3506 3257 3756 3298 narran-

347 3330 528 3400 xvm),
566 3353 594 3380 »
626 3334 684 3385 et
713 3330 807 3385 alii
841 3330 1102 3387 dolentes
1135 3332 1371 3387 aiebant
1402 3348 1415 3385 :
1446 3354 1469 3379 »
1500 3331 1644 3387 Vere
1671 3331 1771 3386 Dei
1814 3331 1995 3388 Filius

349 3422 474 3473 erat
500 3418 610 3473 iste
631 3418 815 3486 (Marc.
846 3420 960 3475 xv).
988 3421 1266 3491 n—«Ipse
1293 3436 1427 3475 vero
1448 3419 1791 3474 dormiebat.
1812 3420 1991 3475 »Dor-

349 3503 515 3560 mitio
544 3505 756 3560 Christi
790 3510 1038 3562 mortem
1069 3505 1378 3582 significat.
1408 3508 1572 3562 Tunc
1595 3507 1751 3563 enim
1782 3507 1992 3563 obdor-

349 3593 535 3657 mivit.
571 3595 806 3666 quando
835 3596 1097 3667 pendens
1125 3595 1184 3650 in
1218 3612 1388 3651 cruce
1417 3595 1563 3651 dixit
1593 3613 1607 3650 :
1644 3618 1671 3645 ‹‹
1705 3596 1991 3651 Consum-

348 3685 581 3737 matum
613 3686 723 3737 est.
753 3683 825 3738 Et
861 3682 1138 3739 inclinato
1188 3685 1392 3756 capite,
1426 3684 1668 3739 tradidit
1717 3685 1990 3756 spiritum

347 3771 535 3842 (Joan.
564 3773 703 3839 x1x).
727 3794 753 3820 υ
773 3772 945 3827 Recte
976 3773 1132 3828 enim
1165 3789 1322 3828 mors
1354 3772 1567 3829 Christi
1599 3790 1805 3830 somno
1832 3791 1988 3829 com-

345 3863 601 3932 paratur,
629 3858 769 3931 quia
798 3876 969 3915 nemo
988 3864 1106 3915 tam
1132 3861 1340 3917 facilea
1356 3868 1563 3917 somno
1587 3863 1796 3935 surgit,
1812 3880 1988 3935 quam

342 3946 618 4004 velociter
642 3948 910 4004 Christus
943 3966 976 4004 a
1007 3952 1193 4005 morte
1220 3950 1490 4006 surrexit.
1524 3952 1667 4017 Quia
1707 3951 1990 4009 excitatus

344 4039 435 4091 est
463 4039 755 4108 tanquam
781 4036 1078 4093 dormiers
1108 4037 1411 4105 Dominus,
1446 4044 1511 4094 ut
1554 4040 1635 4094 ait
1678 4039 1990 4095 Psalmista

347 4123 518 4195 (Psal.
552 4128 781 4193 uxxvu),
803 4131 861 4182 ot
888 4130 1172 4198 tanquam
1204 4132 1410 4197 potens
1433 4127 1984 4200 crapulatusavino.

341 4206 447 4278 Qui
481 4213 656 4268 etiam
689 4230 791 4287 per
818 4215 1088 4270 eumdem
1122 4214 1288 4271 dicit:
1309 4215 1467 4289 «Ego
1497 4216 1741 4271 dormivi
1757 4221 1988 4273 etsom-

340 4317 482 4356 num
526 4302 674 4374 cepi,
707 4307 763 4358 et
793 4303 1014 4359 surrexi
1049 4304 1222 4366 (Psal.
1257 4306 1360 4375 In).
1398 4328 1423 4353 ››
1454 4306 1523 4359 Et
1560 4305 1772 4360 iterum
1810 4323 1824 4361 :
1863 4330 1883 4356 α
1922 4311 1985 4361 In

338 4405 479 4461 pace
509 4390 567 4445 in
591 4391 852 4464 idipsum
886 4392 1174 4448 dormiam
1198 4398 1254 4448 et
1274 4393 1632 4465 requiescam
1650 4396 1936 4465 (Psal.1v).
1957 4418 1983 4444 ››

338 4478 621 4534 Dormitio
653 4496 788 4552 ergo
824 4480 1111 4537 Dommini
1145 4498 1259 4537 non
1286 4483 1357 4537 ad
1388 4482 1893 4549 Divinitatem,sed
1910 4484 1981 4537 ad

335 4562 764 4622 humanitatem
820 4570 1089 4640 pertinet.
1125 4570 1273 4635 Quia
1319 4571 1538 4626 dormit
1580 4588 1682 4643 per
1711 4571 1979 4626 humani-

332 4657 533 4722 tatem,
550 4655 977 4728 qui'nunquam
999 4657 1273 4713 dormivit
1294 4675 1397 4729 per
1418 4657 1808 4725 Divinitatem,
1829 4659 1981 4715 Psal-

333 4741 512 4798 mista
542 4746 927 4818 testante,qui
959 4746 1069 4802 ait:
1089 4770 1115 4795 «
1131 4747 1255 4802 Non
1288 4747 1541 4803 dormiet
1570 4747 1985 4819 nequedormi-

331 4831 499 4896 tabit,
535 4833 636 4904 qui
667 4835 926 4890 custodit
955 4835 1134 4891 Israel
1164 4837 1336 4903 (Psal.
1361 4839 1509 4904 cxx).
1537 4857 1674 4887 ››-‹‹
1699 4837 1979 4892 Etacces-

332 4924 543 4975 serunt
571 4922 642 4976 ad
675 4938 808 4977 eum
841 4922 1115 4995 discipuli
1137 4924 1358 4995 ejus,et
1377 4924 1979 4992 suscitaverunteum,

330 5004 590 5063 dicentes
625 5026 638 5064 :
671 5009 935 5073 Domine,
964 5011 1124 5067 salva
1158 5028 1280 5079 nos,
1314 5011 1594 5084 perimus.
1632 5035 1657 5063 ››
1690 5014 1979 5068 Acceden-

329 5097 418 5150 tes
444 5095 719 5167 discipuli
752 5097 1065 5153 Dominum
1099 5101 1659 5173 suscitaveruut,qui
1684 5101 1980 5158 intellexe-

336 5187 475 5237 runt
495 5182 776 5240 saevitiam
803 5178 1139 5241 Judzeorum
1165 5205 1224 5243 se
1240 5205 1353 5243 non
1369 5205 1540 5259 posse
1553 5206 1848 5262 superare,
1861 5190 1973 5246 nisi

331 5271 460 5342 ejus
493 5272 917 5329 resurrectione
934 5275 1133 5346 (quam
1152 5275 1437 5331 citissime
1460 5278 1582 5333 ﬁeri
1604 5282 1973 5349 optaverunt)

326 5359 577 5416 fuissent
606 5361 934 5417 conﬁrmati
967 5368 1023 5418 et
1051 5362 1344 5419 laetiﬁcati.
1373 5364 1495 5432 Vel,
1514 5372 1885 5423 accesserunt
1902 5370 1973 5425 ad

325 5466 457 5504 eum
485 5450 914 5518 suscitandum,
932 5452 1071 5524 quia
1100 5451 1157 5506 iu
1171 5454 1299 5523 ejus
1312 5454 1731 5527 omnipotentia
1747 5457 1998 5524 conﬁsi,

326 5542 521 5593 mente
553 5544 611 5595 et
640 5539 930 5597 desiderio
960 5540 1011 5596 ei
1043 5541 1433 5609 adhmsorunt,
1459 5542 1623 5613 juxta
1650 5544 1789 5600 illud
1823 5546 1979 5601 Psal-

327 5626 595 5682 misttezu
625 5628 895 5685 Accedite
927 5630 996 5685 ad
1031 5646 1165 5684 eum
1201 5634 1259 5684 et
1288 5627 1986 5698 illuminamini,etl'acies

2104 3324 2327 3390 tibus,«
2352 3326 2621 3384 Vidimus
2653 3328 2990 3398 Dominum,
3012 3330 3059 3385 si
3095 3346 3208 3385 non
3241 3329 3754 3397 credidit,dieens:

2104 3436 2131 3463 «
2157 3413 2275 3470 Nisi
2308 3414 2501 3471 videro
2531 3416 2591 3472 in
2623 3419 2897 3474 manibus
2928 3419 3057 3490 ejus
3089 3419 3335 3474 ﬁxuram
3353 3418 3666 3483 clavorum,
3693 3423 3755 3474 et

2102 3502 2331 3559 mittam
2357 3523 2598 3560 manum
2630 3523 2818 3562 meam
2855 3507 2911 3561 in
2946 3506 3102 3563 latus
3129 3509 3276 3577 ejus,
3303 3525 3413 3563 non
3447 3509 3702 3563 credam.
3724 3530 3757 3557 »ι

2100 3592 2182 3647 Ad
2200 3595 2292 3665 cuj
2305 3594 2558 3650 ustldem
2574 3595 3084 3668 constipulandam
3102 3613 3226 3669 sese
3248 3596 3595 3668 palp‘abilem
3612 3613 3761 3669 prae-

2102 3681 2250 3748 buit,
2283 3682 2483 3739 dicens
2517 3701 2528 3738 :
2566 3708 2592 3733 ‹‹
2629 3667 2783 3740 Infer
2811 3685 3063 3757 digitum
3096 3667 3263 3739 tﬂuni
3298 3667 3412 3740 huc
3462 3686 3520 3739 in
3551 3667 3751 3741 locum

2101 3769 2418 3844 clavorum,
2450 3776 2505 3827 et
2535 3773 2675 3829 affer
2704 3789 2946 3828 manum
2978 3777 3138 3828 tuam
3172 3774 3229 3827 in
3267 3774 3416 3828 latus
3449 3790 3666 3840 meum,
3690 3778 3756 3830 et

2099 3860 2217 3917 noli
2249 3878 2376 3916 esse
2406 3860 2881 3928 incredulus,sed
2898 3860 3086 3917 ﬁdelis
3118 3862 3419 3933 (Joun.xx).
3440 3863 3759 3919 n-«Tunc

2099 3966 2349 4024 surgens
2372 3950 2679 4023 imperavit
2709 3953 2900 4006 ventis
2932 3954 2989 4006 et
3021 3950 3190 4019 mari,
3228 3974 3256 4000 »
3289 3951 3765 4023 scilicetquando

2098 4039 2271 4095 tertia
2300 4038 2393 4095 die
2426 4056 2756 4112 resurgens,
2779 4056 2892 4096 non
2913 4038 3103 4095 solum
3127 4040 3304 4095 corda
3325 4038 3763 4112 discipulorum

2098 4129 2463 4183 conﬁrmavit
2496 4132 2551 4183 et
2580 4127 2916 4195 laetiﬁcavit,
2948 4129 3046 4184 sed
3072 4127 3249 4183 etiam
3283 4126 3562 4182 saevitiam
3585 4143 3767 4184 aese-

2097 4215 2373 4270 dition‘em
2401 4217 2738 4272 Judaeorum
2773 4217 3189 4288 conquiescere
3249 4216 3402 4281 fecit,
3434 4220 3493 4271 et
3540 4231 3761 4272 eorum

2096 4302 2353 4359 laetitiam
2384 4305 2441 4358 in
2474 4304 2774 4359 tristitiam
2799 4306 3110 4360 convertit:
3132 4304 3189 4359 in
3215 4308 3445 4360 tantum
3471 4308 3533 4359 ut
3551 4302 3763 4360 militi-

2092 4393 2204 4448 bus
2225 4392 2490 4466 sepulcru
2503 4410 2557 4447 m
2581 4392 2813 4448 Domini
2828 4391 3318 4459 custodientibus,
3334 4394 3529 4463 etejus
3544 4409 3753 4448 resur-

2092 4481 2403 4536 rectionem
2435 4481 2831 4545 narrantibus,
2849 4481 3157 4552 pecuniam
3173 4480 3644 4554 spopondisseut,
3659 4481 3759 4536 di-

2092 4574 2289 4633 centes
2312 4586 2324 4623 :
2351 4592 2377 4618 «
2405 4568 2585 4625 Dicite
2616 4570 2756 4642 quia
2787 4574 3072 4625 venerunt
3102 4568 3375 4641 discipuli
3408 4570 3535 4641 ejus
3552 4572 3750 4639 nocte,

2092 4663 2148 4713 et
2178 4656 2351 4712 furati
2383 4662 2523 4713 sunt
2540 4674 2752 4731 corpus
2772 4659 2902 4730 ejus
2932 4659 3339 4729 (Matth.xvm).
3359 4680 3489 4707 ››-‹‹
3510 4658 3758 4714 Etfacta

2091 4750 2180 4801 est
2205 4743 2580 4817 trauquilitas
2611 4763 2845 4821 magna.
2882 4768 2909 4795 ››
2942 4748 3088 4811 Quia
3116 4763 3251 4819 pars
3282 4762 3486 4802 eorum
3537 4745 3634 4817 qui
3678 4745 3754 4802 in

2091 4850 2231 4890 nece
2260 4833 2491 4889 Domini
2523 4838 2957 4902 consenserant,
2983 4850 3086 4906 per
3104 4835 3572 4906 praedicationem
3599 4850 3759 4904 apo-

2092 4922 2374 4978 stolorum
2404 4923 2476 4978 ad
2512 4923 2683 4978 ﬁdem
2716 4921 2933 4978 Christi
2965 4936 3245 4978 conversa
3275 4927 3386 4988 est,
3412 4920 3752 4978 sicutPetro

2094 5011 2440 5084 przedicante
2474 5028 2589 5066 una
2619 5011 2712 5067 die
2744 5012 2859 5066 tria
2896 5009 3102 5075 millia,
3139 5008 3255 5066 alia
3299 5027 3431 5066 vero
3480 5009 3754 5082 quinque

2093 5099 2278 5155 millia
2308 5100 2700 5155 crediderunt.
2736 5122 2762 5148 «
2797 5100 2974 5155 Porro
3023 5100 3291 5155 homines
3336 5098 3531 5154 mirati
3577 5105 3747 5168 sunt,

2085 5189 2344 5244 dicentes
2362 5205 2374 5242 :
2392 5187 2591 5254 Qualis
2621 5192 2709 5243 est
2741 5186 2853 5252 hic,
2875 5188 3013 5260 quia
3032 5188 3187 5244 venti
3210 5193 3265 5243 et
3287 5204 3446 5243 mare
3458 5186 3749 5244 obediunt

2085 5277 2218 5333 ei?»
2235 5277 2361 5332 Non
2392 5276 2501 5331 hoc
2532 5275 2777 5347 apostoli
2811 5277 3100 5345 dixerunt,
3117 5277 3218 5333 sed
3239 5280 3428 5332 nauta:
3451 5276 3749 5348 quierant

2085 5383 2220 5421 cum
2252 5364 2500 5420 Domino
2530 5363 2590 5417 in
2622 5364 2772 5419 navi.
2800 5364 2944 5420 Nam
2978 5363 3226 5438 apostoli
3252 5365 3377 5436 jam
3409 5364 3598 5420 dicere
3632 5381 3742 5419 no-

2086 5462 2306 5519 verant,
2341 5452 2479 5523 quia
2507 5450 2599 5504 hic
2630 5458 2717 5506 est
2748 5452 3012 5508 Christus
3044 5453 3227 5509 Filius
3258 5452 3357 5508 Dei
3389 5452 3747 5511 vivi.Ca3teri

2088 5560 2220 5598 vero
2252 5539 2352 5612 qui
2383 5539 2807 5595 humanitatem
2842 5541 3075 5597 Domini
3106 5547 3337 5598 tantum
3369 5542 3663 5611 videbant,
3679 5548 3751 5600 et

2099 5630 2470 5687 Diviuitatem
2487 5646 2600 5683 non
2618 5629 3040 5702 intelligebant,
3053 5647 3168 5688 non
3182 5630 3620 5703 interrogando,
3636 5634 3749 5689 sed
