4018 6180
243 332 351 396 153

1443 294 1798 383 nouum;
1841 302 1941 381 ne
1985 318 2388 387 TEMPORE.

3498 310 3623 402 154'

238 457 557 523 admirando
601 454 903 515 dixerunt:
950 480 977 507 ‹‹
1010 452 1231 525 Qualis,
1268 476 1295 504 »
1326 456 1382 511 et
1412 451 1655 526 reliqua.
1687 450 1849 508 Unde
1878 452 1934 521 Α
1962 454 2173 518 cessat,
2195 449 2394 507 dicens
2412 467 2545 507 cum
2561 446 3059 517 Psalmista(Psal.
3083 446 3262 521 xuii):
3287 447 3610 530 «Exsurge,

236 554 366 610 bene
381 549 641 607 homines
654 547 944 614 dicuntur,
965 542 1710 619 quiahumanasapiebant,
1723 558 1788 597 ac
1806 540 1855 596 si

234 640 523 698 dixissent:
557 639 670 693 Iste
690 638 877 709 major
905 639 995 691 est
1022 633 1290 708 patribus
1321 632 1556 698 nostris,
1590 630 1687 703 qui
1721 646 1853 685 cum

232 730 436 802 Moyses
454 725 660 781 baculo
690 742 874 798 aquas
896 723 1075 779 maris
1099 721 1381 787 diviserit,
1415 724 1471 775 et
1501 719 1657 776 Elias
1681 718 1855 792 pallio

232 834 395 891 aquas
412 813 714 882 Jordanis;
748 814 842 869 hic
864 812 986 869 solo
1006 812 1179 868 verbo
1201 810 1386 865 maria
1404 813 1462 865 et
1484 813 1856 881 tempestates

233 906 505 980 quiescere
536 902 689 959 facit.
724 902 835 959 Sed
858 901 976 957 haec
1006 899 1196 966 lectio,
1228 899 1495 971 quamvis
1528 896 1859 971 specialiter

232 996 291 1050 ad
319 991 609 1067 apostolos
655 991 922 1046 videatur
966 990 1277 1063 pertinere,
1309 1004 1627 1060 possumus
1659 985 1856 1041 tamen

233 1099 343 1139 eam
374 1081 445 1136 ad
477 1080 870 1136 universalem
906 1077 1224 1134 Ecclesiam
1250 1078 1482 1133 referre.
1516 1076 1663 1131 Nam
1696 1078 1857 1147 post-

234 1187 387 1245 quam
410 1169 677 1225 Christus
697 1186 798 1241 per
818 1168 1140 1241 trophzeum
1161 1170 1374 1222 sanctae
1397 1166 1587 1221 crucis
1610 1168 1856 1219 mortem

232 1259 515 1315 devincens
564 1256 821 1312 coelestia
866 1256 1052 1329 petiit,
1114 1255 1282 1329 quasi
1316 1270 1475 1309 mare
1518 1253 1856 1309 fluctuavit:

230 1346 349 1421 quia
367 1348 584 1418 quanto
609 1345 798 1417 magis
818 1344 1075 1401 Ecclesia
1096 1345 1209 1400 fide
1230 1343 1549 1400 electorum
1572 1342 1772 1408 crevit,
1804 1344 1861 1396 et
1898 1388 1909 1397 .

230 1451 487 1492 numerus
512 1434 881 1490 credentium
915 1433 1339 1507 multiplicatus
1368 1436 1475 1501 est,
1509 1448 1575 1488 eo
1606 1429 1859 1503 amplius

230 1526 485 1595 majorem
504 1523 973 1595 persecutionem
992 1539 1326 1595 pravorum,
1348 1526 1405 1578 et
1421 1521 1713 1577 duriorem
1737 1536 1861 1593 per-

229 1613 405 1669 ﬂdiam
436 1612 848 1668 haereticorum
879 1610 937 1667 in
970 1611 1164 1685 seipso
1195 1609 1629 1667 consurrexisse
1658 1624 1860 1665 sense-

229 1705 363 1758 runt.
405 1704 535 1773 Ipse
580 1717 741 1771 vero,
776 1700 914 1773 quia
940 1704 1061 1755 tam
1091 1698 1344 1755 validam
1395 1699 1859 1773 persecutionem

228 1794 407 1847 contra
432 1789 656 1846 electos
687 1790 884 1846 saevire
927 1789 1318 1862 permittebat,
1359 1793 1672 1862 postquam
1722 1805 1858 1843 san-

228 1884 431 1935 ctorum
479 1879 762 1952 preCibus
792 1883 882 1935 est
927 1879 1234 1948 excitatus,
1279 1894 1528 1951 surgens
1556 1876 1865 1949 imperavit

226 1968 393 2024 ventis
420 1973 475 2023 et
506 1966 703 2023 mari:
746 1967 1026 2041 quoniam
1072 1969 1261 2041 ipsam
1295 1968 1755 2041 persecutionem
1809 1968 1867 2022 et

229 2055 509 2133 perﬁdiam
534 2056 845 2128 quiescere
877 2056 1030 2124 fecit,
1066 2061 1121 2112 et
1151 2074 1351 2129 pacem
1385 2073 1450 2112 ac
1474 2056 1728 2129 quietem
1751 2054 1863 2112 sibi

228 2144 403 2201 electis
434 2145 752 2201 concessit.
786 2147 958 2201 Facta
987 2152 1075 2202 est
1105 2151 1299 2202 autem
1322 2145 1717 2219 tranquillitas
1748 2162 1868 2201 ma-

228 2248 344 2307 gna,
375 2234 513 2306 quia
528 2239 851 2307 postquam
872 2234 1164 2308 principes
1180 2238 1237 2291 et
1259 2239 1642 2311 potentesper
1662 2251 1864 2290 eorum

228 2321 682 2395 praedicationem
715 2324 786 2379 ad
820 2324 995 2379 ﬁdem
1027 2323 1242 2379 Christi
1263 2328 1567 2391 venerunt,
1592 2328 1753 2379 tanta
1783 2342 1865 2379 re-

228 2411 374 2483 quies
409 2410 687 2466 Ecclesiae
709 2412 847 2467 data
867 2417 976 2478 est,
1010 2417 1075 2467 ut
1105 2412 1279 2468 etiam
1313 2412 1446 2486 ipsi,
1483 2412 1581 2485 qui
1612 2430 1741 2469 eam
1769 2414 1868 2469 de-

226 2504 557 2565 struxerant,
641 2500 895 2573 propriis
964 2502 1239 2558 manibus
1312 2503 1743 2559 remdiﬁcarent.
1800 2503 1870 2559 Et

226 2589 469 2661 quamvis
499 2606 672 2645 mare
730 2590 1057 2657 fluctuaret,
1092 2595 1149 2647 et
1197 2590 1450 2665 procella
1493 2595 1867 2657 excresceret,

230 2690 326 2734 non
354 2683 441 2733 est
480 2695 687 2734 mersa
718 2679 903 2746 navis,
939 2680 997 2734 in
1029 2697 1145 2752 qua
1191 2680 1477 2736 Dominus
1502 2680 1867 2750 dormiebat;

232 2767 352 2838 quia
394 2767 501 2823 etsi
537 2766 804 2823 Ecclesia
834 2768 1027 2840 potuit
1057 2769 1317 2825 adversis
1370 2770 1872 2843 persecutionibus

234 2855 577 2921 conturbari,
615 2872 732 2911 non
771 2860 969 2912 tamen
1003 2874 1035 2913 a
1064 2858 1177 2914 fide
1210 2858 1595 2929 rectitudinis,
1634 2859 1873 2915 Domino

236 2945 605 3016 gubernante,
667 2945 952 3002 recedere.
1012 2947 1278 3003 Fundata
1322 2948 1480 3004 enim
1535 2952 1658 3005 erat
1697 2965 1875 3021 supra

238 3032 445 3089 ﬁrmam
478 3038 737 3107 petram,
777 3034 847 3089 de
876 3051 994 3106 qua
1021 3035 1332 3108 Apostolus
1361 3037 1442 3092 ait
1469 3054 1481 3091 :
1517 3061 1544 3086 α
1580 3036 1742 3095 Petra
1771 3056 1875 3095 au-

236 3125 336 3177 tem
365 3127 488 3178 erat
518 3120 797 3177 Christus
828 3124 876 3196 (I
903 3123 1023 3179 Cor.
1055 3124 1132 3198 x).
1168 3147 1196 3175 ››
1230 3127 1390 3192 Quod
1426 3130 1621 3183 autem
1653 3127 1712 3183 in
1738 3145 1873 3201 apo-

1965 559 2144 614 quare
2174 539 2495 611 obdormis,
2527 539 2819 596 Domine?
2851 560 2877 587 )›
2911 539 2980 595 Et
3010 537 3243 593 iterum.
3281 539 3611 613 «Exsurge,

1964 631 2227 700 Domine,
2257 631 2469 702 adjuva
2489 644 2616 699 nos,
2641 652 2661 676 ι
2689 634 2745 685 et
2766 626 3009 700 reliqua.
3035 650 3062 677 ‹‹
3084 629 3153 684 Et
3174 626 3617 701 surgensimpe-

1965 720 2113 776 ravit
2156 719 2343 775 ventis
2374 723 2431 775 et
2478 717 2645 785 mari,
2684 740 2711 767 »
2745 717 2978 790 quando
3020 720 3370 773 testamenta
3399 715 3615 773 diaboli

1965 814 2166 865 contra
2198 812 2451 865 mentem
2482 808 2587 863 viri
2612 807 2796 863 sancti
2820 806 3187 881 insurgentia
3206 805 3618 878 conquiescere

1966 900 2125 965 facit,
2158 902 2213 955 et
2241 915 2375 954 cum
2400 897 2507 954 sibi
2535 896 2711 953 libere
2732 895 2945 951 servire
2968 894 3274 968 permittit.
3308 895 3397 951 Fit
3419 899 3615 951 autem
3650 890 3657 897 ’

1965 987 2360 1060 tranquillitas
2390 1003 2624 1058 magna,
2649 985 2788 1057 quia
2808 1001 2877 1040 ea
2896 1002 3026 1057 qua:
3055 982 3218 1057 prius
3240 984 3466 1056 habuit,
3500 1002 3616 1041 non

1967 1077 2094 1133 sine
2127 1076 2434 1132 formidine
2466 1074 2799 1132 observabit
2828 1074 3227 1147 postmodum,
3260 1073 3414 1129 sicut
3445 1077 3615 1130 natu-

1966 1165 2169 1222 raliter
2184 1182 2285 1239 per
2304 1166 2516 1220 bonam
2541 1163 3023 1221 consuetudinem
3055 1159 3614 1235 custodire'incepit,

1968 1255 2169 1312 dicens
2194 1270 2329 1310 cum
2356 1253 2702 1310 Psalmista:
2753 1276 2780 1303 ‹‹
2812 1250 3110 1307 Declinate
3140 1268 3173 1306 a
3205 1268 3317 1320 me,
3349 1250 3616 1324 maligni,

1968 1348 2026 1402 et
2056 1345 2361 1400 scrutabor
2391 1343 2668 1398 mandata
2698 1342 2798 1397 Dei
2837 1341 2945 1397 mei
2979 1342 3147 1411 (Psal.
3181 1344 3392 1408 cxvm).
3428 1363 3455 1391 »
3488 1341 3616 1396 Sic-

1969 1451 2082 1507 que
2099 1432 2532 1504 transnavigato
2545 1430 2714 1496 mari,
2733 1434 2790 1486 et
2806 1430 2983 1501 hujus
3001 1428 3196 1485 seaculi
3215 1428 3491 1484 ﬂuetibus
3510 1429 3621 1485 cal-

1969 1524 2135 1591 catis,
2171 1522 2243 1578 ad
2274 1525 2502 1593 portum
2560 1517 2800 1574 feliciter
2846 1516 3123 1591 pervenit.
3155 1523 3231 1573 De
3268 1516 3487 1574 talibus
3520 1535 3624 1591 per

1970 1612 2313 1686 prophetam
2346 1610 2596 1667 dicitur:
2634 1607 2791 1674 «Qui
2822 1607 3182 1663 descendunt
3203 1623 3363 1663 mare
3383 1607 3442 1662 in
3466 1607 3624 1663 navi-

1970 1703 2080 1758 bus
2114 1701 2392 1757 facientes
2424 1697 2818 1772 operationem
2854 1696 2911 1751 in
2945 1695 3114 1767 aquis
3146 1695 3370 1761 multis,
3403 1696 3511 1769 ipsi
3548 1696 3624 1751 vi-

1973 1793 2185 1847 derunt
2212 1807 2386 1863 opera
2414 1786 2646 1844 Domini
2677 1790 2732 1843 et
2764 1784 3054 1841 mirabilia
3086 1784 3215 1855 ejus
3243 1784 3301 1840 in
3334 1786 3623 1858 profundo

1975 1881 2144 1954 (Psal.
2179 1882 2310 1945 ενι).
2346 1899 2374 1929 ››
2417 1877 2502 1933 Ad
2532 1892 2691 1932 mare
2738 1874 3121 1939 descendunt,
3153 1871 3210 1927 id
3264 1876 3373 1941 est,
3425 1874 3486 1929 in
3516 1874 3626 1930 hoc

1973 1969 2289 2027 saeculum:
2324 1967 2383 2023 in
2418 1965 2685 2036 navibus,
2710 1963 2930 2021 scilicet
2952 1963 3011 2018 in
3035 1961 3384 2017 animabus:
3420 1962 3629 2018 facien-

1973 2063 2061 2116 tes
2093 2057 2511 2131 operationem,
2535 2054 2755 2111 scilicet
2772 2054 3007 2118 bonam,
3033 2068 3269 2106 carnem
3301 2068 3469 2107 suam
3494 2068 3627 2107 cum

1971 2147 2130 2204 vitiis
2151 2152 2208 2203 et
2227 2142 2717 2217 concupiscentiis
2739 2140 3263 2213 confringentes,et
3281 2140 3349 2195 ad
3371 2139 3632 2196 cmlestia

1976 2237 2378 2309 suspirantes:
2413 2232 2472 2288 in
2527 2231 2696 2305 aquis
2756 2228 2978 2299 multis,
3022 2226 3245 2284 scilicet
3296 2229 3354 2283 in
3415 2227 3630 2301 populo

1977 2326 2184 2395 multo,
2223 2325 2372 2379 inter
2399 2338 2545 2395 quos
2578 2322 2903 2384 manentes,
2935 2317 2994 2373 in
3030 2315 3306 2372 omnibus
3337 2333 3399 2371 se
3443 2315 3630 2389 provi-
3684 2383 3695 2391 _

1977 2417 2135 2481 dent,
2166 2430 2237 2469 ne
2265 2412 2324 2468 in
2359 2410 2554 2483 aliquo
2587 2408 2978 2465 maculentur.
3013 2406 3125 2463 Sed
3158 2405 3313 2461 sicut
3341 2405 3517 2461 homo
3560 2405 3631 2461 in

1979 2504 2109 2560 navi
2144 2520 2248 2576 per
2267 2517 2427 2557 mare
2450 2499 2731 2571 navigans
2764 2514 2879 2553 non
2896 2495 3158 2569 tangitur
3182 2494 3352 2560 mari,
3379 2493 3462 2549 sic
3481 2493 3631 2565 justi

1978 2594 2036 2649 in
2059 2594 2169 2648 hoc
2189 2590 2423 2658 saeculo,
2447 2589 2601 2644 inter
2619 2586 2901 2660 populum
2921 2584 3274 2653 habitantes,
3293 2599 3495 2640 eorum
3516 2599 3635 2639 ma-

1980 2681 2347 2757 lignitatibus
2378 2696 2495 2735 non
2527 2676 2845 2733 adhaerent.

2564 2827 2871 2885 HOMILIA
2909 2826 3048 2881 XIX.

2374 2937 2515 2977 DOM!
2524 2936 2653 2975 NICA
2690 2935 2750 2973 IN
2790 2930 3217 2971 SEPTUAGESIMA
3226 2954 3238 2967 .

2057 3041 2297 3113 (Manu.
2328 3040 2447 3104 xx.)
2480 3061 2507 3085 ‹‹
2535 3040 2600 3090 In
2634 3034 2733 3090 illo
2764 3037 3048 3104 tempore,
3082 3029 3227 3086 dixit
3255 3030 3429 3085 Jesus
3461 3027 3635 3085 disci-

1987 3155 2014 3181 ‹‹
2050 3129 2204 3203 pulis
2230 3127 2354 3183 suis
2370 3124 2707 3198 parabolam
2726 3123 2905 3177 hanc:
2931 3119 3133 3176 Simile
3149 3124 3239 3174 est
3254 3135 3499 3190 regnum
3518 3135 3636 3174 cce-

239 3210 383 3267 stolis
432 3214 488 3267 et
533 3210 601 3265 in
647 3192 920 3267 universa
949 3192 1207 3270 Ecclesia
1248 3215 1558 3288 impletum
1591 3219 1697 3284 est,
1733 3192 1879 3273 solet
1908 3192 1951 3259 (ἶ
1987 3244 2014 3271 ‹‹
2049 3192 2240 3275 lorum
2262 3192 2487 3273 homini
2520 3209 2954 3286 patrifamilias,
2979 3209 3075 3282 qui
3097 3207 3235 3263 exiit
3256 3207 3444 3280 primo
3466 3224 3640 3262 mane

238 3299 519 3355 moraliter
534 3300 665 3354 fieri
690 3299 748 3355 in
770 3299 1033 3372 quolibet.
1049 3302 1167 3358 viro
1190 3308 1412 3360 sancto.
1439 3304 1545 3371 Qui
1573 3305 1727 3360 enim
1754 3323 1879 3361 cru-

239 3388 398 3461 ciﬁgit
426 3387 701 3444 membra
731 3398 842 3444 Sua
871 3406 1005 3445 cum
1028 3389 1184 3448 vitiis
1215 3398 1271 3447 et
1291 3393 1798 3465 concupiscentiis,
1823 3399 1879 3450 et

240 3475 319 3531 cui
345 3476 668 3532 crucifixus
691 3481 779 3532 est
800 3478 1058 3534 mundus
1079 3484 1134 3534 et
1163 3480 1286 3552 ipse
1309 3482 1549 3550 mundo,
1578 3482 1876 3539 Christum

241 3564 288 3619 in
305 3581 361 3620 se
376 3565 775 3621 habitatorem
794 3566 990 3623 habet.
1015 3568 1186 3624 Jesus
1209 3574 1405 3625 autem
1429 3587 1571 3627 nave
1593 3573 1874 3639 ascendit,

243 3669 356 3709 cum
385 3659 645 3711 mentem
677 3654 783 3709 viri
834 3655 1019 3711 sancti
1051 3656 1360 3727 inhabitat,
1393 3659 1553 3731 quia,
1602 3660 1755 3717 sicut
1786 3677 1878 3716 sa-

242 3741 634 3813 pientissimus
683 3740 958 3800 Salomon
1001 3745 1101 3813 ait,
1149 3746 1361 3802 Anima
1398 3747 1547 3820 justi
1592 3749 1759 3804 sedes
1790 3754 1880 3806 est

242 3829 546 3902 sapientiae.
588 3831 735 3887 Cum
765 3832 922 3888 enim
955 3833 1004 3889 is
1035 3851 1069 3889 a
1094 3833 1249 3891 vitiis
1280 3840 1336 3891 et
1365 3837 1617 3909 peccatis
1648 3854 1709 3893 se
1740 3838 1880 3893 sub-

243 3919 448 3976 trahere
499 3919 769 3987 voluerit,
804 3925 871 3977 ut
896 3922 1003 3979 soli
1054 3925 1164 3980 Deo
1193 3942 1416 3994 vacare,
1466 3926 1525 3981 id
1550 3930 1655 3994 est,
1688 3926 1879 3983 inten-

244 4006 358 4064 dere
386 4008 601 4082 possit,
625 4004 979 4067 tentationes
1008 4011 1221 4069 diaboli
1254 4018 1456 4070 contra
1486 4032 1549 4071 se
1576 4014 1881 4089 insurgere

246 4096 418 4168 scatit;
440 4102 505 4154 et
523 4098 653 4169 ejus
668 4099 1074 4170 persuasiones
1095 4107 1351 4159 mentem
1371 4120 1536 4159 suam
1561 4105 1876 4161 contraire:

246 4189 294 4239 et
320 4202 427 4258 quo
480 4186 673 4260 magis
702 4187 819 4244 Deo
849 4190 1320 4263 appropinquare
1365 4192 1633 4261 voluerit,
1664 4210 1730 4250 eo
1756 4211 1879 4250 am-

247 4273 381 4344 plius
402 4276 627 4331 invenit
656 4277 810 4348 quod
846 4278 1053 4334 durius
1102 4283 1309 4352 portet.
1362 4281 1468 4348 Qui
1509 4282 1663 4338 enim
1698 4284 1789 4356 pie
1820 4283 1878 4337 in

248 4362 454 4420 Christo
487 4365 691 4421 volunt
719 4365 926 4434 vivere,
980 4369 1414 4439 persecutiones
1462 4370 1766 4443 patiuntur
1813 4374 1886 4443 (II

254 4451 368 4506 l‘im.
400 4458 507 4521 ιιι),
532 4454 591 4511 in
611 4454 874 4527 exemplo
894 4456 1161 4513 videlicet
1177 4457 1593 4523 ISraeIitarum,
1616 4461 1715 4532 qui
1742 4464 1881 4517 tunc

1987 3334 2014 3360 ‹‹
2049 3296 2371 3365 conducere
2392 3302 2686 3376 operarios
2707 3300 2767 3355 in
2786 3298 3017 3378 vineam
3045 3292 3239 3365 suam,
3266 3319 3293 3345 »
3317 3299 3373 3352 et
3393 3294 3636 3367 reliqua.

2058 3398 2324 3469 Regnum
2356 3392 2634 3453 caelorum
2680 3386 2770 3444 vel
2821 3402 3061 3459 regnum
3096 3384 3196 3440 Dei
3238 3384 3297 3439 in
3330 3384 3643 3457 Evangelio

1987 3504 2120 3543 cum
2152 3484 2385 3558 legitur,
2420 3498 2536 3537 non
2584 3492 2817 3550 semper
2845 3492 3025 3532 unam
3056 3473 3441 3545 eamdemque
3470 3473 3645 3529 habet

1988 3572 2498 3648 significationem,
2548 3568 2648 3623 sed
2708 3564 3024 3637 aliquando
3070 3562 3386 3618 Dominum
3440 3561 3644 3645 Jesum

1989 3663 2308 3727 Christum,
2336 3657 2650 3730 aliquando
2670 3654 3031 3727 Scripturam
3056 3667 3305 3716 sacram,
3329 3649 3645 3723 aliquando

1962 3752 2282 3815 ~caelestem
2310 3747 2585 3821 patriam,
2628 3743 2944 3816 aliquando
2975 3745 3320 3814 praesentem
3353 3737 3648 3813 significat

1988 3840 2328 3899 Ecclesiam.
2352 3834 2660 3891 Dominum
2678 3833 2879 3889 Jesum
2894 3829 3188 3886 Christum
3209 3827 3517 3901 significat,
3539 3827 3647 3882 sic-

1989 3936 2055 3988 ut
2084 3932 2210 4002 ipse
2257 3925 2434 3981 dicit:
2492 3924 2821 3996 «Regnum
2872 3919 2971 3976 Dei
3016 3919 3171 3974 intra
3219 3934 3321 3974 vos
3353 3921 3442 3973 est
3491 3917 3640 3987 (Luc.

1988 4019 2146 4091 xvn).
2186 4039 2213 4066 ››
2246 4013 2606 4087 Scripturam
2639 4026 2893 4077 sacram,
2922 4007 3100 4065 veluti
3124 4007 3344 4064 Judzeis
3375 4023 3489 4062 non
3522 4021 3644 4062 cre-

1990 4106 2268 4166 dentibus
2298 4102 2549 4160 dicitur:
2586 4124 2614 4152 ‹‹
2647 4099 2955 4155 Auferetur
2983 4116 3017 4153 a
3044 4097 3210 4153 vobis
3240 4112 3487 4169 regnum
3522 4095 3644 4163 Dei,

1990 4202 2047 4256 et
2075 4196 2313 4253 dabitur
2331 4190 2489 4267 genti
2520 4188 2754 4246 facienti
2790 4188 3015 4243 fructus
3036 4186 3165 4256 ejus
3205 4184 3408 4257 (Matth.
3441 4183 3578 4254 χχι).
3615 4204 3643 4231 n

1990 4287 2293 4345 leestem
2326 4279 2598 4356 patriam,
2631 4281 2697 4333 ut
2737 4280 2826 4332 est
2853 4275 3037 4331 illud‘:
3076 4296 3097 4323 α
3132 4272 3285 4329 Beati
3317 4272 3415 4344 qui
3449 4286 3646 4342 perse-

1991 4376 2282 4435 cutionem
2340 4368 2647 4444 patiuntur
2703 4369 2941 4439 propter
2991 4362 3309 4435 justitiam,
3364 4358 3643 4432 quoniam

1992 4468 2251 4539 ipsorum
2282 4464 2369 4517 est
2400 4474 2647 4531 regnum
2679 4453 2956 4510 caelorum
2989 4452 3195 4539 (Matth.
3228 4449 3305 4539 ν).
3333 4472 3359 4500 n
3389 4448 3645 4539 Praesen-

251 4538 434 4598 durius
454 4547 603 4598 sunt
621 4542 822 4598 afﬂicti
842 4561 884 4599 ‘a
914 4545 1231 4611 Pharaone,
1256 4547 1489 4619 quando
1514 4564 1614 4620 per
1644 4549 1882 4621 Moysen
1912 4565 1960 4629 Π
1994 4538 2108 4611 tem
2141 4549 2481 4613 Ecclesiam,
2508 4543 2659 4600 sicut
2680 4541 2819 4598 alibi
2852 4542 2962 4596 ait:
2999 4564 3026 4591 «
3056 4538 3161 4606 Qui
3188 4538 3429 4629 solverit
3459 4553 3644 4629 unum

250 4632 299 4681 et
323 4630 502 4687 Aaron
560 4632 631 4686 ad
676 4637 892 4688 terram
949 4634 1422 4706 repromissionis
1479 4640 1619 4692 sunt
1673 4637 1878 4695 vocati.

252 4713 396 4773 Unde
406 4735 509 4775 nos
521 4720 763 4792 quidam
776 4721 1030 4794 sapiens,
1047 4723 1879 4795 Salomon~scilicet,admonet,

253 4803 458 4863 dicens:
475 4832 500 4857 ‹‹
520 4806 648 4877 Fili,
664 4810 948 4867 accedens
958 4812 1028 4866 ad
1040 4812 1384 4869 servitutem
1402 4813 1521 4882 Dei,
1540 4815 1698 4870 stain
1709 4815 1884 4887 justi-

254 4891 324 4946 tia
349 4895 646 4962 et-timore,
674 4901 732 4953 et
766 4915 1027 4972 praepara
1055 4901 1312 4957 animam
1334 4907 1499 4958 tuam
1524 4904 1595 4959 ad
1616 4904 1885 4960 tentatio-

256 4984 561 5053 nem(Ecclt.
576 4986 661 5056 ιι).
680 5006 713 5037 π
733 4986 906 5043 Jesus
923 4995 1119 5045 autem
1134 4991 1370 5057 dormit,
1384 4993 1618 5064 quando
1633 4992 1881 5048 delecta-

256 5068 424 5127 tiones
438 5076 648 5143 carnis,
673 5076 1152 5148 etpersuasiones
1171 5079 1385 5135 diaboli
1403 5084 1605 5137 contra
1626 5085 1879 5138 mentem

256 5156 350 5211 viri
367 5163 538 5218 sancti
560 5163 867 5237 insurgere
886 5166 1186 5238 permittit.
1221 5168 1331 5224 Sed
1364 5185 1498 5224 cum
1531 5169 1656 5243 ipse
1675 5171 1764 5225 vir
1792 5170 1884 5226 in-

261 5244 444 5320 telligit
480 5267 542 5309 se
569 5253 778 5308 eadem
826 5256 1176 5311 testamenta
1215 5274 1323 5313 sua
1367 5256 1580 5313 virtute
1610 5275 1884 5330 superare

263 5346 364 5388 non
390 5352 568 5407 posse,
603 5340 676 5396 ad
703 5343 1186 5414 omnipotentiam
1214 5345 1315 5401 Dei
1346 5346 1610 5401 recurrit.
1646 5347 1807 5402 Unde
1829 5352 1886 5403 et

265 5420 540 5516 aubditun
575 5450 606 5478 ‹‹
640 5430 710 5484 Et
737 5439 1133 5503 accesserunt,
1163 5440 1221 5491 et
1264 5436 1694 5491 suscitaverunt
1725 5455 1883 5505 eum,

267 5505 529 5604 dicentes:
554 5518 827 5588 Domine,
854 5520 1010 5577 salva
1034 5540 1160 5591 nos,
1192 5524 1476 5598 perimus.
1513 5546 1541 5573 »
1573 5523 1718 5588 Quia
1746 5526 1884 5583 totis

264 5597 457 5658 viribus
503 5608 716 5662 mentis
748 5597 1210 5677 miscricordiam
1258 5613 1356 5669 Dei
1410 5612 1721 5686 implorare
1766 5633 1881 5673 non

1992 4646 2063 4700 de
2093 4636 2387 4697 mandatis
2419 4634 2551 4690 istis
2574 4631 2857 4699 minimis,
2882 4635 2939 4685 et
2965 4628 3228 4686 docuerit.
3248 4628 3332 4684 sic
3351 4626 3642 4692 homines,

1991 4730 2275 4788 minimus
2304 4720 2684 4782 vocabiturin
2716 4736 2893 4793 regno
2916 4717 3196 4774 ccelorum
3231 4715 3435 4789 (Matth.
3456 4714 3590 4786 xux).
3615 4738 3643 4764 »

1990 4821 2138 4894 Ergo
2170 4831 2412 4890 regnum
2448 4810 2726 4868 cmlorum
2744 4810 2802 4864 in
2823 4808 2933 4864 hoc
2956 4807 3081 4863 loco
3103 4803 3647 4879 praesentem'signi-

1991 4891 2128 4966 ficat
2147 4904 2487 4971 Ecclesiam,
2508 4900 2661 4972 quod
2684 4897 2876 4954 simile
2896 4897 3109 4952 dicitur
3124 4891 3555 4967 patrifamilias,
3582 4896 3647 4948 ut

1990 5015 2089 5073 per
2122 5012 2244 5052 rem
2276 4989 2590 5064 cognitam,
2626 4986 2983 5073 incognitam
3021 4984 3254 5039 credere
3303 4982 3641 5037 discamus:

1991 5065 2049 5144 et
2073 5102 2175 5160 per
2203 5079 2458 5138 visibilia
2489 5077 2558 5132 ad
2590 5073 2910 5131 invisibilia
2928 5065 3104 5130 "mens
3126 5077 3329 5128 nostra
3360 5071 3643 5144 rapiatur.

1991 5177 2138 5233 Nam
2171 5172 2312 5246 quia
2332 5164 2608 5242 parabola
2639 5169 2747 5236 est,
2782 5164 2922 5237 quid
2957 5161 3398 5237 paterfamilias,
3432 5165 3490 5217 et
3516 5161 3645 5232 ejus

1990 5266 2180 5330 vinea,
2213 5254 2270 5318 et
2315 5254 2585 5331 operarii,
2637 5252 3147 5325 remuneratioque
3177 5269 3379 5308 eorum
3429 5248 3642 5321 allego-

1994 5355 2109 5410 rice
2139 5348 2489 5428 signjﬁcent,
2526 5342 2919 5398 attendamus.
2971 5340 3397 5398 Paterfamilias
3447 5341 3643 5395 autem

1992 5443 2100 5501 iste
2123 5426 2371 5512 figuram
2403 5432 2679 5490 Deitenet
2709 5431 3144 5505 omnipotentis,
3170 5430 3269 5501 qui
3301 5426 3512 5485 similis
3543 5443 3642 5498 pa~

1992 5526 2323 5586 trifamilias
2353 5523 2601 5579 dicitur:
2635 5521 2793 5593 quia,
2827 5520 2978 5577 sicut
3003 5517 3421 5593 paterfamilias
3453 5514 3642 5582 subje—

1994 5624 2117 5675 ctos
2150 5618 2208 5673 in
2227 5615 2420 5681 domo,
2446 5611 2529 5666 sic
2551 5610 2705 5674 Deus
2725 5611 3096 5687 omnipotens
3121 5608 3391 5664 homines
3410 5602 3637 5659 ordinat
