4070 6190
367 285 478 348 155

869 287 882 302 ⁴
923 280 1336 346 HAYMONIS
1383 281 1920 344 HALBEltSTAT.
1970 279 2219 344 EPISC.
2267 284 2437 346 OPP.
2483 283 2684 349 PARS
2729 285 2904 348 ll.-—
2937 285 3208 350 HOMIL.

3661 282 3781 346 156

362 420 509 494 regit
538 425 710 494 atque
743 417 1001 491 disponit
1029 416 1086 472 in
1135 417 1373 473 mundo.
1409 417 1597 489 Hujus
1626 434 1761 491 ergo
1794 417 2010 490 patris-
2039 416 2092 483 A
2123 416 2179 473 in
2213 417 2502 474 culturam
2537 420 2713 476 vineas
2742 419 2981 476 vocavit.
3013 419 3175 479 Unde
3204 424 3261 476 et
3290 417 3599 477 subditur:
3638 450 3642 454 -

361 512 617 570 familias
661 510 848 577 vinea,
899 512 1101 564 sancta
1150 511 1238 562 est
1267 507 1541 575 Ecclesia,
1586 525 1710 580 qua:
1743 508 1815 562 ab
1845 507 2014 563 initio

362 601 568 658 mundi
594 617 778 672 usque
809 598 876 653 ad
907 598 1082 652 ﬁnem
1107 595 1325 662 saeculi,
1351 601 1494 665 quot
1519 601 1751 652 sanctos
1774 596 2010 668 profert,

363 692 532 766 quasi
567 695 650 746 tot
680 687 952 761 palmites
999 690 1254 758 generat.
1290 689 1421 740 Haac
1467 686 1634 740 vinea
1663 685 1920 758 primum
1956 687 2012 741 in

364 780 578 854 populo
603 779 938 835 Judaeorum
965 776 1071 830 fuit
1094 774 1373 847 plantata,
1399 775 1497 830 sed
1523 781 1652 846 post
1676 775 1903 831 Domini
1930 775 2014 830 in-

362 870 759 926 carnationem
791 884 977 938 usque
1001 867 1069 920 ad
1105 867 1249 920 ﬁnes
1274 869 1435 918 terra:
1460 871 1548 919 est
1568 864 1827 930 dilatata,
1861 865 2014 920 sicut

365 978 464 1032 per
496 957 868 1015 Psalmistam
887 955 1128 1010 dicitur:
1155 978 1180 1003 ‹‹
1201 953 1444 1009 Vineam
1467 955 1538 1008 de
1559 955 1798 1026 .‘Egypto
1822 960 2009 1011 trans-

362 1048 572 1114 tulisti,
627 1039 848 1116 ejecisti
899 1049 1120 1116 gentes,
1166 1047 1221 1096 et
1255 1041 1528 1114 plantasti
1579 1059 1728 1098 eam.
1762 1043 1886 1097 Dux
1918 1044 2009 1098 iti-

365 1137 520 1194 neris
563 1136 724 1192 fuisti
761 1135 818 1188 in
851 1137 1158 1205 conspectu
1190 1132 1342 1202 ejus,
1373 1137 1428 1185 et
1461 1130 1738 1203 plantasti
1787 1132 2010 1188 radices

363 1228 510 1296 ejus,
545 1230 600 1279 et
649 1222 908 1294 implevit
954 1227 1188 1276 terram.
1247 1220 1486 1292 Operuit
1534 1224 1761 1276 montes
1803 1223 2012 1277 umbra

361 1317 510 1386 ejus,
545 1319 600 1369 et
629 1314 869 1368 arbusta
900 1313 1024 1380 ejus
1059 1310 1261 1365 cedros
1293 1308 1412 1363 Dei.
1447 1310 1716 1364 Extendit
1738 1309 2010 1381 palmites

361 1421 499 1460 suos
549 1395 760 1473 usque-
785 1402 855 1455 ad
891 1418 1047 1456 mare
1080 1404 1130 1454 et
1169 1416 1351 1469 usque
1385 1398 1453 1452 ad
1489 1398 1705 1453 flumen
1740 1401 2006 1472 propagi-

360 1510 462 1548 nes
497 1494 624 1564 ejus
655 1492 826 1559 (Psal.
863 1490 1066 1559 LXXIX).
1093 1512 1118 1538 ››
1151 1489 1278 1542 Ilznc
1301 1491 1389 1542 est
1409 1487 1563 1542 enim
1599 1487 1696 1542 illa
1727 1488 1913 1556 vinea,
1939 1489 2010 1544 de

358 1599 474 1654 qua
507 1581 563 1635 in
615 1578 867 1636 Canticis
915 1576 1278 1632 canticorum
1326 1592 1461 1631 voce
1508 1576 1714 1647 Sponsi
1749 1577 2003 1634 dicitur:

358 1696 384 1720 ‹‹
423 1675 584 1726 Mane
615 1685 928 1741 surgamus
958 1666 1027 1720 ad
1064 1665 1282 1731 vineas,
1315 1665 1616 1721 videamus
1636 1666 1682 1722 si
1718 1667 1912 1722 floruit
1933 1667 2009 1722 vi-

356 1778 485 1825 nea,
511 1761 556 1814 si
585 1759 755 1813 ﬁeres
772 1758 995 1810 fructus
1016 1755 1351 1825 parturiunt
1373 1754 1682 1826 (Cunt.vu).
1712 1779 1738 1804 ››
1758 1757 1822 1810 Et
1843 1757 2002 1812 item:
2041 1789 2086 1853 B

357 1874 383 1900 ‹‹
417 1850 600 1904 Vinea
632 1849 782 1902 facta
813 1849 901 1900 est
931 1844 1171 1916 paciﬁco
1205 1843 1261 1897 in
1295 1861 1361 1898 ea
1383 1861 1509 1915 quae
1536 1845 1711 1900 habet
1741 1845 2004 1917 populos.

357 1936 622 1995 Tradidit
679 1953 804 1990 eum
836 1933 1201 2000 custodibus,
1237 1933 1320 1987 vir
1349 1934 1537 1988 aufert
1566 1951 1669 2005 pro
1717 1935 2008 1990 fructibus

356 2031 485 2100 ejus
515 2026 674 2082 mille
704 2029 1010 2097 argenteos
1039 2024 1220 2090 (Cant.
1252 2027 1393 2088 VIII).
1425 2045 1446 2074 ιι
1477 2023 1556 2078 De
1578 2040 1694 2096 qua
1715 2024 1890 2079 etiam
1925 2024 2007 2078 vi-

356 2136 468 2174 nea
485 2134 586 2190 per
605 2115 815 2172 Isaiam
849 2113 1092 2169 dicitur:
1130 2135 1158 2162 ‹‹
1191 2112 1448 2167 Cantabo
1471 2111 1678 2168 dilecto
1711 2130 1838 2168 meo
1870 2131 2006 2169 can-

355 2208 537 2264 ticum
572 2203 851 2278 patruelis
883 2202 994 2258 mei
1029 2202 1205 2257 vinea:
1237 2219 1352 2255 suae
1379 2219 1391 2255 :
1425 2201 1606 2257 Vinea
1627 2203 1777 2258 facta
1807 2209 1894 2258 est
1926 2203 2008 2256 di-

354 2297 502 2353 lecto
535 2311 663 2350 meo
695 2293 754 2348 in
795 2307 976 2349 cornu
1025 2291 1144 2345 ﬁlio
1175 2289 1306 2345 olei.
1341 2290 1556 2361 Sepivit
1589 2309 1737 2358 eam,
1773 2296 1826 2345 et
1859 2292 2005 2364 lapi-

355 2388 458 2442 des
487 2384 660 2457 elegit
689 2400 757 2438 ex
789 2381 908 2448 illa,
941 2384 997 2435 et
1026 2379 1309 2452 plantavit
1338 2396 1466 2434 eam
1497 2379 1760 2434 electam.
1797 2382 1864 2436 Et
1893 2385 2008 2435 tor-

354 2474 517 2530 cular
548 2471 834 2530 exstruxit
857 2470 914 2525 in
947 2469 1139 2524 medio
1161 2469 1308 2539 ejus,
1333 2472 1389 2522 et
1411 2468 1660 2524 maceria
1681 2469 2004 2525 circumde-

355 2564 439 2620 dit
487 2578 637 2617 eam.
690 2561 759 2616 Et
817 2557 1170 2630 exspectavit
1217 2560 1281 2611 ut
1328 2557 1540 2611 faceret
1588 2575 1752 2622 uvas,
1783 2563 1840 2614 et
1871 2559 2017 2615 fecit-

354 2650 658 2706 labmscas
692 2650 814 2721 (ιεα,
833 2648 924 2717 .ν).
952 2671 980 2695 ››
1009 2649 1140 2712 Qua:
1166 2649 1360 2700 autem
1395 2644 1471 2700 sit
1501 2645 1628 2717 ipsa
1644 2647 1828 2713 vinea,
1849 2648 2002 2703 idem

357 2740 638 2813 propheta
667 2737 969 2795 subdendo
1002 2735 1386 2790 manifestans
1417 2735 1532 2789 ait:
1571 2756 1599 2784 ‹‹
1630 2735 1809 2791 Vinea
1845 2736 2002 2793 enim

359 2829 584 2885 Domini
613 2826 857 2884 sabaoth
889 2827 1099 2881 domus
1134 2822 1307 2879 Israel
1334 2820 1440 2890 est,
1475 2828 1529 2879 et
1559 2823 1665 2878 viri
1693 2825 1846 2880 Juda
1875 2843 2002 2899 ger-

355 2935 487 2974 men
518 2914 856 2974 delectabile
887 2913 1070 2981 (lbid.)
1102 2935 1130 2964 »
1167 2913 1228 2967 In
1279 2911 1386 2967 hac
1418 2917 1609 2968 autem
1641 2913 1809 2969 vinea
1843 2919 2002 2971 tanto

355 3007 604 3079 quisque
635 3003 866 3060 ﬁdelius
897 3002 1140 3068 laborat,
1175 3005 1394 3074 quanto
1426 3002 1653 3058 ﬁrmius
1676 3003 1857 3059 Deum
1881 3021 1999 3060 cre~

353 3095 457 3164 dit,
490 3100 547 3151 et
577 3095 706 3166 ejus
738 3092 1015 3148 mandata
1037 3090 1342 3147 sollicitius
1365 3091 1639 3158 custodit,
1663 3096 1891 3152 terrena
1909 3095 2004 3149 de-

354 3160 553 3240 serens
684 3181 941 3238 cualestia
991 3179 1294 3236 anhelans.
1330 3181 1399 3235 Et
1429 3184 1589 3235 tanto
1644 3180 1701 3235 in
1734 3200 1802 3236 ea
1840 3181 1996 3237 labo-
2031 3160 2073 3226 Ο

353 3292 490 3330 rans
515 3273 814 3328 uberiores
847 3271 1072 3325 fructus
1101 3270 1308 3336 reddit,
1344 3274 1563 3341 quanto
1595 3285 1708 3324 non
1742 3288 1867 3336 sua,
1903 3273 1999 3327 sed

353 3363 544 3418 aliena
573 3360 734 3416 lucra
765 3359 991 3431 quaerit.
1017 3358 1123 3424 Qui
1156 3357 1312 3412 enim
1341 3374 1468 3428 quae
1491 3375 1598 3412 sua
1620 3363 1757 3413 sunt
1778 3361 2004 3431 quazrit,

353 3468 467 3506 non
501 3467 625 3521 quae
656 3451 793 3504 Jesu
828 3446 1063 3510 Christi,
1090 3463 1202 3500 non
1228 3446 1454 3500 laborat
1481 3445 1539 3500 in
1571 3445 1736 3502 vinea
1766 3446 2002 3506 Christi.

351 3539 436 3594 Ad
496 3538 646 3591 hanc
703 3553 839 3609 ergo
883 3534 1109 3589 vineam
1172 3533 1546 3589 excolendam
1589 3535 2006 3606 paterfamilias

354 3625 542 3700 primo
568 3642 737 3680 mane
759 3623 921 3678 exiiit
946 3639 958 3676 :
988 3623 1125 3694 quia
1149 3622 1220 3677 ab
1245 3621 1411 3677 initio
1435 3624 1629 3678 saeculi
1650 3624 1802 3679 Deus
1824 3625 2009 3680 omni-

354 3719 560 3789 potens
591 3718 824 3770 sanctos
864 3713 1017 3767 viros
1052 3713 1279 3766 mittere
1313 3729 1426 3766 non
1461 3711 1703 3777 destitit,
1740 3714 1840 3786 qui
1891 3733 2003 3770 non

353 3805 545 3863 solum
577 3805 721 3859 bene
752 3802 991 3857 vivendo
1037 3801 1185 3856 hanc
1217 3801 1443 3856 vineam
1475 3801 1871 3870 excoluerunt,
1904 3805 2006 3860 sed

351 3896 528 3950 etiam
561 3894 707 3948 bene
736 3891 1017 3959 docendo,
1052 3890 1110 3944 in
1143 3891 1270 3962 ejus
1291 3889 1582 3945 culturam
1604 3891 1888 3962 plurimos
1909 3911 2004 3948 vo-

351 3987 646 4039 caverunt.
681 3981 844 4046 Quod
869 3984 1060 4034 autem
1081 3979 1404 4034 mercedem
1430 3980 1715 4051 recepturi
1738 3981 1875 4048 sint,
1902 3982 2001 4054 qui

353 4073 409 4128 in
443 4072 549 4128 hac
581 4070 766 4135 vinea,
817 4068 874 4123 id
908 4073 1016 4134 est,
1051 4068 1109 4123 in
1148 4067 1404 4124 Ecclesia
1437 4067 1684 4124 ﬁdeliter
1716 4069 2005 4141 laborant,

351 4161 764 4218 manifestatur
794 4175 927 4213 cum
958 4157 1235 4213 subditur
1260 4174 1271 4211 :

422 4276 446 4300 ‹‹
479 4249 870 4305 Conventione
902 4253 1095 4302 autem
1148 4247 1299 4302 facta
1329 4264 1463 4301 cum
1495 4249 1776 4319 operariis
1809 4267 1875 4304 ex
1905 4251 2003 4304 de-

351 4365 377 4388 ‹‹
414 4340 577 4394 nario
609 4337 841 4402 diurno,
876 4335 1036 4392 misit
1092 4353 1190 4390 eos
1225 4335 1280 4389 in
1323 4335 1551 4390 vineam
1602 4353 1790 4392 suam.
1828 4361 1853 4387 ››
1902 4339 2005 4394 Per

350 4427 654 4484 denarium
689 4426 790 4498 qui
851 4424 1255 4480 laborantibus
1295 4423 1352 4478 in
1398 4424 1564 4478 vinea
1622 4426 2000 4496 promittitur,

2197 532 2222 559 «
2256 509 2328 580 Et
2354 526 2624 580 egressus
2667 508 2820 565 circa
2850 510 3056 566 horam
3093 510 3344 578 tertiam,
3378 510 3597 566 invenit
3625 509 3777 566 alios

2126 621 2153 648 ‹‹
2186 602 2406 654 stantes
2428 599 2486 653 in
2519 599 2641 654 foro
2681 599 2919 666 otiosos,
2952 606 3006 654 et
3033 599 3145 654 illis
3171 599 3349 655 dixit:
3385 600 3464 655 Ite
3495 604 3551 654 et
3581 617 3682 655 vos
3712 599 3774 654 in

2124 711 2150 736 ‹‹
2176 687 2403 744 vineam
2437 705 2650 754 meam,
2684 693 2740 744 et
2771 689 3174 760 quodjustum
3203 687 3376 743 fuerit
3406 688 3555 743 dabo
3585 688 3774 744 vobis.

2123 801 2150 826 ‹‹
2183 775 2265 831 llli
2295 781 2491 832 autem
2515 777 2802 833 abierunt.
2842 778 3055 833 Iterum
3088 782 3283 832 autem
3306 776 3444 832 exiit
3467 777 3620 832 circa
3653 794 3781 831 sex-

2123 889 2148 914 ‹‹
2186 871 2304 921 tam
2336 871 2393 922 et
2424 883 2637 922 nonam
2670 866 2894 934 horam,
2929 871 2985 920 et
3008 865 3141 921 fecit
3167 864 3456 920 similiter.
3481 865 3647 922 Circa
3671 883 3779 920 un-

2122 983 2149 1008 ‹‹
2186 957 2473 1013 decimam
2515 973 2646 1010 vero
2703 955 2860 1020 exiit,
2894 959 2950 1010 et
2997 955 3216 1011 invenit
3259 953 3404 1010 alios
3437 959 3682 1022 stantes,
3716 960 3778 1009 et

2083 1059 2096 1066 '
2122 1071 2148 1097 «
2183 1047 2328 1102 dixit
2358 1045 2510 1100 illis:
2547 1044 2692 1110 Quid
2728 1043 2820 1099 hic
2847 1043 3016 1100 statis
3047 1048 3169 1099 tota
3199 1043 3289 1099 die
3321 1043 3538 1099 otiosi?
3561 1043 3779 1098 Dicunt

2121 1161 2147 1186 ‹‹
2182 1136 2269 1192 ei:
2305 1135 2450 1202 Quia
2498 1151 2669 1189 nemo
2711 1150 2816 1188 nos
2862 1132 3154 1188 conduxit.
3209 1131 3353 1187 Dicit
3398 1131 3552 1187 illis:
3604 1137 3685 1186 Ite
3716 1137 3777 1187 et

2120 1249 2147 1274 ‹‹
2182 1242 2282 1280 vos
2330 1225 2387 1278 in
2436 1223 2664 1278 vineam
2719 1238 2929 1276 meam.
2969 1245 2995 1270 »
3042 1221 3306 1276 Varietas
3336 1221 3612 1276 horarum
3642 1221 3774 1293 qui-

2119 1315 2228 1370 bus
2258 1312 2506 1386 operarii
2556 1312 2612 1366 in
2661 1311 2836 1366 vineae
2895 1309 3185 1366 culturam
3241 1309 3573 1378 mittuntur,
3613 1311 3778 1366 varia

2118 1401 2409 1476 significat
2429 1406 2708 1472 tempora,
2732 1399 2788 1454 in
2815 1399 3028 1472 quibus
3053 1397 3239 1454 sancti
3267 1398 3536 1471 operarii,
3569 1399 3776 1471 utique

2117 1492 2338 1558 ﬁdeles,
2389 1491 2458 1546 ad
2520 1487 2884 1561 spiritualem
2916 1488 3146 1544 vineam
3197 1485 3570 1542 excolendam
3602 1487 3772 1544 missi

2119 1585 2292 1637 sunt:
2330 1581 2497 1635 Mane
2528 1578 2743 1651 quippe
2775 1577 2978 1632 mundi
3014 1577 3123 1632 fuit
3153 1576 3226 1631 ab
3257 1575 3442 1631 Adam
3482 1593 3665 1648 usque
3695 1577 3769 1632 ad

2117 1673 2254 1726 Noe.
2291 1669 2503 1736 Tertia,
2537 1685 2570 1722 a
2614 1668 2730 1722 Noe
2761 1684 2945 1739 usque
2977 1667 3049 1722 ad
3102 1665 3418 1720 Abraham.
3453 1665 3641 1732 Sexta,
3695 1666 3769 1721 ab

2116 1759 2408 1816 Abraham
2439 1773 2626 1829 usque
2657 1757 2726 1811 ad
2779 1757 3034 1828 Moysen.
3073 1755 3255 1823 Nona,
3291 1773 3326 1810 a
3357 1755 3552 1827 Moyse
3581 1771 3768 1827 usque

2119 1849 2189 1904 ad
2209 1848 2520 1903 adventun‘.
2547 1844 2799 1900 Domini.
2816 1844 3152 1912 Undecima,
3177 1844 3250 1899 ab
3265 1843 3513 1899 adventu
3536 1843 3766 1899 Domini

2118 1953 2304 2008 usque
2335 1936 2405 1990 ad
2439 1936 2614 1990 ﬁnem
2640 1932 2856 1989 saeculi.
2891 1933 2963 1988 Ut
2992 1938 3187 1989 autem
3228 1949 3296 1988 ex
3319 1931 3521 1988 multis
3553 1950 3770 2005 paucos

2117 2026 2462 2090 referamus,
2494 2023 2721 2095 aliquos
2745 2023 2856 2078 sub
2885 2021 3148 2094 exemplo
3171 2039 3480 2094 ponamus.
3510 2021 3769 2094 Operarii

2116 2133 2250 2188 ergo
2273 2113 2461 2185 primo
2485 2129 2674 2180 mane,
2697 2111 2752 2167 id
2776 2112 3066 2184 estprima
3083 2109 3352 2166 horadiei
3375 2111 3608 2166 fuerunt
3626 2112 3769 2167 Abel

2115 2208 2172 2260 et
2204 2202 2419 2270 Enoch,
2469 2206 2524 2256 et
2553 2201 2744 2256 caeteri
2787 2199 2905 2268 alii,
2939 2200 3039 2272 qui
3071 2199 3129 2255 in
3158 2199 3260 2254 illa
3303 2204 3467 2256 aetate
3500 2200 3613 2256 Deo
3645 2201 3768 2273 pla—

2116 2297 2379 2348 cuerunt.
2413 2291 2608 2347 Tertia
2631 2290 2792 2356 hora,
2817 2290 3119 2362 operarius
3143 2288 3250 2345 fuit
3269 2289 3584 2358 Abraham,
3607 2291 3770 2346 Isaac

2116 2387 2173 2438 et
2197 2382 2392 2448 Jacob,
2426 2385 2483 2436 et
2512 2380 2817 2435 duodecim
2844 2377 3209 2452 patriarchae.
3240 2378 3404 2434 Nona
3437 2379 3599 2447 hora,
3631 2396 3769 2452 ope-

2117 2471 2399 2527 rariorum
2435 2485 2716 2524 numerus
2764 2484 3023 2524 crescere
3054 2467 3248 2540 coepit,
3282 2467 3516 2540 quando
3548 2467 3770 2523 missus

2113 2566 2204 2616 est
2233 2561 2458 2631 Moyses
2488 2562 2544 2613 et
2577 2559 2781 2625 Aaron,
2815 2557 3010 2626 Josue,
3042 2555 3298 2623 Samuel,
3328 2555 3530 2622 David,
3564 2556 3768 2623 Isaias,

2112 2649 2398 2705 Jeremias
2429 2651 2486 2702 et
2516 2647 2712 2720 plures
2733 2645 2850 2701 alii.
2885 2645 3205 2702 Undecima
3224 2661 3356 2700 vero
3379 2643 3544 2712 hora,
3567 2662 3771 2718 opera-

2113 2738 2181 2794 rii
2215 2739 2285 2793 ad
2320 2737 2694 2792 excolendam
2726 2736 2976 2806 vineam,
3009 2736 3066 2791 id
3098 2738 3188 2791 est
3227 2734 3566 2803 Ecclesium,
3601 2735 3768 2792 missi

2114 2832 2252 2884 sunt
2284 2826 2469 2882 sancti
2505 2825 2772 2898 apostoli,
2804 2825 2906 2898 qui
2939 2829 3098 2881 tanto
3130 2823 3454 2882 studiosius
3483 2827 3657 2896 atque
3688 2825 3770 2878 di-

2113 2916 2390 2989 ligentius
2425 2915 2575 2970 hanc
2608 2914 2833 2970 vineam
2865 2913 3189 2981 coluerunt,
3214 2915 3428 2985 quanta
3455 2913 3769 2985 perfectius

2113 3006 2184 3062 ab
2208 3005 2335 3078 ipsa
2359 3003 2596 3060 veritate
2624 3003 2895 3059 instructi
2919 3004 3172 3058 fuerunt.
3200 3002 3361 3058 Unde
3389 3018 3542 3058 unus
3563 3019 3764 3058 eorum

2112 3095 2482 3167 loquebatur,
2505 3093 2706 3148 dicens
2731 3109 2744 3147 :
2779 3117 2805 3142 ‹‹
2829 3093 2944 3148 Nos
2967 3109 3196 3156 sumus,
3219 3091 3279 3146 in
3305 3107 3453 3163 quos
3483 3091 3630 3146 fines
3660 3107 3768 3146 saa-

2113 3183 2378 3240 culorum
2410 3183 2765 3238 devenerunt
2792 3182 2836 3253 (1
2867 3184 2994 3238 Cor.
3025 3185 3101 3250 χ).
3135 3205 3162 3231 ››
3197 3180 3256 3236 Si
3287 3184 3480 3236 autem
3513 3179 3662 3236 hanc
3693 3181 3770 3236 si-

2115 3272 2506 3328 militudinem
2529 3272 2599 3326 ad
2626 3275 2940 3343 utrumque
2962 3269 3265 3344 populum,
3290 3270 3626 3325 Judaei-um
3659 3269 3770 3324 sci-

2114 3361 2250 3416 licet
2265 3364 2321 3417 et
2351 3359 2636 3433 gentium,
2664 3360 3004 3427 referamus,
3034 3359 3334 3433 Operarius
3364 3358 3517 3414 hora:
3541 3359 3766 3430 primae,

2114 3449 2318 3517 tertiae,
2355 3453 2525 3503 sexta:
2565 3453 2622 3503 et
2653 3467 2838 3517 nonae,
2869 3449 3204 3504 Jud'azorum
3236 3447 3488 3521 populus
3518 3447 3578 3503 in
3606 3448 3766 3503 anti-

2116 3539 2250 3610 quis
2300 3538 2424 3592 suis
2457 3538 2722 3610 patribus
2771 3537 2900 3608 fuit,
2935 3543 2991 3593 et
3020 3538 3177 3593 velut
3203 3535 3525 3610 spiritualis
3558 3554 3674 3592 una
3707 3536 3767 3591 in

2115 3625 2314 3682 electis
2345 3625 2469 3682 suis
2500 3627 2715 3682 ﬂoruit.
2747 3627 2832 3682 Ad
2859 3626 3226 3682 undecimam
3250 3643 3381 3682 vero
3401 3625 3649 3699 gentiles
3668 3642 3768 3681 vo-

2115 3715 2227 3771 cati
2261 3719 2418 3786 sunt,
2453 3714 2591 3786 quia
2622 3719 2753 3788 post
2774 3715 3174 3771 ascensionem
3197 3713 3422 3771 Domini
3449 3713 3769 3786 praedican-

2116 3805 2274 3860 tibus
2329 3804 2610 3876 apostolis
2668 3803 3060 3871 crediderunt,
3110 3805 3180 3858 de
3239 3802 3455 3875 quibus
3510 3802 3765 3858 dicitur:

2119 3916 2146 3943 ‹‹
2179 3893 2326 3958 Quid
2361 3891 2451 3948 hic
2483 3892 2650 3949 statis
2673 3898 2796 3949 tota
2825 3894 2918 3948 die
2952 3891 3168 3948 otiosi?
3194 3915 3220 3940 ››
3253 3894 3401 3948 Tota
3429 3891 3521 3947 die
3551 3892 3770 3964 quippe

2116 3981 2286 4038 otiosi
2321 3981 2573 4048 stabant,
2607 3982 2705 4054 qui
2740 3983 2813 4037 ab
2845 3983 2972 4054 ipso
3004 3981 3206 4036 mundi
3240 3980 3558 4054 primordio
3582 3997 3771 4052 usque

2116 4072 2187 4126 ad
2221 4071 2450 4126 Domini
2479 4070 2959 4138 incarnationem,
2995 4088 3026 4125 a
3057 4070 3288 4124 cultura
3309 4068 3410 4124 Dei
3434 4067 3606 4125 alieni
3639 4086 3770 4142 per-

2116 4159 2455 4215 manebant.
2487 4159 2695 4214 Nullus
2726 4159 2882 4214 enim
2909 4160 2980 4215 ad
3009 4175 3208 4214 eorum
3242 4157 3634 4214 eruditionem
3667 4175 3769 4229 pa-

2115 4247 2389 4313 triarcha,
2420 4246 2618 4303 nullus
2641 4249 2923 4320 propheta
2948 4248 3166 4303 missus
3195 4247 3401 4311 fuerat,
3426 4246 3580 4302 unde
3603 4261 3770 4300 excu-

2116 4342 2314 4392 santes
2345 4336 2584 4391 dicunt:
2623 4358 2648 4384 ‹‹
2683 4335 2825 4400 Quia
2861 4353 3031 4392 nemo
3065 4353 3169 4392 nos
3209 4335 3503 4390 conduxit.
3540 4356 3566 4382 ιι
3619 4334 3766 4398 Quid

2115 4429 2204 4480 est
2233 4424 2451 4479 dicere:
2487 4425 2664 4480 Nemo
2696 4442 2803 4480 nos
2833 4424 3127 4491 conduxit,
3167 4423 3277 4479 nisi
3314 4423 3454 4495 quia
3491 4439 3662 4478 nemo
3695 4423 3765 4477 ad

348 4515 475 4570 vitaz
509 4520 736 4570 εἰει-[ιω
771 4513 1162 4568 remuneratio
1214 4514 1519 4586 ﬁguratur.
1554 4513 1620 4567 Et
1651 4517 1782 4586 apte
1813 4514 1957 4569 satis
1988 4531 2000 4568 ε
2037 4531 2079 4595 D
2113 4513 2408 4569 culturam
2443 4512 2766 4584 spiritualis
2796 4514 2976 4569 vineae
3009 4531 3116 4568 nos
3145 4512 3420 4570 vocavit?
3455 4516 3514 4566 In
3549 4511 3766 4583 quibus

351 4622 484 4661 nam
518 4604 575 4658 in
609 4601 846 4657 denario
879 4603 1071 4676 imago
1105 4601 1257 4674 regis
1297 4601 1662 4675 exprimitur,
1696 4601 1869 4658 homo
1900 4620 1998 4658 au-

349 4699 467 4748 tem
501 4693 571 4747 ad
605 4690 922 4764 imaginem
956 4695 1011 4746 et
1041 4690 1487 4746 similitudinem
1519 4690 1619 4745 Dei
1672 4691 1859 4746 factus
1889 4696 1998 4757 est,

349 4781 476 4854 ipso
507 4780 752 4836 Domino
776 4780 1034 4835 dicente:
1063 4804 1087 4829 ‹‹
1119 4781 1424 4834 Faciamus
1446 4779 1742 4834 hominem
1767 4781 1836 4834 ad
1863 4779 2001 4835 ima-

349 4872 542 4944 ginem
566 4875 623 4924 et
645 4868 1088 4925 similitudinem
1111 4873 1369 4922 nostram
1395 4867 1543 4938 (Gen.
1565 4869 1648 4938 ιι).
1668 4891 1694 4916 ››
1713 4868 1823 4922 Sed
1851 4869 2000 4923 hane

349 4960 666 5032 imaginem
697 4964 836 5013 tunc
881 4957 1136 5022 violavit,
1169 4956 1402 5027 quando
1435 4957 1707 5028 peccavit.
1741 4962 1997 5012 Conven-

348 5047 566 5105 tionem
598 5064 734 5120 ergo
761 5063 893 5101 cum
918 5044 1198 5116 operariis
1221 5045 1644 5116 paterfamilias
1663 5063 1731 5101 ex
1761 5046 1999 5101 denario

349 5137 558 5193 diurno
591 5135 746 5201 facit,
781 5133 920 5206 quia
949 5132 1107 5187 illam
1157 5133 1401 5205 gloriam
1434 5134 1579 5190 bene
1623 5134 2000 5206 operantibus

347 5225 639 5298 promittit
669 5227 800 5294 post
821 5221 1102 5288 laborem,
1127 5238 1301 5292 quam
1334 5222 1561 5294 primus
1583 5221 1779 5288 homo,
1814 5222 1860 5278 si
1885 5240 2001 5279 non

349 5317 666 5387 peccasset,
703 5310 1008 5365 habiturus
1059 5310 1248 5365 fuerat
1294 5310 1418 5367 sine
1455 5311 1672 5367 labore.
1705 5312 1815 5366 Sed
1865 5313 2003 5383 quia

352 5407 481 5474 post
516 5408 812 5471 peccatum
847 5398 1106 5454 humana
1131 5399 1384 5455 conditio
1408 5400 1465 5455 in
1498 5401 1768 5472 praesenti
1791 5401 2002 5456 sceculo

352 5490 450 5544 diu
484 5504 823 5561 permanere
879 5504 992 5542 non
1042 5492 1249 5560 potest,
1285 5488 1480 5546 electis
1531 5508 1633 5562 per
1681 5492 2000 5548 successio-

355 5594 488 5635 nem
522 5575 990 5646 succedentibus,
1045 5595 1146 5650 per
1194 5578 1353 5634 varia
1398 5583 1660 5651 tempora
1710 5581 2003 5652 operarios

2111 4601 2304 4658 verbis
2355 4619 2460 4658 nos
2513 4607 2743 4659 nostras
2782 4602 3168 4659 conscientias
3199 4617 3562 4658 commovere
3592 4600 3765 4655 debe-

2110 4707 2264 4753 mus.
2299 4696 2356 4746 et
2386 4691 2753 4748 considerare
2787 4692 3130 4766 diligentius
3163 4691 3302 4763 quid
3336 4689 3394 4745 in
3439 4692 3639 4744 nostra
3670 4705 3764 4743 ex-

2110 4779 2411 4835 cusatione
2460 4781 2514 4835 in
2549 4781 2640 4837 die
2682 4781 2891 4853 judicii
2941 4781 3153 4837 dicturi
3195 4797 3424 4847 sumus,
3456 4779 3501 4834 si
3536 4795 3570 4832 a
3616 4778 3765 4832 bono

2109 4885 2280 4940 opere
2302 4873 2600 4941 torpentes
2621 4871 2837 4926 inventi
2857 4871 3164 4936 fuerimus,
3185 4869 3305 4941 qui,
3331 4885 3398 4923 ex
3417 4865 3768 4924 Christianis

2110 4958 2453 5028 parentibus
2477 4960 2622 5029 nati,
2647 4963 2704 5015 et
2734 4976 2880 5032 pene
2911 4959 2983 5014 ab
3013 4959 3159 5032 ipsis
3191 4956 3502 5013 cunabulis
3523 4956 3766 5010 verbum

2108 5045 2236 5100 vitae
2268 5047 2620 5119 accepimus,
2655 5054 2713 5104 et
2743 5067 2875 5104 cum
2908 5048 3057 5104 lacte
3096 5045 3461 5102 carnislacte
3504 5044 3765 5117 Scriptu-

2111 5152 2309 5190 rarum
2345 5136 2549 5192 nutriti
2581 5155 2810 5194 sumus.
2853 5139 3040 5193 Tanto
3071 5153 3206 5209 ergo
3238 5133 3608 5192 sollicitiores
3639 5149 3768 5189 esse

2111 5223 2393 5280 debemus
2441 5226 2501 5280 in
2552 5227 2703 5282 bono
2735 5242 2928 5299 opere,
2980 5229 3199 5298 quanto
3245 5222 3442 5280 minus
3491 5221 3768 5295 ignoran-

2113 5313 2254 5368 tiam
2312 5317 2667 5386 pratendere
2727 5315 2785 5370 in
2853 5320 3053 5371 nostra
3115 5312 3487 5371 excusatione
3551 5310 3764 5383 poteri-

2115 5418 2270 5467 mus,
2320 5403 2540 5460 scilicet
2597 5404 2830 5475 quando
2897 5403 3322 5460 inexcusabiles
3392 5400 3633 5466 erimus,
3696 5400 3768 5454 de

2111 5490 2408 5547 vocatione
2432 5498 2603 5564 atque
2628 5493 2726 5548 Dei
2752 5493 3080 5566 cognitione
3103 5494 3460 5549 metuentes:
3487 5489 3628 5561 quia
3649 5506 3723 5543 no

2115 5579 2238 5652 pari
2273 5581 2443 5636 modo
2475 5585 2863 5652 coarctantur,
2912 5583 3014 5654 qui
3047 5582 3297 5640 scienter
3325 5584 3379 5638 et
3430 5580 3771 5653 ignoranter
