  <div class='ocr_page' id='page_1' title='image "/cluster/home/n/w/nwhite01/storage/ocr_20150623/118/hvd.32044073505158/086.png"; bbox 0 0 4070 6190; ppageno 0'>
   <div class='ocr_carea' id='block_1_1' title="bbox 242 354 343 415">
    <p class='ocr_par' dir='ltr' id='par_1_1' title="bbox 242 354 343 415">
     <span class='ocr_line' id='line_1_1' title="bbox 242 354 343 415; baseline -0.02 0"><span class='ocrx_word' id='word_1_1' title='bbox 242 354 343 415; x_wconf 64' lang='lat' dir='ltr'>ibi</span> 
     </span>
    </p>
   </div>
   <div class='ocr_carea' id='block_1_2' title="bbox 1421 352 2362 416">
    <p class='ocr_par' dir='ltr' id='par_1_2' title="bbox 1421 352 2362 416">
     <span class='ocr_line' id='line_1_2' title="bbox 1421 352 2362 416; baseline -0.003 0"><span class='ocrx_word' id='word_1_2' title='bbox 1421 352 1776 416; x_wconf 67' lang='lat' dir='ltr'>HOMILIAZ</span> <span class='ocrx_word' id='word_1_3' title='bbox 1817 354 1919 415; x_wconf 83' lang='lat' dir='ltr'>DE</span> <span class='ocrx_word' id='word_1_4' title='bbox 1963 355 2362 416; x_wconf 68' lang='lat' dir='ltr'>&#39;l‘l&#39;IMPURE.</span> 
     </span>
    </p>
   </div>
   <div class='ocr_carea' id='block_1_3' title="bbox 3527 354 3647 428">
    <p class='ocr_par' dir='ltr' id='par_1_3' title="bbox 3527 354 3647 428">
     <span class='ocr_line' id='line_1_3' title="bbox 3527 354 3647 428; baseline 0.017 -2"><span class='ocrx_word' id='word_1_5' title='bbox 3527 354 3647 428; x_wconf 72' lang='grc'>162</span> 
     </span>
    </p>
   </div>
   <div class='ocr_carea' id='block_1_4' title="bbox 268 480 3656 565">
    <p class='ocr_par' dir='ltr' id='par_1_4' title="bbox 268 480 3656 565">
     <span class='ocr_line' id='line_1_4' title="bbox 268 480 3656 565; baseline 0.005 -26"><span class='ocrx_word' id='word_1_6' title='bbox 268 483 458 559; x_wconf 77' lang='lat' dir='ltr'>primi;</span> <span class='ocrx_word' id='word_1_7' title='bbox 485 485 545 539; x_wconf 84' lang='lat' dir='ltr'>et</span> <span class='ocrx_word' id='word_1_8' title='bbox 573 480 668 556; x_wconf 86' lang='lat' dir='ltr'>qui</span> <span class='ocrx_word' id='word_1_9' title='bbox 701 486 869 551; x_wconf 86' lang='lat' dir='ltr'>erant</span> <span class='ocrx_word' id='word_1_10' title='bbox 896 482 1104 557; x_wconf 86' lang='lat' dir='ltr'>capite,</span> <span class='ocrx_word' id='word_1_11' title='bbox 1141 483 1272 540; x_wconf 90' lang='lat' dir='ltr'>facti</span> <span class='ocrx_word' id='word_1_12' title='bbox 1325 489 1463 540; x_wconf 82' lang='lat' dir='ltr'>sunt</span> <span class='ocrx_word' id='word_1_13' title='bbox 1493 486 1552 540; x_wconf 92' lang='lat' dir='ltr'>in</span> <span class='ocrx_word' id='word_1_14' title='bbox 1593 487 1809 554; x_wconf 83' lang='lat' dir='ltr'>cauda;</span> <span class='ocrx_word' id='word_1_15' title='bbox 1843 490 1899 543; x_wconf 88' lang='lat' dir='ltr'>et</span> <span class='ocrx_word' id='word_1_16' title='bbox 1926 480 1980 555; x_wconf 80' lang='grc' dir='ltr'><strong>Α</strong></span> <span class='ocrx_word' id='word_1_17' title='bbox 2013 490 2522 562; x_wconf 86' lang='lat' dir='ltr'>murmurant,qui</span> <span class='ocrx_word' id='word_1_18' title='bbox 2556 492 2787 564; x_wconf 89' lang='lat' dir='ltr'>pondus</span> <span class='ocrx_word' id='word_1_19' title='bbox 2819 492 3536 565; x_wconf 39' lang='lat' dir='ltr'>dieietaastussustinenta</span> <span class='ocrx_word' id='word_1_20' title='bbox 3560 515 3656 556; x_wconf 86' lang='lat' dir='ltr'>um</span> 
     </span>
    </p>
   </div>
   <div class='ocr_carea' id='block_1_5' title="bbox 263 571 1895 647">
    <p class='ocr_par' dir='ltr' id='par_1_5' title="bbox 263 571 1895 647">
     <span class='ocr_line' id='line_1_5' title="bbox 263 571 1895 647; baseline 0.002 -19"><span class='ocrx_word' id='word_1_21' title='bbox 263 571 351 647; x_wconf 88' lang='lat' dir='ltr'>qui</span> <span class='ocrx_word' id='word_1_22' title='bbox 381 576 544 628; x_wconf 88' lang='lat' dir='ltr'>erant</span> <span class='ocrx_word' id='word_1_23' title='bbox 569 571 626 627; x_wconf 91' lang='lat' dir='ltr'>in</span> <span class='ocrx_word' id='word_1_24' title='bbox 660 573 869 639; x_wconf 88' lang='lat' dir='ltr'>cauda,</span> <span class='ocrx_word' id='word_1_25' title='bbox 901 572 1040 630; x_wconf 84' lang='lat' dir='ltr'>facti</span> <span class='ocrx_word' id='word_1_26' title='bbox 1070 579 1211 630; x_wconf 87' lang='lat' dir='ltr'>sunt</span> <span class='ocrx_word' id='word_1_27' title='bbox 1244 574 1302 629; x_wconf 93' lang='lat' dir='ltr'>in</span> <span class='ocrx_word' id='word_1_28' title='bbox 1335 575 1732 647; x_wconf 83' lang='lat' dir='ltr'>capite,juxta</span> <span class='ocrx_word' id='word_1_29' title='bbox 1752 575 1895 631; x_wconf 91' lang='lat' dir='ltr'>illud</span> 
     </span>
    </p>
   </div>
   <div class='ocr_carea' id='block_1_6' title="bbox 256 660 1898 738">
    <p class='ocr_par' dir='ltr' id='par_1_6' title="bbox 256 660 1898 738">
     <span class='ocr_line' id='line_1_6' title="bbox 256 660 1898 738; baseline 0.002 -22"><span class='ocrx_word' id='word_1_30' title='bbox 256 661 399 734; x_wconf 85' lang='lat' dir='ltr'>quod</span> <span class='ocrx_word' id='word_1_31' title='bbox 430 660 711 717; x_wconf 80' lang='lat' dir='ltr'>Dominus</span> <span class='ocrx_word' id='word_1_32' title='bbox 744 662 853 717; x_wconf 85' lang='lat' dir='ltr'>ait:</span> <span class='ocrx_word' id='word_1_33' title='bbox 890 686 917 714; x_wconf 77' lang='grc' dir='ltr'>κ</span> <span class='ocrx_word' id='word_1_34' title='bbox 955 665 1013 718; x_wconf 85' lang='lat' dir='ltr'>In</span> <span class='ocrx_word' id='word_1_35' title='bbox 1040 662 1333 734; x_wconf 88' lang='lat' dir='ltr'>judicium</span> <span class='ocrx_word' id='word_1_36' title='bbox 1353 680 1458 738; x_wconf 86' lang='lat' dir='ltr'>ego</span> <span class='ocrx_word' id='word_1_37' title='bbox 1486 665 1541 719; x_wconf 90' lang='lat' dir='ltr'>in</span> <span class='ocrx_word' id='word_1_38' title='bbox 1559 664 1898 720; x_wconf 89' lang='lat' dir='ltr'>huncmun-</span> 
     </span>
    </p>
   </div>
   <div class='ocr_carea' id='block_1_7' title="bbox 262 750 1898 826">
    <p class='ocr_par' dir='ltr' id='par_1_7' title="bbox 262 750 1898 826">
     <span class='ocr_line' id='line_1_7' title="bbox 262 750 1898 826; baseline 0.001 -20"><span class='ocrx_word' id='word_1_39' title='bbox 262 751 388 806; x_wconf 90' lang='lat' dir='ltr'>dum</span> <span class='ocrx_word' id='word_1_40' title='bbox 418 750 566 818; x_wconf 85' lang='lat' dir='ltr'>veni,</span> <span class='ocrx_word' id='word_1_41' title='bbox 601 756 667 807; x_wconf 88' lang='lat' dir='ltr'>ut</span> <span class='ocrx_word' id='word_1_42' title='bbox 696 750 797 824; x_wconf 91' lang='lat' dir='ltr'>qui</span> <span class='ocrx_word' id='word_1_43' title='bbox 830 769 945 808; x_wconf 88' lang='lat' dir='ltr'>non</span> <span class='ocrx_word' id='word_1_44' title='bbox 970 752 1188 821; x_wconf 86' lang='lat' dir='ltr'>vident,</span> <span class='ocrx_word' id='word_1_45' title='bbox 1208 752 1535 820; x_wconf 88' lang='lat' dir='ltr'>videant,et</span> <span class='ocrx_word' id='word_1_46' title='bbox 1566 753 1898 826; x_wconf 88' lang='lat' dir='ltr'>quivident,</span> 
     </span>
    </p>
   </div>
   <div class='ocr_carea' id='block_1_8' title="bbox 262 830 1900 914">
    <p class='ocr_par' dir='ltr' id='par_1_8' title="bbox 262 830 1900 914">
     <span class='ocr_line' id='line_1_8' title="bbox 262 830 1900 914; baseline 0.002 -20"><span class='ocrx_word' id='word_1_47' title='bbox 262 840 382 895; x_wconf 70' lang='grc' dir='ltr'>ιιωοὶ</span> <span class='ocrx_word' id='word_1_48' title='bbox 414 839 551 895; x_wconf 79' lang='lat' dir='ltr'>ﬁant</span> <span class='ocrx_word' id='word_1_49' title='bbox 585 841 773 914; x_wconf 80' lang='lat' dir='ltr'>(Joan.</span> <span class='ocrx_word' id='word_1_50' title='bbox 808 841 906 901; x_wconf 79' lang='lat' dir='ltr'>ix).</span> <span class='ocrx_word' id='word_1_51' title='bbox 943 863 972 891; x_wconf 87' lang='grc'>››</span> <span class='ocrx_word' id='word_1_52' title='bbox 1006 842 1170 897; x_wconf 87' lang='lat' dir='ltr'>Unde</span> <span class='ocrx_word' id='word_1_53' title='bbox 1202 859 1336 897; x_wconf 89' lang='lat' dir='ltr'>rara</span> <span class='ocrx_word' id='word_1_54' title='bbox 1364 830 1702 898; x_wconf 75' lang='lat' dir='ltr'>Judzeorum</span> <span class='ocrx_word' id='word_1_55' title='bbox 1755 843 1900 899; x_wconf 89' lang='lat' dir='ltr'>ﬁdes</span> 
     </span>
    </p>
   </div>
   <div class='ocr_carea' id='block_1_9' title="bbox 257 928 1899 1005">
    <p class='ocr_par' dir='ltr' id='par_1_9' title="bbox 257 928 1899 1005">
     <span class='ocr_line' id='line_1_9' title="bbox 257 928 1899 1005; baseline 0.001 -20"><span class='ocrx_word' id='word_1_56' title='bbox 257 928 614 1002; x_wconf 76' lang='lat' dir='ltr'>reprobatur,</span> <span class='ocrx_word' id='word_1_57' title='bbox 647 945 781 989; x_wconf 89' lang='lat' dir='ltr'>cum</span> <span class='ocrx_word' id='word_1_58' title='bbox 814 931 1005 987; x_wconf 87' lang='lat' dir='ltr'>adhuc</span> <span class='ocrx_word' id='word_1_59' title='bbox 1036 931 1448 1004; x_wconf 88' lang='lat' dir='ltr'>subjungitur:</span> <span class='ocrx_word' id='word_1_60' title='bbox 1484 931 1705 1005; x_wconf 83' lang='lat' dir='ltr'>«Multi</span> <span class='ocrx_word' id='word_1_61' title='bbox 1743 932 1899 987; x_wconf 89' lang='lat' dir='ltr'>enim</span> 
     </span>
    </p>
   </div>
   <div class='ocr_carea' id='block_1_10' title="bbox 258 1017 1905 1094">
    <p class='ocr_par' dir='ltr' id='par_1_10' title="bbox 258 1017 1905 1094">
     <span class='ocr_line' id='line_1_10' title="bbox 258 1017 1905 1094; baseline 0.001 -21"><span class='ocrx_word' id='word_1_62' title='bbox 258 1042 281 1067; x_wconf 84' lang='lat'><strong>«</strong></span> <span class='ocrx_word' id='word_1_63' title='bbox 310 1021 441 1073; x_wconf 88' lang='lat' dir='ltr'>sunt</span> <span class='ocrx_word' id='word_1_64' title='bbox 466 1017 673 1086; x_wconf 89' lang='lat' dir='ltr'>vocati,</span> <span class='ocrx_word' id='word_1_65' title='bbox 709 1020 880 1092; x_wconf 83' lang='lat' dir='ltr'>pauci</span> <span class='ocrx_word' id='word_1_66' title='bbox 910 1037 1046 1075; x_wconf 89' lang='lat' dir='ltr'>vero</span> <span class='ocrx_word' id='word_1_67' title='bbox 1078 1017 1267 1076; x_wconf 91' lang='lat' dir='ltr'>electi.</span> <span class='ocrx_word' id='word_1_68' title='bbox 1304 1043 1332 1070; x_wconf 85' lang='lat'>»</span> <span class='ocrx_word' id='word_1_69' title='bbox 1366 1020 1530 1087; x_wconf 88' lang='lat' dir='ltr'>Quod</span> <span class='ocrx_word' id='word_1_70' title='bbox 1575 1020 1905 1094; x_wconf 85' lang='lat' dir='ltr'>specialiter</span> 
     </span>
    </p>
   </div>
   <div class='ocr_carea' id='block_1_11' title="bbox 255 1106 1900 1182">
    <p class='ocr_par' dir='ltr' id='par_1_11' title="bbox 255 1106 1900 1182">
     <span class='ocr_line' id='line_1_11' title="bbox 255 1106 1900 1182; baseline 0.002 -21"><span class='ocrx_word' id='word_1_71' title='bbox 255 1106 317 1162; x_wconf 88' lang='lat' dir='ltr'>ad</span> <span class='ocrx_word' id='word_1_72' title='bbox 345 1106 679 1163; x_wconf 71' lang='lat' dir='ltr'>Judzeorum</span> <span class='ocrx_word' id='word_1_73' title='bbox 707 1108 989 1181; x_wconf 85' lang='lat' dir='ltr'>populum</span> <span class='ocrx_word' id='word_1_74' title='bbox 1021 1109 1376 1181; x_wconf 84' lang='lat' dir='ltr'>pertinet,ex</span> <span class='ocrx_word' id='word_1_75' title='bbox 1391 1108 1790 1182; x_wconf 90' lang='lat' dir='ltr'>qnibusmulti</span> <span class='ocrx_word' id='word_1_76' title='bbox 1806 1127 1900 1165; x_wconf 92' lang='lat' dir='ltr'>vo-</span> 
     </span>
    </p>
   </div>
   <div class='ocr_carea' id='block_1_12' title="bbox 255 1196 1898 1271">
    <p class='ocr_par' dir='ltr' id='par_1_12' title="bbox 255 1196 1898 1271">
     <span class='ocr_line' id='line_1_12' title="bbox 255 1196 1898 1271; baseline 0.002 -21"><span class='ocrx_word' id='word_1_77' title='bbox 255 1196 375 1262; x_wconf 88' lang='lat' dir='ltr'>cati,</span> <span class='ocrx_word' id='word_1_78' title='bbox 404 1196 504 1251; x_wconf 88' lang='lat' dir='ltr'>sed</span> <span class='ocrx_word' id='word_1_79' title='bbox 538 1198 639 1268; x_wconf 91' lang='lat' dir='ltr'>qui</span> <span class='ocrx_word' id='word_1_80' title='bbox 674 1197 924 1253; x_wconf 90' lang='lat' dir='ltr'>Domino</span> <span class='ocrx_word' id='word_1_81' title='bbox 953 1199 1278 1262; x_wconf 78' lang='lat' dir='ltr'>crederent,</span> <span class='ocrx_word' id='word_1_82' title='bbox 1313 1198 1483 1271; x_wconf 91' lang='lat' dir='ltr'>pauci</span> <span class='ocrx_word' id='word_1_83' title='bbox 1503 1198 1898 1255; x_wconf 88' lang='lat' dir='ltr'>suntinventi.</span> 
     </span>
    </p>
   </div>
   <div class='ocr_carea' id='block_1_13' title="bbox 256 1285 1904 1359">
    <p class='ocr_par' dir='ltr' id='par_1_13' title="bbox 256 1285 1904 1359">
     <span class='ocr_line' id='line_1_13' title="bbox 256 1285 1904 1359; baseline 0.001 -18"><span class='ocrx_word' id='word_1_84' title='bbox 256 1285 385 1341; x_wconf 88' lang='lat' dir='ltr'>Nam</span> <span class='ocrx_word' id='word_1_85' title='bbox 418 1285 487 1341; x_wconf 90' lang='lat' dir='ltr'>de</span> <span class='ocrx_word' id='word_1_86' title='bbox 516 1286 784 1359; x_wconf 87' lang='lat' dir='ltr'>gentium</span> <span class='ocrx_word' id='word_1_87' title='bbox 838 1287 1140 1343; x_wconf 90' lang='lat' dir='ltr'>vocatione</span> <span class='ocrx_word' id='word_1_88' title='bbox 1194 1286 1333 1342; x_wconf 86' lang='lat' dir='ltr'>alibi</span> <span class='ocrx_word' id='word_1_89' title='bbox 1386 1286 1633 1342; x_wconf 88' lang='lat' dir='ltr'>dicitur:</span> <span class='ocrx_word' id='word_1_90' title='bbox 1669 1310 1696 1337; x_wconf 93' lang='grc'><strong>‹‹</strong></span> <span class='ocrx_word' id='word_1_91' title='bbox 1733 1286 1904 1347; x_wconf 80' lang='lat' dir='ltr'>Multi</span> 
     </span>
    </p>
   </div>
   <div class='ocr_carea' id='block_1_14' title="bbox 253 1373 1905 1444">
    <p class='ocr_par' dir='ltr' id='par_1_14' title="bbox 253 1373 1905 1444">
     <span class='ocr_line' id='line_1_14' title="bbox 253 1373 1905 1444; baseline 0.002 -16"><span class='ocrx_word' id='word_1_92' title='bbox 253 1373 468 1441; x_wconf 58' lang='lat' dir='ltr'>venieat</span> <span class='ocrx_word' id='word_1_93' title='bbox 500 1375 577 1431; x_wconf 90' lang='lat' dir='ltr'>ab</span> <span class='ocrx_word' id='word_1_94' title='bbox 607 1375 832 1432; x_wconf 88' lang='lat' dir='ltr'>oriente</span> <span class='ocrx_word' id='word_1_95' title='bbox 863 1380 919 1432; x_wconf 92' lang='lat' dir='ltr'>et</span> <span class='ocrx_word' id='word_1_96' title='bbox 948 1376 1275 1444; x_wconf 82' lang='lat' dir='ltr'>occidente,</span> <span class='ocrx_word' id='word_1_97' title='bbox 1309 1380 1366 1431; x_wconf 93' lang='lat' dir='ltr'>et</span> <span class='ocrx_word' id='word_1_98' title='bbox 1408 1377 1750 1432; x_wconf 89' lang='lat' dir='ltr'>recumbent</span> <span class='ocrx_word' id='word_1_99' title='bbox 1773 1394 1905 1432; x_wconf 89' lang='lat' dir='ltr'>cum</span> 
     </span>
    </p>
   </div>
   <div class='ocr_carea' id='block_1_15' title="bbox 254 1464 1906 1538">
    <p class='ocr_par' dir='ltr' id='par_1_15' title="bbox 254 1464 1906 1538">
     <span class='ocr_line' id='line_1_15' title="bbox 254 1464 1906 1538; baseline 0.001 -19"><span class='ocrx_word' id='word_1_100' title='bbox 254 1464 557 1532; x_wconf 78' lang='lat' dir='ltr'>Abraham,</span> <span class='ocrx_word' id='word_1_101' title='bbox 592 1464 752 1520; x_wconf 86' lang='lat' dir='ltr'>Isaac</span> <span class='ocrx_word' id='word_1_102' title='bbox 783 1469 837 1521; x_wconf 91' lang='lat' dir='ltr'>et</span> <span class='ocrx_word' id='word_1_103' title='bbox 867 1464 1046 1521; x_wconf 90' lang='lat' dir='ltr'>Jacob</span> <span class='ocrx_word' id='word_1_104' title='bbox 1079 1465 1139 1520; x_wconf 94' lang='lat' dir='ltr'>in</span> <span class='ocrx_word' id='word_1_105' title='bbox 1174 1482 1356 1538; x_wconf 88' lang='lat' dir='ltr'>regno</span> <span class='ocrx_word' id='word_1_106' title='bbox 1391 1464 1669 1521; x_wconf 81' lang='lat' dir='ltr'>ccelorum</span> <span class='ocrx_word' id='word_1_107' title='bbox 1703 1466 1906 1534; x_wconf 78' lang='lat' dir='ltr'>(Matth.</span> 
     </span>
    </p>
   </div>
   <div class='ocr_carea' id='block_1_16' title="bbox 253 1553 1907 1627">
    <p class='ocr_par' dir='ltr' id='par_1_16' title="bbox 253 1553 1907 1627">
     <span class='ocr_line' id='line_1_16' title="bbox 253 1553 1907 1627; baseline 0 -17"><span class='ocrx_word' id='word_1_108' title='bbox 253 1555 380 1623; x_wconf 78' lang='lat' dir='ltr'>vni).</span> <span class='ocrx_word' id='word_1_109' title='bbox 416 1578 439 1601; x_wconf 75' lang='grc' dir='ltr'><strong>υ</strong></span> <span class='ocrx_word' id='word_1_110' title='bbox 474 1553 628 1618; x_wconf 86' lang='lat' dir='ltr'>Quia</span> <span class='ocrx_word' id='word_1_111' title='bbox 658 1570 795 1627; x_wconf 90' lang='lat' dir='ltr'>ergo</span> <span class='ocrx_word' id='word_1_112' title='bbox 828 1553 1106 1610; x_wconf 87' lang='lat' dir='ltr'>horarum</span> <span class='ocrx_word' id='word_1_113' title='bbox 1124 1553 1907 1627; x_wconf 83' lang='lat' dir='ltr'>varietates,quibusopera-</span> 
     </span>
    </p>
   </div>
   <div class='ocr_carea' id='block_1_17' title="bbox 254 1642 1909 1711">
    <p class='ocr_par' dir='ltr' id='par_1_17' title="bbox 254 1642 1909 1711">
     <span class='ocr_line' id='line_1_17' title="bbox 254 1642 1909 1711; baseline 0.001 -13"><span class='ocrx_word' id='word_1_114' title='bbox 254 1643 310 1698; x_wconf 92' lang='lat' dir='ltr'>rii</span> <span class='ocrx_word' id='word_1_115' title='bbox 341 1642 395 1697; x_wconf 88' lang='lat' dir='ltr'>in</span> <span class='ocrx_word' id='word_1_116' title='bbox 426 1644 666 1698; x_wconf 83' lang='lat' dir='ltr'>vineam</span> <span class='ocrx_word' id='word_1_117' title='bbox 692 1649 997 1711; x_wconf 86' lang='lat' dir='ltr'>vocantur,</span> <span class='ocrx_word' id='word_1_118' title='bbox 1016 1643 1083 1699; x_wconf 89' lang='lat' dir='ltr'>ad</span> <span class='ocrx_word' id='word_1_119' title='bbox 1104 1648 1343 1699; x_wconf 68' lang='lat' dir='ltr'>aetatum</span> <span class='ocrx_word' id='word_1_120' title='bbox 1372 1643 1740 1700; x_wconf 79' lang='lat' dir='ltr'>diversitates</span> <span class='ocrx_word' id='word_1_121' title='bbox 1763 1644 1909 1700; x_wconf 80' lang='lat' dir='ltr'>dixi-</span> 
     </span>
    </p>
   </div>
   <div class='ocr_carea' id='block_1_18' title="bbox 251 1731 1907 1809">
    <p class='ocr_par' dir='ltr' id='par_1_18' title="bbox 251 1731 1907 1809">
     <span class='ocr_line' id='line_1_18' title="bbox 251 1731 1907 1809; baseline 0 -22"><span class='ocrx_word' id='word_1_122' title='bbox 251 1750 370 1787; x_wconf 89' lang='lat' dir='ltr'>mus</span> <span class='ocrx_word' id='word_1_123' title='bbox 400 1732 719 1805; x_wconf 82' lang='lat' dir='ltr'>pertinere,</span> <span class='ocrx_word' id='word_1_124' title='bbox 753 1731 897 1789; x_wconf 86' lang='lat' dir='ltr'>libet</span> <span class='ocrx_word' id='word_1_125' title='bbox 929 1733 1163 1803; x_wconf 88' lang='lat' dir='ltr'>intueri,</span> <span class='ocrx_word' id='word_1_126' title='bbox 1196 1734 1702 1806; x_wconf 80' lang='lat' dir='ltr'>quemadmodum</span> <span class='ocrx_word' id='word_1_127' title='bbox 1725 1733 1782 1788; x_wconf 90' lang='lat' dir='ltr'>in</span> <span class='ocrx_word' id='word_1_128' title='bbox 1816 1734 1907 1809; x_wconf 50' lang='lat' dir='ltr'>Ec.</span> 
     </span>
    </p>
   </div>
   <div class='ocr_carea' id='block_1_19' title="bbox 251 1820 1913 1896">
    <p class='ocr_par' dir='ltr' id='par_1_19' title="bbox 251 1820 1913 1896">
     <span class='ocr_line' id='line_1_19' title="bbox 251 1820 1913 1896; baseline 0.004 -21"><span class='ocrx_word' id='word_1_129' title='bbox 251 1820 412 1876; x_wconf 83' lang='lat' dir='ltr'>clesia</span> <span class='ocrx_word' id='word_1_130' title='bbox 445 1823 574 1891; x_wconf 83' lang='lat' dir='ltr'>ﬁat,</span> <span class='ocrx_word' id='word_1_131' title='bbox 609 1823 761 1894; x_wconf 89' lang='lat' dir='ltr'>quod</span> <span class='ocrx_word' id='word_1_132' title='bbox 798 1823 853 1877; x_wconf 93' lang='lat' dir='ltr'>in</span> <span class='ocrx_word' id='word_1_133' title='bbox 874 1822 1105 1878; x_wconf 90' lang='lat' dir='ltr'>duobus</span> <span class='ocrx_word' id='word_1_134' title='bbox 1121 1821 1354 1896; x_wconf 87' lang='lat' dir='ltr'>populis</span> <span class='ocrx_word' id='word_1_135' title='bbox 1372 1823 1593 1878; x_wconf 88' lang='lat' dir='ltr'>factum</span> <span class='ocrx_word' id='word_1_136' title='bbox 1609 1840 1737 1879; x_wconf 86' lang='lat' dir='ltr'>esse</span> <span class='ocrx_word' id='word_1_137' title='bbox 1758 1840 1913 1881; x_wconf 89' lang='lat' dir='ltr'>com-</span> 
     </span>
    </p>
   </div>
   <div class='ocr_carea' id='block_1_20' title="bbox 251 1908 1906 1984">
    <p class='ocr_par' dir='ltr' id='par_1_20' title="bbox 251 1908 1906 1984">
     <span class='ocr_line' id='line_1_20' title="bbox 251 1908 1906 1984; baseline 0.001 -18"><span class='ocrx_word' id='word_1_138' title='bbox 251 1912 723 1967; x_wconf 86' lang='lat' dir='ltr'>memoravimus.</span> <span class='ocrx_word' id='word_1_139' title='bbox 757 1912 851 1966; x_wconf 87' lang='lat' dir='ltr'>Ait</span> <span class='ocrx_word' id='word_1_140' title='bbox 882 1911 1038 1966; x_wconf 87' lang='lat' dir='ltr'>enim</span> <span class='ocrx_word' id='word_1_141' title='bbox 1091 1911 1481 1984; x_wconf 82' lang='lat' dir='ltr'>evangelista:</span> <span class='ocrx_word' id='word_1_142' title='bbox 1536 1936 1563 1962; x_wconf 86' lang='grc'><em>‹‹</em></span> <span class='ocrx_word' id='word_1_143' title='bbox 1598 1911 1740 1968; x_wconf 88' lang='lat' dir='ltr'>Cum</span> <span class='ocrx_word' id='word_1_144' title='bbox 1776 1908 1906 1968; x_wconf 80' lang='lat' dir='ltr'>sero</span> 
     </span>
    </p>
   </div>
   <div class='ocr_carea' id='block_1_21' title="bbox 251 1999 1911 2073">
    <p class='ocr_par' dir='ltr' id='par_1_21' title="bbox 251 1999 1911 2073">
     <span class='ocr_line' id='line_1_21' title="bbox 251 1999 1911 2073; baseline 0.002 -19"><span class='ocrx_word' id='word_1_145' title='bbox 251 1999 453 2055; x_wconf 85' lang='lat' dir='ltr'>factum</span> <span class='ocrx_word' id='word_1_146' title='bbox 481 2005 666 2068; x_wconf 82' lang='lat' dir='ltr'>esset,</span> <span class='ocrx_word' id='word_1_147' title='bbox 701 2005 757 2056; x_wconf 91' lang='lat' dir='ltr'>et</span> <span class='ocrx_word' id='word_1_148' title='bbox 788 1999 1036 2072; x_wconf 90' lang='lat' dir='ltr'>reliqua.</span> <span class='ocrx_word' id='word_1_149' title='bbox 1073 2024 1098 2049; x_wconf 85' lang='grc'>››</span> <span class='ocrx_word' id='word_1_150' title='bbox 1135 2001 1245 2057; x_wconf 90' lang='lat' dir='ltr'>Sed</span> <span class='ocrx_word' id='word_1_151' title='bbox 1275 2001 1375 2073; x_wconf 87' lang='lat' dir='ltr'>qui</span> <span class='ocrx_word' id='word_1_152' title='bbox 1410 2002 1469 2058; x_wconf 90' lang='lat' dir='ltr'>in</span> <span class='ocrx_word' id='word_1_153' title='bbox 1501 2001 1609 2058; x_wconf 88' lang='lat' dir='ltr'>hac</span> <span class='ocrx_word' id='word_1_154' title='bbox 1633 2001 1911 2073; x_wconf 78' lang='lat' dir='ltr'>parabole</span> 
     </span>
    </p>
   </div>
   <div class='ocr_carea' id='block_1_22' title="bbox 252 2087 1909 2162">
    <p class='ocr_par' dir='ltr' id='par_1_22' title="bbox 252 2087 1909 2162">
     <span class='ocr_line' id='line_1_22' title="bbox 252 2087 1909 2162; baseline 0.002 -20"><span class='ocrx_word' id='word_1_155' title='bbox 252 2087 535 2160; x_wconf 87' lang='lat' dir='ltr'>duplicem</span> <span class='ocrx_word' id='word_1_156' title='bbox 572 2088 1022 2162; x_wconf 72' lang='lat' dir='ltr'>intelligentiam</span> <span class='ocrx_word' id='word_1_157' title='bbox 1057 2090 1383 2162; x_wconf 86' lang='lat' dir='ltr'>sequimur,</span> <span class='ocrx_word' id='word_1_158' title='bbox 1432 2089 1733 2146; x_wconf 75' lang='lat' dir='ltr'>moraliter</span> <span class='ocrx_word' id='word_1_159' title='bbox 1781 2107 1909 2146; x_wconf 91' lang='lat' dir='ltr'>sero</span> 
     </span>
    </p>
   </div>
   <div class='ocr_carea' id='block_1_23' title="bbox 250 2177 1908 2252">
    <p class='ocr_par' dir='ltr' id='par_1_23' title="bbox 250 2177 1908 2252">
     <span class='ocr_line' id='line_1_23' title="bbox 250 2177 1908 2252; baseline 0.001 -20"><span class='ocrx_word' id='word_1_160' title='bbox 250 2177 565 2251; x_wconf 86' lang='lat' dir='ltr'>unicuique</span> <span class='ocrx_word' id='word_1_161' title='bbox 597 2182 864 2234; x_wconf 89' lang='lat' dir='ltr'>nostrum</span> <span class='ocrx_word' id='word_1_162' title='bbox 898 2179 963 2233; x_wconf 81' lang='lat' dir='ltr'>fit</span> <span class='ocrx_word' id='word_1_163' title='bbox 989 2177 1276 2234; x_wconf 87' lang='lat' dir='ltr'>terminus</span> <span class='ocrx_word' id='word_1_164' title='bbox 1295 2179 1420 2234; x_wconf 78' lang='lat' dir='ltr'>vitae</span> <span class='ocrx_word' id='word_1_165' title='bbox 1436 2179 1908 2252; x_wconf 73' lang='lat' dir='ltr'>przesentis,etli-</span> 
     </span>
    </p>
   </div>
   <div class='ocr_carea' id='block_1_24' title="bbox 250 2266 1909 2341">
    <p class='ocr_par' dir='ltr' id='par_1_24' title="bbox 250 2266 1909 2341">
     <span class='ocr_line' id='line_1_24' title="bbox 250 2266 1909 2341; baseline 0.001 -19"><span class='ocrx_word' id='word_1_166' title='bbox 250 2266 331 2322; x_wconf 87' lang='lat' dir='ltr'>eet</span> <span class='ocrx_word' id='word_1_167' title='bbox 356 2266 656 2334; x_wconf 87' lang='lat' dir='ltr'>nonnulli,</span> <span class='ocrx_word' id='word_1_168' title='bbox 688 2270 1003 2340; x_wconf 88' lang='lat' dir='ltr'>antequam</span> <span class='ocrx_word' id='word_1_169' title='bbox 1034 2269 1104 2323; x_wconf 89' lang='lat' dir='ltr'>ad</span> <span class='ocrx_word' id='word_1_170' title='bbox 1131 2273 1423 2324; x_wconf 86' lang='lat' dir='ltr'>maturam</span> <span class='ocrx_word' id='word_1_171' title='bbox 1451 2274 1681 2324; x_wconf 68' lang='lat' dir='ltr'>aetatem</span> <span class='ocrx_word' id='word_1_172' title='bbox 1714 2286 1909 2341; x_wconf 83' lang='lat' dir='ltr'>perve-</span> 
     </span>
    </p>
   </div>
   <div class='ocr_carea' id='block_1_25' title="bbox 251 2355 1914 2430">
    <p class='ocr_par' dir='ltr' id='par_1_25' title="bbox 251 2355 1914 2430">
     <span class='ocr_line' id='line_1_25' title="bbox 251 2355 1914 2430; baseline 0 -19"><span class='ocrx_word' id='word_1_173' title='bbox 251 2355 421 2422; x_wconf 88' lang='lat' dir='ltr'>niant,</span> <span class='ocrx_word' id='word_1_174' title='bbox 455 2357 531 2412; x_wconf 91' lang='lat' dir='ltr'>ab</span> <span class='ocrx_word' id='word_1_175' title='bbox 565 2356 674 2412; x_wconf 88' lang='lat' dir='ltr'>hac</span> <span class='ocrx_word' id='word_1_176' title='bbox 699 2357 818 2411; x_wconf 90' lang='lat' dir='ltr'>vita</span> <span class='ocrx_word' id='word_1_177' title='bbox 845 2362 1148 2426; x_wconf 87' lang='lat' dir='ltr'>vocentur,</span> <span class='ocrx_word' id='word_1_178' title='bbox 1183 2358 1229 2413; x_wconf 91' lang='lat' dir='ltr'>si</span> <span class='ocrx_word' id='word_1_179' title='bbox 1265 2374 1378 2412; x_wconf 90' lang='lat' dir='ltr'>non</span> <span class='ocrx_word' id='word_1_180' title='bbox 1414 2357 1633 2414; x_wconf 85' lang='lat' dir='ltr'>habent</span> <span class='ocrx_word' id='word_1_181' title='bbox 1662 2376 1789 2414; x_wconf 83' lang='lat' dir='ltr'>sero</span> <span class='ocrx_word' id='word_1_182' title='bbox 1815 2375 1914 2430; x_wconf 82' lang='lat' dir='ltr'>per</span> 
     </span>
    </p>
   </div>
   <div class='ocr_carea' id='block_1_26' title="bbox 252 2444 1912 2520">
    <p class='ocr_par' dir='ltr' id='par_1_26' title="bbox 252 2444 1912 2520">
     <span class='ocr_line' id='line_1_26' title="bbox 252 2444 1912 2520; baseline 0.001 -20"><span class='ocrx_word' id='word_1_183' title='bbox 252 2449 492 2514; x_wconf 71' lang='lat' dir='ltr'>aetatem,</span> <span class='ocrx_word' id='word_1_184' title='bbox 526 2444 758 2501; x_wconf 85' lang='lat' dir='ltr'>habent</span> <span class='ocrx_word' id='word_1_185' title='bbox 786 2449 980 2502; x_wconf 89' lang='lat' dir='ltr'>tamen</span> <span class='ocrx_word' id='word_1_186' title='bbox 1016 2464 1119 2520; x_wconf 90' lang='lat' dir='ltr'>per</span> <span class='ocrx_word' id='word_1_187' title='bbox 1135 2447 1531 2503; x_wconf 79' lang='lat' dir='ltr'>cxitum.Sero</span> <span class='ocrx_word' id='word_1_188' title='bbox 1553 2464 1690 2520; x_wconf 86' lang='lat' dir='ltr'>ergo</span> <span class='ocrx_word' id='word_1_189' title='bbox 1704 2464 1912 2520; x_wconf 86' lang='lat' dir='ltr'>opera-</span> 
     </span>
    </p>
   </div>
   <div class='ocr_carea' id='block_1_27' title="bbox 251 2534 1915 2610">
    <p class='ocr_par' dir='ltr' id='par_1_27' title="bbox 251 2534 1915 2610">
     <span class='ocr_line' id='line_1_27' title="bbox 251 2534 1915 2610; baseline 0.002 -22"><span class='ocrx_word' id='word_1_190' title='bbox 251 2534 312 2588; x_wconf 89' lang='lat' dir='ltr'>rii</span> <span class='ocrx_word' id='word_1_191' title='bbox 343 2536 413 2591; x_wconf 91' lang='lat' dir='ltr'>ad</span> <span class='ocrx_word' id='word_1_192' title='bbox 447 2535 855 2608; x_wconf 86' lang='lat' dir='ltr'>recipiendam</span> <span class='ocrx_word' id='word_1_193' title='bbox 887 2535 1212 2592; x_wconf 89' lang='lat' dir='ltr'>mercedem</span> <span class='ocrx_word' id='word_1_194' title='bbox 1232 2538 1686 2609; x_wconf 89' lang='lat' dir='ltr'>vocantur,quia</span> <span class='ocrx_word' id='word_1_195' title='bbox 1704 2554 1805 2610; x_wconf 92' lang='lat' dir='ltr'>pro</span> <span class='ocrx_word' id='word_1_196' title='bbox 1820 2537 1915 2592; x_wconf 84' lang='lat' dir='ltr'>bo&#39;</span> 
     </span>
    </p>
   </div>
   <div class='ocr_carea' id='block_1_28' title="bbox 254 2624 1911 2698">
    <p class='ocr_par' dir='ltr' id='par_1_28' title="bbox 254 2624 1911 2698">
     <span class='ocr_line' id='line_1_28' title="bbox 254 2624 1911 2698; baseline 0.001 -19"><span class='ocrx_word' id='word_1_197' title='bbox 254 2624 336 2679; x_wconf 91' lang='lat' dir='ltr'>nis</span> <span class='ocrx_word' id='word_1_198' title='bbox 368 2625 659 2696; x_wconf 87' lang='lat' dir='ltr'>operibus</span> <span class='ocrx_word' id='word_1_199' title='bbox 690 2627 828 2680; x_wconf 88' lang='lat' dir='ltr'>tunc</span> <span class='ocrx_word' id='word_1_200' title='bbox 858 2625 1023 2681; x_wconf 89' lang='lat' dir='ltr'>electi</span> <span class='ocrx_word' id='word_1_201' title='bbox 1044 2625 1574 2681; x_wconf 86' lang='lat' dir='ltr'>remunerationem</span> <span class='ocrx_word' id='word_1_202' title='bbox 1596 2626 1911 2698; x_wconf 89' lang='lat' dir='ltr'>accipiunt,</span> 
     </span>
    </p>
   </div>
   <div class='ocr_carea' id='block_1_29' title="bbox 248 2713 1911 2786">
    <p class='ocr_par' dir='ltr' id='par_1_29' title="bbox 248 2713 1911 2786">
     <span class='ocr_line' id='line_1_29' title="bbox 248 2713 1911 2786; baseline 0.001 -18"><span class='ocrx_word' id='word_1_203' title='bbox 248 2730 371 2769; x_wconf 90' lang='lat' dir='ltr'>cum</span> <span class='ocrx_word' id='word_1_204' title='bbox 399 2715 472 2769; x_wconf 90' lang='lat' dir='ltr'>ab</span> <span class='ocrx_word' id='word_1_205' title='bbox 500 2714 623 2770; x_wconf 84' lang='lat' dir='ltr'>hac</span> <span class='ocrx_word' id='word_1_206' title='bbox 650 2713 768 2770; x_wconf 84' lang='lat' dir='ltr'>vita</span> <span class='ocrx_word' id='word_1_207' title='bbox 794 2718 1095 2782; x_wconf 89' lang='lat' dir='ltr'>vocantur,</span> <span class='ocrx_word' id='word_1_208' title='bbox 1131 2718 1278 2771; x_wconf 89' lang='lat' dir='ltr'>teste</span> <span class='ocrx_word' id='word_1_209' title='bbox 1310 2714 1638 2782; x_wconf 89' lang='lat' dir='ltr'>Psalmista,</span> <span class='ocrx_word' id='word_1_210' title='bbox 1669 2714 1766 2786; x_wconf 91' lang='lat' dir='ltr'>qui</span> <span class='ocrx_word' id='word_1_211' title='bbox 1796 2715 1911 2769; x_wconf 91' lang='lat' dir='ltr'>ait:</span> 
     </span>
    </p>
   </div>
   <div class='ocr_carea' id='block_1_30' title="bbox 250 2802 1918 2876">
    <p class='ocr_par' dir='ltr' id='par_1_30' title="bbox 250 2802 1918 2876">
     <span class='ocr_line' id='line_1_30' title="bbox 250 2802 1918 2876; baseline 0 -18"><span class='ocrx_word' id='word_1_212' title='bbox 250 2826 273 2851; x_wconf 68' lang='grc' dir='ltr'>ιι</span> <span class='ocrx_word' id='word_1_213' title='bbox 304 2808 443 2859; x_wconf 90' lang='lat' dir='ltr'>Cum</span> <span class='ocrx_word' id='word_1_214' title='bbox 470 2803 712 2859; x_wconf 87' lang='lat' dir='ltr'>dederit</span> <span class='ocrx_word' id='word_1_215' title='bbox 743 2802 973 2860; x_wconf 90' lang='lat' dir='ltr'>dilectis</span> <span class='ocrx_word' id='word_1_216' title='bbox 988 2804 1114 2859; x_wconf 90' lang='lat' dir='ltr'>suis</span> <span class='ocrx_word' id='word_1_217' title='bbox 1130 2802 1662 2876; x_wconf 75' lang='lat' dir='ltr'>somnum,haecest</span> <span class='ocrx_word' id='word_1_218' title='bbox 1680 2802 1918 2859; x_wconf 77' lang='lat' dir='ltr'>haeredi-</span> 
     </span>
    </p>
   </div>
   <div class='ocr_carea' id='block_1_31' title="bbox 250 2890 1915 2964">
    <p class='ocr_par' dir='ltr' id='par_1_31' title="bbox 250 2890 1915 2964">
     <span class='ocr_line' id='line_1_31' title="bbox 250 2890 1915 2964; baseline 0 -17"><span class='ocrx_word' id='word_1_219' title='bbox 250 2898 331 2947; x_wconf 88' lang='lat' dir='ltr'>tas</span> <span class='ocrx_word' id='word_1_220' title='bbox 360 2890 603 2948; x_wconf 84' lang='lat' dir='ltr'>Domini</span> <span class='ocrx_word' id='word_1_221' title='bbox 620 2892 792 2963; x_wconf 80' lang='lat' dir='ltr'>(Psal.</span> <span class='ocrx_word' id='word_1_222' title='bbox 808 2896 1016 2960; x_wconf 75' lang='lat' dir='ltr'>cxxvr).</span> <span class='ocrx_word' id='word_1_223' title='bbox 1051 2916 1073 2941; x_wconf 72' lang='grc' dir='ltr'>ιι</span> <span class='ocrx_word' id='word_1_224' title='bbox 1092 2890 1413 2964; x_wconf 87' lang='lat' dir='ltr'>Dupliciter</span> <span class='ocrx_word' id='word_1_225' title='bbox 1427 2895 1621 2947; x_wconf 90' lang='lat' dir='ltr'>autem</span> <span class='ocrx_word' id='word_1_226' title='bbox 1637 2909 1743 2947; x_wconf 89' lang='lat' dir='ltr'>nos</span> <span class='ocrx_word' id='word_1_227' title='bbox 1761 2892 1915 2948; x_wconf 90' lang='lat' dir='ltr'>Deus</span> 
     </span>
    </p>
   </div>
   <div class='ocr_carea' id='block_1_32' title="bbox 251 2980 1913 3053">
    <p class='ocr_par' dir='ltr' id='par_1_32' title="bbox 251 2980 1913 3053">
     <span class='ocr_line' id='line_1_32' title="bbox 251 2980 1913 3053; baseline -0.001 -18"><span class='ocrx_word' id='word_1_228' title='bbox 251 2986 423 3047; x_wconf 81' lang='lat' dir='ltr'>vocat,</span> <span class='ocrx_word' id='word_1_229' title='bbox 451 2981 514 3036; x_wconf 86' lang='lat' dir='ltr'>in</span> <span class='ocrx_word' id='word_1_230' title='bbox 548 2981 827 3053; x_wconf 71' lang='lat' dir='ltr'>praesenti</span> <span class='ocrx_word' id='word_1_231' title='bbox 859 2980 1304 3047; x_wconf 89' lang='lat' dir='ltr'>adlaborem,iu</span> <span class='ocrx_word' id='word_1_232' title='bbox 1326 2980 1523 3036; x_wconf 91' lang='lat' dir='ltr'>futuro</span> <span class='ocrx_word' id='word_1_233' title='bbox 1540 2981 1610 3036; x_wconf 92' lang='lat' dir='ltr'>ad</span> <span class='ocrx_word' id='word_1_234' title='bbox 1626 2980 1913 3053; x_wconf 88' lang='lat' dir='ltr'>requiem.</span> 
     </span>
    </p>
   </div>
   <div class='ocr_carea' id='block_1_33' title="bbox 252 3068 1918 3143">
    <p class='ocr_par' dir='ltr' id='par_1_33' title="bbox 252 3068 1918 3143">
     <span class='ocr_line' id='line_1_33' title="bbox 252 3068 1918 3143; baseline 0 -17"><span class='ocrx_word' id='word_1_235' title='bbox 252 3070 406 3127; x_wconf 91' lang='lat' dir='ltr'>Unde</span> <span class='ocrx_word' id='word_1_236' title='bbox 440 3087 692 3127; x_wconf 87' lang='lat' dir='ltr'>necesse</span> <span class='ocrx_word' id='word_1_237' title='bbox 724 3074 834 3137; x_wconf 89' lang='lat' dir='ltr'>est,</span> <span class='ocrx_word' id='word_1_238' title='bbox 868 3075 933 3127; x_wconf 92' lang='lat' dir='ltr'>ut</span> <span class='ocrx_word' id='word_1_239' title='bbox 965 3070 1303 3143; x_wconf 89' lang='lat' dir='ltr'>quicunque</span> <span class='ocrx_word' id='word_1_240' title='bbox 1332 3071 1587 3125; x_wconf 88' lang='lat' dir='ltr'>futuram</span> <span class='ocrx_word' id='word_1_241' title='bbox 1623 3068 1918 3126; x_wconf 88' lang='lat' dir='ltr'>desiderat</span> 
     </span>
    </p>
   </div>
   <div class='ocr_carea' id='block_1_34' title="bbox 256 3157 1913 3243">
    <p class='ocr_par' dir='ltr' id='par_1_34' title="bbox 256 3157 1913 3243">
     <span class='ocr_line' id='line_1_34' title="bbox 256 3157 1913 3243; baseline -0.001 -28"><span class='ocrx_word' id='word_1_242' title='bbox 256 3160 813 3243; x_wconf 80' lang='lat' dir='ltr'>remunerationem,</span> <span class='ocrx_word' id='word_1_243' title='bbox 843 3159 901 3215; x_wconf 91' lang='lat' dir='ltr'>in</span> <span class='ocrx_word' id='word_1_244' title='bbox 933 3159 1206 3232; x_wconf 68' lang='lat' dir='ltr'>praesenti</span> <span class='ocrx_word' id='word_1_245' title='bbox 1239 3176 1351 3215; x_wconf 91' lang='lat' dir='ltr'>non</span> <span class='ocrx_word' id='word_1_246' title='bbox 1373 3157 1913 3233; x_wconf 88' lang='lat' dir='ltr'>refugiatlaborem.</span> 
     </span>
    </p>
   </div>
   <div class='ocr_carea' id='block_1_35' title="bbox 2010 575 3654 655">
    <p class='ocr_par' dir='ltr' id='par_1_35' title="bbox 2010 575 3654 655">
     <span class='ocr_line' id='line_1_35' title="bbox 2010 575 3654 655; baseline 0.009 -26"><span class='ocrx_word' id='word_1_247' title='bbox 2010 575 2141 631; x_wconf 88' lang='lat' dir='ltr'>illos</span> <span class='ocrx_word' id='word_1_248' title='bbox 2154 576 2349 632; x_wconf 88' lang='lat' dir='ltr'>vident</span> <span class='ocrx_word' id='word_1_249' title='bbox 2365 580 2744 647; x_wconf 83' lang='lat' dir='ltr'>remunerari,</span> <span class='ocrx_word' id='word_1_250' title='bbox 2763 581 2862 654; x_wconf 91' lang='lat' dir='ltr'>qui</span> <span class='ocrx_word' id='word_1_251' title='bbox 2877 582 3179 639; x_wconf 84' lang='lat' dir='ltr'>novissimi</span> <span class='ocrx_word' id='word_1_252' title='bbox 3203 584 3274 638; x_wconf 90' lang='lat' dir='ltr'>ad</span> <span class='ocrx_word' id='word_1_253' title='bbox 3291 584 3654 655; x_wconf 82' lang='lat' dir='ltr'>spiritualem</span> 
     </span>
    </p>
   </div>
   <div class='ocr_carea' id='block_1_36' title="bbox 2011 664 3657 745">
    <p class='ocr_par' dir='ltr' id='par_1_36' title="bbox 2011 664 3657 745">
     <span class='ocr_line' id='line_1_36' title="bbox 2011 664 3657 745; baseline 0.005 -26"><span class='ocrx_word' id='word_1_254' title='bbox 2011 664 2280 722; x_wconf 85' lang='lat' dir='ltr'>militiam</span> <span class='ocrx_word' id='word_1_255' title='bbox 2314 675 2710 736; x_wconf 87' lang='lat' dir='ltr'>accesserunt,</span> <span class='ocrx_word' id='word_1_256' title='bbox 2744 688 2805 726; x_wconf 90' lang='lat' dir='ltr'>se</span> <span class='ocrx_word' id='word_1_257' title='bbox 2818 671 3086 728; x_wconf 89' lang='lat' dir='ltr'>autemin</span> <span class='ocrx_word' id='word_1_258' title='bbox 3102 673 3416 728; x_wconf 87' lang='lat' dir='ltr'>certamine</span> <span class='ocrx_word' id='word_1_259' title='bbox 3432 672 3657 745; x_wconf 58' lang='lat' dir='ltr'>reliqui.</span> 
     </span>
    </p>
   </div>
   <div class='ocr_carea' id='block_1_37' title="bbox 2010 753 3659 831">
    <p class='ocr_par' dir='ltr' id='par_1_37' title="bbox 2010 753 3659 831">
     <span class='ocr_line' id='line_1_37' title="bbox 2010 753 3659 831; baseline 0.006 -23"><span class='ocrx_word' id='word_1_260' title='bbox 2010 753 2119 809; x_wconf 87' lang='lat' dir='ltr'>Sed</span> <span class='ocrx_word' id='word_1_261' title='bbox 2156 772 2267 810; x_wconf 91' lang='lat' dir='ltr'>non</span> <span class='ocrx_word' id='word_1_262' title='bbox 2292 761 2381 811; x_wconf 90' lang='lat' dir='ltr'>est</span> <span class='ocrx_word' id='word_1_263' title='bbox 2411 760 2900 816; x_wconf 87' lang='lat' dir='ltr'>murmurandum</span> <span class='ocrx_word' id='word_1_264' title='bbox 2936 766 3141 817; x_wconf 90' lang='lat' dir='ltr'>contra</span> <span class='ocrx_word' id='word_1_265' title='bbox 3185 761 3283 816; x_wconf 91' lang='lat' dir='ltr'>Dei</span> <span class='ocrx_word' id='word_1_266' title='bbox 3318 762 3659 831; x_wconf 84' lang='lat' dir='ltr'>bonitatem,</span> 
     </span>
    </p>
   </div>
   <div class='ocr_carea' id='block_1_38' title="bbox 2010 842 3660 921">
    <p class='ocr_par' dir='ltr' id='par_1_38' title="bbox 2010 842 3660 921">
     <span class='ocr_line' id='line_1_38' title="bbox 2010 842 3660 921; baseline 0.007 -27"><span class='ocrx_word' id='word_1_267' title='bbox 2010 842 2290 912; x_wconf 88' lang='lat' dir='ltr'>quoniam</span> <span class='ocrx_word' id='word_1_268' title='bbox 2322 842 2381 898; x_wconf 91' lang='lat' dir='ltr'>in</span> <span class='ocrx_word' id='word_1_269' title='bbox 2411 843 2512 900; x_wconf 89' lang='lat' dir='ltr'>tali</span> <span class='ocrx_word' id='word_1_270' title='bbox 2541 845 2821 902; x_wconf 73' lang='lat' dir='ltr'>dilatione</span> <span class='ocrx_word' id='word_1_271' title='bbox 2852 866 2966 904; x_wconf 90' lang='lat' dir='ltr'>non</span> <span class='ocrx_word' id='word_1_272' title='bbox 3014 849 3303 904; x_wconf 87' lang='lat' dir='ltr'>minuitur</span> <span class='ocrx_word' id='word_1_273' title='bbox 3333 850 3660 921; x_wconf 65' lang='lat' dir='ltr'>praemium,</span> 
     </span>
    </p>
   </div>
   <div class='ocr_carea' id='block_1_39' title="bbox 2012 930 3666 1009">
    <p class='ocr_par' dir='ltr' id='par_1_39' title="bbox 2012 930 3666 1009">
     <span class='ocr_line' id='line_1_39' title="bbox 2012 930 3666 1009; baseline 0.007 -25"><span class='ocrx_word' id='word_1_274' title='bbox 2012 930 2112 985; x_wconf 89' lang='lat' dir='ltr'>sed</span> <span class='ocrx_word' id='word_1_275' title='bbox 2146 936 2410 1005; x_wconf 85' lang='lat' dir='ltr'>augetur,</span> <span class='ocrx_word' id='word_1_276' title='bbox 2451 934 2589 1006; x_wconf 84' lang='lat' dir='ltr'>quia</span> <span class='ocrx_word' id='word_1_277' title='bbox 2611 935 2811 992; x_wconf 90' lang='lat' dir='ltr'>electis</span> <span class='ocrx_word' id='word_1_278' title='bbox 2837 938 3040 1009; x_wconf 89' lang='lat' dir='ltr'>justus</span> <span class='ocrx_word' id='word_1_279' title='bbox 3063 938 3245 1008; x_wconf 85' lang='lat' dir='ltr'>judex</span> <span class='ocrx_word' id='word_1_280' title='bbox 3278 938 3433 995; x_wconf 86' lang='lat' dir='ltr'>Deus</span> <span class='ocrx_word' id='word_1_281' title='bbox 3464 940 3666 996; x_wconf 88' lang='lat' dir='ltr'>reddet</span> 
     </span>
    </p>
   </div>
   <div class='ocr_carea' id='block_1_40' title="bbox 2012 1020 3664 1100">
    <p class='ocr_par' dir='ltr' id='par_1_40' title="bbox 2012 1020 3664 1100">
     <span class='ocr_line' id='line_1_40' title="bbox 2012 1020 3664 1100; baseline 0.006 -26"><span class='ocrx_word' id='word_1_282' title='bbox 2012 1020 2331 1093; x_wconf 90' lang='lat' dir='ltr'>unicuique</span> <span class='ocrx_word' id='word_1_283' title='bbox 2363 1025 2686 1079; x_wconf 89' lang='lat' dir='ltr'>secundum</span> <span class='ocrx_word' id='word_1_284' title='bbox 2719 1042 2894 1099; x_wconf 86' lang='lat' dir='ltr'>opera</span> <span class='ocrx_word' id='word_1_285' title='bbox 2923 1043 3059 1093; x_wconf 86' lang='lat' dir='ltr'>sua;</span> <span class='ocrx_word' id='word_1_286' title='bbox 3095 1032 3153 1083; x_wconf 89' lang='lat' dir='ltr'>et</span> <span class='ocrx_word' id='word_1_287' title='bbox 3183 1032 3344 1083; x_wconf 83' lang='lat' dir='ltr'>tante</span> <span class='ocrx_word' id='word_1_288' title='bbox 3378 1029 3664 1100; x_wconf 74' lang='lat' dir='ltr'>majorem</span> 
     </span>
    </p>
   </div>
   <div class='ocr_carea' id='block_1_41' title="bbox 2014 1112 3667 1190">
    <p class='ocr_par' dir='ltr' id='par_1_41' title="bbox 2014 1112 3667 1190">
     <span class='ocr_line' id='line_1_41' title="bbox 2014 1112 3667 1190; baseline 0.007 -28"><span class='ocrx_word' id='word_1_289' title='bbox 2014 1112 2542 1167; x_wconf 88' lang='lat' dir='ltr'>remunerationem</span> <span class='ocrx_word' id='word_1_290' title='bbox 2577 1114 2883 1187; x_wconf 84' lang='lat' dir='ltr'>accipient,</span> <span class='ocrx_word' id='word_1_291' title='bbox 2916 1121 3136 1187; x_wconf 89' lang='lat' dir='ltr'>quanto</span> <span class='ocrx_word' id='word_1_292' title='bbox 3184 1118 3311 1188; x_wconf 89' lang='lat' dir='ltr'>ejus</span> <span class='ocrx_word' id='word_1_293' title='bbox 3366 1121 3667 1190; x_wconf 80' lang='lat' dir='ltr'>exspecta—</span> 
     </span>
    </p>
   </div>
   <div class='ocr_carea' id='block_1_42' title="bbox 2013 1197 3664 1277">
    <p class='ocr_par' dir='ltr' id='par_1_42' title="bbox 2013 1197 3664 1277">
     <span class='ocr_line' id='line_1_42' title="bbox 2013 1197 3664 1277; baseline 0.006 -26"><span class='ocrx_word' id='word_1_294' title='bbox 2013 1197 2170 1254; x_wconf 89' lang='lat' dir='ltr'>tione</span> <span class='ocrx_word' id='word_1_295' title='bbox 2202 1202 2480 1271; x_wconf 84' lang='lat' dir='ltr'>majorem</span> <span class='ocrx_word' id='word_1_296' title='bbox 2514 1201 2772 1259; x_wconf 86' lang='lat' dir='ltr'>laborem</span> <span class='ocrx_word' id='word_1_297' title='bbox 2806 1204 3122 1273; x_wconf 86' lang='lat' dir='ltr'>sustinent,</span> <span class='ocrx_word' id='word_1_298' title='bbox 3154 1206 3430 1277; x_wconf 91' lang='lat' dir='ltr'>Apostolo</span> <span class='ocrx_word' id='word_1_299' title='bbox 3484 1211 3664 1263; x_wconf 82' lang='lat' dir='ltr'>teste:</span> 
     </span>
    </p>
   </div>
   <div class='ocr_carea' id='block_1_43' title="bbox 2018 1287 3667 1363">
    <p class='ocr_par' dir='ltr' id='par_1_43' title="bbox 2018 1287 3667 1363">
     <span class='ocr_line' id='line_1_43' title="bbox 2018 1287 3667 1363; baseline 0.007 -24"><span class='ocrx_word' id='word_1_300' title='bbox 2018 1310 2045 1338; x_wconf 76' lang='grc' dir='ltr'>α</span> <span class='ocrx_word' id='word_1_301' title='bbox 2082 1287 2499 1363; x_wconf 86' lang='lat' dir='ltr'>Unusquisque</span> <span class='ocrx_word' id='word_1_302' title='bbox 2516 1293 2840 1349; x_wconf 87' lang='lat' dir='ltr'>mercedem</span> <span class='ocrx_word' id='word_1_303' title='bbox 2856 1294 3180 1350; x_wconf 89' lang='lat' dir='ltr'>secundum</span> <span class='ocrx_word' id='word_1_304' title='bbox 3205 1312 3380 1351; x_wconf 90' lang='lat' dir='ltr'>suum</span> <span class='ocrx_word' id='word_1_305' title='bbox 3410 1295 3667 1351; x_wconf 88' lang='lat' dir='ltr'>laborem</span> 
     </span>
    </p>
   </div>
   <div class='ocr_carea' id='block_1_44' title="bbox 2016 1378 3670 1457">
    <p class='ocr_par' dir='ltr' id='par_1_44' title="bbox 2016 1378 3670 1457">
     <span class='ocr_line' id='line_1_44' title="bbox 2016 1378 3670 1457; baseline 0.005 -25"><span class='ocrx_word' id='word_1_306' title='bbox 2016 1378 2261 1450; x_wconf 81' lang='lat' dir='ltr'>accipiet</span> <span class='ocrx_word' id='word_1_307' title='bbox 2292 1382 2340 1448; x_wconf 86' lang='grc' dir='ltr'>(Ι</span> <span class='ocrx_word' id='word_1_308' title='bbox 2369 1381 2496 1436; x_wconf 76' lang='lat' dir='ltr'>Cor.</span> <span class='ocrx_word' id='word_1_309' title='bbox 2531 1385 2638 1450; x_wconf 90' lang='grc' dir='ltr'>ιιι),</span> <span class='ocrx_word' id='word_1_310' title='bbox 2675 1405 2702 1431; x_wconf 90' lang='grc'><strong>››</strong></span> <span class='ocrx_word' id='word_1_311' title='bbox 2737 1400 2919 1440; x_wconf 88' lang='lat' dir='ltr'>unum</span> <span class='ocrx_word' id='word_1_312' title='bbox 2954 1383 3110 1438; x_wconf 89' lang='lat' dir='ltr'>enim</span> <span class='ocrx_word' id='word_1_313' title='bbox 3137 1383 3424 1457; x_wconf 87' lang='lat' dir='ltr'>accipient</span> <span class='ocrx_word' id='word_1_314' title='bbox 3466 1401 3670 1440; x_wconf 89' lang='lat' dir='ltr'>omnes</span> 
     </span>
    </p>
   </div>
   <div class='ocr_carea' id='block_1_45' title="bbox 2017 1466 3669 1547">
    <p class='ocr_par' dir='ltr' id='par_1_45' title="bbox 2017 1466 3669 1547">
     <span class='ocr_line' id='line_1_45' title="bbox 2017 1466 3669 1547; baseline 0.005 -27"><span class='ocrx_word' id='word_1_315' title='bbox 2017 1466 2347 1536; x_wconf 87' lang='lat' dir='ltr'>denarium,</span> <span class='ocrx_word' id='word_1_316' title='bbox 2382 1469 2521 1540; x_wconf 90' lang='lat' dir='ltr'>quia</span> <span class='ocrx_word' id='word_1_317' title='bbox 2550 1488 2733 1526; x_wconf 90' lang='lat' dir='ltr'>unum</span> <span class='ocrx_word' id='word_1_318' title='bbox 2768 1473 3044 1528; x_wconf 89' lang='lat' dir='ltr'>omnibus</span> <span class='ocrx_word' id='word_1_319' title='bbox 3063 1472 3258 1528; x_wconf 90' lang='lat' dir='ltr'>electis</span> <span class='ocrx_word' id='word_1_320' title='bbox 3282 1476 3669 1547; x_wconf 69' lang='lat' dir='ltr'>praeparatum</span> 
     </span>
    </p>
   </div>
   <div class='ocr_carea' id='block_1_46' title="bbox 2019 1560 3673 1633">
    <p class='ocr_par' dir='ltr' id='par_1_46' title="bbox 2019 1560 3673 1633">
     <span class='ocr_line' id='line_1_46' title="bbox 2019 1560 3673 1633; baseline 0.005 -25"><span class='ocrx_word' id='word_1_321' title='bbox 2019 1560 2108 1609; x_wconf 87' lang='lat' dir='ltr'>est</span> <span class='ocrx_word' id='word_1_322' title='bbox 2142 1573 2407 1629; x_wconf 82' lang='lat' dir='ltr'>regnum,</span> <span class='ocrx_word' id='word_1_323' title='bbox 2444 1564 2501 1613; x_wconf 87' lang='lat' dir='ltr'>et</span> <span class='ocrx_word' id='word_1_324' title='bbox 2529 1564 2722 1615; x_wconf 85' lang='lat' dir='ltr'>tamen</span> <span class='ocrx_word' id='word_1_325' title='bbox 2740 1561 3673 1633; x_wconf 86' lang='lat' dir='ltr'>prodiversitatcmeritorum,di-</span> 
     </span>
    </p>
   </div>
   <div class='ocr_carea' id='block_1_47' title="bbox 2016 1648 3672 1727">
    <p class='ocr_par' dir='ltr' id='par_1_47' title="bbox 2016 1648 3672 1727">
     <span class='ocr_line' id='line_1_47' title="bbox 2016 1648 3672 1727; baseline 0.005 -30"><span class='ocrx_word' id='word_1_326' title='bbox 2016 1662 2185 1701; x_wconf 86' lang='lat' dir='ltr'>versa</span> <span class='ocrx_word' id='word_1_327' title='bbox 2216 1651 2354 1701; x_wconf 90' lang='lat' dir='ltr'>sunt</span> <span class='ocrx_word' id='word_1_328' title='bbox 2381 1648 2625 1723; x_wconf 76' lang='lat' dir='ltr'>prazmia</span> <span class='ocrx_word' id='word_1_329' title='bbox 2648 1653 2849 1721; x_wconf 87' lang='lat' dir='ltr'>parata</span> <span class='ocrx_word' id='word_1_330' title='bbox 2872 1649 2928 1704; x_wconf 90' lang='lat' dir='ltr'>in</span> <span class='ocrx_word' id='word_1_331' title='bbox 2948 1667 3123 1724; x_wconf 86' lang='lat' dir='ltr'>regno</span> <span class='ocrx_word' id='word_1_332' title='bbox 3138 1650 3672 1727; x_wconf 73' lang='lat' dir='ltr'>czelorum,dicente</span> 
     </span>
    </p>
   </div>
   <div class='ocr_carea' id='block_1_48' title="bbox 2020 1734 3674 1795">
    <p class='ocr_par' dir='ltr' id='par_1_48' title="bbox 2020 1734 3674 1795">
     <span class='ocr_line' id='line_1_48' title="bbox 2020 1734 3674 1795; baseline 0.004 -7"><span class='ocrx_word' id='word_1_333' title='bbox 2020 1734 2294 1791; x_wconf 89' lang='lat' dir='ltr'>Domino:</span> <span class='ocrx_word' id='word_1_334' title='bbox 2331 1760 2357 1785; x_wconf 88' lang='grc'><strong>‹‹</strong></span> <span class='ocrx_word' id='word_1_335' title='bbox 2390 1736 2451 1790; x_wconf 87' lang='lat' dir='ltr'>In</span> <span class='ocrx_word' id='word_1_336' title='bbox 2485 1736 2658 1793; x_wconf 89' lang='lat' dir='ltr'>domo</span> <span class='ocrx_word' id='word_1_337' title='bbox 2693 1737 2879 1793; x_wconf 87' lang='lat' dir='ltr'>Patris</span> <span class='ocrx_word' id='word_1_338' title='bbox 2931 1739 3041 1794; x_wconf 89' lang='lat' dir='ltr'>mei</span> <span class='ocrx_word' id='word_1_339' title='bbox 3086 1738 3423 1795; x_wconf 88' lang='lat' dir='ltr'>mansiones</span> <span class='ocrx_word' id='word_1_340' title='bbox 3474 1739 3674 1795; x_wconf 74' lang='lat' dir='ltr'>multas</span> 
     </span>
    </p>
   </div>
   <div class='ocr_carea' id='block_1_49' title="bbox 2023 1825 3676 1897">
    <p class='ocr_par' dir='ltr' id='par_1_49' title="bbox 2023 1825 3676 1897">
     <span class='ocr_line' id='line_1_49' title="bbox 2023 1825 3676 1897; baseline 0.004 -21"><span class='ocrx_word' id='word_1_341' title='bbox 2023 1827 2162 1878; x_wconf 86' lang='lat' dir='ltr'>sunt</span> <span class='ocrx_word' id='word_1_342' title='bbox 2192 1825 2366 1895; x_wconf 80' lang='lat' dir='ltr'>(Joan.</span> <span class='ocrx_word' id='word_1_343' title='bbox 2401 1828 2536 1897; x_wconf 77' lang='lat' dir='ltr'>xw).</span> <span class='ocrx_word' id='word_1_344' title='bbox 2570 1847 2597 1873; x_wconf 86' lang='lat'><strong>»</strong></span> <span class='ocrx_word' id='word_1_345' title='bbox 2628 1825 2791 1880; x_wconf 90' lang='lat' dir='ltr'>Unde</span> <span class='ocrx_word' id='word_1_346' title='bbox 2824 1827 3103 1883; x_wconf 87' lang='lat' dir='ltr'>mentitus</span> <span class='ocrx_word' id='word_1_347' title='bbox 3122 1826 3676 1883; x_wconf 88' lang='lat' dir='ltr'>fuisseconvincitur</span> 
     </span>
    </p>
   </div>
   <div class='ocr_carea' id='block_1_50' title="bbox 2021 1913 3673 1986">
    <p class='ocr_par' dir='ltr' id='par_1_50' title="bbox 2021 1913 3673 1986">
     <span class='ocr_line' id='line_1_50' title="bbox 2021 1913 3673 1986; baseline 0.004 -20"><span class='ocrx_word' id='word_1_348' title='bbox 2021 1913 2366 1970; x_wconf 85' lang='lat' dir='ltr'>Jovinianus</span> <span class='ocrx_word' id='word_1_349' title='bbox 2398 1914 2728 1981; x_wconf 66' lang='lat' dir='ltr'>haereticus,</span> <span class='ocrx_word' id='word_1_350' title='bbox 2751 1915 2850 1986; x_wconf 89' lang='lat' dir='ltr'>qui</span> <span class='ocrx_word' id='word_1_351' title='bbox 2885 1915 3673 1973; x_wconf 73' lang='lat' dir='ltr'>dixitnullamdit‘ferentiam</span> 
     </span>
    </p>
   </div>
   <div class='ocr_carea' id='block_1_51' title="bbox 2021 2003 3674 2077">
    <p class='ocr_par' dir='ltr' id='par_1_51' title="bbox 2021 2003 3674 2077">
     <span class='ocr_line' id='line_1_51' title="bbox 2021 2003 3674 2077; baseline 0.003 -21"><span class='ocrx_word' id='word_1_352' title='bbox 2021 2003 2276 2057; x_wconf 89' lang='lat' dir='ltr'>futuram</span> <span class='ocrx_word' id='word_1_353' title='bbox 2310 2021 2439 2059; x_wconf 89' lang='lat' dir='ltr'>csse</span> <span class='ocrx_word' id='word_1_354' title='bbox 2471 2004 2865 2074; x_wconf 91' lang='lat' dir='ltr'>interjustum</span> <span class='ocrx_word' id='word_1_355' title='bbox 2884 2004 3211 2076; x_wconf 80' lang='lat' dir='ltr'>simplicem</span> <span class='ocrx_word' id='word_1_356' title='bbox 3245 2009 3303 2060; x_wconf 89' lang='lat' dir='ltr'>et</span> <span class='ocrx_word' id='word_1_357' title='bbox 3322 2005 3554 2077; x_wconf 89' lang='lat' dir='ltr'>justum</span> <span class='ocrx_word' id='word_1_358' title='bbox 3582 2022 3674 2061; x_wconf 88' lang='lat' dir='ltr'>sa-</span> 
     </span>
    </p>
   </div>
   <div class='ocr_carea' id='block_1_52' title="bbox 2020 2090 3675 2166">
    <p class='ocr_par' dir='ltr' id='par_1_52' title="bbox 2020 2090 3675 2166">
     <span class='ocr_line' id='line_1_52' title="bbox 2020 2090 3675 2166; baseline 0.002 -20"><span class='ocrx_word' id='word_1_359' title='bbox 2020 2091 2298 2163; x_wconf 90' lang='lat' dir='ltr'>pientem,</span> <span class='ocrx_word' id='word_1_360' title='bbox 2332 2093 2486 2148; x_wconf 90' lang='lat' dir='ltr'>inter</span> <span class='ocrx_word' id='word_1_361' title='bbox 2514 2092 2801 2165; x_wconf 85' lang='lat' dir='ltr'>virginem</span> <span class='ocrx_word' id='word_1_362' title='bbox 2820 2090 3245 2165; x_wconf 77' lang='lat' dir='ltr'>etcorruptam‘,</span> <span class='ocrx_word' id='word_1_363' title='bbox 3264 2093 3560 2149; x_wconf 89' lang='lat' dir='ltr'>intereum</span> <span class='ocrx_word' id='word_1_364' title='bbox 3576 2095 3675 2166; x_wconf 86' lang='lat' dir='ltr'>qui</span> 
     </span>
    </p>
   </div>
   <div class='ocr_carea' id='block_1_53' title="bbox 2020 2180 3677 2254">
    <p class='ocr_par' dir='ltr' id='par_1_53' title="bbox 2020 2180 3677 2254">
     <span class='ocr_line' id='line_1_53' title="bbox 2020 2180 3677 2254; baseline 0.001 -20"><span class='ocrx_word' id='word_1_365' title='bbox 2020 2180 2266 2235; x_wconf 88' lang='lat' dir='ltr'>minoris</span> <span class='ocrx_word' id='word_1_366' title='bbox 2298 2184 2362 2235; x_wconf 86' lang='lat' dir='ltr'>tit</span> <span class='ocrx_word' id='word_1_367' title='bbox 2393 2181 2825 2247; x_wconf 90' lang='lat' dir='ltr'>meriti,eteum</span> <span class='ocrx_word' id='word_1_368' title='bbox 2841 2181 2941 2254; x_wconf 92' lang='lat' dir='ltr'>qui</span> <span class='ocrx_word' id='word_1_369' title='bbox 2963 2182 3237 2254; x_wconf 86' lang='lat' dir='ltr'>majoris;</span> <span class='ocrx_word' id='word_1_370' title='bbox 3266 2181 3359 2238; x_wconf 91' lang='lat' dir='ltr'>cui</span> <span class='ocrx_word' id='word_1_371' title='bbox 3384 2183 3677 2238; x_wconf 87' lang='lat' dir='ltr'>contradi-</span> 
     </span>
    </p>
   </div>
   <div class='ocr_carea' id='block_1_54' title="bbox 2021 2269 3679 2342">
    <p class='ocr_par' dir='ltr' id='par_1_54' title="bbox 2021 2269 3679 2342">
     <span class='ocr_line' id='line_1_54' title="bbox 2021 2269 3679 2342; baseline 0.002 -18"><span class='ocrx_word' id='word_1_372' title='bbox 2021 2269 2100 2324; x_wconf 90' lang='lat' dir='ltr'>cit</span> <span class='ocrx_word' id='word_1_373' title='bbox 2128 2270 2462 2342; x_wconf 84' lang='lat' dir='ltr'>Apostolus,</span> <span class='ocrx_word' id='word_1_374' title='bbox 2515 2272 2830 2327; x_wconf 89' lang='lat' dir='ltr'>ostendens</span> <span class='ocrx_word' id='word_1_375' title='bbox 2877 2271 3124 2327; x_wconf 82' lang='lat' dir='ltr'>diversis</span> <span class='ocrx_word' id='word_1_376' title='bbox 3175 2270 3401 2327; x_wconf 89' lang='lat' dir='ltr'>meritis</span> <span class='ocrx_word' id='word_1_377' title='bbox 3450 2270 3679 2327; x_wconf 88' lang='lat' dir='ltr'>diversa</span> 
     </span>
    </p>
   </div>
   <div class='ocr_carea' id='block_1_55' title="bbox 2022 2358 3674 2433">
    <p class='ocr_par' dir='ltr' id='par_1_55' title="bbox 2022 2358 3674 2433">
     <span class='ocr_line' id='line_1_55' title="bbox 2022 2358 3674 2433; baseline 0.002 -20"><span class='ocrx_word' id='word_1_378' title='bbox 2022 2358 2261 2430; x_wconf 61' lang='lat' dir='ltr'>praemia</span> <span class='ocrx_word' id='word_1_379' title='bbox 2298 2359 2362 2413; x_wconf 80' lang='lat' dir='ltr'>in</span> <span class='ocrx_word' id='word_1_380' title='bbox 2414 2361 2837 2415; x_wconf 89' lang='lat' dir='ltr'>resurrectione</span> <span class='ocrx_word' id='word_1_381' title='bbox 2886 2378 3013 2417; x_wconf 89' lang='lat' dir='ltr'>esse</span> <span class='ocrx_word' id='word_1_382' title='bbox 3055 2365 3399 2433; x_wconf 71' lang='lat' dir='ltr'>praeparata,</span> <span class='ocrx_word' id='word_1_383' title='bbox 3444 2360 3674 2416; x_wconf 88' lang='lat' dir='ltr'>dicens:</span> 
     </span>
    </p>
   </div>
   <div class='ocr_carea' id='block_1_56' title="bbox 2024 2444 3675 2515">
    <p class='ocr_par' dir='ltr' id='par_1_56' title="bbox 2024 2444 3675 2515">
     <span class='ocr_line' id='line_1_56' title="bbox 2024 2444 3675 2515; baseline 0.004 -18"><span class='ocrx_word' id='word_1_384' title='bbox 2024 2472 2051 2497; x_wconf 90' lang='grc'>‹‹</span> <span class='ocrx_word' id='word_1_385' title='bbox 2084 2444 2210 2503; x_wconf 88' lang='lat' dir='ltr'>Alia</span> <span class='ocrx_word' id='word_1_386' title='bbox 2240 2453 2327 2504; x_wconf 89' lang='lat' dir='ltr'>est</span> <span class='ocrx_word' id='word_1_387' title='bbox 2358 2448 2513 2503; x_wconf 87' lang='lat' dir='ltr'>enim</span> <span class='ocrx_word' id='word_1_388' title='bbox 2545 2448 2779 2504; x_wconf 87' lang='lat' dir='ltr'>claritas</span> <span class='ocrx_word' id='word_1_389' title='bbox 2810 2449 2974 2515; x_wconf 86' lang='lat' dir='ltr'>solis,</span> <span class='ocrx_word' id='word_1_390' title='bbox 3008 2449 3122 2505; x_wconf 88' lang='lat' dir='ltr'>alia</span> <span class='ocrx_word' id='word_1_391' title='bbox 3145 2453 3233 2505; x_wconf 89' lang='lat' dir='ltr'>est</span> <span class='ocrx_word' id='word_1_392' title='bbox 3255 2448 3675 2515; x_wconf 75' lang='lat' dir='ltr'>claritaslunaa,</span> 
     </span>
    </p>
   </div>
   <div class='ocr_carea' id='block_1_57' title="bbox 2023 2527 3677 2586">
    <p class='ocr_par' dir='ltr' id='par_1_57' title="bbox 2023 2527 3677 2586">
     <span class='ocr_line' id='line_1_57' title="bbox 2023 2527 3677 2586; baseline 0.001 -3"><span class='ocrx_word' id='word_1_393' title='bbox 2023 2527 2140 2584; x_wconf 89' lang='lat' dir='ltr'>alia</span> <span class='ocrx_word' id='word_1_394' title='bbox 2170 2529 2404 2584; x_wconf 84' lang='lat' dir='ltr'>claritas</span> <span class='ocrx_word' id='word_1_395' title='bbox 2435 2527 2758 2584; x_wconf 86' lang='lat' dir='ltr'>stellarum.</span> <span class='ocrx_word' id='word_1_396' title='bbox 2792 2529 2861 2583; x_wconf 86' lang='lat' dir='ltr'>Et</span> <span class='ocrx_word' id='word_1_397' title='bbox 2910 2528 3081 2584; x_wconf 89' lang='lat' dir='ltr'>stella</span> <span class='ocrx_word' id='word_1_398' title='bbox 3112 2547 3145 2583; x_wconf 91' lang='lat' dir='ltr'>a</span> <span class='ocrx_word' id='word_1_399' title='bbox 3176 2528 3347 2585; x_wconf 88' lang='lat' dir='ltr'>stella</span> <span class='ocrx_word' id='word_1_400' title='bbox 3394 2529 3587 2586; x_wconf 76' lang='lat' dir='ltr'>differt</span> <span class='ocrx_word' id='word_1_401' title='bbox 3618 2530 3677 2585; x_wconf 90' lang='lat' dir='ltr'>in</span> 
     </span>
    </p>
   </div>
   <div class='ocr_carea' id='block_1_58' title="bbox 2024 2617 3681 2687">
    <p class='ocr_par' dir='ltr' id='par_1_58' title="bbox 2024 2617 3681 2687">
     <span class='ocr_line' id='line_1_58' title="bbox 2024 2617 3681 2687; baseline 0 -13"><span class='ocrx_word' id='word_1_402' title='bbox 2024 2618 2310 2687; x_wconf 86' lang='lat' dir='ltr'>claritate,</span> <span class='ocrx_word' id='word_1_403' title='bbox 2362 2617 2446 2673; x_wconf 92' lang='lat' dir='ltr'>sic</span> <span class='ocrx_word' id='word_1_404' title='bbox 2477 2617 2586 2673; x_wconf 87' lang='lat' dir='ltr'>erit</span> <span class='ocrx_word' id='word_1_405' title='bbox 2635 2617 2693 2671; x_wconf 91' lang='lat' dir='ltr'>in</span> <span class='ocrx_word' id='word_1_406' title='bbox 2744 2618 3169 2674; x_wconf 88' lang='lat' dir='ltr'>resurrectione</span> <span class='ocrx_word' id='word_1_407' title='bbox 3228 2622 3595 2675; x_wconf 87' lang='lat' dir='ltr'>mortuorum</span> <span class='ocrx_word' id='word_1_408' title='bbox 3628 2622 3681 2686; x_wconf 90' lang='grc' dir='ltr'>(Ι</span> 
     </span>
    </p>
   </div>
   <div class='ocr_carea' id='block_1_59' title="bbox 2025 2688 3675 2779">
    <p class='ocr_par' dir='ltr' id='par_1_59' title="bbox 2025 2688 3675 2779">
     <span class='ocr_line' id='line_1_59' title="bbox 2025 2688 3675 2779; baseline -0.001 -17"><span class='ocrx_word' id='word_1_409' title='bbox 2025 2708 2144 2762; x_wconf 85' lang='lat' dir='ltr'>Cor.</span> <span class='ocrx_word' id='word_1_410' title='bbox 2174 2707 2285 2777; x_wconf 72' lang='lat' dir='ltr'>vv).</span> <span class='ocrx_word' id='word_1_411' title='bbox 2323 2730 2350 2754; x_wconf 87' lang='grc'>››</span> <span class='ocrx_word' id='word_1_412' title='bbox 2383 2688 2529 2760; x_wconf 82' lang='lat' dir='ltr'>Hinc</span> <span class='ocrx_word' id='word_1_413' title='bbox 2561 2704 2999 2771; x_wconf 89' lang='lat' dir='ltr'>etDaniel,cum</span> <span class='ocrx_word' id='word_1_414' title='bbox 3015 2708 3263 2762; x_wconf 73' lang='lat' dir='ltr'>deterrze</span> <span class='ocrx_word' id='word_1_415' title='bbox 3278 2708 3510 2779; x_wconf 86' lang='lat' dir='ltr'>pulvere</span> <span class='ocrx_word' id='word_1_416' title='bbox 3525 2706 3675 2763; x_wconf 90' lang='lat' dir='ltr'>mul-</span> 
     </span>
    </p>
   </div>
   <div class='ocr_carea' id='block_1_60' title="bbox 2024 2795 3674 2867">
    <p class='ocr_par' dir='ltr' id='par_1_60' title="bbox 2024 2795 3674 2867">
     <span class='ocr_line' id='line_1_60' title="bbox 2024 2795 3674 2867; baseline 0 -16"><span class='ocrx_word' id='word_1_417' title='bbox 2024 2801 2116 2851; x_wconf 85' lang='lat' dir='ltr'>tos</span> <span class='ocrx_word' id='word_1_418' title='bbox 2147 2800 2626 2851; x_wconf 89' lang='lat' dir='ltr'>consurrecturos</span> <span class='ocrx_word' id='word_1_419' title='bbox 2656 2795 3015 2867; x_wconf 70' lang='lat' dir='ltr'>prazdiceret,</span> <span class='ocrx_word' id='word_1_420' title='bbox 3040 2795 3674 2867; x_wconf 83' lang='lat' dir='ltr'>utamplioremremu-</span> 
     </span>
    </p>
   </div>
   <div class='ocr_carea' id='block_1_61' title="bbox 2024 2884 3676 2958">
    <p class='ocr_par' dir='ltr' id='par_1_61' title="bbox 2024 2884 3676 2958">
     <span class='ocr_line' id='line_1_61' title="bbox 2024 2884 3676 2958; baseline 0.001 -18"><span class='ocrx_word' id='word_1_421' title='bbox 2024 2884 2382 2940; x_wconf 86' lang='lat' dir='ltr'>nerationem</span> <span class='ocrx_word' id='word_1_422' title='bbox 2416 2886 2747 2939; x_wconf 85' lang='lat' dir='ltr'>ostenderet</span> <span class='ocrx_word' id='word_1_423' title='bbox 2777 2902 2875 2940; x_wconf 89' lang='lat' dir='ltr'>eos</span> <span class='ocrx_word' id='word_1_424' title='bbox 2906 2890 3297 2958; x_wconf 83' lang='lat' dir='ltr'>percepturos.</span> <span class='ocrx_word' id='word_1_425' title='bbox 3325 2885 3425 2957; x_wconf 92' lang='lat' dir='ltr'>qui</span> <span class='ocrx_word' id='word_1_426' title='bbox 3453 2888 3510 2940; x_wconf 90' lang='lat' dir='ltr'>et</span> <span class='ocrx_word' id='word_1_427' title='bbox 3531 2886 3676 2941; x_wconf 88' lang='lat' dir='ltr'>bene</span> 
     </span>
    </p>
   </div>
   <div class='ocr_carea' id='block_1_62' title="bbox 2020 2972 3674 3045">
    <p class='ocr_par' dir='ltr' id='par_1_62' title="bbox 2020 2972 3674 3045">
     <span class='ocr_line' id='line_1_62' title="bbox 2020 2972 3674 3045; baseline 0.001 -17"><span class='ocrx_word' id='word_1_428' title='bbox 2020 2974 2243 3045; x_wconf 86' lang='lat' dir='ltr'>vivunt,</span> <span class='ocrx_word' id='word_1_429' title='bbox 2269 2979 2327 3029; x_wconf 92' lang='lat' dir='ltr'>et</span> <span class='ocrx_word' id='word_1_430' title='bbox 2346 2972 2642 3028; x_wconf 88' lang='lat' dir='ltr'>lucrandis</span> <span class='ocrx_word' id='word_1_431' title='bbox 2668 2973 3317 3045; x_wconf 83' lang='lat' dir='ltr'>animabusinvigilant,</span> <span class='ocrx_word' id='word_1_432' title='bbox 3331 2974 3476 3030; x_wconf 82' lang='lat' dir='ltr'>dixit</span> <span class='ocrx_word' id='word_1_433' title='bbox 3493 2992 3506 3030; x_wconf 93' lang='lat'>:</span> <span class='ocrx_word' id='word_1_434' title='bbox 3525 2998 3551 3024; x_wconf 84' lang='lat'>«</span> <span class='ocrx_word' id='word_1_435' title='bbox 3568 2975 3674 3041; x_wconf 85' lang='lat' dir='ltr'>Qui</span> 
     </span>
    </p>
   </div>
   <div class='ocr_carea' id='block_1_63' title="bbox 2026 3062 3674 3136">
    <p class='ocr_par' dir='ltr' id='par_1_63' title="bbox 2026 3062 3674 3136">
     <span class='ocr_line' id='line_1_63' title="bbox 2026 3062 3674 3136; baseline -0.001 -16"><span class='ocrx_word' id='word_1_436' title='bbox 2026 3069 2218 3120; x_wconf 88' lang='lat' dir='ltr'>autem</span> <span class='ocrx_word' id='word_1_437' title='bbox 2252 3062 2406 3119; x_wconf 90' lang='lat' dir='ltr'>docti</span> <span class='ocrx_word' id='word_1_438' title='bbox 2438 3066 2596 3130; x_wconf 88' lang='lat' dir='ltr'>sunt,</span> <span class='ocrx_word' id='word_1_439' title='bbox 2629 3062 2938 3135; x_wconf 88' lang='lat' dir='ltr'>fulgebunt</span> <span class='ocrx_word' id='word_1_440' title='bbox 2982 3064 3137 3119; x_wconf 91' lang='lat' dir='ltr'>sicut</span> <span class='ocrx_word' id='word_1_441' title='bbox 3168 3063 3446 3136; x_wconf 87' lang='lat' dir='ltr'>splendor</span> <span class='ocrx_word' id='word_1_442' title='bbox 3479 3064 3674 3119; x_wconf 82' lang='lat' dir='ltr'>firma-</span> 
     </span>
    </p>
   </div>
   <div class='ocr_carea' id='block_1_64' title="bbox 2025 3150 3675 3225">
    <p class='ocr_par' dir='ltr' id='par_1_64' title="bbox 2025 3150 3675 3225">
     <span class='ocr_line' id='line_1_64' title="bbox 2025 3150 3675 3225; baseline -0.001 -17"><span class='ocrx_word' id='word_1_443' title='bbox 2025 3152 2230 3217; x_wconf 82' lang='lat' dir='ltr'>menti,</span> <span class='ocrx_word' id='word_1_444' title='bbox 2264 3155 2322 3206; x_wconf 92' lang='lat' dir='ltr'>et</span> <span class='ocrx_word' id='word_1_445' title='bbox 2354 3151 2455 3224; x_wconf 90' lang='lat' dir='ltr'>qui</span> <span class='ocrx_word' id='word_1_446' title='bbox 2486 3152 2556 3206; x_wconf 90' lang='lat' dir='ltr'>ad</span> <span class='ocrx_word' id='word_1_447' title='bbox 2582 3150 2881 3222; x_wconf 86' lang='lat' dir='ltr'>justitiam</span> <span class='ocrx_word' id='word_1_448' title='bbox 2915 3152 3191 3206; x_wconf 91' lang='lat' dir='ltr'>erudiunt</span> <span class='ocrx_word' id='word_1_449' title='bbox 3236 3151 3473 3221; x_wconf 89' lang='lat' dir='ltr'>multos,</span> <span class='ocrx_word' id='word_1_450' title='bbox 3509 3153 3675 3225; x_wconf 88' lang='lat' dir='ltr'>quasi</span> 
     </span>
    </p>
   </div>
   <div class='ocr_carea' id='block_1_65' title="bbox 259 3231 3673 3321">
    <p class='ocr_par' dir='ltr' id='par_1_65' title="bbox 259 3231 3673 3321">
     <span class='ocr_line' id='line_1_65' title="bbox 259 3231 3673 3321; baseline -0.003 -16"><span class='ocrx_word' id='word_1_451' title='bbox 259 3249 394 3315; x_wconf 87' lang='lat' dir='ltr'>Quia</span> <span class='ocrx_word' id='word_1_452' title='bbox 422 3248 513 3305; x_wconf 91' lang='lat' dir='ltr'>illi</span> <span class='ocrx_word' id='word_1_453' title='bbox 549 3232 657 3321; x_wconf 86' lang='lat' dir='ltr'>qui</span> <span class='ocrx_word' id='word_1_454' title='bbox 688 3265 793 3320; x_wconf 90' lang='lat' dir='ltr'>pro</span> <span class='ocrx_word' id='word_1_455' title='bbox 824 3231 950 3304; x_wconf 81' lang='lat' dir='ltr'>Deo</span> <span class='ocrx_word' id='word_1_456' title='bbox 972 3247 1222 3304; x_wconf 85' lang='lat' dir='ltr'>ﬁdeliter</span> <span class='ocrx_word' id='word_1_457' title='bbox 1251 3231 1588 3321; x_wconf 74' lang='lat' dir='ltr'>suscipiunt</span> <span class='ocrx_word' id='word_1_458' title='bbox 1631 3246 1911 3317; x_wconf 87' lang='lat' dir='ltr'>laborem,</span> <span class='ocrx_word' id='word_1_459' title='bbox 1947 3231 1988 3297; x_wconf 89' lang='lat' dir='ltr'>C</span> <span class='ocrx_word' id='word_1_460' title='bbox 2025 3241 2278 3297; x_wconf 68' lang='lat' dir='ltr'>stellaain</span> <span class='ocrx_word' id='word_1_461' title='bbox 2296 3244 2604 3313; x_wconf 86' lang='lat' dir='ltr'>perpetuas</span> <span class='ocrx_word' id='word_1_462' title='bbox 2618 3240 3281 3313; x_wconf 65' lang='lat' dir='ltr'>aaternitates(Dan.xu).</span> <span class='ocrx_word' id='word_1_463' title='bbox 3302 3241 3502 3307; x_wconf 83' lang='lat' dir='ltr'>»Quod</span> <span class='ocrx_word' id='word_1_464' title='bbox 3517 3240 3673 3296; x_wconf 89' lang='lat' dir='ltr'>enim</span> 
     </span>
    </p>
   </div>
   <div class='ocr_carea' id='block_1_66' title="bbox 259 3336 1918 3414">
    <p class='ocr_par' dir='ltr' id='par_1_66' title="bbox 259 3336 1918 3414">
     <span class='ocr_line' id='line_1_66' title="bbox 259 3336 1918 3414; baseline 0.001 -22"><span class='ocrx_word' id='word_1_465' title='bbox 259 3338 501 3393; x_wconf 78' lang='lat' dir='ltr'>ﬁdeliter</span> <span class='ocrx_word' id='word_1_466' title='bbox 533 3336 881 3411; x_wconf 87' lang='lat' dir='ltr'>pervenient</span> <span class='ocrx_word' id='word_1_467' title='bbox 911 3338 982 3393; x_wconf 92' lang='lat' dir='ltr'>ad</span> <span class='ocrx_word' id='word_1_468' title='bbox 996 3337 1552 3404; x_wconf 87' lang='lat' dir='ltr'>remunerationem,</span> <span class='ocrx_word' id='word_1_469' title='bbox 1573 3338 1807 3414; x_wconf 89' lang='lat' dir='ltr'>quando</span> <span class='ocrx_word' id='word_1_470' title='bbox 1821 3355 1918 3393; x_wconf 90' lang='lat' dir='ltr'>au-</span> 
     </span>
    </p>
   </div>
   <div class='ocr_carea' id='block_1_67' title="bbox 260 3426 1919 3498">
    <p class='ocr_par' dir='ltr' id='par_1_67' title="bbox 260 3426 1919 3498">
     <span class='ocr_line' id='line_1_67' title="bbox 260 3426 1919 3498; baseline 0.001 -17"><span class='ocrx_word' id='word_1_471' title='bbox 260 3428 427 3483; x_wconf 89' lang='lat' dir='ltr'>dituri</span> <span class='ocrx_word' id='word_1_472' title='bbox 460 3432 645 3483; x_wconf 86' lang='lat' dir='ltr'>sunt:</span> <span class='ocrx_word' id='word_1_473' title='bbox 680 3452 707 3477; x_wconf 85' lang='lat'><strong><em>«</em></strong></span> <span class='ocrx_word' id='word_1_474' title='bbox 740 3426 944 3483; x_wconf 89' lang='lat' dir='ltr'>Venite</span> <span class='ocrx_word' id='word_1_475' title='bbox 975 3428 1046 3483; x_wconf 89' lang='lat' dir='ltr'>ad</span> <span class='ocrx_word' id='word_1_476' title='bbox 1082 3443 1195 3493; x_wconf 92' lang='lat' dir='ltr'>me,</span> <span class='ocrx_word' id='word_1_477' title='bbox 1222 3426 1536 3498; x_wconf 89' lang='lat' dir='ltr'>omnesqui</span> <span class='ocrx_word' id='word_1_478' title='bbox 1560 3426 1843 3482; x_wconf 87' lang='lat' dir='ltr'>laboratis</span> <span class='ocrx_word' id='word_1_479' title='bbox 1860 3431 1919 3483; x_wconf 93' lang='lat' dir='ltr'>et</span> 
     </span>
    </p>
   </div>
   <div class='ocr_carea' id='block_1_68' title="bbox 256 3514 1915 3590">
    <p class='ocr_par' dir='ltr' id='par_1_68' title="bbox 256 3514 1915 3590">
     <span class='ocr_line' id='line_1_68' title="bbox 256 3514 1915 3590; baseline -0.001 -17"><span class='ocrx_word' id='word_1_480' title='bbox 256 3518 471 3574; x_wconf 88' lang='lat' dir='ltr'>onerati</span> <span class='ocrx_word' id='word_1_481' title='bbox 502 3517 680 3583; x_wconf 87' lang='lat' dir='ltr'>estis,</span> <span class='ocrx_word' id='word_1_482' title='bbox 729 3520 786 3573; x_wconf 89' lang='lat' dir='ltr'>et</span> <span class='ocrx_word' id='word_1_483' title='bbox 814 3533 919 3590; x_wconf 87' lang='lat' dir='ltr'>ego</span> <span class='ocrx_word' id='word_1_484' title='bbox 967 3517 1225 3572; x_wconf 85' lang='lat' dir='ltr'>reficiam</span> <span class='ocrx_word' id='word_1_485' title='bbox 1276 3533 1399 3571; x_wconf 90' lang='lat' dir='ltr'>vos.</span> <span class='ocrx_word' id='word_1_486' title='bbox 1451 3514 1661 3571; x_wconf 90' lang='lat' dir='ltr'>Tollite</span> <span class='ocrx_word' id='word_1_487' title='bbox 1698 3517 1915 3589; x_wconf 88' lang='lat' dir='ltr'>jugum</span> 
     </span>
    </p>
   </div>
   <div class='ocr_carea' id='block_1_69' title="bbox 254 3604 1915 3679">
    <p class='ocr_par' dir='ltr' id='par_1_69' title="bbox 254 3604 1915 3679">
     <span class='ocr_line' id='line_1_69' title="bbox 254 3604 1915 3679; baseline -0.002 -15"><span class='ocrx_word' id='word_1_488' title='bbox 254 3625 436 3664; x_wconf 90' lang='lat' dir='ltr'>meum</span> <span class='ocrx_word' id='word_1_489' title='bbox 471 3623 662 3679; x_wconf 85' lang='lat' dir='ltr'>super</span> <span class='ocrx_word' id='word_1_490' title='bbox 690 3623 810 3672; x_wconf 90' lang='lat' dir='ltr'>vos,</span> <span class='ocrx_word' id='word_1_491' title='bbox 846 3610 903 3662; x_wconf 93' lang='lat' dir='ltr'>et</span> <span class='ocrx_word' id='word_1_492' title='bbox 931 3606 1139 3662; x_wconf 90' lang='lat' dir='ltr'>discite</span> <span class='ocrx_word' id='word_1_493' title='bbox 1169 3624 1203 3660; x_wconf 91' lang='lat' dir='ltr'>a</span> <span class='ocrx_word' id='word_1_494' title='bbox 1238 3622 1352 3675; x_wconf 92' lang='lat' dir='ltr'>me,</span> <span class='ocrx_word' id='word_1_495' title='bbox 1385 3604 1698 3678; x_wconf 88' lang='lat' dir='ltr'>quiamitis</span> <span class='ocrx_word' id='word_1_496' title='bbox 1713 3622 1843 3661; x_wconf 91' lang='lat' dir='ltr'>sum</span> <span class='ocrx_word' id='word_1_497' title='bbox 1858 3610 1915 3662; x_wconf 91' lang='lat' dir='ltr'>et</span> 
     </span>
    </p>
   </div>
   <div class='ocr_carea' id='block_1_70' title="bbox 257 3694 1912 3766">
    <p class='ocr_par' dir='ltr' id='par_1_70' title="bbox 257 3694 1912 3766">
     <span class='ocr_line' id='line_1_70' title="bbox 257 3694 1912 3766; baseline -0.001 -14"><span class='ocrx_word' id='word_1_498' title='bbox 257 3696 484 3753; x_wconf 89' lang='lat' dir='ltr'>humilis</span> <span class='ocrx_word' id='word_1_499' title='bbox 515 3697 718 3763; x_wconf 90' lang='lat' dir='ltr'>corde,</span> <span class='ocrx_word' id='word_1_500' title='bbox 752 3700 808 3751; x_wconf 90' lang='lat' dir='ltr'>et</span> <span class='ocrx_word' id='word_1_501' title='bbox 838 3694 1145 3750; x_wconf 86' lang='lat' dir='ltr'>invenietis</span> <span class='ocrx_word' id='word_1_502' title='bbox 1176 3694 1435 3766; x_wconf 89' lang='lat' dir='ltr'>requiem</span> <span class='ocrx_word' id='word_1_503' title='bbox 1470 3694 1785 3749; x_wconf 90' lang='lat' dir='ltr'>animabus</span> <span class='ocrx_word' id='word_1_504' title='bbox 1813 3711 1912 3750; x_wconf 83' lang='lat' dir='ltr'>ve-</span> 
     </span>
    </p>
   </div>
   <div class='ocr_carea' id='block_1_71' title="bbox 255 3783 1911 3858">
    <p class='ocr_par' dir='ltr' id='par_1_71' title="bbox 255 3783 1911 3858">
     <span class='ocr_line' id='line_1_71' title="bbox 255 3783 1911 3858; baseline -0.002 -16"><span class='ocrx_word' id='word_1_505' title='bbox 255 3787 382 3843; x_wconf 83' lang='lat' dir='ltr'>stris</span> <span class='ocrx_word' id='word_1_506' title='bbox 411 3785 630 3855; x_wconf 76' lang='lat' dir='ltr'>(Matth.</span> <span class='ocrx_word' id='word_1_507' title='bbox 664 3788 762 3854; x_wconf 84' lang='lat' dir='ltr'>x1).</span> <span class='ocrx_word' id='word_1_508' title='bbox 803 3808 830 3833; x_wconf 88' lang='grc'><strong>››</strong></span> <span class='ocrx_word' id='word_1_509' title='bbox 864 3784 929 3840; x_wconf 89' lang='lat' dir='ltr'>Et</span> <span class='ocrx_word' id='word_1_510' title='bbox 964 3783 1103 3858; x_wconf 88' lang='lat' dir='ltr'>quia</span> <span class='ocrx_word' id='word_1_511' title='bbox 1134 3783 1281 3839; x_wconf 92' lang='lat' dir='ltr'>solet</span> <span class='ocrx_word' id='word_1_512' title='bbox 1299 3783 1656 3855; x_wconf 88' lang='lat' dir='ltr'>contingere,</span> <span class='ocrx_word' id='word_1_513' title='bbox 1677 3788 1741 3838; x_wconf 89' lang='lat' dir='ltr'>ut</span> <span class='ocrx_word' id='word_1_514' title='bbox 1769 3801 1911 3838; x_wconf 87' lang='lat' dir='ltr'>non-</span> 
     </span>
    </p>
   </div>
   <div class='ocr_carea' id='block_1_72' title="bbox 254 3871 1911 3944">
    <p class='ocr_par' dir='ltr' id='par_1_72' title="bbox 254 3871 1911 3944">
     <span class='ocr_line' id='line_1_72' title="bbox 254 3871 1911 3944; baseline -0.002 -13"><span class='ocrx_word' id='word_1_515' title='bbox 254 3875 385 3931; x_wconf 88' lang='lat' dir='ltr'>nulli</span> <span class='ocrx_word' id='word_1_516' title='bbox 416 3876 657 3932; x_wconf 85' lang='lat' dir='ltr'>tardius</span> <span class='ocrx_word' id='word_1_517' title='bbox 688 3873 974 3940; x_wconf 83' lang='lat' dir='ltr'>conversi,</span> <span class='ocrx_word' id='word_1_518' title='bbox 1009 3874 1081 3929; x_wconf 92' lang='lat' dir='ltr'>ab</span> <span class='ocrx_word' id='word_1_519' title='bbox 1113 3872 1220 3928; x_wconf 89' lang='lat' dir='ltr'>hac</span> <span class='ocrx_word' id='word_1_520' title='bbox 1252 3873 1367 3928; x_wconf 90' lang='lat' dir='ltr'>vita</span> <span class='ocrx_word' id='word_1_521' title='bbox 1395 3871 1601 3940; x_wconf 88' lang='lat' dir='ltr'>vocati,</span> <span class='ocrx_word' id='word_1_522' title='bbox 1626 3872 1793 3944; x_wconf 88' lang='lat' dir='ltr'>prius</span> <span class='ocrx_word' id='word_1_523' title='bbox 1824 3888 1911 3928; x_wconf 86' lang='lat' dir='ltr'>re-</span> 
     </span>
    </p>
   </div>
   <div class='ocr_carea' id='block_1_73' title="bbox 255 3960 1912 4037">
    <p class='ocr_par' dir='ltr' id='par_1_73' title="bbox 255 3960 1912 4037">
     <span class='ocr_line' id='line_1_73' title="bbox 255 3960 1912 4037; baseline -0.001 -17"><span class='ocrx_word' id='word_1_524' title='bbox 255 3966 716 4022; x_wconf 88' lang='lat' dir='ltr'>munerationem</span> <span class='ocrx_word' id='word_1_525' title='bbox 751 3963 1064 4037; x_wconf 86' lang='lat' dir='ltr'>accipiant,</span> <span class='ocrx_word' id='word_1_526' title='bbox 1096 3980 1274 4035; x_wconf 87' lang='lat' dir='ltr'>quam</span> <span class='ocrx_word' id='word_1_527' title='bbox 1306 3961 1391 4017; x_wconf 89' lang='lat' dir='ltr'>illi</span> <span class='ocrx_word' id='word_1_528' title='bbox 1421 3961 1518 4034; x_wconf 91' lang='lat' dir='ltr'>qui</span> <span class='ocrx_word' id='word_1_529' title='bbox 1554 3962 1721 4034; x_wconf 91' lang='lat' dir='ltr'>prius</span> <span class='ocrx_word' id='word_1_530' title='bbox 1752 3960 1912 4018; x_wconf 86' lang='lat' dir='ltr'>labo-</span> 
     </span>
    </p>
   </div>
   <div class='ocr_carea' id='block_1_74' title="bbox 258 4050 1912 4129">
    <p class='ocr_par' dir='ltr' id='par_1_74' title="bbox 258 4050 1912 4129">
     <span class='ocr_line' id='line_1_74' title="bbox 258 4050 1912 4129; baseline 0.002 -22"><span class='ocrx_word' id='word_1_531' title='bbox 258 4071 370 4111; x_wconf 87' lang='lat' dir='ltr'>rare</span> <span class='ocrx_word' id='word_1_532' title='bbox 399 4059 730 4129; x_wconf 72' lang='lat' dir='ltr'>cmperunt,</span> <span class='ocrx_word' id='word_1_533' title='bbox 764 4058 918 4111; x_wconf 89' lang='lat' dir='ltr'>recte</span> <span class='ocrx_word' id='word_1_534' title='bbox 949 4070 1085 4111; x_wconf 91' lang='lat' dir='ltr'>voce</span> <span class='ocrx_word' id='word_1_535' title='bbox 1109 4050 1531 4126; x_wconf 70' lang='lat' dir='ltr'>patrisfamilia:</span> <span class='ocrx_word' id='word_1_536' title='bbox 1548 4055 1912 4123; x_wconf 90' lang='lat' dir='ltr'>procuratori</span> 
     </span>
    </p>
   </div>
   <div class='ocr_carea' id='block_1_75' title="bbox 259 4140 1911 4214">
    <p class='ocr_par' dir='ltr' id='par_1_75' title="bbox 259 4140 1911 4214">
     <span class='ocr_line' id='line_1_75' title="bbox 259 4140 1911 4214; baseline -0.001 -17"><span class='ocrx_word' id='word_1_537' title='bbox 259 4142 484 4200; x_wconf 87' lang='lat' dir='ltr'>dicitur:</span> <span class='ocrx_word' id='word_1_538' title='bbox 538 4142 901 4214; x_wconf 83' lang='lat' dir='ltr'>«Incipiens</span> <span class='ocrx_word' id='word_1_539' title='bbox 948 4160 982 4198; x_wconf 90' lang='lat' dir='ltr'>a</span> <span class='ocrx_word' id='word_1_540' title='bbox 1032 4140 1368 4198; x_wconf 86' lang='lat' dir='ltr'>novissimis</span> <span class='ocrx_word' id='word_1_541' title='bbox 1422 4156 1610 4212; x_wconf 90' lang='lat' dir='ltr'>usque</span> <span class='ocrx_word' id='word_1_542' title='bbox 1658 4140 1728 4195; x_wconf 89' lang='lat' dir='ltr'>ad</span> <span class='ocrx_word' id='word_1_543' title='bbox 1788 4140 1911 4212; x_wconf 90' lang='lat' dir='ltr'>pri-</span> 
     </span>
    </p>
   </div>
   <div class='ocr_carea' id='block_1_76' title="bbox 259 4228 1914 4303">
    <p class='ocr_par' dir='ltr' id='par_1_76' title="bbox 259 4228 1914 4303">
     <span class='ocr_line' id='line_1_76' title="bbox 259 4228 1914 4303; baseline -0.001 -18"><span class='ocrx_word' id='word_1_544' title='bbox 259 4247 393 4300; x_wconf 88' lang='lat' dir='ltr'>mos,</span> <span class='ocrx_word' id='word_1_545' title='bbox 425 4238 538 4287; x_wconf 86' lang='lat' dir='ltr'>etc.</span> <span class='ocrx_word' id='word_1_546' title='bbox 576 4253 606 4281; x_wconf 86' lang='lat'>»</span> <span class='ocrx_word' id='word_1_547' title='bbox 643 4231 899 4294; x_wconf 91' lang='lat' dir='ltr'>Quorum</span> <span class='ocrx_word' id='word_1_548' title='bbox 935 4230 1192 4287; x_wconf 83' lang='lat' dir='ltr'>actiones</span> <span class='ocrx_word' id='word_1_549' title='bbox 1218 4228 1384 4303; x_wconf 88' lang='lat' dir='ltr'>quasi</span> <span class='ocrx_word' id='word_1_550' title='bbox 1405 4245 1808 4285; x_wconf 89' lang='lat' dir='ltr'>murmurasse</span> <span class='ocrx_word' id='word_1_551' title='bbox 1824 4233 1914 4293; x_wconf 87' lang='lat' dir='ltr'>est</span> 
     </span>
    </p>
   </div>
   <div class='ocr_carea' id='block_1_77' title="bbox 260 4318 1910 4389">
    <p class='ocr_par' dir='ltr' id='par_1_77' title="bbox 260 4318 1910 4389">
     <span class='ocr_line' id='line_1_77' title="bbox 260 4318 1910 4389; baseline 0 -16"><span class='ocrx_word' id='word_1_552' title='bbox 260 4325 445 4377; x_wconf 83' lang='lat' dir='ltr'>contra</span> <span class='ocrx_word' id='word_1_553' title='bbox 475 4319 713 4377; x_wconf 87' lang='lat' dir='ltr'>tardius</span> <span class='ocrx_word' id='word_1_554' title='bbox 745 4335 1076 4387; x_wconf 85' lang='lat' dir='ltr'>conversos,</span> <span class='ocrx_word' id='word_1_555' title='bbox 1112 4336 1246 4375; x_wconf 91' lang='lat' dir='ltr'>cum</span> <span class='ocrx_word' id='word_1_556' title='bbox 1280 4318 1411 4374; x_wconf 91' lang='lat' dir='ltr'>illos</span> <span class='ocrx_word' id='word_1_557' title='bbox 1432 4318 1618 4389; x_wconf 90' lang='lat' dir='ltr'>prius,</span> <span class='ocrx_word' id='word_1_558' title='bbox 1652 4334 1827 4389; x_wconf 90' lang='lat' dir='ltr'>quam</span> <span class='ocrx_word' id='word_1_559' title='bbox 1850 4334 1910 4373; x_wconf 91' lang='lat' dir='ltr'>se</span> 
     </span>
    </p>
   </div>
   <div class='ocr_carea' id='block_1_78' title="bbox 260 4405 1909 4477">
    <p class='ocr_par' dir='ltr' id='par_1_78' title="bbox 260 4405 1909 4477">
     <span class='ocr_line' id='line_1_78' title="bbox 260 4405 1909 4477; baseline 0 -15"><span class='ocrx_word' id='word_1_560' title='bbox 260 4408 614 4466; x_wconf 84' lang='lat' dir='ltr'>remunerari</span> <span class='ocrx_word' id='word_1_561' title='bbox 647 4408 869 4464; x_wconf 90' lang='lat' dir='ltr'>vident.</span> <span class='ocrx_word' id='word_1_562' title='bbox 903 4408 1064 4477; x_wconf 88' lang='lat' dir='ltr'>Quod</span> <span class='ocrx_word' id='word_1_563' title='bbox 1099 4424 1230 4467; x_wconf 91' lang='lat' dir='ltr'>vero</span> <span class='ocrx_word' id='word_1_564' title='bbox 1262 4407 1569 4463; x_wconf 89' lang='lat' dir='ltr'>subditur:</span> <span class='ocrx_word' id='word_1_565' title='bbox 1607 4429 1633 4455; x_wconf 83' lang='lat'><strong>«</strong></span> <span class='ocrx_word' id='word_1_566' title='bbox 1664 4405 1909 4462; x_wconf 88' lang='lat' dir='ltr'>Venien-</span> 
     </span>
    </p>
   </div>
   <div class='ocr_carea' id='block_1_79' title="bbox 262 4494 1912 4569">
    <p class='ocr_par' dir='ltr' id='par_1_79' title="bbox 262 4494 1912 4569">
     <span class='ocr_line' id='line_1_79' title="bbox 262 4494 1912 4569; baseline -0.003 -15"><span class='ocrx_word' id='word_1_567' title='bbox 262 4518 284 4545; x_wconf 72' lang='grc' dir='ltr'><strong><em>κ</em></strong></span> <span class='ocrx_word' id='word_1_568' title='bbox 312 4501 394 4554; x_wconf 86' lang='lat' dir='ltr'>tes</span> <span class='ocrx_word' id='word_1_569' title='bbox 409 4502 616 4554; x_wconf 86' lang='lat' dir='ltr'>autem</span> <span class='ocrx_word' id='word_1_570' title='bbox 630 4496 898 4568; x_wconf 91' lang='lat' dir='ltr'>etprimi,</span> <span class='ocrx_word' id='word_1_571' title='bbox 918 4494 1545 4569; x_wconf 87' lang='lat' dir='ltr'>acceperuntsingulos</span> <span class='ocrx_word' id='word_1_572' title='bbox 1559 4495 1912 4561; x_wconf 87' lang='lat' dir='ltr'>denarios,et</span> 
     </span>
    </p>
   </div>
   <div class='ocr_carea' id='block_1_80' title="bbox 2025 3327 3676 3401">
    <p class='ocr_par' dir='ltr' id='par_1_80' title="bbox 2025 3327 3676 3401">
     <span class='ocr_line' id='line_1_80' title="bbox 2025 3327 3676 3401; baseline 0.001 -16"><span class='ocrx_word' id='word_1_573' title='bbox 2025 3330 2169 3386; x_wconf 91' lang='lat' dir='ltr'>nulli</span> <span class='ocrx_word' id='word_1_574' title='bbox 2204 3334 2406 3385; x_wconf 87' lang='lat' dir='ltr'>contra</span> <span class='ocrx_word' id='word_1_575' title='bbox 2439 3329 2532 3383; x_wconf 86' lang='lat' dir='ltr'>Dei</span> <span class='ocrx_word' id='word_1_576' title='bbox 2557 3327 2851 3399; x_wconf 87' lang='lat' dir='ltr'>justitiam</span> <span class='ocrx_word' id='word_1_577' title='bbox 2866 3331 2942 3385; x_wconf 90' lang='lat' dir='ltr'>sit</span> <span class='ocrx_word' id='word_1_578' title='bbox 2958 3330 3587 3401; x_wconf 88' lang='lat' dir='ltr'>murmurandum,sed</span> <span class='ocrx_word' id='word_1_579' title='bbox 3605 3331 3676 3386; x_wconf 91' lang='lat' dir='ltr'>de</span> 
     </span>
    </p>
   </div>
   <div class='ocr_carea' id='block_1_81' title="bbox 2024 3417 3674 3491">
    <p class='ocr_par' dir='ltr' id='par_1_81' title="bbox 2024 3417 3674 3491">
     <span class='ocr_line' id='line_1_81' title="bbox 2024 3417 3674 3491; baseline -0.001 -16"><span class='ocrx_word' id='word_1_580' title='bbox 2024 3420 2152 3491; x_wconf 90' lang='lat' dir='ltr'>ejus</span> <span class='ocrx_word' id='word_1_581' title='bbox 2183 3418 2441 3475; x_wconf 89' lang='lat' dir='ltr'>bonitate</span> <span class='ocrx_word' id='word_1_582' title='bbox 2473 3417 2748 3474; x_wconf 88' lang='lat' dir='ltr'>omnibus</span> <span class='ocrx_word' id='word_1_583' title='bbox 2788 3420 3189 3490; x_wconf 63' lang='lat' dir='ltr'>gaudendum,</span> <span class='ocrx_word' id='word_1_584' title='bbox 3242 3420 3674 3485; x_wconf 81' lang='lat' dir='ltr'>manifestatur,</span> 
     </span>
    </p>
   </div>
   <div class='ocr_carea' id='block_1_82' title="bbox 2023 3507 3672 3579">
    <p class='ocr_par' dir='ltr' id='par_1_82' title="bbox 2023 3507 3672 3579">
     <span class='ocr_line' id='line_1_82' title="bbox 2023 3507 3672 3579; baseline 0 -15"><span class='ocrx_word' id='word_1_585' title='bbox 2023 3525 2158 3564; x_wconf 90' lang='lat' dir='ltr'>cum</span> <span class='ocrx_word' id='word_1_586' title='bbox 2210 3507 2508 3564; x_wconf 89' lang='lat' dir='ltr'>subditur:</span> <span class='ocrx_word' id='word_1_587' title='bbox 2546 3530 2573 3556; x_wconf 85' lang='lat'><strong>«</strong></span> <span class='ocrx_word' id='word_1_588' title='bbox 2607 3508 2828 3573; x_wconf 89' lang='lat' dir='ltr'>Amice,</span> <span class='ocrx_word' id='word_1_589' title='bbox 2865 3525 2979 3563; x_wconf 90' lang='lat' dir='ltr'>non</span> <span class='ocrx_word' id='word_1_590' title='bbox 3030 3508 3177 3564; x_wconf 83' lang='lat' dir='ltr'>facio</span> <span class='ocrx_word' id='word_1_591' title='bbox 3210 3508 3318 3563; x_wconf 90' lang='lat' dir='ltr'>tibi</span> <span class='ocrx_word' id='word_1_592' title='bbox 3372 3507 3672 3579; x_wconf 90' lang='lat' dir='ltr'>injuriam.</span> 
     </span>
    </p>
   </div>
   <div class='ocr_carea' id='block_1_83' title="bbox 2023 3596 3678 3654">
    <p class='ocr_par' dir='ltr' id='par_1_83' title="bbox 2023 3596 3678 3654">
     <span class='ocr_line' id='line_1_83' title="bbox 2023 3596 3678 3654; baseline 0.004 -7"><span class='ocrx_word' id='word_1_593' title='bbox 2023 3621 2051 3647; x_wconf 89' lang='grc'><em>‹‹</em></span> <span class='ocrx_word' id='word_1_594' title='bbox 2088 3598 2289 3652; x_wconf 92' lang='lat' dir='ltr'>Nonne</span> <span class='ocrx_word' id='word_1_595' title='bbox 2318 3614 2386 3653; x_wconf 80' lang='lat' dir='ltr'>ex</span> <span class='ocrx_word' id='word_1_596' title='bbox 2417 3596 2877 3652; x_wconf 89' lang='lat' dir='ltr'>denariodiurno</span> <span class='ocrx_word' id='word_1_597' title='bbox 2891 3597 3678 3654; x_wconf 85' lang='lat' dir='ltr'>convenistimecum?Tolle</span> 
     </span>
    </p>
   </div>
   <div class='ocr_carea' id='block_1_84' title="bbox 2024 3685 3675 3760">
    <p class='ocr_par' dir='ltr' id='par_1_84' title="bbox 2024 3685 3675 3760">
     <span class='ocr_line' id='line_1_84' title="bbox 2024 3685 3675 3760; baseline 0 -18"><span class='ocrx_word' id='word_1_598' title='bbox 2024 3710 2050 3736; x_wconf 90' lang='grc'>‹‹</span> <span class='ocrx_word' id='word_1_599' title='bbox 2085 3704 2221 3760; x_wconf 88' lang='lat' dir='ltr'>ergo</span> <span class='ocrx_word' id='word_1_600' title='bbox 2254 3686 2407 3759; x_wconf 91' lang='lat' dir='ltr'>quod</span> <span class='ocrx_word' id='word_1_601' title='bbox 2439 3689 2711 3741; x_wconf 91' lang='lat' dir='ltr'>tuumest</span> <span class='ocrx_word' id='word_1_602' title='bbox 2729 3687 2961 3755; x_wconf 90' lang='lat' dir='ltr'>etvade,</span> <span class='ocrx_word' id='word_1_603' title='bbox 2982 3685 3504 3750; x_wconf 71' lang='lat' dir='ltr'>»etcaetera.Quasi</span> <span class='ocrx_word' id='word_1_604' title='bbox 3520 3686 3675 3742; x_wconf 91' lang='lat' dir='ltr'>enim</span> 
     </span>
    </p>
   </div>
   <div class='ocr_carea' id='block_1_85' title="bbox 2021 3774 3675 3847">
    <p class='ocr_par' dir='ltr' id='par_1_85' title="bbox 2021 3774 3675 3847">
     <span class='ocr_line' id='line_1_85' title="bbox 2021 3774 3675 3847; baseline 0.001 -17"><span class='ocrx_word' id='word_1_605' title='bbox 2021 3775 2299 3846; x_wconf 83' lang='lat' dir='ltr'>injuriam</span> <span class='ocrx_word' id='word_1_606' title='bbox 2332 3776 2487 3831; x_wconf 85' lang='lat' dir='ltr'>Deus</span> <span class='ocrx_word' id='word_1_607' title='bbox 2521 3776 2708 3830; x_wconf 90' lang='lat' dir='ltr'>facere</span> <span class='ocrx_word' id='word_1_608' title='bbox 2738 3774 3052 3843; x_wconf 89' lang='lat' dir='ltr'>videretur,</span> <span class='ocrx_word' id='word_1_609' title='bbox 3085 3775 3134 3832; x_wconf 90' lang='lat' dir='ltr'>si</span> <span class='ocrx_word' id='word_1_610' title='bbox 3186 3776 3339 3847; x_wconf 87' lang='lat' dir='ltr'>quod</span> <span class='ocrx_word' id='word_1_611' title='bbox 3371 3792 3439 3830; x_wconf 85' lang='lat' dir='ltr'>ex</span> <span class='ocrx_word' id='word_1_612' title='bbox 3485 3775 3675 3831; x_wconf 87' lang='lat' dir='ltr'>debuo</span> 
     </span>
    </p>
   </div>
   <div class='ocr_carea' id='block_1_86' title="bbox 2022 3863 3673 3935">
    <p class='ocr_par' dir='ltr' id='par_1_86' title="bbox 2022 3863 3673 3935">
     <span class='ocr_line' id='line_1_86' title="bbox 2022 3863 3673 3935; baseline 0 -15"><span class='ocrx_word' id='word_1_613' title='bbox 2022 3866 2274 3929; x_wconf 90' lang='lat' dir='ltr'>deberet,</span> <span class='ocrx_word' id='word_1_614' title='bbox 2307 3882 2373 3919; x_wconf 82' lang='lat' dir='ltr'>ex</span> <span class='ocrx_word' id='word_1_615' title='bbox 2403 3863 2642 3935; x_wconf 72' lang='lat' dir='ltr'>praemio</span> <span class='ocrx_word' id='word_1_616' title='bbox 2673 3880 2788 3919; x_wconf 90' lang='lat' dir='ltr'>non</span> <span class='ocrx_word' id='word_1_617' title='bbox 2821 3864 3123 3934; x_wconf 86' lang='lat' dir='ltr'>redderet;</span> <span class='ocrx_word' id='word_1_618' title='bbox 3156 3881 3290 3921; x_wconf 92' lang='lat' dir='ltr'>cum</span> <span class='ocrx_word' id='word_1_619' title='bbox 3321 3881 3453 3920; x_wconf 87' lang='lat' dir='ltr'>vero</span> <span class='ocrx_word' id='word_1_620' title='bbox 3493 3863 3673 3920; x_wconf 89' lang='lat' dir='ltr'>nullis</span> 
     </span>
    </p>
   </div>
   <div class='ocr_carea' id='block_1_87' title="bbox 2022 3951 3678 4027">
    <p class='ocr_par' dir='ltr' id='par_1_87' title="bbox 2022 3951 3678 4027">
     <span class='ocr_line' id='line_1_87' title="bbox 2022 3951 3678 4027; baseline -0.001 -18"><span class='ocrx_word' id='word_1_621' title='bbox 2022 3971 2124 4027; x_wconf 88' lang='lat' dir='ltr'>per</span> <span class='ocrx_word' id='word_1_622' title='bbox 2155 3952 2439 4018; x_wconf 86' lang='lat' dir='ltr'>debitum,</span> <span class='ocrx_word' id='word_1_623' title='bbox 2474 3953 2574 4008; x_wconf 91' lang='lat' dir='ltr'>scd</span> <span class='ocrx_word' id='word_1_624' title='bbox 2606 3951 2975 4008; x_wconf 88' lang='lat' dir='ltr'>solummodo</span> <span class='ocrx_word' id='word_1_625' title='bbox 3007 3953 3438 4026; x_wconf 90' lang='lat' dir='ltr'>pergratuitam</span> <span class='ocrx_word' id='word_1_626' title='bbox 3452 3953 3678 4010; x_wconf 89' lang='lat' dir='ltr'>miscri-</span> 
     </span>
    </p>
   </div>
   <div class='ocr_carea' id='block_1_88' title="bbox 2022 4041 3673 4114">
    <p class='ocr_par' dir='ltr' id='par_1_88' title="bbox 2022 4041 3673 4114">
     <span class='ocr_line' id='line_1_88' title="bbox 2022 4041 3673 4114; baseline -0.001 -15"><span class='ocrx_word' id='word_1_627' title='bbox 2022 4043 2302 4109; x_wconf 88' lang='lat' dir='ltr'>cordiam,</span> <span class='ocrx_word' id='word_1_628' title='bbox 2336 4042 2553 4114; x_wconf 89' lang='lat' dir='ltr'>quibus</span> <span class='ocrx_word' id='word_1_629' title='bbox 2584 4042 2725 4105; x_wconf 88' lang='lat' dir='ltr'>vult,</span> <span class='ocrx_word' id='word_1_630' title='bbox 2759 4042 2985 4110; x_wconf 87' lang='lat' dir='ltr'>tribuit,</span> <span class='ocrx_word' id='word_1_631' title='bbox 3019 4041 3219 4098; x_wconf 89' lang='lat' dir='ltr'>nullus</span> <span class='ocrx_word' id='word_1_632' title='bbox 3249 4047 3454 4098; x_wconf 67' lang='lat' dir='ltr'>contra</span> <span class='ocrx_word' id='word_1_633' title='bbox 3488 4043 3673 4114; x_wconf 77' lang='lat' dir='ltr'>justi-</span> 
     </span>
    </p>
   </div>
   <div class='ocr_carea' id='block_1_89' title="bbox 2020 4130 3677 4203">
    <p class='ocr_par' dir='ltr' id='par_1_89' title="bbox 2020 4130 3677 4203">
     <span class='ocr_line' id='line_1_89' title="bbox 2020 4130 3677 4203; baseline -0.001 -16"><span class='ocrx_word' id='word_1_634' title='bbox 2020 4133 2164 4188; x_wconf 85' lang='lat' dir='ltr'>tiam</span> <span class='ocrx_word' id='word_1_635' title='bbox 2199 4131 2298 4187; x_wconf 92' lang='lat' dir='ltr'>Dei</span> <span class='ocrx_word' id='word_1_636' title='bbox 2330 4147 2700 4186; x_wconf 86' lang='lat' dir='ltr'>murmurare</span> <span class='ocrx_word' id='word_1_637' title='bbox 2726 4136 2935 4202; x_wconf 88' lang='lat' dir='ltr'>potest,</span> <span class='ocrx_word' id='word_1_638' title='bbox 2970 4131 3250 4203; x_wconf 90' lang='lat' dir='ltr'>quoniam</span> <span class='ocrx_word' id='word_1_639' title='bbox 3283 4131 3375 4186; x_wconf 93' lang='lat' dir='ltr'>cui</span> <span class='ocrx_word' id='word_1_640' title='bbox 3406 4130 3530 4186; x_wconf 91' lang='lat' dir='ltr'>vult</span> <span class='ocrx_word' id='word_1_641' title='bbox 3561 4131 3677 4186; x_wconf 90' lang='lat' dir='ltr'>mi-</span> 
     </span>
    </p>
   </div>
   <div class='ocr_carea' id='block_1_90' title="bbox 2021 4218 3675 4291">
    <p class='ocr_par' dir='ltr' id='par_1_90' title="bbox 2021 4218 3675 4291">
     <span class='ocr_line' id='line_1_90' title="bbox 2021 4218 3675 4291; baseline -0.002 -14"><span class='ocrx_word' id='word_1_642' title='bbox 2021 4226 2266 4283; x_wconf 89' lang='lat' dir='ltr'>seretur,</span> <span class='ocrx_word' id='word_1_643' title='bbox 2300 4225 2356 4276; x_wconf 87' lang='lat' dir='ltr'>et</span> <span class='ocrx_word' id='word_1_644' title='bbox 2384 4236 2557 4291; x_wconf 88' lang='lat' dir='ltr'>quem</span> <span class='ocrx_word' id='word_1_645' title='bbox 2589 4219 2713 4274; x_wconf 91' lang='lat' dir='ltr'>vult</span> <span class='ocrx_word' id='word_1_646' title='bbox 2740 4219 3000 4288; x_wconf 89' lang='lat' dir='ltr'>indurat,</span> <span class='ocrx_word' id='word_1_647' title='bbox 3035 4221 3347 4275; x_wconf 89' lang='lat' dir='ltr'>miseretur</span> <span class='ocrx_word' id='word_1_648' title='bbox 3367 4218 3492 4275; x_wconf 88' lang='lat' dir='ltr'>sola</span> <span class='ocrx_word' id='word_1_649' title='bbox 3510 4219 3675 4274; x_wconf 84' lang='lat' dir='ltr'>boui-</span> 
     </span>
    </p>
   </div>
   <div class='ocr_carea' id='block_1_91' title="bbox 2020 4307 3676 4380">
    <p class='ocr_par' dir='ltr' id='par_1_91' title="bbox 2020 4307 3676 4380">
     <span class='ocr_line' id='line_1_91' title="bbox 2020 4307 3676 4380; baseline -0.001 -14"><span class='ocrx_word' id='word_1_650' title='bbox 2020 4315 2158 4379; x_wconf 88' lang='lat' dir='ltr'>tate,</span> <span class='ocrx_word' id='word_1_651' title='bbox 2192 4310 2430 4366; x_wconf 88' lang='lat' dir='ltr'>indurat</span> <span class='ocrx_word' id='word_1_652' title='bbox 2460 4307 2620 4362; x_wconf 90' lang='lat' dir='ltr'>nulla</span> <span class='ocrx_word' id='word_1_653' title='bbox 2651 4307 2992 4379; x_wconf 87' lang='lat' dir='ltr'>iniquitate:</span> <span class='ocrx_word' id='word_1_654' title='bbox 3028 4308 3167 4380; x_wconf 90' lang='lat' dir='ltr'>quia</span> <span class='ocrx_word' id='word_1_655' title='bbox 3188 4307 3676 4380; x_wconf 88' lang='lat' dir='ltr'>etsijudiciaejus</span> 
     </span>
    </p>
   </div>
   <div class='ocr_carea' id='block_1_92' title="bbox 2020 4395 3675 4470">
    <p class='ocr_par' dir='ltr' id='par_1_92' title="bbox 2020 4395 3675 4470">
     <span class='ocr_line' id='line_1_92' title="bbox 2020 4395 3675 4470; baseline -0.002 -16"><span class='ocrx_word' id='word_1_656' title='bbox 2020 4398 2337 4470; x_wconf 86' lang='lat' dir='ltr'>aliquando</span> <span class='ocrx_word' id='word_1_657' title='bbox 2371 4401 2507 4452; x_wconf 90' lang='lat' dir='ltr'>sunt</span> <span class='ocrx_word' id='word_1_658' title='bbox 2532 4395 2779 4463; x_wconf 90' lang='lat' dir='ltr'>occulta,</span> <span class='ocrx_word' id='word_1_659' title='bbox 2815 4412 2929 4451; x_wconf 91' lang='lat' dir='ltr'>non</span> <span class='ocrx_word' id='word_1_660' title='bbox 2970 4400 3166 4451; x_wconf 89' lang='lat' dir='ltr'>tamen</span> <span class='ocrx_word' id='word_1_661' title='bbox 3218 4396 3458 4468; x_wconf 89' lang='lat' dir='ltr'>injusta.</span> <span class='ocrx_word' id='word_1_662' title='bbox 3512 4396 3675 4460; x_wconf 89' lang='lat' dir='ltr'>Quod</span> 
     </span>
    </p>
   </div>
   <div class='ocr_carea' id='block_1_93' title="bbox 2018 4483 3676 4558">
    <p class='ocr_par' dir='ltr' id='par_1_93' title="bbox 2018 4483 3676 4558">
     <span class='ocr_line' id='line_1_93' title="bbox 2018 4483 3676 4558; baseline -0.002 -14"><span class='ocrx_word' id='word_1_663' title='bbox 2018 4505 2152 4544; x_wconf 91' lang='lat' dir='ltr'>vero</span> <span class='ocrx_word' id='word_1_664' title='bbox 2184 4485 2490 4542; x_wconf 89' lang='lat' dir='ltr'>subditur:</span> <span class='ocrx_word' id='word_1_665' title='bbox 2527 4509 2552 4535; x_wconf 83' lang='lat'><strong>«</strong></span> <span class='ocrx_word' id='word_1_666' title='bbox 2589 4485 2684 4540; x_wconf 90' lang='lat' dir='ltr'>Sic</span> <span class='ocrx_word' id='word_1_667' title='bbox 2716 4483 3676 4558; x_wconf 89' lang='lat' dir='ltr'>cruntnovissimiprimi,etprimi</span> 
     </span>
    </p>
   </div>
   <div class='ocr_carea' id='block_1_94' title="bbox 259 4572 3675 4667">
    <p class='ocr_par' dir='ltr' id='par_1_94' title="bbox 259 4572 3675 4667">
     <span class='ocr_line' id='line_1_94' title="bbox 259 4572 3675 4667; baseline -0.001 -33"><span class='ocrx_word' id='word_1_668' title='bbox 259 4587 680 4660; x_wconf 67' lang='lat' dir='ltr'>«accipientes,</span> <span class='ocrx_word' id='word_1_669' title='bbox 706 4586 1159 4641; x_wconf 77' lang='lat' dir='ltr'>murmurabant</span> <span class='ocrx_word' id='word_1_670' title='bbox 1192 4585 1471 4641; x_wconf 77' lang='lat' dir='ltr'>adversus</span> <span class='ocrx_word' id='word_1_671' title='bbox 1511 4586 1910 4658; x_wconf 72' lang='lat' dir='ltr'>patremfami-</span> <span class='ocrx_word' id='word_1_672' title='bbox 1944 4603 1989 4667; x_wconf 87' lang='lat' dir='ltr'><strong>D</strong></span> <span class='ocrx_word' id='word_1_673' title='bbox 2022 4602 2049 4629; x_wconf 90' lang='grc'><strong>‹‹</strong></span> <span class='ocrx_word' id='word_1_674' title='bbox 2086 4572 2411 4643; x_wconf 72' lang='lat' dir='ltr'>novissimi,</span> <span class='ocrx_word' id='word_1_675' title='bbox 2451 4597 2470 4624; x_wconf 75' lang='grc' dir='ltr'>ι»</span> <span class='ocrx_word' id='word_1_676' title='bbox 2508 4573 2771 4646; x_wconf 88' lang='lat' dir='ltr'>quotidie</span> <span class='ocrx_word' id='word_1_677' title='bbox 2799 4573 2859 4628; x_wconf 90' lang='lat' dir='ltr'>in</span> <span class='ocrx_word' id='word_1_678' title='bbox 2891 4573 3148 4629; x_wconf 78' lang='lat' dir='ltr'>Ecclesia</span> <span class='ocrx_word' id='word_1_679' title='bbox 3181 4574 3303 4629; x_wconf 80' lang='lat' dir='ltr'>ﬁeri</span> <span class='ocrx_word' id='word_1_680' title='bbox 3358 4574 3675 4641; x_wconf 90' lang='lat' dir='ltr'>cernimus,</span> 
     </span>
    </p>
   </div>
   <div class='ocr_carea' id='block_1_95' title="bbox 261 4673 1911 4747">
    <p class='ocr_par' dir='ltr' id='par_1_95' title="bbox 261 4673 1911 4747">
     <span class='ocr_line' id='line_1_95' title="bbox 261 4673 1911 4747; baseline 0 -18"><span class='ocrx_word' id='word_1_681' title='bbox 261 4696 284 4723; x_wconf 80' lang='grc' dir='ltr'><em>α</em></span> <span class='ocrx_word' id='word_1_682' title='bbox 306 4673 429 4743; x_wconf 81' lang='lat' dir='ltr'>llas,</span> <span class='ocrx_word' id='word_1_683' title='bbox 445 4676 731 4732; x_wconf 84' lang='lat' dir='ltr'>dicentes:</span> <span class='ocrx_word' id='word_1_684' title='bbox 748 4674 817 4730; x_wconf 86' lang='lat' dir='ltr'>Hi</span> <span class='ocrx_word' id='word_1_685' title='bbox 834 4673 1136 4731; x_wconf 87' lang='lat' dir='ltr'>novissimi</span> <span class='ocrx_word' id='word_1_686' title='bbox 1151 4673 1425 4730; x_wconf 87' lang='lat' dir='ltr'>unabora</span> <span class='ocrx_word' id='word_1_687' title='bbox 1439 4674 1720 4741; x_wconf 90' lang='lat' dir='ltr'>fecerunt,</span> <span class='ocrx_word' id='word_1_688' title='bbox 1741 4678 1794 4730; x_wconf 91' lang='lat' dir='ltr'>et</span> <span class='ocrx_word' id='word_1_689' title='bbox 1806 4691 1911 4747; x_wconf 90' lang='lat' dir='ltr'>pa-</span> 
     </span>
    </p>
   </div>
   <div class='ocr_carea' id='block_1_96' title="bbox 261 4763 1913 4837">
    <p class='ocr_par' dir='ltr' id='par_1_96' title="bbox 261 4763 1913 4837">
     <span class='ocr_line' id='line_1_96' title="bbox 261 4763 1913 4837; baseline -0.001 -16"><span class='ocrx_word' id='word_1_690' title='bbox 261 4786 284 4812; x_wconf 73' lang='grc' dir='ltr'>ιι</span> <span class='ocrx_word' id='word_1_691' title='bbox 314 4764 550 4822; x_wconf 83' lang='lat' dir='ltr'>resillos</span> <span class='ocrx_word' id='word_1_692' title='bbox 563 4763 735 4821; x_wconf 90' lang='lat' dir='ltr'>nobis</span> <span class='ocrx_word' id='word_1_693' title='bbox 750 4763 958 4831; x_wconf 85' lang='lat' dir='ltr'>fecisti,</span> <span class='ocrx_word' id='word_1_694' title='bbox 979 4764 1075 4837; x_wconf 91' lang='lat' dir='ltr'>qui</span> <span class='ocrx_word' id='word_1_695' title='bbox 1093 4764 1454 4836; x_wconf 87' lang='lat' dir='ltr'>portavimus</span> <span class='ocrx_word' id='word_1_696' title='bbox 1470 4764 1700 4835; x_wconf 91' lang='lat' dir='ltr'>pondus</span> <span class='ocrx_word' id='word_1_697' title='bbox 1714 4763 1822 4819; x_wconf 91' lang='lat' dir='ltr'>diei</span> <span class='ocrx_word' id='word_1_698' title='bbox 1856 4767 1913 4820; x_wconf 92' lang='lat' dir='ltr'>et</span> 
     </span>
    </p>
   </div>
   <div class='ocr_carea' id='block_1_97' title="bbox 262 4851 1910 4927">
    <p class='ocr_par' dir='ltr' id='par_1_97' title="bbox 262 4851 1910 4927">
     <span class='ocr_line' id='line_1_97' title="bbox 262 4851 1910 4927; baseline -0.001 -18"><span class='ocrx_word' id='word_1_699' title='bbox 262 4875 286 4900; x_wconf 76' lang='grc' dir='ltr'>α</span> <span class='ocrx_word' id='word_1_700' title='bbox 317 4858 513 4910; x_wconf 78' lang='lat' dir='ltr'>aestus.</span> <span class='ocrx_word' id='word_1_701' title='bbox 549 4878 578 4903; x_wconf 86' lang='grc'><strong>››</strong></span> <span class='ocrx_word' id='word_1_702' title='bbox 610 4853 730 4910; x_wconf 84' lang='grc' dir='ltr'>Ηοο</span> <span class='ocrx_word' id='word_1_703' title='bbox 761 4870 1014 4927; x_wconf 90' lang='lat' dir='ltr'>namque</span> <span class='ocrx_word' id='word_1_704' title='bbox 1028 4852 1177 4909; x_wconf 88' lang='lat' dir='ltr'>solet</span> <span class='ocrx_word' id='word_1_705' title='bbox 1202 4851 1610 4925; x_wconf 88' lang='lat' dir='ltr'>contingerein</span> <span class='ocrx_word' id='word_1_706' title='bbox 1632 4851 1910 4919; x_wconf 88' lang='lat' dir='ltr'>Ecclesia,</span> 
     </span>
    </p>
   </div>
   <div class='ocr_carea' id='block_1_98' title="bbox 263 4939 1913 4999">
    <p class='ocr_par' dir='ltr' id='par_1_98' title="bbox 263 4939 1913 4999">
     <span class='ocr_line' id='line_1_98' title="bbox 263 4939 1913 4999; baseline 0 -3"><span class='ocrx_word' id='word_1_707' title='bbox 263 4944 313 4996; x_wconf 84' lang='lat' dir='ltr'>et</span> <span class='ocrx_word' id='word_1_708' title='bbox 339 4941 592 4999; x_wconf 74' lang='lat' dir='ltr'>maxime</span> <span class='ocrx_word' id='word_1_709' title='bbox 622 4942 685 4997; x_wconf 89' lang='lat' dir='ltr'>in</span> <span class='ocrx_word' id='word_1_710' title='bbox 718 4942 1043 4998; x_wconf 88' lang='lat' dir='ltr'>monastico</span> <span class='ocrx_word' id='word_1_711' title='bbox 1065 4941 1290 4997; x_wconf 89' lang='lat' dir='ltr'>ordine.</span> <span class='ocrx_word' id='word_1_712' title='bbox 1310 4940 1544 4996; x_wconf 91' lang='lat' dir='ltr'>Pondus</span> <span class='ocrx_word' id='word_1_713' title='bbox 1558 4939 1712 4994; x_wconf 85' lang='lat' dir='ltr'>enim</span> <span class='ocrx_word' id='word_1_714' title='bbox 1729 4940 1840 4996; x_wconf 92' lang='lat' dir='ltr'>diei</span> <span class='ocrx_word' id='word_1_715' title='bbox 1856 4946 1913 4996; x_wconf 92' lang='lat' dir='ltr'>et</span> 
     </span>
    </p>
   </div>
   <div class='ocr_carea' id='block_1_99' title="bbox 264 5027 1913 5102">
    <p class='ocr_par' dir='ltr' id='par_1_99' title="bbox 264 5027 1913 5102">
     <span class='ocr_line' id='line_1_99' title="bbox 264 5027 1913 5102; baseline 0 -18"><span class='ocrx_word' id='word_1_716' title='bbox 264 5033 426 5086; x_wconf 67' lang='lat' dir='ltr'>estus</span> <span class='ocrx_word' id='word_1_717' title='bbox 455 5030 543 5085; x_wconf 91' lang='lat' dir='ltr'>illi</span> <span class='ocrx_word' id='word_1_718' title='bbox 577 5029 895 5098; x_wconf 88' lang='lat' dir='ltr'>sustinent,</span> <span class='ocrx_word' id='word_1_719' title='bbox 929 5030 1030 5102; x_wconf 92' lang='lat' dir='ltr'>qui</span> <span class='ocrx_word' id='word_1_720' title='bbox 1061 5030 1133 5085; x_wconf 92' lang='lat' dir='ltr'>ab</span> <span class='ocrx_word' id='word_1_721' title='bbox 1165 5030 1292 5102; x_wconf 87' lang='lat' dir='ltr'>ipsa</span> <span class='ocrx_word' id='word_1_722' title='bbox 1320 5027 1648 5100; x_wconf 90' lang='lat' dir='ltr'>pueritiain</span> <span class='ocrx_word' id='word_1_723' title='bbox 1685 5028 1913 5100; x_wconf 86' lang='lat' dir='ltr'>regula-</span> 
     </span>
    </p>
   </div>
   <div class='ocr_carea' id='block_1_100' title="bbox 263 5116 1912 5192">
    <p class='ocr_par' dir='ltr' id='par_1_100' title="bbox 263 5116 1912 5192">
     <span class='ocr_line' id='line_1_100' title="bbox 263 5116 1912 5192; baseline 0.001 -21"><span class='ocrx_word' id='word_1_724' title='bbox 263 5116 416 5174; x_wconf 88' lang='lat' dir='ltr'>ribus</span> <span class='ocrx_word' id='word_1_725' title='bbox 447 5117 782 5192; x_wconf 83' lang='lat' dir='ltr'>disciplinis</span> <span class='ocrx_word' id='word_1_726' title='bbox 815 5118 1043 5185; x_wconf 89' lang='lat' dir='ltr'>nutriti,</span> <span class='ocrx_word' id='word_1_727' title='bbox 1074 5117 1134 5173; x_wconf 92' lang='lat' dir='ltr'>in</span> <span class='ocrx_word' id='word_1_728' title='bbox 1166 5116 1406 5190; x_wconf 84' lang='lat' dir='ltr'>vigiliis,</span> <span class='ocrx_word' id='word_1_729' title='bbox 1452 5116 1513 5172; x_wconf 89' lang='lat' dir='ltr'>in</span> <span class='ocrx_word' id='word_1_730' title='bbox 1559 5116 1819 5189; x_wconf 84' lang='lat' dir='ltr'>jejuniis,</span> <span class='ocrx_word' id='word_1_731' title='bbox 1852 5118 1912 5172; x_wconf 91' lang='lat' dir='ltr'>in</span> 
     </span>
    </p>
   </div>
   <div class='ocr_carea' id='block_1_101' title="bbox 265 5203 1910 5277">
    <p class='ocr_par' dir='ltr' id='par_1_101' title="bbox 265 5203 1910 5277">
     <span class='ocr_line' id='line_1_101' title="bbox 265 5203 1910 5277; baseline 0.001 -18"><span class='ocrx_word' id='word_1_732' title='bbox 265 5203 448 5264; x_wconf 84' lang='lat' dir='ltr'>labore</span> <span class='ocrx_word' id='word_1_733' title='bbox 483 5224 772 5264; x_wconf 88' lang='lat' dir='ltr'>manuum</span> <span class='ocrx_word' id='word_1_734' title='bbox 803 5207 1090 5263; x_wconf 85' lang='lat' dir='ltr'>desudare</span> <span class='ocrx_word' id='word_1_735' title='bbox 1121 5210 1432 5277; x_wconf 89' lang='lat' dir='ltr'>coguntur.</span> <span class='ocrx_word' id='word_1_736' title='bbox 1466 5206 1616 5261; x_wconf 91' lang='lat' dir='ltr'>Sunt</span> <span class='ocrx_word' id='word_1_737' title='bbox 1642 5223 1776 5260; x_wconf 88' lang='lat' dir='ltr'>vero</span> <span class='ocrx_word' id='word_1_738' title='bbox 1792 5205 1910 5273; x_wconf 90' lang='lat' dir='ltr'>alii,</span> 
     </span>
    </p>
   </div>
   <div class='ocr_carea' id='block_1_102' title="bbox 262 5292 1910 5369">
    <p class='ocr_par' dir='ltr' id='par_1_102' title="bbox 262 5292 1910 5369">
     <span class='ocr_line' id='line_1_102' title="bbox 262 5292 1910 5369; baseline 0 -19"><span class='ocrx_word' id='word_1_739' title='bbox 262 5294 353 5365; x_wconf 86' lang='lat' dir='ltr'>qui</span> <span class='ocrx_word' id='word_1_740' title='bbox 387 5313 574 5369; x_wconf 91' lang='lat' dir='ltr'>usque</span> <span class='ocrx_word' id='word_1_741' title='bbox 601 5296 672 5355; x_wconf 87' lang='lat' dir='ltr'>ad</span> <span class='ocrx_word' id='word_1_742' title='bbox 725 5299 1087 5353; x_wconf 90' lang='lat' dir='ltr'>senectutem</span> <span class='ocrx_word' id='word_1_743' title='bbox 1134 5292 1222 5350; x_wconf 94' lang='lat' dir='ltr'>vel</span> <span class='ocrx_word' id='word_1_744' title='bbox 1275 5293 1632 5366; x_wconf 89' lang='lat' dir='ltr'>decrepitam</span> <span class='ocrx_word' id='word_1_745' title='bbox 1680 5298 1910 5350; x_wconf 74' lang='lat' dir='ltr'>aetatem</span> 
     </span>
    </p>
   </div>
   <div class='ocr_carea' id='block_1_103' title="bbox 269 5382 1911 5452">
    <p class='ocr_par' dir='ltr' id='par_1_103' title="bbox 269 5382 1911 5452">
     <span class='ocr_line' id='line_1_103' title="bbox 269 5382 1911 5452; baseline 0.003 -18"><span class='ocrx_word' id='word_1_746' title='bbox 269 5384 568 5441; x_wconf 85' lang='lat' dir='ltr'>carnaliter</span> <span class='ocrx_word' id='word_1_747' title='bbox 594 5385 659 5441; x_wconf 88' lang='lat' dir='ltr'>in</span> <span class='ocrx_word' id='word_1_748' title='bbox 693 5383 905 5442; x_wconf 78' lang='lat' dir='ltr'>saeculo</span> <span class='ocrx_word' id='word_1_749' title='bbox 952 5383 1171 5452; x_wconf 88' lang='lat' dir='ltr'>vivunt,</span> <span class='ocrx_word' id='word_1_750' title='bbox 1206 5383 1307 5440; x_wconf 89' lang='lat' dir='ltr'>sed</span> <span class='ocrx_word' id='word_1_751' title='bbox 1358 5382 1513 5439; x_wconf 90' lang='lat' dir='ltr'>circa</span> <span class='ocrx_word' id='word_1_752' title='bbox 1558 5383 1735 5440; x_wconf 83' lang='lat' dir='ltr'>finem</span> <span class='ocrx_word' id='word_1_753' title='bbox 1784 5383 1911 5439; x_wconf 68' lang='lat' dir='ltr'>vitae</span> 
     </span>
    </p>
   </div>
   <div class='ocr_carea' id='block_1_104' title="bbox 270 5471 1915 5547">
    <p class='ocr_par' dir='ltr' id='par_1_104' title="bbox 270 5471 1915 5547">
     <span class='ocr_line' id='line_1_104' title="bbox 270 5471 1915 5547; baseline 0.003 -22"><span class='ocrx_word' id='word_1_754' title='bbox 270 5473 542 5545; x_wconf 83' lang='lat' dir='ltr'>conversi,</span> <span class='ocrx_word' id='word_1_755' title='bbox 572 5478 705 5547; x_wconf 88' lang='lat' dir='ltr'>post</span> <span class='ocrx_word' id='word_1_756' title='bbox 734 5474 967 5529; x_wconf 88' lang='lat' dir='ltr'>brevem</span> <span class='ocrx_word' id='word_1_757' title='bbox 985 5471 1421 5529; x_wconf 82' lang='lat' dir='ltr'>tribulationem</span> <span class='ocrx_word' id='word_1_758' title='bbox 1439 5472 1553 5528; x_wconf 92' lang='lat' dir='ltr'>cito</span> <span class='ocrx_word' id='word_1_759' title='bbox 1565 5474 1915 5544; x_wconf 88' lang='lat' dir='ltr'>perveniunt</span> 
     </span>
    </p>
   </div>
   <div class='ocr_carea' id='block_1_105' title="bbox 266 5558 1911 5636">
    <p class='ocr_par' dir='ltr' id='par_1_105' title="bbox 266 5558 1911 5636">
     <span class='ocr_line' id='line_1_105' title="bbox 266 5558 1911 5636; baseline 0.002 -21"><span class='ocrx_word' id='word_1_760' title='bbox 266 5558 336 5615; x_wconf 73' lang='lat' dir='ltr'>ad</span> <span class='ocrx_word' id='word_1_761' title='bbox 361 5561 916 5630; x_wconf 85' lang='lat' dir='ltr'>remunerationem,</span> <span class='ocrx_word' id='word_1_762' title='bbox 948 5565 1006 5620; x_wconf 87' lang='lat' dir='ltr'>et</span> <span class='ocrx_word' id='word_1_763' title='bbox 1035 5578 1170 5620; x_wconf 86' lang='lat' dir='ltr'>cum</span> <span class='ocrx_word' id='word_1_764' title='bbox 1200 5565 1335 5636; x_wconf 90' lang='lat' dir='ltr'>post</span> <span class='ocrx_word' id='word_1_765' title='bbox 1381 5562 1613 5621; x_wconf 87' lang='lat' dir='ltr'>brevem</span> <span class='ocrx_word' id='word_1_766' title='bbox 1654 5560 1911 5618; x_wconf 90' lang='lat' dir='ltr'>laborem</span> 
     </span>
    </p>
   </div>
   <div class='ocr_carea' id='block_1_106' title="bbox 270 5649 1912 5733">
    <p class='ocr_par' dir='ltr' id='par_1_106' title="bbox 270 5649 1912 5733">
     <span class='ocr_line' id='line_1_106' title="bbox 270 5649 1912 5733; baseline 0.005 -30"><span class='ocrx_word' id='word_1_767' title='bbox 270 5654 542 5714; x_wconf 68' lang='lat' dir='ltr'>vocantur</span> <span class='ocrx_word' id='word_1_768' title='bbox 568 5653 635 5715; x_wconf 87' lang='lat' dir='ltr'>ad</span> <span class='ocrx_word' id='word_1_769' title='bbox 671 5651 953 5732; x_wconf 77' lang='lat' dir='ltr'>requiem,</span> <span class='ocrx_word' id='word_1_770' title='bbox 987 5650 1158 5733; x_wconf 83' lang='lat' dir='ltr'>quasi</span> <span class='ocrx_word' id='word_1_771' title='bbox 1189 5651 1525 5713; x_wconf 75' lang='lat' dir='ltr'>adistorum</span> <span class='ocrx_word' id='word_1_772' title='bbox 1547 5649 1912 5729; x_wconf 84' lang='lat' dir='ltr'>acceptiones</span> 
     </span>
    </p>
   </div>
   <div class='ocr_carea' id='block_1_107' title="bbox 2021 4662 3678 4741">
    <p class='ocr_par' dir='ltr' id='par_1_107' title="bbox 2021 4662 3678 4741">
     <span class='ocr_line' id='line_1_107' title="bbox 2021 4662 3678 4741; baseline -0.001 -21"><span class='ocrx_word' id='word_1_773' title='bbox 2021 4665 2158 4741; x_wconf 90' lang='lat' dir='ltr'>quia</span> <span class='ocrx_word' id='word_1_774' title='bbox 2187 4662 2454 4721; x_wconf 90' lang='lat' dir='ltr'>nonnulli</span> <span class='ocrx_word' id='word_1_775' title='bbox 2486 4663 2715 4719; x_wconf 86' lang='lat' dir='ltr'>tardius</span> <span class='ocrx_word' id='word_1_776' title='bbox 2748 4664 2820 4720; x_wconf 90' lang='lat' dir='ltr'>ad</span> <span class='ocrx_word' id='word_1_777' title='bbox 2874 4662 3188 4719; x_wconf 90' lang='lat' dir='ltr'>Dominum</span> <span class='ocrx_word' id='word_1_778' title='bbox 3248 4663 3532 4733; x_wconf 73' lang='lat' dir='ltr'>conversi,</span> <span class='ocrx_word' id='word_1_779' title='bbox 3572 4681 3678 4736; x_wconf 91' lang='lat' dir='ltr'>per</span> 
     </span>
    </p>
   </div>
   <div class='ocr_carea' id='block_1_108' title="bbox 2019 4752 3673 4825">
    <p class='ocr_par' dir='ltr' id='par_1_108' title="bbox 2019 4752 3673 4825">
     <span class='ocr_line' id='line_1_108' title="bbox 2019 4752 3673 4825; baseline -0.001 -14"><span class='ocrx_word' id='word_1_780' title='bbox 2019 4754 2234 4811; x_wconf 90' lang='lat' dir='ltr'>mentis</span> <span class='ocrx_word' id='word_1_781' title='bbox 2268 4754 2547 4809; x_wconf 83' lang='lat' dir='ltr'>fervorem</span> <span class='ocrx_word' id='word_1_782' title='bbox 2584 4757 2640 4808; x_wconf 90' lang='lat' dir='ltr'>et</span> <span class='ocrx_word' id='word_1_783' title='bbox 2671 4752 2828 4825; x_wconf 90' lang='lat' dir='ltr'>piam</span> <span class='ocrx_word' id='word_1_784' title='bbox 2864 4752 3231 4808; x_wconf 89' lang='lat' dir='ltr'>devotionem</span> <span class='ocrx_word' id='word_1_785' title='bbox 3255 4753 3452 4825; x_wconf 88' lang='lat' dir='ltr'>plures</span> <span class='ocrx_word' id='word_1_786' title='bbox 3470 4768 3673 4809; x_wconf 89' lang='lat' dir='ltr'>eorum</span> 
     </span>
    </p>
   </div>
   <div class='ocr_carea' id='block_1_109' title="bbox 2021 4840 3673 4915">
    <p class='ocr_par' dir='ltr' id='par_1_109' title="bbox 2021 4840 3673 4915">
     <span class='ocr_line' id='line_1_109' title="bbox 2021 4840 3673 4915; baseline -0.002 -15"><span class='ocrx_word' id='word_1_787' title='bbox 2021 4844 2391 4911; x_wconf 88' lang='lat' dir='ltr'>antecedunt,</span> <span class='ocrx_word' id='word_1_788' title='bbox 2417 4843 2518 4915; x_wconf 92' lang='lat' dir='ltr'>qui</span> <span class='ocrx_word' id='word_1_789' title='bbox 2549 4842 2742 4914; x_wconf 89' lang='lat' dir='ltr'>tepide</span> <span class='ocrx_word' id='word_1_790' title='bbox 2773 4847 2830 4897; x_wconf 92' lang='lat' dir='ltr'>et</span> <span class='ocrx_word' id='word_1_791' title='bbox 2860 4840 3222 4914; x_wconf 86' lang='lat' dir='ltr'>negligenter</span> <span class='ocrx_word' id='word_1_792' title='bbox 3251 4841 3469 4896; x_wconf 88' lang='lat' dir='ltr'>vivunt.</span> <span class='ocrx_word' id='word_1_793' title='bbox 3512 4841 3673 4905; x_wconf 89' lang='lat' dir='ltr'>Quod</span> 
     </span>
    </p>
   </div>
   <div class='ocr_carea' id='block_1_110' title="bbox 2023 4930 3671 4999">
    <p class='ocr_par' dir='ltr' id='par_1_110' title="bbox 2023 4930 3671 4999">
     <span class='ocr_line' id='line_1_110' title="bbox 2023 4930 3671 4999; baseline -0.003 -9"><span class='ocrx_word' id='word_1_794' title='bbox 2023 4939 2218 4990; x_wconf 81' lang='lat' dir='ltr'>autem</span> <span class='ocrx_word' id='word_1_795' title='bbox 2233 4932 2266 4986; x_wconf 83' lang='lat' dir='ltr'>fi</span> <span class='ocrx_word' id='word_1_796' title='bbox 2278 4933 2401 4988; x_wconf 90' lang='lat' dir='ltr'>nita</span> <span class='ocrx_word' id='word_1_797' title='bbox 2414 4931 2802 4987; x_wconf 84' lang='lat' dir='ltr'>similitudine</span> <span class='ocrx_word' id='word_1_798' title='bbox 2819 4930 3034 4985; x_wconf 90' lang='lat' dir='ltr'>dicitur</span> <span class='ocrx_word' id='word_1_799' title='bbox 3055 4948 3068 4986; x_wconf 92' lang='lat'>:</span> <span class='ocrx_word' id='word_1_800' title='bbox 3087 4954 3114 4980; x_wconf 88' lang='grc'>‹‹</span> <span class='ocrx_word' id='word_1_801' title='bbox 3130 4930 3298 4986; x_wconf 88' lang='lat' dir='ltr'>Multi</span> <span class='ocrx_word' id='word_1_802' title='bbox 3314 4935 3454 4986; x_wconf 89' lang='lat' dir='ltr'>sunt</span> <span class='ocrx_word' id='word_1_803' title='bbox 3466 4931 3671 4999; x_wconf 89' lang='lat' dir='ltr'>vocati,</span> 
     </span>
    </p>
   </div>
   <div class='ocr_carea' id='block_1_111' title="bbox 2023 5019 3674 5099">
    <p class='ocr_par' dir='ltr' id='par_1_111' title="bbox 2023 5019 3674 5099">
     <span class='ocr_line' id='line_1_111' title="bbox 2023 5019 3674 5099; baseline 0.001 -26"><span class='ocrx_word' id='word_1_804' title='bbox 2023 5046 2051 5073; x_wconf 87' lang='grc'>‹‹</span> <span class='ocrx_word' id='word_1_805' title='bbox 2084 5021 2254 5095; x_wconf 90' lang='lat' dir='ltr'>pauci</span> <span class='ocrx_word' id='word_1_806' title='bbox 2285 5038 2418 5077; x_wconf 90' lang='lat' dir='ltr'>vero</span> <span class='ocrx_word' id='word_1_807' title='bbox 2449 5019 2637 5088; x_wconf 90' lang='lat' dir='ltr'>electi,</span> <span class='ocrx_word' id='word_1_808' title='bbox 2676 5042 2702 5067; x_wconf 86' lang='grc'><strong>››</strong></span> <span class='ocrx_word' id='word_1_809' title='bbox 2733 5019 2922 5091; x_wconf 89' lang='lat' dir='ltr'>magis</span> <span class='ocrx_word' id='word_1_810' title='bbox 2937 5019 3265 5075; x_wconf 75' lang='lat' dir='ltr'>times-dum</span> <span class='ocrx_word' id='word_1_811' title='bbox 3280 5024 3369 5076; x_wconf 90' lang='lat' dir='ltr'>est</span> <span class='ocrx_word' id='word_1_812' title='bbox 3386 5037 3674 5099; x_wconf 74' lang='lat' dir='ltr'>quamex-</span> 
     </span>
    </p>
   </div>
   <div class='ocr_carea' id='block_1_112' title="bbox 2024 5107 3677 5185">
    <p class='ocr_par' dir='ltr' id='par_1_112' title="bbox 2024 5107 3677 5185">
     <span class='ocr_line' id='line_1_112' title="bbox 2024 5107 3677 5185; baseline -0.002 -18"><span class='ocrx_word' id='word_1_813' title='bbox 2024 5111 2379 5185; x_wconf 89' lang='lat' dir='ltr'>ponendum.</span> <span class='ocrx_word' id='word_1_814' title='bbox 2413 5110 2627 5165; x_wconf 91' lang='lat' dir='ltr'>Omnes</span> <span class='ocrx_word' id='word_1_815' title='bbox 2657 5107 2833 5175; x_wconf 91' lang='lat' dir='ltr'>enim,</span> <span class='ocrx_word' id='word_1_816' title='bbox 2869 5110 3024 5181; x_wconf 91' lang='lat' dir='ltr'>quod</span> <span class='ocrx_word' id='word_1_817' title='bbox 3048 5109 3233 5165; x_wconf 88' lang='lat' dir='ltr'>vocati</span> <span class='ocrx_word' id='word_1_818' title='bbox 3257 5126 3488 5176; x_wconf 90' lang='lat' dir='ltr'>sumus,</span> <span class='ocrx_word' id='word_1_819' title='bbox 3522 5108 3677 5165; x_wconf 85' lang='lat' dir='ltr'>novi-</span> 
     </span>
    </p>
   </div>
   <div class='ocr_carea' id='block_1_113' title="bbox 2022 5196 3673 5271">
    <p class='ocr_par' dir='ltr' id='par_1_113' title="bbox 2022 5196 3673 5271">
     <span class='ocr_line' id='line_1_113' title="bbox 2022 5196 3673 5271; baseline 0 -15"><span class='ocrx_word' id='word_1_820' title='bbox 2022 5219 2175 5267; x_wconf 89' lang='lat' dir='ltr'>mus,</span> <span class='ocrx_word' id='word_1_821' title='bbox 2208 5204 2405 5255; x_wconf 91' lang='lat' dir='ltr'>utrum</span> <span class='ocrx_word' id='word_1_822' title='bbox 2438 5214 2572 5254; x_wconf 89' lang='lat' dir='ltr'>vero</span> <span class='ocrx_word' id='word_1_823' title='bbox 2604 5196 2794 5266; x_wconf 89' lang='lat' dir='ltr'>electi,</span> <span class='ocrx_word' id='word_1_824' title='bbox 2830 5198 3021 5255; x_wconf 87' lang='lat' dir='ltr'>adhuc</span> <span class='ocrx_word' id='word_1_825' title='bbox 3064 5199 3421 5271; x_wconf 83' lang='lat' dir='ltr'>ignoramus.</span> <span class='ocrx_word' id='word_1_826' title='bbox 3473 5198 3673 5256; x_wconf 87' lang='lat' dir='ltr'>Multis</span> 
     </span>
    </p>
   </div>
   <div class='ocr_carea' id='block_1_114' title="bbox 1992 5287 3671 5361">
    <p class='ocr_par' dir='ltr' id='par_1_114' title="bbox 1992 5287 3671 5361">
     <span class='ocr_line' id='line_1_114' title="bbox 1992 5287 3671 5361; baseline -0.001 -17"><span class='ocrx_word' id='word_1_827' title='bbox 1992 5290 2177 5345; x_wconf 81' lang='lat' dir='ltr'>‘enim</span> <span class='ocrx_word' id='word_1_828' title='bbox 2210 5288 2400 5361; x_wconf 84' lang='lat' dir='ltr'>modis</span> <span class='ocrx_word' id='word_1_829' title='bbox 2431 5303 2537 5342; x_wconf 92' lang='lat' dir='ltr'>nos</span> <span class='ocrx_word' id='word_1_830' title='bbox 2568 5292 2732 5343; x_wconf 87' lang='lat' dir='ltr'>vocat</span> <span class='ocrx_word' id='word_1_831' title='bbox 2764 5287 2940 5355; x_wconf 90' lang='lat' dir='ltr'>Deus,</span> <span class='ocrx_word' id='word_1_832' title='bbox 2974 5304 3076 5360; x_wconf 91' lang='lat' dir='ltr'>per</span> <span class='ocrx_word' id='word_1_833' title='bbox 3104 5288 3300 5345; x_wconf 82' lang='lat' dir='ltr'>ﬁdem.</span> <span class='ocrx_word' id='word_1_834' title='bbox 3353 5305 3456 5361; x_wconf 91' lang='lat' dir='ltr'>per</span> <span class='ocrx_word' id='word_1_835' title='bbox 3482 5287 3671 5361; x_wconf 89' lang='lat' dir='ltr'>bapti-</span> 
     </span>
    </p>
   </div>
   <div class='ocr_carea' id='block_1_115' title="bbox 2022 5375 3667 5451">
    <p class='ocr_par' dir='ltr' id='par_1_115' title="bbox 2022 5375 3667 5451">
     <span class='ocr_line' id='line_1_115' title="bbox 2022 5375 3667 5451; baseline -0.001 -16"><span class='ocrx_word' id='word_1_836' title='bbox 2022 5395 2241 5448; x_wconf 90' lang='lat' dir='ltr'>smum,</span> <span class='ocrx_word' id='word_1_837' title='bbox 2277 5394 2379 5449; x_wconf 88' lang='lat' dir='ltr'>per</span> <span class='ocrx_word' id='word_1_838' title='bbox 2409 5375 2837 5447; x_wconf 80' lang='lat' dir='ltr'>paenitentiam,</span> <span class='ocrx_word' id='word_1_839' title='bbox 2860 5394 3387 5451; x_wconf 87' lang='lat' dir='ltr'>perprospera,per</span> <span class='ocrx_word' id='word_1_840' title='bbox 3408 5378 3667 5449; x_wconf 82' lang='lat' dir='ltr'>adversa,</span> 
     </span>
    </p>
   </div>
   <div class='ocr_carea' id='block_1_116' title="bbox 2020 5464 3671 5542">
    <p class='ocr_par' dir='ltr' id='par_1_116' title="bbox 2020 5464 3671 5542">
     <span class='ocr_line' id='line_1_116' title="bbox 2020 5464 3671 5542; baseline -0.001 -17"><span class='ocrx_word' id='word_1_841' title='bbox 2020 5486 2124 5542; x_wconf 90' lang='lat' dir='ltr'>per</span> <span class='ocrx_word' id='word_1_842' title='bbox 2154 5466 2384 5523; x_wconf 89' lang='lat' dir='ltr'>somnia</span> <span class='ocrx_word' id='word_1_843' title='bbox 2411 5469 2467 5520; x_wconf 93' lang='lat' dir='ltr'>et</span> <span class='ocrx_word' id='word_1_844' title='bbox 2480 5464 2878 5522; x_wconf 85' lang='lat' dir='ltr'>revelationes.</span> <span class='ocrx_word' id='word_1_845' title='bbox 2896 5466 3251 5522; x_wconf 87' lang='lat' dir='ltr'>Suntautem</span> <span class='ocrx_word' id='word_1_846' title='bbox 3269 5465 3671 5539; x_wconf 85' lang='lat' dir='ltr'>nonnulli,qui</span> 
     </span>
    </p>
   </div>
   <div class='ocr_carea' id='block_1_117' title="bbox 2020 5554 3667 5631">
    <p class='ocr_par' dir='ltr' id='par_1_117' title="bbox 2020 5554 3667 5631">
     <span class='ocr_line' id='line_1_117' title="bbox 2020 5554 3667 5631; baseline -0.002 -17"><span class='ocrx_word' id='word_1_847' title='bbox 2020 5574 2155 5615; x_wconf 91' lang='lat' dir='ltr'>cum</span> <span class='ocrx_word' id='word_1_848' title='bbox 2187 5557 2298 5612; x_wconf 79' lang='lat' dir='ltr'>fide</span> <span class='ocrx_word' id='word_1_849' title='bbox 2332 5554 2587 5631; x_wconf 89' lang='lat' dir='ltr'>polleant</span> <span class='ocrx_word' id='word_1_850' title='bbox 2617 5559 2675 5611; x_wconf 90' lang='lat' dir='ltr'>et</span> <span class='ocrx_word' id='word_1_851' title='bbox 2696 5554 3177 5612; x_wconf 69' lang='lat' dir='ltr'>doctrinaeverbis</span> <span class='ocrx_word' id='word_1_852' title='bbox 3206 5555 3456 5625; x_wconf 88' lang='lat' dir='ltr'>luceant,</span> <span class='ocrx_word' id='word_1_853' title='bbox 3472 5559 3667 5611; x_wconf 89' lang='lat' dir='ltr'>tamen</span> 
     </span>
    </p>
   </div>
   <div class='ocr_carea' id='block_1_118' title="bbox 2023 5643 3664 5726">
    <p class='ocr_par' dir='ltr' id='par_1_118' title="bbox 2023 5643 3664 5726">
     <span class='ocr_line' id='line_1_118' title="bbox 2023 5643 3664 5726; baseline -0.004 -20"><span class='ocrx_word' id='word_1_854' title='bbox 2023 5648 2163 5725; x_wconf 87' lang='lat' dir='ltr'>quia</span> <span class='ocrx_word' id='word_1_855' title='bbox 2189 5664 2223 5705; x_wconf 89' lang='lat' dir='ltr'>a</span> <span class='ocrx_word' id='word_1_856' title='bbox 2253 5647 2404 5707; x_wconf 87' lang='lat' dir='ltr'>bono</span> <span class='ocrx_word' id='word_1_857' title='bbox 2436 5663 2607 5726; x_wconf 86' lang='lat' dir='ltr'>opere</span> <span class='ocrx_word' id='word_1_858' title='bbox 2640 5649 2888 5724; x_wconf 88' lang='lat' dir='ltr'>torpent,</span> <span class='ocrx_word' id='word_1_859' title='bbox 2922 5645 2996 5703; x_wconf 87' lang='lat' dir='ltr'>ab</span> <span class='ocrx_word' id='word_1_860' title='bbox 3027 5643 3307 5713; x_wconf 81' lang='lat' dir='ltr'>electione</span> <span class='ocrx_word' id='word_1_861' title='bbox 3337 5643 3438 5705; x_wconf 84' lang='lat' dir='ltr'>Dei</span> <span class='ocrx_word' id='word_1_862' title='bbox 3469 5658 3664 5722; x_wconf 79' lang='lat' dir='ltr'>repro~</span> 
     </span>
    </p>
   </div>
  </div>
