4070 6190
378 375 493 443 {63

936 376 1352 440 llAYMONIS
1398 373 1947 438 HALBERSTAT.
1996 371 2240 436 EPISG.
2289 372 2461 435 UPP.
2505 370 2707 437 PARS
2752 375 2932 435 Il.—
2960 372 3233 437 HOMIL.

3681 366 3795 432 164

376 516 610 581 bantur,
646 511 802 585 quia,
838 515 901 565 ut
930 511 1009 565 ait
1038 474 1291 566 Jacobus
1327 509 1647 583 apostolus:
1672 533 1697 557 ‹‹
1719 506 2028 564 Fidcssiue
2060 510 2112 575 Α
2144 506 2255 562 Sed
2290 524 2471 562 unum
2505 512 2613 576 est,
2649 508 2801 579 quod
2830 507 3080 564 nobisad
3099 504 3516 578 inquirendum
3538 502 3798 577 reliquit,

374 601 649 675 operibus
679 604 915 655 mortua
943 604 1035 655 est
1065 601 1198 671 (Jac.
1252 600 1337 658 ιι).
1377 622 1397 647 ιι
1440 603 1516 654 De
1548 598 1763 653 talibus
1812 596 2026 652 Paulus

375 688 676 763 apostolus
707 688 817 744 ait:
854 713 881 737 «
914 688 1279 745 Confitentur
1305 704 1366 743 se
1397 704 1570 744 nosse
1601 686 1810 754 Deum,
1857 685 2027 742 factis

374 783 569 835 autem
600 782 818 852 negant
850 779 976 849 (Tit.
1002 781 1064 846 ι).
1097 799 1124 827 ››
1157 779 1226 833 Et
1256 777 1541 833 Dominus
1574 776 1631 831 in
1682 774 2021 848 Evangelio:

373 867 559 923 «Non
609 867 801 923 omnis
857 866 957 940 qui
998 866 1137 923 dicit
1196 865 1364 936 mihi,
1428 864 1693 932 Domine,
1753 863 2022 931 Domine,

371 955 615 1011 intrabit
644 957 703 1010 in
737 972 983 1029 regnum
1033 954 1330 1015 ccelorum.
1364 954 1464 1009 sed
1516 954 1614 1025 qui
1652 953 1786 1009 facit
1815 952 2023 1008 volun—

372 1049 551 1100 tatem
612 1043 800 1100 Patris
857 1043 970 1098 mei
1004 1042 1103 1114 qui
1137 1042 1195 1097 in
1246 1042 1406 1097 ccelis
1454 1046 1562 1111 est,
1608 1041 1735 1114 ipse
1784 1041 2027 1096 intrabit

370 1133 429 1189 in
487 1150 731 1206 regnum
791 1131 1069 1188 caelorum
1128 1131 1334 1201 (Matth.
1394 1134 1515 1199 v11).
1552 1153 1580 1181 »
1641 1130 1813 1186 Tales
1857 1146 2024 1184 nam-

364 1238 483 1295 que
513 1223 571 1277 in
603 1222 695 1277 die
716 1220 925 1293 judicii
958 1221 1171 1276 dicturi
1205 1224 1378 1276 sunt:
1420 1219 1683 1286 Domine,
1740 1236 1933 1274 nonne
1962 1217 2022 1274 in

371 1311 607 1367 nomine
638 1316 736 1366 tuo
768 1309 1265 1382 prophetavimus,
1298 1314 1355 1365 et
1372 1309 1617 1364 virtutes
1639 1307 1857 1364 multas
1891 1307 2022 1363 feci-

371 1417 525 1467 mus,
559 1404 617 1455 et
645 1400 937 1454 daemonia
963 1398 1284 1471 ejecimus?
1330 1398 1556 1465 Quibus
1604 1398 2023 1471 respondetur:

369 1492 550 1545 A’men
583 1489 711 1543 dico
740 1488 927 1554 vobis,
960 1505 1075 1543 non
1110 1487 1236 1543 novi
1264 1480 2021 1559 vos.Discediteame,ope-

372 1579 504 1634 rarii
537 1578 882 1651 iniquitatis.
917 1576 1496 1649 Tantoergosolliciti
1521 1593 1648 1632 esse
1668 1577 2021 1633 debemusin

370 1668 522 1724 bono
555 1684 746 1741 Opere,
781 1665 1557 1738 quantoinexcusabilesnos
1578 1682 1704 1722 esse
1719 1665 2023 1722 scimusde

369 1756 688 1823 vocatione,
725 1772 797 1811 ne
829 1754 1472 1828 temporcjudicii,cum
1490 1754 1667 1810 fatuis
1697 1753 2023 1828 virginibus

371 1850 532 1901 extra
551 1846 798 1916 januam
813 1843 2020 1912 remanentes,audiamus:Nesciovos,sed
2055 1886 2103 1952 Β

370 1951 501 1989 cum
518 1933 904 2007 prudentibus
922 1932 1074 1988 intra
1089 1932 1411 1988 thalamum
1426 1933 1626 2006 sponsi
1652 1932 2021 2005 recipiamur.

946 2076 1253 2131 HOMILIA
1291 2076 1455 2130 XXII.

808 2183 948 2221 DOMI
958 2184 991 2221 Ν
1001 2182 1088 2220 lCA
1129 2182 1183 2219 IN
1217 2181 1587 2220 SEXAGESIMA.

443 2292 706 2366 (Luc.vm
719 2294 859 2358 .)«In
876 2288 974 2345 illo
987 2294 1408 2363 tempore,eum
1433 2291 1605 2345 turba
1619 2289 1872 2363 plurima
1887 2309 2030 2347 ron-

374 2406 399 2432 ‹‹
416 2382 719 2447 veniret,et
731 2381 802 2435 de
817 2379 1028 2435 civitati
1040 2381 1147 2434 bus
1161 2383 1537 2451 properarent
1552 2380 1620 2434 ad
1644 2379 1841 2434 Jesum
1854 2422 1868 2446 ,
1882 2380 2029 2436 dixit

372 2495 397 2521 ‹‹
433 2488 535 2543 per
562 2467 1317 2539 similitudinem:Exiitqui
1336 2466 1606 2535 seminat,
1628 2467 1916 2525 seminare
1930 2485 2024 2525 se-

374 2583 401 2610 ‹‹
428 2575 561 2615 men
594 2576 792 2625 suum,
826 2563 883 2614 et
912 2555 1153 2629 reliqua.
1193 2577 1219 2603 ι»
1252 2555 1607 2612 ΡΓίΒάίΟᾶῐὶίϐ
1630 2557 1872 2613 Domino
1888 2557 2023 2613 Jesu

370 2648 449 2704 Ch
461 2648 598 2703 risto
612 2646 878 2720 Evangeli
887 2662 985 2701 um
1004 2644 1164 2717 regni
1179 2643 1453 2710 caelestis,
1479 2645 1675 2700 multze
1692 2647 1875 2701 turbae
1891 2664 2024 2702 eum

370 2737 785 2810 sequebantur,
802 2737 955 2791 sicut
981 2734 1189 2790 diversi
1207 2751 1467 2806 corpore,
1486 2735 1565 2789 ita
1576 2734 1788 2790 diversi
1808 2741 2022 2792 mente.

367 2824 644 2881 Nonnulli
703 2828 940 2897 propter
988 2822 1271 2887 amorem,
1321 2822 1588 2877 nonnulli
1642 2828 1879 2896 propter
1921 2826 2028 2880 ad-

371 2914 772 2980 mirationem;
800 2912 1015 2985 quibus
1048 2911 1332 2966 Dominus
1364 2913 1443 2967 ita
1473 2928 1647 2966 suum
1689 2930 2024 2969 sermonem

368 3003 752 3074 temperabat,
778 3001 913 3056 utin
931 3017 1047 3055 una
1058 3000 1376 3072 eademque
1390 3000 1687 3073 parabola,
1704 3003 2023 3075 unusquis-

365 3108 481 3164 que
515 3108 683 3147 suam
702 3090 1052 3148 sententiam
1073 3089 1324 3155 audiret,
1338 3094 1395 3145 et
1411 3090 1675 3146 omnium
1694 3090 2024 3148 infirmitati

365 3180 994 3247 condescendens,suis
1026 3178 1246 3234 sanctis
1277 3178 1651 3235 sermonibus
1684 3179 2022 3236 similitudi-

2136 595 2405 651 videlicet
2434 599 2709 663 satorem,
2743 613 2917 669 quem
2934 595 3162 652 nullum
3179 594 3391 651 melius
3404 611 3580 668 quam
3600 593 3800 668 ipsum

2137 684 2451 742 Dominum
2482 685 2685 741 Jesum
2701 685 3000 743 Christum
3021 684 3351 757 intelligere
3373 683 3677 750 debemus,
3695 684 3799 757 qui

2136 773 2312 830 homo
2345 773 2554 841 factus,
2590 792 2791 831 semen
2811 774 3085 831 verbiDei
3118 773 3177 829 in
3196 771 3801 829 cordibushominum

2136 862 2468 929 seminavit,
2493 864 2668 936 juxta
2698 864 2853 937 quod
2886 863 3012 937 ipse
3042 864 3100 919 in
3143 862 3257 919 alia
3299 861 3574 936 parabola
3620 861 3798 918 dicit:

2137 952 2246 1018 Qui
2279 951 2532 1008 seminat
2564 953 2783 1010 bonum
2816 969 3016 1009 semen
3049 949 3806 1008 estFiliushominis.Unde

2135 1041 2283 1097 bene
2312 1042 2464 1098 hanc
2496 1041 2950 1098 similitudinem
2982 1039 3614 1111 dicturus,juxtaalios
3634 1057 3803 1096 evan-

2134 1128 2395 1203 gelistas,
2428 1131 2500 1187 de
2559 1131 2735 1187 domo
2799 1130 3036 1199 exiisse,
3092 1147 3253 1186 mare
3310 1129 3801 1196 adiisse,.navcm

2134 1219 2473 1276 ascendisse
2504 1224 3025 1287 commemoratur,
3058 1218 3186 1291 ipso
3239 1218 3355 1274 situ
3405 1218 3667 1291 corporis
3707 1218 3804 1274 de-

2134 1312 2471 1364 monstrans
2498 1309 2651 1381 quod
2684 1325 2782 1365 ore
2813 1308 3141 1382 promebat.
3174 1308 3339 1364 Sicut
3355 1306 3509 1364 enim
3539 1308 3801 1381 prudens

2134 1397 2391 1470 agricola
2419 1402 2551 1470 post
2580 1397 3033 1454 eradicationem
3065 1397 3329 1470 veprium
3370 1402 3427 1452 et
3468 1388 3800 1469 spid‘arum,

2133 1491 2265 1559 post
2294 1482 2589 1543 excultum
2621 1504 2831 1560 agrum
2861 1486 3038 1543 aratri
3062 1503 3311 1555 vomere,
3336 1487 3404 1542 de
3436 1487 3608 1542 domo
3644 1502 3804 1559 egre-

2132 1575 2525 1641 diens,semen
2540 1592 2739 1631 secum
2753 1576 2937 1631 defert
2949 1580 3007 1632 et
3020 1576 3076 1630 in
3092 1580 3305 1630 terram
3321 1574 3561 1648 spargit.
3573 1574 3803 1631 utmul-

2132 1662 2459 1736 tiplicatum
2492 1663 2635 1719 illud
2650 1663 2919 1736 recipiat;
2948 1663 3506 1720 itaDominusJesus
3529 1662 3805 1721 Christus

2133 1756 2267 1824 post
2296 1753 2591 1809 excultum
2626 1769 2855 1827 agrum,
2887 1752 2941 1808 id
2972 1757 3061 1809 est
3090 1769 3189 1808 cor
3202 1752 3678 1824 Judaaorum,per
3701 1764 3803 1825 p.1-

2132 1841 2525 1901 triarcharum
2575 1846 2631 1897 et
2688 1841 3111 1915 prophetarum
3171 1841 3665 1914 praedicationem,
3726 1842 3800 1897 de

2134 1931 2307 1986 domo
2337 1931 2494 1995 exiit,
2528 1931 2587 1985 id
2617 1936 2709 1986 est
2738 1932 2960 1986 mundo
2992 1930 3241 1987 visibilis
3272 1930 3561 2004 apparuit:
3588 1947 3797 1986 navem

2136 2019 2417 2085 ascendit,
2451 2020 2591 2092 quia
2618 2020 2677 2075 in
2710 2019 2968 2076 Ecclesia
2985 2037 3087 2093 per
3113 2020 3287 2075 fidem
3306 2019 3677 2088 habitavit,et
3702 2035 3796 2075 se.-

2135 2126 2269 2164 men
2303 2108 2626 2182 spirituale,
2660 2109 2718 2165 id
2750 2113 2840 2165 est
2868 2110 3108 2165 verbum
3130 2109 3799 2176 Dei,incordibusaudi-

2136 2200 2330 2251 torum
2362 2197 2703 2252 seminavit:
2737 2214 2851 2252 non
2886 2198 3041 2270 quod
3069 2196 3194 2269 ipse
3226 2214 3340 2253 non
3372 2197 3614 2253 haberet
3637 2197 3798 2252 unde

2136 2285 2449 2358 colligeret,
2486 2286 2585 2341 sed
2620 2285 3165 2342 utnosinborreum
3185 2286 3793 2359 Patriscongregaret.

2136 2374 2282 2429 Nam
2316 2379 2374 2429 et
2404 2373 2598 2440 hodie,
2622 2391 2754 2430 cum
2772 2375 3179 2448 praedicatores
3191 2379 3248 2430 et
3262 2375 3525 2431 doctores
3546 2375 3795 2430 verbum

2137 2461 2351 2517 Christi
2386 2463 2725 2535 praedicant,
2761 2462 2931 2535 quasi
2967 2464 3088 2537 ipse
3120 2463 3388 2519 Christus
3410 2480 3604 2519 semen
3622 2464 3799 2519 semi-

2138 2555 2270 2607 nat:
2307 2552 2448 2625 quia
2484 2576 2503 2602 α
2542 2552 2655 2607 nisi
2689 2552 2975 2608 Dominus
3006 2552 3377 2608 azdilicaverit
3406 2551 3795 2616 civitatem,in

2134 2657 2352 2695 vanum
2383 2640 2656 2697 laborant
2685 2641 2786 2713 qui
2818 2640 3107 2697 aediﬁcant
3136 2657 3264 2698 eam
3296 2642 3468 2711 (Psal.
3518 2642 3730 2713 (πυκνί),
3766 2665 3795 2691 ››

2136 2734 2195 2785 et
2224 2730 2336 2784 nisi
2369 2730 2653 2786 Dominus
2684 2747 2784 2786 cor
2814 2729 3194 2786 illustraverit
3223 2730 3579 2796 auditorum,
3602 2730 3661 2785 in
3693 2748 3797 2786 va-

2136 2835 2313 2874 cuum
2345 2818 2571 2874 laborat
2600 2835 2791 2875 sermo
2822 2820 3146 2875 doctorum.
3181 2819 3345 2876 Unde
3377 2818 3591 2875 Paulus
3620 2836 3794 2875 suam

2134 2909 2606 2981 praadicationem
2638 2914 2696 2965 et
2727 2909 3154 2983 discipulorum
3204 2908 3595 2965 obedientiam
3637 2908 3790 2964 nihil

2134 2999 2244 3055 sibi
2278 3003 2579 3070 reputans,
2612 2998 2868 3054 dicebat:
2905 3023 2933 3050 ‹‹
2966 3000 3085 3071 Ego
3118 2997 3394 3071 plantavi,
3418 2998 3619 3071 Apollo
3633 2997 3789 3071 riga-

2131 3088 2234 3143 vit.
2270 3092 2420 3145 Deus
2461 3093 2655 3144 autem
2704 3089 3132 3144 incrementum
3188 3088 3348 3143 dedit
3379 3089 3427 3159 (l
3475 3087 3596 3146 Cor.
3650 3090 3796 3156 111).:

2132 3177 2242 3233 Sed
2278 3177 2417 3249 quia
2448 3194 2561 3232 non
2594 3194 2800 3232 omnes
2824 3194 2940 3233 uno
2973 3178 3145 3233 modo
3175 3178 3304 3249 ejus
3320 3175 3799 3249 praedicationem

366 3288 469 3327 nes
490 3272 561 3325 de
582 3271 756 3326 rebus
787 3268 1541 3334 visibilibusadhibebat.ut
1572 3285 1674 3341 per
1703 3286 1823 3324 rem
1837 3269 2031 3325 visibi-
2059 3247 2102 3312 Π
2142 3247 2509 3337 acceperunt,
2537 3265 2969 3333 manifestatur,
2998 3282 3135 3333 cum
3171 3247 3471 3321 subditur:
3513 3289 3532 3314 α
3569 3265 3634 3319 Et
3653 3266 3803 3321 dum

366 3354 479 3413 lem
498 3358 776 3414 invisibili
797 3373 1184 3429 acognoseere
1202 3356 1514 3411 discerent.
1534 3355 1695 3410 Unde
1714 3357 1866 3411 sicut
1887 3356 2031 3412 Mat-

364 3447 549 3502 theus
579 3447 659 3501 ait
691 3464 753 3502 :«
785 3443 2031 3516 LoquebaturJesuscumdiscipulissuisin

368 3533 687 3607 parabolis,
723 3537 779 3589 et
792 3533 919 3588 sine
934 3531 1230 3605 parabolis
1248 3547 1362 3586 non
1378 3530 1843 3604 loquebatureis.
1862 3555 1890 3582 ››
1903 3533 2029 3589 Non

364 3629 560 3679 tamen
572 3627 655 3681 .ut
674 3621 917 3694 quidam
932 3621 1193 3686 tradunt,
1212 3623 1276 3674 ut
1291 3619 1610 3691 aliquando
1627 3637 1739 3675 non
1760 3620 2030 3693 loquere-

363 3718 460 3767 tur
488 3711 613 3768 sine
643 3709 962 3783 parabolis,
996 3709 1100 3763 sed
1135 3709 1193 3764 in
1228 3707 1311 3762 illi
1365 3708 1793 3781 praedicatione,
1847 3727 2025 3783 quam

365 3800 674 3857 Matthteus
708 3798 783 3855 ibi
819 3797 1114 3863 describit,
1150 3814 1264 3851 non
1282 3796 1716 3870 aliterquamin
1736 3800 2027 3871 parabolis

365 3886 731 3962 loquebatur.
767 3887 931 3944 Sicut
960 3886 1114 3941 enim
1147 3886 1574 3959 quadripartito
1600 3888 1874 3954 modo,ut
1887 3888 2028 3944 dixi-

366 3996 519 4045 mus,
554 3994 689 4034 eum
719 3976 1140 4048 sequebantur,
1172 3974 1254 4030 ita
1284 3992 1537 4048 quoque,
1571 3976 2024 4048 utquidamtra-

366 4069 534 4135 dunt,
569 4063 997 4139 quadripartito
1021 4063 1193 4119 modo
1208 4079 1382 4134 suum
1398 4080 1726 4120 sermonem
1745 4069 2028 4138 tempera-

365 4157 483 4225 bat,
513 4155 761 4229 loqueas
793 4154 884 4211 eis
909 4153 968 4208 in
1001 4151 1296 4225 parabolis
1326 4156 1383 4208 et
1413 4153 1541 4208 sine
1573 4154 1889 4226 parabolis,
1925 4173 2028 4228 per

364 4245 784 4303 similitudines
815 4241 1755 4313 etdissimilitudines.Aliquando
1770 4261 2025 4317 namque

363 4335 645 4392 Dominus
674 4334 735 4389 in
753 4330 1500 4403 suislocutionibusaliqua
1515 4332 1833 4403 aperiebat,
1854 4336 1909 4388 et
1923 4333 2026 4389 ali-

363 4442 478 4497 qua
508 4423 839 4490 claudebat,
874 4426 938 4478 ut
989 4437 1093 4495 per
1124 4420 1232 4476 hoc
1264 4420 1420 4492 quod
1470 4419 1858 4494 intelligimus
1907 4439 2021 4477 non

363 4512 705 4585 gloriemur,
738 4512 840 4567 sed
873 4510 1068 4583 potius
1095 4525 1199 4581 per
1225 4526 1292 4563 ea
1323 4525 1450 4580 quae
1479 4526 1593 4564 non
1636 4509 2022 4583 intelligimus

2143 3376 2170 3401 «
2204 3354 2456 3409 seminat
2484 3353 2644 3409 aliud
2677 3355 2887 3410 cecidit
2916 3372 3086 3411 secus
3115 3355 3289 3423 viam,
3324 3353 3803 3410 etconculcatum

2141 3465 2169 3491 «
2199 3446 2306 3510 est,
2341 3447 2400 3498 et
2428 3442 2694 3499 volucres
2744 3442 2871 3499 αα)ιί
2931 3445 3311 3500 comederunt
3352 3441 3519 3498 illud.
3556 3466 3585 3492 ››
3634 3442 3801 3499 Solet

2139 3530 2495 3603 contingere,
2531 3536 2596 3586 ut
2623 3532 2765 3587 dum
2797 3532 2973 3588 homo
3006 3549 3213 3605 agrum
3229 3532 3388 3598 serit,
3408 3532 3685 3603 viajuxta
3700 3532 3801 3601 sit,

2138 3624 2195 3675 et
2222 3636 2358 3692 pars
2389 3621 2655 3693 quaedam
2688 3621 2933 3677 seminis
2964 3620 3023 3676 in
3054 3638 3182 3676 eam
3215 3622 3411 3678 cadat:
3455 3621 3555 3701 sed
3586 3636 3795 3677 semen

2137 3709 2290 3781 quod
2328 3709 2386 3763 in
2415 3709 2504 3764 via
2536 3709 2827 3777 ceciderit,
2877 3708 3095 3782 duplici
3145 3709 3356 3766 lzesura
3404 3710 3583 3784 perit:
3628 3714 3733 3765 aut
3764 3726 3800 3766 a

2135 3796 2431 3853 viantibus
2458 3797 2857 3866 conculcatur,
2892 3803 2992 3853 aut
3013 3797 3529 3854 avolucribuscaali
3547 3798 3798 3870 rapitur.

2139 3886 2236 3941 Via
2250 3886 2407 3942 enim
2422 3886 2654 3956 dicitur,
2670 3904 2736 3943 eo
2753 3888 2906 3959 quod
2923 3886 3143 3960 aliquid
3162 3892 3535 3943 transeuntes
3548 3903 3798 3960 peream

2133 3976 2368 4032 vehant.
2400 3975 2508 4031 Via
2536 3976 2691 4032 enim
2724 3976 3017 4050 significat
3048 3993 3146 4031 cor
3177 3976 3464 4031 malarum
3488 3970 3796 4048 cogitatio-

2135 4082 2277 4120 num
2310 4064 2453 4120 calle
2485 4065 2780 4121 attritum:
2817 4082 3015 4121 semen
3048 4065 3262 4138 quippe
3291 4065 3451 4122 verbi
3476 4065 3597 4135 Dei,
3634 4066 3793 4138 quod

2133 4154 2191 4209 in
2224 4154 2325 4209 tali
2358 4155 2531 4210 corde
2561 4154 2737 4221 cadit,
2772 4144 2873 4210 aut
2898 4154 3339 4222 aviantibus,id
3354 4160 3444 4210 est
3466 4154 3795 4211 immundis

2133 4242 2607 4316 cogitationibus,
2640 4244 3011 4315 opprimitur,
3026 4248 3127 4300 aut
3156 4243 3535 4300 avolucribus
3567 4242 3794 4309 ccnli,id

2132 4336 2221 4387 est
2248 4332 2320 4387 ab
2352 4332 2678 4388 immundis
2710 4332 3036 4405 spiritibus,
3057 4334 3346 4389 aufertur:
3365 4332 3799 4405 quidupliciter

2131 4420 2393 4476 volucres
2424 4420 2550 4475 coeli
2586 4421 2988 4492 nominantur,
3021 4422 3139 4478 sive
3162 4423 3317 4495 quod
3336 4421 3795 4495 persuperbiam

2132 4510 2202 4565 de
2233 4509 2374 4565 coelo
2404 4508 2552 4582 lapsi
2586 4510 2723 4577 sint,
2757 4510 2875 4566 sive
2904 4527 3009 4584 per
3026 4510 3135 4566 hoc
3150 4512 3303 4583 quod
3323 4511 3793 4584 peraeriumcce-

365 4601 584 4655 donum
620 4599 717 4653 Dei
749 4600 1178 4655 existimemus.
1222 4596 1384 4651 Unde
1424 4612 1555 4651 cum
1590 4596 1789 4653 multa:
1837 4599 2020 4654 turbze
2055 4619 2100 4683 ι)
2135 4598 2258 4653 lum
2292 4598 2649 4655 discurrant.

364 4689 759 4754 convenirent,
793 4691 851 4742 et
892 4687 962 4742 de
992 4684 1330 4741 civitatibus
1361 4689 1739 4756 preperarent
1770 4687 1838 4741 ad
1870 4702 2028 4775 eum,

366 4776 626 4834 hominis
658 4775 756 4849 qui
790 4774 927 4830 exiit
953 4775 1242 4831 seminare
1273 4789 1469 4829 semen
1490 4768 1663 4828 suum
1687 4768 2025 4830 similitudil

369 4883 503 4922 nem
534 4864 857 4939 proposuit.
891 4864 1037 4918 Nam
1071 4879 1174 4933 per
1194 4860 1535 4917 varietatem
1554 4865 1841 4917 terrarum
1865 4864 2025 4919 varia

368 4955 542 5009 corda
573 4952 878 5009 hominum
912 4952 971 5006 in
992 4950 1092 5006 illa
1109 4950 1281 5005 turba
1293 4947 1752 5005 esseinsinuavit
1773 4949 2020 5017 ;a1iosin

366 5043 582 5115 quibus
621 5058 819 5098 semen
849 5040 1007 5097 verbi
1050 5040 1149 5095 Dei
1178 5036 1771 5095 variismodislaesum
1787 5039 2019 5111 periret;

366 5131 533 5197 alios,
566 5130 623 5187 in
648 5131 866 5204 quibus
879 5130 1132 5185 fructum
1146 5129 1364 5184 bonum
1381 5143 1484 5199 per
1497 5126 1837 5199 patientiam
1854 5129 2020 5185 alier-

365 5226 470 5277 ret.
504 5220 613 5276 Ubi
645 5218 1160 5281 considerandum,
1194 5216 1333 5289 quia
1361 5216 1512 5271 hanc
1564 5215 2015 5274 similitudinem

364 5310 493 5366 ideo
524 5326 626 5383 per
645 5307 1028 5380 semetipsum
1063 5305 1346 5361 Dominus
1395 5305 1683 5378 dignatus
1730 5310 1819 5362 est
1847 5323 2020 5380 expo-

365 5416 521 5465 nere,
554 5403 621 5455 ut
653 5396 820 5454 nobis
852 5394 1195 5463 insinuaret,
1229 5393 1289 5449 in
1322 5392 1455 5449 aliis
1502 5393 2013 5467 similitudinibus,

365 5504 513 5562 quas
544 5505 660 5544 non
691 5484 981 5559 exposuit,
1013 5499 1222 5540 sensus
1254 5481 1592 5555 allegoricos
1614 5500 1742 5541 esse
1760 5501 2020 5557 quaeren-

363 5580 492 5636 dos.
526 5576 794 5635 Ostendit
825 5574 982 5632 enim
1011 5572 1151 5646 quid
1183 5572 1260 5628 sit
1288 5588 1444 5644 ager,
1475 5571 1612 5645 quid
1631 5590 1852 5643 semen,
1875 5577 2017 5648 quid

364 5673 520 5732 terra
548 5667 701 5728 bona
732 5664 1042 5745 signiﬁcet,
1073 5661 1210 5743 quid
1246 5664 1477 5740 petrosa
1506 5664 1562 5717 et
1587 5661 1728 5738 quid
1750 5663 2014 5747 spinosa.

2212 4710 2239 4737 ‹‹
2269 4687 2339 4742 Et
2367 4686 2524 4742 aliud
2557 4686 2766 4743 cecidit
2793 4704 2973 4762 supra
3003 4693 3249 4762 petram,
3281 4694 3338 4745 et
3372 4692 3573 4745 natum
3615 4690 3793 4757 aruit,

2136 4800 2165 4827 «
2199 4777 2340 4849 quia
2369 4793 2485 4832 non
2518 4775 2770 4832 habebat
2800 4778 3129 4834 humorem.
3166 4802 3194 4827 »
3226 4780 3389 4836 Petra
3410 4778 3569 4835 enim
3602 4778 3663 4834 in
3682 4780 3793 4836 hoc

2132 4865 2257 4922 loco
2288 4866 2581 4939 significat
2604 4883 2704 4922 cor
2733 4868 2961 4937 durum»
2982 4872 3038 4922 et
3068 4867 3338 4936 indocile,
3373 4868 3529 4941 quod
3557 4884 3794 4925 vomere

2129 4954 2289 5011 verbi
2319 4953 2420 5011 Dei
2453 4954 2618 5010 facile
2650 4972 2764 5011 non
2797 4955 3112 5012 scinditur:
3148 4973 3348 5013 semen
3379 4960 3577 5012 autem
3627 4957 3790 5013 verbi

2130 5044 2254 5109 Dei,
2286 5043 2334 5099 si
2369 5043 2425 5098 in
2469 5043 2569 5099 tali
2612 5045 2784 5100 corde
2823 5044 3118 5114 ceciderit,
3160 5049 3217 5102 et
3262 5046 3309 5102 si
3350 5046 3669 5118 germinat,
3710 5050 3791 5102 ta-

2129 5149 2263 5189 men
2297 5133 2369 5188 ad
2398 5131 2793 5187 maturitatem
2825 5149 2937 5187 non
2971 5134 3251 5206 pervenit,
3286 5134 3425 5206 quia
3453 5133 3512 5187 in
3538 5133 3789 5189 humore

2125 5221 2568 5296 perseverantiae
2601 5221 2856 5277 radicem
2889 5238 3005 5277 non
3039 5222 3202 5296 ligat.
3238 5222 3352 5278 Hoc
3385 5227 3582 5278 autem
3607 5222 3790 5295 signi-

2126 5311 2261 5366 iicat
2289 5310 2537 5366 defectio
2580 5308 2847 5365 humoris
2896 5310 2967 5366 ad
3002 5311 3259 5367 radicem
3310 5310 3575 5378 seminis,
3629 5309 3789 5382 quod

2118 5400 2289 5472 juxta
2319 5398 2495 5455 aliam
2529 5397 2894 5471 parabolum,
2929 5398 3189 5458 defectus
3219 5400 3328 5457 olei
3361 5400 3433 5457 ad
3478 5399 3788 5473 lampadas

2127 5488 2419 5562 virginum
2450 5487 2763 5544 ornandss.

2203 5603 2224 5628 ι
2261 5580 2330 5637 Et
2360 5577 2516 5634 aliud
2551 5576 2761 5633 cecidit
2792 5576 2947 5634 inter
2975 5578 3199 5652 spinas,
3250 5584 3309 5635 et
3339 5575 3520 5635 simul
3571 5583 3784 5635 exorta

2125 5691 2154 5722 ‹‹
2189 5667 2369 5757 spinis
2420 5666 2851 5730 suffocaverunt
2870 5665 3033 5729 illud.
3070 5691 3099 5723 »
3150 5669 3343 5750 Spinae
3390 5666 3530 5730 vitia
3558 5670 3618 5726 et
3647 5683 3782 5744 pec-
