3926 6170
145 341 241 403 1³17

1292 340 1649 403 ΠΟΜΙΙᾸᾸΞ
1692 340 1792 401 DE
1836 341 2235 404 TEMPORE.

3376 350 3493 411 ΠΒ

140 474 221 543 sed
246 471 403 531 etiam
422 469 749 530 Iudaeorum
769 471 1023 548 populus
1043 473 1372 544 tenebatur,
1398 473 1499 547 qui
1521 473 1591 531 de
1611 490 1735 547 pec-
1759 473 1811 542 Α
1846 472 1999 567 sicut
2026 490 2164 532 voce
2193 472 2384 549 angeli
2415 475 2486 533 ad
2519 475 2761 536 Mariam
2794 478 3041 538 dicitur:
3077 503 3105 531 «
3128 480 3298 541 Dabit
3316 483 3368 541 ei
3390 485 3499 543 Do-

139 565 228 623 cati
244 563 416 620 radice
434 569 609 633 ortus,
634 563 938 637 originalis
951 564 1171 637 peccati
1186 563 1418 621 vinculo
1432 565 1743 620 tenebatur

140 654 393 722 astrictus,
416 657 554 709 teste
573 653 851 726 Apostolo
872 654 971 726 qui
994 653 1074 710 ait
1100 671 1111 710 :
1137 677 1163 703 «
1190 654 1314 709 Non
1334 658 1424 711 est
1443 653 1739 710 distinctio

136 743 357 804 Judaeiet
380 742 549 798 Grmci
576 760 590 810 ;
623 759 828 798 omnes
861 743 1016 801 enim
1050 748 1435 815 peccaverunt
1463 748 1521 799 et
1569 748 1742 817 egent

137 832 285 907 gloria
327 831 422 887 Dei
455 833 624 895 (Rom.
657 844 766 903 III).
804 854 832 881 ››
877 831 1039 887 Unde
1072 833 1218 891 bene
1250 832 1561 897 Matthaaus
1592 833 1741 889 duos

138 938 285 979 taces
314 919 519 993 posuit,
546 924 609 975 ut
637 938 705 977 ex
737 925 987 993 utroque
1015 921 1228 993 populo
1260 921 1489 994 aliquos
1518 921 1740 977 illumi-

136 1011 320 1067 nandos
348 1026 447 1083 per
475 1009 708 1066 Domini
734 1009 1193 1067 incarnationem
1226 1011 1569 1068 insinuaret.
1595 1012 1740 1067 Cum

135 1116 241 1173 ergo
255 1098 524 1155 Dominus
538 1098 775 1156 Jericho
793 1099 1302 1173 appropinquavit,
1326 1118 1513 1157 caecus
1531 1100 1743 1156 illumi-

134 1195 271 1251 natus
285 1193 386 1254 est,
404 1187 671 1245 videlicet
692 1206 877 1262 genus
900 1192 1250 1259 humanum,
1274 1191 1412 1262 quia
1433 1207 1567 1246 cum
1593 1207 1743 1246 mor-

134 1278 314 1334 talitate
330 1283 535 1333 nostra:
556 1278 751 1335 carnis
774 1278 1016 1336 indutus
1034 1280 1240 1347 fuit,ad
1257 1297 1425 1336 suam
1440 1280 1741 1335 immortae

132 1368 315 1424 litatem
338 1384 442 1423 nos
463 1367 820 1424 reformavit.
856 1369 1036 1425 Secus
1067 1369 1221 1424 viam
1253 1373 1449 1426 autem
1482 1370 1740 1436 sedebat,

133 1457 241 1530 quia
265 1473 296 1512 a
320 1455 408 1515 via
435 1456 702 1514 veritatis
744 1462 1083 1514 recesserat.
1119 1459 1269 1514 Bene
1316 1463 1512 1515 autem
1558 1475 1743 1515 cereus

130 1546 213 1602 iste
236 1549 287 1601 et
307 1561 470 1601 secus
493 1545 650 1601 viam
673 1546 895 1615 sedere,
914 1551 973 1602 et
994 1547 1325 1602 mendicare
1347 1547 1580 1615 dicitur,
1607 1547 1746 1620 quia

130 1638 237 1699 sunt
254 1633 510 1691 nonnulli
542 1633 642 1707 qui
674 1652 780 1691 nec
812 1652 982 1692 secus
1008 1634 1161 1692 viam
1193 1637 1419 1703 sedent,
1451 1654 1555 1693 nec
1587 1654 1745 1692 men-

127 1722 301 1787 dicant.
325 1723 430 1781 Sed
456 1723 678 1779 iterum
700 1728 840 1780 sunt
860 1724 979 1795 alii,
1004 1724 1106 1797 qui
1132 1726 1561 1799 secus'quidem
1592 1727 1744 1783 viam

127 1813 309 1881 sedent,
340 1813 439 1870 sed
473 1830 599 1868 non
631 1813 987 1870 mendicant.
1020 1815 1222 1871 Adhuc
1244 1816 1420 1871 etiam
1453 1820 1592 1871 sunt
1623 1815 1718 1872 alii

127 1902 202 1975 qui
228 1906 281 1957 et
302 1918 471 1959 secus
503 1903 664 1958 viam
716 1904 940 1972 sedent,
976 1908 1033 1959 et
1062 1905 1420 1961 mendicant.
1452 1905 1558 1961 Via
1587 1906 1745 1961 enim

126 1991 488 2060 wthristus,
531 1991 632 2064 qui
681 1991 856 2047 dicit:
909 2016 937 2042 «
972 1994 1256 2067 Egoaum
1290 1994 1403 2062 via,
1446 1994 1660 2052 veritas
1692 1999 1748 2051 et

124 2080 214 2141 Vita
239 2081 361 2141 (Job.
394 2081 540 2153 xxx).
578 2104 606 2131 ››
642 2081 755 2137 Nec
782 2098 952 2137 secus
984 2081 1136 2138 viam
1178 2083 1402 2151 sedent,
1432 2101 1539 2140 nec
1583 2101 1745 2143 men-

124 2170 303 2241 dicant,
327 2169 423 2244 qui
445 2187 561 2227 nec
578 2170 759 2227 Deum
783 2172 1047 2240 credunt,
1072 2189 1178 2228 nec
1200 2173 1494 2245 spiritales
1513 2172 1746 2230 divitias

125 2259 179 2323 ab
205 2276 263 2316 eo
282 2265 580 2333 quaerunt.
609 2260 791 2317 Secus
812 2260 966 2317 viam
988 2262 1213 2331 sedent,
1248 2263 1349 2318 sed
1372 2280 1485 2320 non
1520 2263 1747 2319 mendi-

123 2356 243 2415 cant,
272 2351 421 2407 sicut
462 2350 728 2423 perversi
778 2355 835 2405 et
882 2349 1014 2407 falsi
1048 2350 1379 2421 Christiani,
1414 2353 1512 2425 qui
1562 2354 1746 2409 Deum

123 2438 347 2509 credunt,
370 2441 474 2496 sed
514 2458 552 2495 a
580 2439 732 2495 bono
764 2455 938 2511 opere
967 2444 1285 2514 torpentes,
1319 2441 1612 2514 spiritales
1659 2442 1746 2498 di-

122 2528 256 2590 vitias
296 2530 366 2586 ab
395 2547 464 2586 eo
501 2544 765 2601 quaerere
795 2545 912 2584 non
943 2530 1203 2597 student,
1239 2531 1338 2602 qui
1368 2532 1551 2604 (juxta
1595 2534 1748 2604 Apo-

125 2617 324 2687 stolum)
356 2619 773 2676 «confitentur
814 2634 881 2694 se,
906 2635 1081 2676 nosse
1110 2619 1318 2686 Deum,
1353 2620 1521 2677 factis
1551 2625 1745 2676 autem

124 2710 451 2784 negant(1't't.
485 2716 555 2777 ι).
592 2730 622 2756 ››
654 2706 833 2763 Secus
856 2706 1011 2763 viam
1051 2708 1276 2776 sedent,
1303 2712 1360 2764 et
1390 2710 1747 2778 mendicant,

124 2797 199 2866 qui
225 2797 397 2853 Deum
428 2797 710 2864 credunt,
745 2800 802 2854 et
847 2795 1141 2853 caelestem
1195 2796 1443 2870 gloriam
1490 2799 1751 2855 assiduis

122 2886 439 2943 orationibus
463 2902 734 2959 qumrere
751 2902 863 2941 non
889 2890 1144 2958 cessant,
1168 2887 1239 2942 de
1262 2886 1536 2959 qualibus
1558 2888 1751 2944 Domi-

123 2991 208 3037 nus
230 2975 396 3032 dicit:
435 2998 465 3026 ‹‹
500 2974 668 3031 Beati
692 2976 791 3047 qui
823 2975 1090 3033 esuriunt
1124 2980 1180 3032 et
1200 2976 1411 3032 sitiunt
1426 2978 1748 3051 justitiam,

124 3064 357 3137 quoniam
391 3065 511 3138 ipsi
548 3065 975 3127 saturabuntur
1004 3064 1211 3137 (Matth.
1243 3077 1321 3135 v).
1344 3089 1373 3117 ››

173 3179 197 3203 αι
224 3155 287 3210 Et
312 3173 446 3212 cum
479 3154 757 3213 audisset
788 3155 1021 3210 turbam
1053 3158 1523 3226 praetereuntem,
1568 3155 1749 3211 inter-

125 3245 357 3318 «rogavit
386 3244 542 3318 quid
586 3248 815 3300 esset.»
850 3244 1046 3300 Turba
1093 3245 1450 3316 praeteriens,
1502 3245 1748 3319 patriar-

124 3331 330 3397 charum
351 3333 660 3408 significat
680 3333 945 3389 ordinem
960 3337 1017 3388 et
1032 3332 1478 3405 prophetarum,
1506 3335 1605 3407 qui
1628 3353 1758 3407 pro-

125 3425 289 3494 pterea
297 3426 725 3496 praetereuntes
736 3421 1032 3491 dicuntur,
1053 3421 1193 3494 quia
1204 3440 1307 3495 per
1322 3424 1753 3481 successionem

125 3512 271 3582 geniti
297 3516 355 3573 et
387 3515 771 3587 generantes,
822 3513 892 3567 de
941 3511 1050 3567 hoc
1092 3511 1306 3568 saeculo
1353 3513 1750 3578 transierunt,

122 3600 273 3663 multa
298 3607 498 3661 tamen
540 3602 611 3657 de
642 3600 874 3657 Domini
916 3600 1339 3669 incarnatione,
1374 3605 1429 3657 et
1458 3590 1751 3685 passione:

118 3692 620 3758 etresurrectione,
644 3693 820 3762 atque
838 3690 1082 3746 humani
1105 3691 1335 3763 generis
1359 3692 1757 3765 redemptione

121 3778 299 3852 Scripta
342 3781 745 3854 reliquerunt.
782 3780 945 3846 Quod
979 3796 1114 3835 cum
1145 3780 1408 3836 audisset
1455 3797 1662 3849 cereus,
1697 3782 1754 3836 id

119 3872 378 3941 est'genus
408 3871 778 3935 humanum,
811 3868 1193 3942 interrogavit
1216 3869 1357 3942 quid
1389 3869 1497 3927 hoc
1528 3875 1704 3927 esset.

178 3979 193 4005 ι
213 3960 275 4013 At
292 3958 373 4016 illi
398 3961 689 4017 dixerunt
720 3958 793 4025 ei,
830 3958 986 4030 quod
1016 3958 1193 4014 Jesus
1209 3958 1544 4015 Nazarenus
1569 3964 1755 4015 trans-

123 4043 274 4104 «:iret.
299 4072 325 4098 »
374 4050 445 4107 Et
477 4064 623 4105 cum
657 4047 921 4104 audisset
950 4047 1022 4103 ab
1053 4047 1139 4103 eis
1182 4048 1336 4120 quod
1368 4048 1542 4104 Jesus
1573 4050 1754 4105 Naza-

126 4148 266 4195 l'e'nus
292 4139 604 4206 transiret,
630 4136 685 4193 id
720 4140 809 4193 est
838 4153 975 4215 cum
1008 4154 1077 4193 ex
1100 4153 1301 4193 eorum
1334 4136 1502 4193 libris
1523 4135 1756 4194 Domini

124 4219 584 4295 incarnationem,
616 4226 954 4298 passionem
992 4230 1050 4282 et
1080 4225 1566 4283 resurrectionem
1599 4228 1756 4284 didi-

129 4310 290 4385 sisset,
319 4315 572 4373 credula
597 4332 735 4372 voce
767 4315 939 4388 cmpit
968 4315 1242 4384 clamare,
1275 4316 1477 4372 dicens
1502 4334 1515 4370 :

181 4426 205 4450 «ι
231 4403 363 4463 Jesu
392 4405 479 4462 fili
515 4404 722 4474 David,
755 4403 1033 4461 miserere
1061 4403 1197 4461 mei.
1225 4428 1252 4454 ››
1288 4405 1349 4460 In
1372 4406 1543 4477 cujus
1566 4405 1758 4462 verbis

132 4489 333 4559 pulchre
360 4493 661 4551 catholica
705 4494 1153 4550 commendatur
1182 4494 1346 4562 ﬁdes,
1380 4512 1505 4567 quae
1539 4495 1759 4550 media-

1851 566 2046 621 minus
2099 568 2249 622 Deus
2298 567 2494 623 sedem
2542 569 2721 625 David
2754 571 2937 643 patris
2977 572 3069 628 sui
3098 572 3249 635 (Luc.
3280 575 3342 636 ι).
3374 598 3403 627 ››
3432 576 3503 631 Et

1849 656 2191 727 Apostolus:
2228 678 2255 705 ‹‹
2287 656 2393 721 Qui
2424 658 2614 713 factus
2637 663 2726 716 est
2758 642 2809 715 ei
2850 677 2918 716 ex
2947 661 3173 718 semine
3202 664 3379 720 David
3412 681 3505 721 se-
3588 642 3637 729 κ’

1851 747 2109 801 cundum
2142 761 2376 801 carnem
2402 748 2573 819 (Rom.
2600 754 2662 814 ι).
2696 772 2724 798 ››
2752 750 2903 806 Bene
2925 756 3121 807 autem
3140 752 3311 810 Jesus
3332 753 3509 810 Naza-

1852 851 2027 890 renus
2058 835 2307 890 transire
2348 834 2582 903 dicitur,
2628 838 2768 909 quia
2795 856 2912 894 non
2941 841 3094 897 sicut
3125 843 3313 899 centeri
3346 860 3509 899 mor-

1852 923 1998 979 tales
2015 923 2075 978 in
2097 925 2318 980 mundo
2341 927 2683 996 permansit,
2713 929 2814 983 sed
2836 932 3148 1002 postquam
3172 933 3509 1005 praedicavit

1851 1016 1908 1069 et
1934 1030 2146 1085 passus
2195 1018 2302 1081 est,
2349 1014 2580 1071 diabolo
2611 1021 2905 1088 superato,
2936 1019 3122 1075 victor
3150 1022 3222 1075 ad
3275 1020 3505 1078 Patrem

1853 1102 2041 1157 rediit.
2059 1102 2367 1159 Transitus
2384 1108 2579 1159 autem
2595 1105 2782 1176 ipsius
2796 1106 2986 1163 fuitde
3008 1108 3149 1164 cmlo
3168 1109 3227 1164 in
3247 1114 3500 1180 uterum,

1852 1191 1922 1247 de
1954 1197 2115 1246 utero
2146 1192 2204 1247 in
2237 1191 2596 1264 sepulcrum,
2630 1195 2700 1249 de
2732 1196 2996 1267 sepulcro
3038 1197 3250 1254 iterum
3296 1199 3354 1254 in
3388 1217 3501 1256 cce-

1851 1281 1996 1337 lum.
2017 1281 2096 1336 De
2118 1282 2561 1352 cujus,transitu
2584 1287 2791 1340 Petrus
2812 1286 3111 1359 apostolus
3132 1287 3311 1344 dicit:
3337 1312 3363 1338 ‹‹
3393 1288 3504 1357 Qui

1853 1370 2227 1443 pertransivit
2252 1371 2682 1439 benefaciendo,
2704 1376 3030 1431 etsanando
3050 1393 3255 1433 omnes
3271 1394 3506 1451 oppres-

1855 1476 1951 1515 sos
1980 1478 2015 1514 a
2063 1459 2291 1515 diabolo
2322 1465 2441 1525 (Act
2466 1462 2539 1524 χ).
2564 1483 2591 1510 υ
2638 1461 2819 1533 Cujus
2858 1465 3173 1522 transitum
3204 1466 3503 1524 admirans

1854 1548 2131 1618 Ecclesia,
2158 1549 2214 1603 in
2239 1549 2489 1606 Canticis
2505 1551 2865 1608 canticorum
2887 1552 2993 1609 ait:
3022 1576 3048 1605 «
3066 1555 3209 1611 Ecce
3224 1555 3333 1612 iste
3348 1556 3508 1612 venit

1856 1637 2074 1694 saliens
2096 1637 2152 1692 in
2178 1638 2498 1704 montibus,
2531 1640 2826 1695 transiens
2857 1640 3033 1698 colles
3062 1642 3239 1705 (Cant.
3273 1652 3357 1716 II).
3385 1667 3413 1694 ››

1929 1778 1955 1803 ‹‹
1989 1756 2059 1810 Et
2091 1754 2191 1827 qui
2222 1753 2525 1828 praeibant,
2550 1755 2930 1828 increpabant
2960 1775 3094 1813 eum
3124 1764 3189 1814 ut
3216 1763 3448 1818 taceret.
3477 1784 3505 1811 ››

1730 1858 1742 1884 ν
1778 1854 1825 1919 Β
1858 1843 1926 1899 Hi
1968 1843 2069 1916 qui
2098 1843 2491 1919 prazcedentcs
2522 1860 2669 1899 czeco
2700 1844 2999 1901 silentium
3029 1846 3328 1920 imponere
3353 1850 3506 1906 vole-

1856 1933 2016 1999 bant,
2033 1932 2237 1987 turbas
2253 1931 2696 1989 immundorum
2709 1933 3023 2006 spirituum
3038 1936 3391 2011 significant,
3406 1938 3507 2012 qui

1854 2020 1985 2076 initi
2007 2020 2141 2076 fidei
2172 2020 2500 2076 humanum
2530 2039 2717 2095 genus
2748 2040 2782 2079 a
2802 2025 3029 2080 Domini
3052 2025 3392 2083 credulitate
3423 2044 3508 2093 re-

1855 2126 2058 2165 vocare
2090 2109 2278 2166 conati
2310 2115 2468 2178 sunt,
2492 2128 2606 2165 non
2639 2112 2830 2168 solum
2860 2115 3177 2184 suadendo,
3204 2117 3303 2173 sed
3329 2116 3505 2173 etiam

1854 2199 2229 2271 increpando,
2282 2198 2341 2253 id
2381 2203 2468 2255 est
2514 2202 2951 2272 persecutiones
2998 2206 3054 2259 et
3100 2204 3509 2262 tribulationes

1856 2288 2291 2343 commovendo.
2342 2288 2452 2343 Sed
2503 2288 2642 2360 quid
2695 2306 2879 2346 caecus
2928 2274 3127 2348 fecerit
3176 2294 3506 2351 audiamus.

1857 2401 1884 2427 «
1919 2378 2047 2449 Ip'se
2078 2395 2210 2434 vero
2242 2377 2425 2433 multo
2457 2378 2646 2449 magis
2675 2377 3004 2437 clamabat:
3037 2381 3140 2438 Fili
3171 2382 3370 2452 David,
3406 2383 3509 2441 mi-

1859 2490 1887 2518 ‹‹
1921 2483 2111 2522 serere
2134 2467 2268 2522 mei.
2293 2490 2313 2515 η
2342 2467 2454 2523 Sed
2476 2484 2663 2523 caecus
2685 2469 2875 2542 magis
2906 2487 2970 2526 ac
2988 2470 3174 2544 magis
3194 2472 3507 2542 clamabat,

1859 2556 1999 2628 quia
2022 2560 2239 2628 quanto
2258 2555 2513 2627 amplius
2530 2573 2716 2630 genus
2734 2556 3059 2614 humanum
3083 2578 3144 2615 se
3162 2561 3234 2617 ab
3256 2561 3511 2637 immun-

1858 2644 1949 2700 dis
1980 2644 2289 2718 spiritibus
2311 2643 2490 2700 sentit
2510 2644 2786 2717 opprimi,
2810 2650 2970 2702 tanto
2993 2649 3292 2705 ardentius
3313 2652 3514 2708 studet

1859 2735 1932 2789 ad
1965 2735 2281 2790 Dominum
2314 2733 2589 2801 clamare,
2621 2734 2823 2790 dicens
2843 2752 2974 2790 cum
3000 2737 3318 2809 Propheta:
3356 2761 3383 2788 ‹‹
3407 2740 3514 2796 Do-

1859 2824 2038 2893 mine,
2073 2824 2367 2896 refugium
2415 2824 2605 2879 factus
2643 2839 2704 2878 es
2752 2823 2921 2879 nobis
2970 2842 3003 2880 a
3055 2825 3426 2898 generatione
3453 2831 3511 2883 et

1860 2913 2134 2986 progenie
2166 2914 2336 2979 (Psal.
2372 2915 2615 2982 LXXXIX).
2656 2936 2684 2960 ››
2717 2912 2879 2968 Unde
2910 2916 2967 2967 et
2996 2912 3144 2969 bene
3165 2913 3404 2973 dicitur:

1930 3061 1957 3087 ‹‹
1992 3038 2167 3093 Stans
2183 3040 2378 3092 autem
2400 3036 2594 3104 Jesus,
2612 3036 2794 3107 jussit
2814 3053 3028 3093 caecum
3052 3038 3264 3094 adduci
3280 3040 3353 3095 ad
3376 3055 3457 3096 se.
3480 3063 3509 3091 ››

1857 3126 2018 3183 Tunc
2048 3129 2247 3181 autem
2279 3124 2565 3180 Dominus
2597 3141 2814 3180 caecum
2845 3126 2916 3180 ad
2949 3142 3010 3181 se
3040 3125 3379 3198 spiritaliter
3407 3128 3508 3184 ad-

1782 3227 1824 3294 (ζ
1859 3215 1991 3271 duci
2008 3215 2210 3286 jussit,
2228 3214 2463 3286 quando
2476 3213 2769 3286 apostolos
2780 3214 2852 3269 ad
2866 3213 3300 3287 praedicandum
3312 3217 3512 3289 generi

1864 3306 2124 3360 humano
2155 3302 2334 3369 misit,
2368 3303 2605 3359 dicens:
2660 3325 2687 3353 «
2711 3305 2927 3360 Euntes
2965 3304 3024 3359 in
3056 3305 3344 3361 mundum
3376 3306 3516 3362 uni-

1864 3411 2118 3460 versum,
2196 3393 2505 3466 praedicate
2566 3391 2942 3465 Evangelium
3009 3393 3167 3449 omni
3235 3398 3516 3452 creatum

1866 3484 2049 3557 (Marc.
2082 3485 2218 3552 xvr).
2257 3504 2283 3531 ››
2315 3483 2384 3537 Et
2412 3481 2663 3536 iterum:
2716 3506 2736 3531 α
2775 3481 3008 3549 Euntes,
3065 3482 3263 3539 docete
3312 3499 3528 3540 omnes

1867 3581 2092 3645 gentes,
2114 3572 2477 3645 baptizantes
2500 3588 2598 3628 eos
2621 3571 2679 3625 in
2716 3571 2953 3627 nomine
2973 3570 3180 3638 Patris,
3202 3576 3259 3628 et
3279 3571 3433 3641 Filii,
3464 3578 3523 3630 et

1866 3662 2120 3735 Spiritus
2152 3661 2336 3718 sancti
2371 3661 2573 3732 (Matth.
2606 3660 2823 3733 xxvm).
2861 3682 2882 3708 ι
2917 3660 3025 3725 Qui
3066 3663 3204 3716 tunc
3244 3678 3379 3717 eum
3410 3663 3519 3718 ad—

1865 3752 2179 3819 duxerunt,
2206 3750 2440 3822 quando
2464 3748 2706 3822 profecti
2729 3748 3193 3820 pradicaverunt
3208 3751 3442 3823 ubique,
3462 3755 3521 3807 et

1862 3840 2106 3913 reliqua.

1936 3980 1963 4007 ‹‹
1997 3957 2067 4012 Et
2116 3973 2247 4011 cum
2300 3955 2847 4027 apprOpinquasset,
2902 3955 3276 4029 interrogavit
3324 3955 3513 4026 illum,

1870 4070 1891 4097 ιι
1927 4046 2165 4101 dicens:
2199 4045 2347 4109 Quid
2399 4044 2503 4099 tibi
2544 4043 2631 4099 vis
2658 4043 2969 4099 faciam?»
3008 4045 3272 4100 Adducto
3322 4049 3517 4101 autem

1864 4153 2013 4191 casco
2044 4135 2115 4190 ad
2139 4151 2220 4202 se,
2246 4133 2624 4205 interrogavit
2652 4150 2787 4187 eum
2820 4132 2957 4205 quid
2984 4132 3172 4201 vellet,
3213 4151 3327 4188 non
3361 4135 3516 4205 quod

1866 4226 2178 4298 ignoraret,
2213 4240 2346 4279 eum
2370 4239 2515 4295 pene
2535 4232 2759 4290 omnes,
2788 4222 2889 4294 qui
2921 4221 2999 4276 ibi
3019 4223 3281 4287 aderant,
3303 4222 3520 4281 id,nos‘-

1866 4319 2033 4372 sent:
2060 4313 2160 4368 sed
2193 4313 2391 4367 lumen
2424 4310 2580 4381 quod
2613 4326 2680 4365 ex
2711 4326 2818 4364 sua
2837 4309 3101 4365 bonitate
3126 4308 3445 4382 largiturus
3466 4309 3518 4364 ei

1868 4407 2012 4471 erat,
2042 4403 2114 4457 ad
2137 4401 2227 4457 sui
2252 4398 2593 4472 petitionem
2615 4397 2916 4465 tribueret,
2952 4402 3010 4453 et
3040 4396 3168 4468 ejus
3198 4395 3520 4453 confessio-

1870 4508 2003 4548 nem
2036 4490 2402 4563 approbaret.
2439 4486 2572 4543 Pius
2603 4486 2759 4542 cnim
2794 4486 3077 4542 Dominus
3098 4503 3207 4542 sua
3223 4486 3376 4542 dona
3396 4502 3524 4559 gra-

131 4582 281 4639 torem
311 4583 411 4641 Dei
445 4590 508 4642 et
556 4583 865 4640 hominum
917 4587 976 4640 et
1002 4601 1206 4639 verum
1257 4582 1441 4639 Deum
1473 4588 1529 4639 et
1558 4601 1758 4639 verum
1799 4603 1844 4668 υ
1874 4580 2262 4649 tuita,n05tr:t
2282 4577 2403 4632 vult
2424 4593 2551 4632 esse
2573 4575 2798 4643 merita,
2819 4575 2873 4631 id
2900 4579 3005 4639 est.
3028 4592 3145 4631 non
3162 4573 3285 4630 vult
3305 4575 3524 4631 bonum

132 4665 393 4731 hominem
411 4676 736 4731 confitetur
751 4677 808 4730 et
826 4672 1029 4729 credit.
1045 4672 1167 4729 Nisi
1188 4672 1344 4728 enim
1362 4690 1562 4729 verum
1583 4674 1768 4729 Deum

133 4759 469 4833 dedidisset,
499 4763 771 4820 misereri
823 4762 934 4819 sibi
967 4762 1040 4818 ab
1080 4761 1179 4817 illo
1212 4779 1327 4817 non
1378 4768 1680 4835 posceret:
1714 4768 1773 4818 et

136 4846 225 4906 nisi
250 4854 523 4909 eumdem
544 4869 749 4908 verum
775 4851 1075 4909 hominem
1099 4850 1463 4919 credidisset,
1488 4870 1600 4907 non
1627 4853 1775 4908 dice-

138 4940 235 4993 mt:
275 4940 445 4998 «Jesu
468 4940 779 4997 ﬁliDavid.
801 4963 829 4992 ››
848 4941 988 4997 Jesu
1014 4956 1269 5012 namque
1294 4940 1497 4995 Latino
1520 4940 1771 5013 eloquio,

140 5024 360 5085 salvator
384 5030 511 5086 sive
541 5028 826 5103 salutaris
857 5030 1092 5085 dicitur.
1118 5028 1212 5085 Sic
1235 5029 1391 5085 enim
1422 5030 1628 5085 Jesum
1657 5030 1776 5086 cla-

143 5114 310 5183 navit,
340 5124 407 5173 ut
432 5118 629 5175 ﬁlium
666 5118 843 5175 David
869 5136 986 5175 non
1007 5118 1355 5175 dimitteret:
1390 5121 1448 5173 et
1475 5118 1559 5174 sic
1586 5117 1775 5175 filium

143 5198 297 5261 Πιγίἀ
335 5207 650 5276 invocavit,
700 5212 768 5263 ut
811 5208 1159 5265 salvatorem
1211 5224 1326 5263 non
1376 5207 1776 5279 pertransiret,

148 5296 429 5353 (ludens
460 5298 604 5370 quia
634 5298 928 5354 mediator
962 5297 1058 5354 Dei
1080 5302 1137 5354 et
1162 5296 1469 5354 hominum
1493 5296 1780 5352 Dominus

147 5377 291 5440 Jesus
316 5385 610 5454 Christus,
639 5387 699 5442 in
726 5404 844 5443 una
865 5388 1186 5459 eademque
1215 5402 1465 5458 persona
1493 5403 1562 5441 ex
1586 5385 1784 5441 divina

149 5465 496 5547 lunamque
516 5476 846 5532 substantia
861 5477 1154 5548 perfectus
1178 5481 1351 5540 Deus,
1378 5475 1672 5547 perfectus
1694 5480 1783 5530 est

148 5558 376 5619 ethomo
408 5564 757 5621 credendus.
809 5564 991 5622 Filius
1040 5565 1217 5621 David
1263 5563 1496 5629 dicitur,
1542 5563 1680 5635 quia
1711 5564 1782 5619 de

149 5645 501 5721 stirpeDavid
525 5670 757 5711 carnem
791 5671 895 5727 pro
928 5654 1101 5711 nobis
1134 5654 1468 5724 redemptor
1500 5653 1780 5724 tizscepit,

1882 4675 2144 4725 nostrum
2176 4666 2426 4723 invitum
2456 4670 2512 4721 et
2534 4669 2798 4721 coactum
2832 4664 2978 4729 dbse,
3013 4664 3112 4720 sed
3135 4667 3525 4736 spontaneum

1880 4764 1936 4815 et
1966 4756 2382 4823 voluntarium,
2413 4759 2471 4810 et
2501 4754 2655 4827 quod
2684 4752 2852 4808 nobis
2875 4757 3079 4824 sponte
3109 4750 3372 4826 largitur,
3405 4750 3530 4808 vult

1884 4848 2099 4903 nostris
2131 4844 2509 4918 petitionibus
2530 4843 2800 4898 tribuere.
2829 4842 2897 4896 Et
2917 4841 3068 4908 ideo,
3093 4841 3362 4913 quamvis
3383 4840 3531 4896 sciat

1883 4937 2023 5010 quid
2058 4936 2226 4991 nobis
2276 4950 2514 4989 necesse
2543 4932 2641 4997 sit,
2692 4934 3003 5002 antequam
3050 4936 3321 5003 petamus
3367 4943 3528 4999 eum,

1884 5028 2082 5084 dicens
2107 5043 2118 5080 :
2155 5048 2181 5074 ‹‹
2209 5024 2291 5080 Ne
2323 5021 2554 5078 solliciti
2577 5020 2703 5075 sitis
2726 5020 2932 5075 anima:
2960 5023 3160 5076 vestrae
3183 5018 3322 5092 quid
3364 5035 3532 5075 man-

1886 5115 2113 5172 ducetis
2136 5114 2340 5186 (Matth.
2374 5112 2471 5182 γι),
2506 5132 2532 5159 ››
2566 5114 2695 5173 etc.,
2730 5109 3060 5180 importune
3094 5126 3199 5165 nos
3231 5112 3428 5165 tamen
3460 5108 3533 5163 ad
3631 5103 3641 5111 ’

1887 5205 2201 5279 petendum
2236 5201 2460 5268 invitat,
2485 5215 2620 5254 cum
2651 5196 2791 5253 dicit
2815 5215 2827 5252 :
2852 5221 2878 5246 «
2902 5197 3101 5265 Petite,
3127 5203 3185 5255 et
3207 5197 3531 5275 accipietis:

1889 5295 2146 5368 quaerite,
2173 5295 2230 5346 et
2261 5288 2609 5344 invenietis:
2643 5286 2890 5360 pulsate,
2925 5291 2982 5342 et
3019 5287 3312 5360 aperietur
3347 5285 3532 5343 vobis.

1890 5382 2094 5441 Omnis
2118 5379 2274 5435 enim
2303 5376 2402 5449 qui
2424 5376 2585 5449 petit,
2621 5375 2869 5448 accipit:
2903 5381 2956 5431 et
2988 5376 3087 5448 qui
3121 5375 3347 5449 quaerit,
3381 5374 3538 5430 inve-

1891 5474 1994 5538 nit,
2042 5475 2099 5525 ct
2146 5466 2403 5539 pulsanti
2458 5464 2749 5537 aperietur
2806 5463 3160 5537 (Matthfvu).
3194 5486 3222 5516 ››
3288 5487 3308 5513 α
3342 5460 3540 5518 Atille

1891 5586 1918 5611 ‹‹
1953 5560 2133 5615 dixit:
2167 5555 2433 5618 Domine,
2482 5558 2547 5609 ut
2595 5552 2840 5608 videam.
2867 5576 2895 5603 »
2920 5554 2999 5609 De
3030 5570 3143 5625 quo
3182 5569 3330 5609 caeco
3360 5549 3538 5606 versi-
3586 5608 3593 5619 ο

1894 5652 2039 5705 licus
2069 5647 2311 5718 quidam
2335 5644 2442 5700 ait:
