3926 6170
301 337 420 401 179

330 528 339 534 ,
428 473 544 523 Non
574 485 763 522 aurum
794 485 968 522 caicus
997 471 1243 531 Domino,
1275 483 1381 518 non
1400 468 1629 534 praemia
1659 466 1843 534 multa,

431 536 536 586 Sed
567 535 738 586 lucem
770 535 941 598 petiit,
972 531 1531 598 radiansquerefulsit
1558 531 1613 578 in
1643 531 1833 598 astris,

332 634 337 637 -
430 598 593 663 Cujus
621 598 677 648 in
707 594 948 662 exemplo
977 600 1171 646 cuneta
1198 594 1460 645 radiantia
1490 596 1735 656 puscuut.

305 742 371 800 In
403 742 573 814 cujus
603 739 880 814 petitione
906 739 1214 805 discimus,
1246 737 1383 810 quia
1424 735 1480 790 in
1534 734 1795 791 oratione
1840 750 1958 789 non

306 847 542 900 aurum,
574 847 689 885 non
730 832 1060 902 argentum,
1097 844 1212 882 non
1244 829 1504 882 terrenas
1535 823 1790 891 divitias,
1844 840 1959 878 non

306 918 706 994 longiturnam
734 917 937 982 vitam,
963 933 1076 972 non
1100 914 1417 971 vindictam
1442 911 1836 975 inimicorum,
1862 910 1964 967 sed

310 1006 812 1066 inetfabilelumen
831 1020 1087 1077 quaerere
1101 999 1531 1071 debemus,hoc
1552 1004 1662 1068 est,
1685 1003 1749 1054 ut
1769 999 1965 1071 ipsum

310 1097 506 1153 videre
536 1094 853 1169 possimus,
878 1117 905 1144 ‹‹
942 1092 1043 1166 qui
1075 1090 1370 1146 illuminat
1401 1106 1635 1147 omnem
1666 1088 1966 1144 hominem

311 1186 639 1243 venientem
670 1184 730 1239 in
761 1184 918 1239 hunc
940 1182 1226 1237 mundum
1261 1182 1436 1249 (Joan.
1469 1180 1531 1251 ι),
1570 1202 1590 1227 ιι
1620 1179 1792 1250 juxta
1811 1177 1965 1250 quod

316 1276 440 1348 ipse
471 1274 764 1347 admonet,
798 1271 1029 1327 dicens:
1084 1294 1111 1320 ‹‹
1135 1269 1383 1333 Quaarite
1414 1268 1672 1341 primum
1723 1284 1968 1341 regnum

317 1362 417 1420 Dei
440 1360 807 1433 etjustitiam
838 1361 988 1433 ejus,
1024 1364 1081 1414 et
1107 1359 1230 1413 haec
1261 1358 1458 1414 omnia
1489 1356 1842 1429 adjiciantur
1869 1372 1970 1411 vo-

316 1451 407 1509 bis
439 1450 652 1523 (Matth.
681 1452 781 1520 v1).
800 1470 826 1502 υ
854 1440 1149 1515 Quantum
1176 1450 1371 1503 autem
1398 1447 1542 1503 ﬁdes
1558 1445 1766 1517 valeat,
1791 1444 1975 1500 mani-

316 1541 585 1608 festatur,
619 1555 753 1594 cum
779 1538 1029 1594 infertur
1051 1554 1065 1592 :

391 1652 419 1679 ‹‹
447 1629 518 1684 Et
544 1626 720 1683 Jesus
747 1627 830 1683 ait
859 1625 941 1681 illi
968 1642 981 1682 :
1015 1625 1278 1697 Respice,
1315 1625 1460 1680 ﬁdes
1511 1628 1613 1681 tua
1642 1628 1699 1681 te
1745 1624 1973 1680 salvum

319 1740 348 1769 «
382 1716 536 1773 fecit.
563 1738 591 1766 »
614 1714 674 1772 Si
695 1715 852 1771 enim
870 1713 981 1771 iste
1001 1731 1104 1786 per
1134 1714 1308 1769 ﬁdem
1330 1711 1698 1769 illuminatus
1719 1716 1828 1780 est,
1849 1711 1977 1785 qui~

863 294 1275 400 HAYMoms
1319 334 1869 397 HALBEBSTAT.
1917 330 2159 393 EPlSC.
2207 333 2381 394 ore.
2426 332 2628 394 PARS
2674 331 2849 392 11,—
2880 329 3151 391 HOMIL.

3604 327 3729 388 l80

1964 470 2033 557 ,Α
2066 468 2239 520 etiam
2275 472 2331 520 ct
2361 467 2431 520 de
2465 466 2573 520 ﬁde
2613 463 2796 537 ipsius
2829 463 2984 533 (περὶ,
3024 461 3081 518 hi
3115 460 3215 534 qui
3246 462 3492 518 aderant
3527 463 3729 517 Domi-

2067 573 2207 612 num
2242 554 2650 629 gloriﬁcabant
2675 571 2687 608 :
2724 553 2803 608 ita
2825 556 2881 609 et
2911 569 3019 608 nos
3049 551 3204 608 bona
3224 568 3399 624 opera
3422 551 3731 620 facientes,

2066 645 2124 700 in
2159 644 2378 700 sanctis
2411 642 2947 701 eonversationibus
2975 640 3190 697 nostris
3213 639 3358 697 tales
3390 658 3498 697 nos
3530 647 3733 698 osten-

2068 735 2202 789 dere
2252 733 2555 802 debemus,
2590 736 2654 788 ut
2682 732 2741 786 in
2774 731 2941 788 nobis
2976 729 3337 804 gloriﬁcatur
3364 735 3542 801 Deus,
3576 731 3739 789 sicut

2070 823 2194 896 ipse
2226 823 2521 891 admonet,
2560 821 2792 877 dicens:
2845 844 2872 871 ‹‹
2910 821 3125 875 Luceat
3161 819 3263 875 lux
3291 824 3484 877 vestra
3530 838 3737 878 coram

2072 911 2434 976 hominibus,
2449 910 3391 982 utvideantvestrabonaopera,et
3404 910 3741 982 gloriﬁcent

2075 1002 2300 1057 Patrem
2335 1005 2616 1069 vestrum,
2666 998 2763 1071 qui
2798 998 2855 1054 in
2890 998 3052 1054 caelis
3082 1002 3172 1053 est
3201 999 3411 1067 (Matth.
3440 1000 3519 1071 v).
3560 1023 3586 1049 υ
3621 1001 3741 1056 Sed

2077 1091 2229 1163 quod
2255 1090 2327 1145 ad
2350 1106 2535 1163 genus
2557 1089 2883 1144 humanum
2905 1087 3163 1143 diximus
3185 1088 3473 1160 pertinere
3495 1107 3744 1162 genera-

2077 1180 2228 1241 liter,
2262 1183 2452 1251 potest
2471 1172 2619 1234 et'ttd
2640 1193 3122 1250 unumquemque
3145 1183 3505 1250 peccatorem
3532 1180 3744 1235 referri

2079 1268 2426 1342 specialiter.
2461 1267 2569 1334 Qui
2590 1266 2745 1323 enim
2768 1265 3072 1322 criminale
3094 1270 3401 1339 peceatum
3417 1268 3749 1325 committit

2080 1358 2141 1414 in
2158 1374 2349 1431 opere,
2374 1356 2547 1429 quale
2565 1360 2654 1411 est
2669 1354 3045 1424 adulterium,
3065 1354 3469 1425 homicidium,
3488 1357 3747 1422 furtum,

2082 1448 2306 1521 rapina,
2333 1444 2732 1518 sacrilegium,
2758 1447 2814 1499 et
2835 1443 2927 1499 his
2947 1443 3181 1512 similia,
3206 1444 3529 1517 odiumque
3551 1451 3752 1519 gestat

2080 1536 2141 1592 in
2168 1537 2360 1605 corde,
2385 1552 2572 1591 caecus
2593 1538 2681 1590 est
2704 1534 2762 1589 in
2784 1538 3001 1601 mente,
3022 1533 3245 1589 Joanne
3270 1534 3537 1606 apostolo
3570 1540 3748 1605 teste,

2083 1626 2183 1699 qui
2214 1625 2322 1682 ait:
2368 1648 2393 1673 ‹‹
2420 1623 2624 1680 Omnis
2646 1623 2745 1695 qui
2768 1622 2892 1678 odit
2913 1623 3151 1679 fratrem
3176 1639 3373 1690 suum,
3398 1623 3457 1678 in
3480 1625 3748 1680 tenebris

2084 1720 2192 1784 est,
2218 1718 2274 1770 et
2294 1714 2351 1768 in
2392 1711 2647 1769 tenebris
2676 1710 2961 1779 ambulat,
2997 1714 3054 1767 et
3085 1710 3269 1767 nescit
3297 1729 3413 1783 quo
3445 1717 3561 1782 eat,
3598 1730 3749 1785 quo-

319 1822 552 1878 cunque
601 1821 718 1859 non
757 1802 960 1870 credit,
995 1800 1251 1857 inﬁdelis
1281 1805 1389 1869 est,
1424 1801 1563 1874 quia
1609 1803 1668 1857 in
1719 1801 1975 1858 tenebris
2005 1840 2053 1904 Β
2084 1803 2242 1860 niam
2266 1802 2514 1858 tenebrae
2535 1802 2975 1856 obczecaverunt
2990 1799 3191 1855 oculos
3207 1801 3335 1872 ejus
3357 1803 3583 1868 (IJoan.
3609 1809 3745 1871 ω.»

321 1897 541 1961 manet,
564 1892 699 1948 etin
722 1891 979 1948 tenebris
1002 1893 1111 1946 est.
1127 1892 1268 1945 Cum
1282 1907 1418 1963 ergo
1438 1890 1545 1946 ait:
1574 1912 1599 1943 α
1617 1890 1783 1947 Fides
1800 1895 1903 1947 tua
1918 1896 1972 1946 te

323 1984 550 2041 salvum
565 1981 718 2049 fecit,
732 2004 756 2029 n
769 1980 905 2036 inte]
919 1981 952 2034 li
960 1980 1117 2055 gitur
1129 1980 1268 2053 quia
1280 1980 1424 2035 ﬁdes
1437 1996 1651 2054 magna
1662 1984 1752 2035 est
1767 1980 1971 2045 virtus,

322 2072 450 2130 sine
467 2088 582 2146 qua
602 2068 965 2143 impossibile
986 2072 1075 2125 est
1096 2067 1323 2142 placere
1346 2069 1461 2124 Deo
1484 2069 1671 2141 (Hebr.
1699 2069 1797 2140 xz).
1818 2068 1979 2124 Sicut

326 2160 480 2218 enim
499 2159 816 2215 inﬁdelitas
838 2162 1023 2214 mater
1037 2162 1093 2213 et
1106 2156 1268 2213 radix
1289 2161 1375 2213 est
1396 2157 1659 2213 omnium
1678 2157 1973 2225 vitiorum,

328 2251 412 2307 sic
443 2249 588 2305 ﬁdes
610 2247 773 2321 origo
792 2247 1057 2303 omnium
1079 2246 1387 2312 virtutum,
1414 2245 1640 2301 dicente
1663 2245 1975 2319 Propheta:

334 2362 355 2390 ιι
378 2338 584 2393 Justus
615 2341 808 2392 autem
842 2324 911 2391 ex
942 2336 1055 2390 ﬁde
1085 2334 1222 2389 vivit
1252 2335 1473 2404 (Habeo.
1499 2338 1584 2404 ιι),
1609 2356 1635 2384 ››
1666 2352 1844 2406 quam
1881 2340 1980 2389 Do-

329 2425 528 2484 minus
558 2424 977 2482 commendans
999 2421 1326 2496 discipulis,
1353 2423 1435 2478 ait
1459 2441 1471 2477 :
1509 2447 1535 2473 ‹‹
1570 2423 1785 2478 Habete
1805 2423 1980 2478 ﬁdem

329 2516 431 2573 Dei
463 2515 648 2585 (Marc.
679 2513 778 2586 xu).
816 2534 843 2561 »
894 2513 962 2567 Et
989 2511 1242 2568 iterum:
1279 2535 1305 2562 ‹‹
1337 2512 1391 2567 Si
1443 2511 1762 2567 habueritis
1808 2512 1981 2567 ﬁdem

330 2603 484 2661 sicut
503 2618 749 2677 granum
786 2599 1031 2674 sinapis,
1063 2600 1333 2657 diceretis
1363 2600 1546 2656 monti
1576 2600 1748 2656 huic:
1775 2600 1984 2667 Transi

330 2691 489 2760 hinc,
513 2696 570 2748 et
599 2689 876 2747 transiret
911 2690 1061 2762 (Luc.
1093 2693 1254 2758 κω).
1279 2711 1307 2739 ››
1355 2689 1517 2755 Quod
1564 2693 1759 2745 autem
1813 2705 1985 2744 nemo

330 2779 631 2838 beneﬁciis
652 2778 754 2835 Dei
776 2777 1047 2853 ingratus
1080 2778 1286 2834 debeat
1308 2795 1629 2846 remanere,
1655 2782 1807 2834 recte
1829 2778 1899 2833 de
1921 2794 1986 2833 eo

333 2869 547 2927 dicitur
572 2885 585 2925 :
706 2862 709 2865 ’

409 2980 430 3007 α
464 2959 536 3012 Et
565 2949 872 3011 confestim
905 2956 1070 3023 vidit,
1094 2960 1151 3011 et
1180 2956 1538 3028 sequebatur
1568 2954 1734 3012 illum
1769 2957 1990 3030 magni-

334 3068 364 3097 ‹‹
397 3046 582 3102 ﬁcans
610 3048 814 3100 Deum.
852 3066 878 3093 »
919 3047 1146 3110 Quanto
1180 3044 1334 3100 enim
1368 3040 1615 3119 quisque
1647 3045 1779 3118 plus
1810 3064 1843 3102 a
1873 3047 1989 3104 Deo

336 3131 728 3202 illuminatur,
746 3136 909 3190 tanto
932 3132 1185 3207 amplius
1206 3136 1264 3188 et
1286 3134 1599 3206 perfectius
1619 3134 1788 3191 bonis
1808 3135 1992 3208 operi-

336 3223 449 3283 bus
479 3239 541 3280 se
567 3238 831 3279 exercere
862 3205 1061 3279 debet:
1095 3222 1248 3279 sicut
1269 3205 1375 3278 iste
1399 3240 1586 3279 cmcus
1607 3240 1743 3287 mox
1763 3205 1990 3297 recepto
2021 3205 2065 3272 (ἶ

336 3311 563 3369 lumine
612 3328 728 3367 non
760 3310 925 3383 piger
954 3309 1256 3381 remansit,
1290 3311 1389 3365 sed
1422 3311 1604 3365 Deum
1638 3316 1874 3367 secutus
1907 3317 1993 3368 est

341 3399 732 3471 magniﬁcans
749 3398 937 3453 illum.
963 3398 1214 3453 Decebat
1235 3397 1390 3454 enim
1418 3403 1484 3453 ut
1504 3398 1554 3453 is
1577 3400 1728 3470 quia
1748 3399 1992 3456 Domino

339 3486 711 3543 illuminatus
742 3486 931 3540 fuerat
960 3503 1076 3540 non
1108 3490 1259 3541 retro
1294 3486 1523 3555 rediret,
1549 3487 1649 3541 sed
1684 3487 1865 3543 Deum
1899 3505 1993 3544 se-

341 3577 636 3647 queretur.
662 3572 838 3646 Sequi
878 3573 1034 3628 enim
1078 3572 1409 3642 Dominum,
1449 3574 1667 3630 imitari
1699 3580 1807 3643 est,
1841 3576 1995 3633 sicut

341 3662 468 3735 ipse
525 3661 700 3717 dicit:
736 3685 763 3712 «
802 3662 932 3728 ,Qui
991 3662 1137 3718 mihi
1199 3662 1511 3725 ministrat,
1572 3681 1664 3720 me
1713 3671 1995 3738 sequatur

340 3754 525 3822 (Joan.
558 3751 682 3816 xu),
714 3772 741 3800 »
769 3753 876 3806 etc.
915 3751 984 3805 Et
1006 3750 1247 3807 iterum:
1288 3775 1316 3801 ‹‹
1343 3752 1447 3818 Qui
1482 3751 1606 3808 vult
1640 3752 1834 3810 veniré
1862 3761 1995 3828 post

340 3856 434 3896 me
456 3839 676 3911 (Matth.
701 3841 799 3906 Ix),
826 3862 853 3887 η
881 3844 939 3895 et
956 3839 1196 3912 reliqua.
1224 3841 1330 3896 Ubi
1354 3843 1675 3898 notandum
1699 3843 1837 3916 quia
1858 3850 1997 3901 sunt

338 3925 604 3984 nonnulli
638 3927 736 4000 qui
767 3944 874 3983 nec
922 3927 1140 3997 vident,
1175 3947 1279 3986 nec
1321 3934 1687 4003 sequuntur:
1724 3937 1865 3989 sunt
1893 3932 1993 3989 alii

337 4016 436 4090 qui
462 4015 682 4082 vident,
705 4017 805 4073 sed
838 4033 951 4072 non
992 4022 1349 4090 sequuntur:
1384 4018 1481 4073 alii
1513 4019 1689 4075 etiam
1722 4026 1862 4077 sunt
1893 4022 1994 4095 qui

337 4110 395 4162 et
423 4105 622 4161 vident
647 4110 701 4163 et
738 4111 1087 4179 sequuntur.
1120 4106 1235 4163 Nec
1264 4107 1465 4164 vident
1496 4127 1600 4165 nec
1643 4116 1990 4183 sequuntur,

339 4194 492 4251 sicut
519 4186 659 4251 sunt
688 4195 900 4269 pagani
932 4200 990 4251 et
1017 4195 1222 4261 Judaei,
1258 4196 1358 4268 qui
1392 4214 1498 4253 nec
1531 4198 1749 4254 bonum
1780 4198 1993 4257 intelli-

340 4287 507 4358 gunt,
541 4300 645 4340 nec
675 4288 1009 4357 operantur.
1032 4285 1266 4353 Vident,
1290 4290 1346 4341 et
1376 4304 1490 4343 non
1514 4294 1863 4361 sequuntur,
1892 4290 1993 4361 qui

340 4372 1034 4447 bonumintelligunt,sed
1050 4373 1273 4447 operari
1288 4377 1853 4443 contemnunt,sicut
1865 4378 1994 4435 falsi

344 4479 410 4518 ac
423 4461 601 4534 tepidi
616 4461 1033 4529 Christiani,de
1046 4464 1262 4534 quibus
1277 4464 1561 4520 Dominus
1573 4464 1654 4520 ait
1672 4466 1730 4520 in
1746 4468 1997 4539 Evange-

343 4549 460 4605 lio:
506 4571 534 4599 «
558 4550 682 4605 Non
716 4551 906 4606 omnis
934 4551 1035 4622 qui
1065 4551 1209 4606 dicit
1236 4551 1402 4618 mihi,
1437 4552 1698 4621 Domine,
1733 4554 1995 4623 Domine,

345 4636 588 4692 intrabit
609 4636 669 4690 in
692 4644 937 4710 regnum
958 4636 1234 4695 calorum
1264 4639 1472 4698 (Matth.
1505 4644 1625 4704 vn).
1655 4664 1682 4691 ››
1712 4643 1808 4698 Et:
1845 4665 1873 4693 «
1896 4644 1996 4700 Po-

347 4723 525 4798 pulus
545 4722 639 4779 hic
671 4722 842 4782 labiis
859 4743 953 4782 me
974 4726 1241 4793 honorat,
1271 4744 1369 4783 cor
1388 4732 1584 4785 autem
1605 4747 1805 4786 eorum
1829 4732 2000 4805 longe

345 4814 436 4869 est
465 4829 498 4868 a
528 4829 622 4868 me
653 4814 782 4877 (Ιδα.
816 4832 976 4883 xmx;
1001 4820 1172 4872 Marc.
1204 4818 1325 4880 vn).
1359 4838 1387 4867 »
1420 4817 1633 4874 Vident
1664 4824 1719 4875 et
1750 4837 2000 4894 sequun-

345 4904 461 4969 tur,
485 4899 662 4965 veluti
687 4903 1098 4975 perfectissimi
1121 4904 1460 4975 Christiani,
1485 4907 1583 4979 qui
1602 4912 1658 4963 et
1677 4908 1859 4964 Deum
1884 4926 2001 4965 cre-

346 4987 515 5055 dunt,
550 4993 609 5043 et
639 4989 858 5046 bonum
891 4993 1043 5064 quod
1086 4992 1441 5067 intelligunt,
1474 5011 1648 5067 opere
1679 4996 1994 5071 complent.

348 5073 513 5131 Unde
576 5078 875 5148 apostolus
942 5080 1156 5138 Paulus
1214 5081 1388 5140 dicit:
1450 5107 1471 5132 ‹ι
1507 5086 1686 5140 Corde
1745 5087 2001 5143 creditur

347 5162 420 5218 ad
443 5163 760 5239 justitiam,
812 5185 909 5223 ore
960 5174 1155 5226 autem
1195 5172 1478 5229 confessio
1511 5174 1575 5229 ﬁt
1623 5176 1694 5230 ad
1745 5175 1993 5230 salutem

350 5252 527 5323 (Rom.
562 5254 637 5320 κ),
664 5275 692 5302 ››
725 5271 873 5326 quos
896 5256 1198 5327 apostolus
1218 5259 1423 5317 Petrus
1445 5261 1735 5332 hortatur,
1761 5263 1993 5319 dicens:

353 5361 381 5389 ‹‹
413 5338 678 5397 Christus
708 5359 919 5415 passus
950 5348 1038 5400 est
1081 5362 1184 5417 pro
1233 5349 1420 5418 nobis,
1468 5351 1631 5407 vobis
1662 5352 2000 5426 relinquens

349 5427 704 5501 exemplum,
732 5435 795 5486 ut
824 5432 1153 5503 sequamini
1176 5436 1418 5510 vestigia
1447 5440 1574 5511 ejus
1609 5443 1651 5503 (I
1679 5447 1826 5497 Petr.
1862 5442 1940 5503 ιι).
1969 5464 1996 5491 ››

351 5538 379 5567 ‹‹
414 5516 484 5571 Et
513 5518 706 5575 omnis
739 5519 921 5592 plebs,
947 5518 1191 5588 utvidit,
1217 5523 1627 5585 deditlaudem
1651 5530 1785 5586 Deo.
1812 5553 1838 5580 »
1874 5531 1998 5586 Non

352 5603 544 5664 solum
578 5611 769 5665 autem
822 5611 892 5666 de
924 5609 1207 5666 miraculo
1257 5615 1408 5684 quod
1444 5618 1752 5688 acciderat,
1800 5637 1998 5676 verum

2087 1892 2191 1960 Qui
2215 1895 2411 1947 autem
2436 1890 2727 1946 desiderat
2744 1888 3088 1957 illuminari,
3111 1893 3167 1945 et
3184 1890 3502 1946 caecitatem
3527 1892 3749 1948 mentis

2086 1984 2392 2055 deponere,
2419 1996 2531 2035 non
2555 1979 2974 2045 debeborando
3005 1996 3038 2033 a
3064 1977 3344 2050 petitione
3364 1995 3608 2047 cessare,
3634 1982 3740 2037 sed

2086 2068 2427 2144 spiritaliter
2456 2082 2687 2139 semper
2716 2067 3067 2131 mendicare,
3104 2067 3160 2122 id
3183 2071 3291 2136 est,
3318 2068 3390 2124 ad
3422 2067 3753 2125 Ecclesium

2086 2160 2298 2226 veniat,
2332 2162 2390 2213 et
2421 2155 2724 2213 humiliter
2738 2173 2846 2211 sua
2866 2163 3102 2227 peccata
3122 2156 3441 2213 commissa
3466 2159 3756 2215 conﬁtea-

2087 2253 2204 2315 tur,
2229 2246 2519 2320 prazterita
2549 2249 2785 2318 peccata
2817 2244 3050 2302 ﬂetibus
3071 2243 3275 2314 diluat,
3309 2251 3366 2302 et
3396 2247 3468 2301 ad
3499 2247 3760 2304 audien-

2090 2339 2232 2394 dum
2255 2337 2495 2392 verbum
2519 2333 2787 2390 divinum
2819 2334 3068 2389 libenter
3097 2351 3268 2390 aures
3298 2335 3491 2391 cordis
3524 2336 3765 2408 aperiat

2093 2425 2197 2500 (Ibi
2221 2426 2375 2483 enim
2400 2425 2457 2479 in
2483 2427 2818 2480 sanctorum
2836 2421 3117 2495 exemplis
3134 2421 3254 2478 sive
3270 2423 3460 2479 verbis
3478 2425 3764 2496 reperiet,

2094 2514 2372 2589 quoniam
2402 2513 2473 2569 de
2504 2512 2812 2584 praeteritis
2844 2510 3071 2568 delictis
3102 2510 3564 2568 satisfactionem
3602 2515 3767 2570 acci-

2095 2604 2232 2678 piet,
2253 2605 2312 2658 et
2339 2602 2410 2657 de
2440 2599 2654 2656 futuris
2686 2599 3026 2671 cautelam);
3052 2600 3155 2655 sed
3186 2599 3233 2654 si
3265 2617 3370 2672 pro
3392 2604 3615 2657 aeterna
3644 2603 3771 2659 vita

2097 2690 2334 2765 coeperit
2363 2689 2639 2763 cogitare,
2674 2692 2732 2744 et
2762 2689 2834 2744 ad
2880 2705 3010 2744 eam
3043 2692 3175 2761 post
3205 2693 3505 2761 peccatum
3558 2692 3769 2748 ﬂendo

2098 2780 2306 2847 redire,
2333 2796 2520 2834 caecus
2551 2781 2608 2833 et
2637 2794 2808 2833 secus
2830 2775 2981 2832 viam
3018 2777 3201 2844 sedet,
3226 2781 3283 2834 et
3307 2778 3629 2850 mendicat,
3670 2782 3772 2838 cui

2098 2874 2251 2926 recte
2282 2866 2551 2941 congruit
2581 2867 2737 2939 quod
2770 2865 3019 2922 dicitur:
3056 2889 3084 2915 «
3118 2867 3187 2921 Et
3215 2884 3349 2923 cum
3380 2867 3615 2924 audiret
3638 2876 3773 2926 tur-

2098 2959 2235 3015 bam
2267 2959 2731 3030 praetereuntem,
2778 2954 3175 3027 interrogabat
3203 2954 3342 3027 quid
3374 2955 3483 3011 hoc
3511 2962 3701 3014 esset.
3741 2982 3770 3009 ›ι

2098 3048 2290 3103 Turba
2330 3044 2664 3118 praeteriens
2695 3047 3033 3105 sanctorum
3065 3047 3155 3099 cst
3184 3043 3483 3100 unanimis
3514 3045 3773 3117 chorus,

2099 3137 2189 3193 vel
2219 3153 2421 3192 eorum
2452 3133 2709 3190 actiones
2740 3137 2797 3187 et
2817 3131 3145 3188 doctrinam
3167 3132 3478 3205 signiﬁcat,
3502 3134 3608 3206 qui
3634 3154 3779 3208 pro-

2103 3230 2305 3298 pterea
2334 3226 2750 3296 praetereuntes
2780 3221 3079 3292 dicuntur,
3106 3220 3246 3293 quia
3266 3238 3382 3277 non
3414 3221 3641 3278 habent
3674 3224 3779 3280 hic

2103 3317 2435 3370 manentem
2460 3310 2772 3379 civitatem,
2799 3310 2901 3366 sed
2924 3310 3183 3365 futuram
3206 3314 3328 3366 toto
3354 3310 3654 3368 desiderio
3682 3314 3779 3369 in-

2103 3400 2364 3474 quirunt.
2416 3399 2709 3455 Praeterire
2753 3398 2969 3471 quippe
3018 3403 3354 3455 sanctorum
3386 3402 3494 3467 est,
3547 3417 3677 3458 non
3716 3404 3777 3459 in

2104 3506 2362 3547 amorem
2412 3486 2636 3555 mundi,
2696 3487 2952 3543 radicem
3005 3487 3198 3544 cordis
3246 3485 3507 3560 inﬁgere,
3553 3491 3663 3546 sed
3697 3493 3777 3548 ad

2104 3582 2379 3635 aeternam
2410 3577 2586 3631 vitam
2620 3580 2736 3632 toto
2767 3575 3057 3639 desiderio
3086 3576 3379 3631 festinare.
3411 3576 3578 3633 Unde
3604 3596 3783 3637 unus

2103 3685 2325 3733 eorum,
2360 3684 2494 3723 cum
2524 3665 2763 3722 vidisset
2785 3665 3034 3738 impium
3056 3665 3552 3736 superexaltalum
3576 3672 3635 3723 et
3661 3668 3787 3726 ele-

2104 3762 2321 3825 vatuw,
2383 3756 2498 3812 ait:
2558 3778 2585 3805 «
2621 3753 2905 3822 Transivi,
2962 3757 3019 3809 et
3066 3771 3197 3809 ecce
3245 3772 3359 3810 non
3416 3759 3541 3810 erat
3588 3756 3781 3828 (Pent.

2103 3850 2315 3912 XXXVI),
2351 3868 2377 3895 ››
2409 3848 2518 3901 etc.
2550 3845 2815 3916 Cumque
2844 3860 2912 3899 ex
2942 3859 3143 3900 eorum
3183 3842 3466 3914 exemplis
3496 3848 3557 3899 et
3587 3845 3786 3904 dictis

2104 3938 2371 4010 peccator
2390 3933 2769 4007 peccantibus
2791 3932 3036 3989 audierit
3060 3931 3396 3988 terribiliter
3412 3933 3783 3991 comminari

2105 4041 2336 4098 poenam
2369 4028 2425 4079 et
2448 4020 2791 4095 Apostolum
2822 4020 3177 4077 clamantem
3204 4038 3216 4076 :
3255 4043 3283 4070 ‹‹
3315 4019 3502 4075 Nolite
3524 4038 3781 4080 errare:

2106 4131 2293 4186 neque
2324 4111 2596 4182 adulteri,
2629 4127 2817 4182 neque
2846 4127 3106 4183 rapaces,
3136 4124 3326 4182 neque
3360 4109 3782 4170 masculorum

2106 4202 2508 4259 concubitores
2538 4217 2783 4272 regnum
2835 4200 2929 4253 Dei
2962 4198 3347 4270 possidebunt
3378 4199 3425 4271 (Ι
3454 4200 3575 4255 Cor.
3610 4204 3717 4272 vn).
3750 4228 3780 4252 ››

2104 4293 2175 4348 Et
2206 4290 2621 4364 pcenitentibus
2670 4287 2997 4361 repromitti
3059 4288 3308 4356 veniam,
3372 4297 3783 4361 compunctus

2107 4380 2279 4436 corde
2303 4379 2619 4450 interrogat
2639 4377 2778 4449 quid
2805 4376 2913 4433 hoc
2934 4377 3029 4433 sit.
3058 4377 3281 4432 Etcum
3310 4392 3377 4432 ex
3398 4394 3602 4433 eorum
3632 4396 3783 4435 vcr-

2105 4468 2197 4524 bis
2218 4466 2505 4533 didicerit,
2521 4466 2807 4522 nihilesse
2830 4484 3001 4522 omne
3013 4466 3167 4538 quod
3188 4470 3484 4523 terrenum
3502 4472 3781 4525 ettrans-

2028 4577 2075 4641 Ι)
2106 4556 2345 4613 itorium
2369 4560 2475 4625 est,
2501 4554 2665 4627 quasi
2690 4556 2889 4612 Jesum
2914 4555 3278 4611 Nazarenum
3302 4556 3554 4612 transire
3575 4558 3779 4615 audit.

2107 4645 2254 4710 Quid
2286 4661 2455 4718 agere
2487 4644 2712 4713 debeat,
2742 4645 2791 4701 si
2822 4643 3020 4701 lumen
3042 4644 3234 4700 cordis
3256 4643 3515 4717 recipere
3543 4644 3787 4704 deside-

2110 4738 2218 4803 rat,
2243 4750 2429 4789 caecus
2451 4750 2557 4789 suo
2588 4732 2851 4805 exemplo
2874 4732 3149 4800 ostendit,
3183 4748 3317 4787 cum
3350 4731 3645 4801 clamavit,
3684 4736 3782 4791 di-

2107 4840 2272 4879 cens:
2314 4822 2498 4878 «.Jesu
2536 4820 2616 4876 ﬁli
2640 4821 2844 4891 David,
2870 4822 3149 4878 miserere
3171 4820 3306 4878 mei.
3334 4843 3362 4873 »
3388 4821 3589 4878 Caecus
3607 4825 3783 4881 enim

2107 4912 2179 4967 ad
2206 4911 2517 4967 Dominum
2553 4908 2787 4979 clamat,
2823 4910 3058 4982 quando
3080 4914 3349 4982 peccator
3373 4926 3480 4982 pro
3509 4914 3782 4983 peccatis

2108 5000 2233 5057 suis
2264 5000 2491 5056 veniam
2542 5003 2766 5072 petens,
2816 4997 3121 5055 humiliter
3152 4997 3514 5071 ingemiscit,
3565 4999 3781 5057 dicens

2109 5106 2241 5144 cum
2287 5087 2611 5161 Propheta:
2648 5111 2673 5135 ‹‹
2710 5086 2995 5150 Quoniam
3029 5086 3401 5158 iniquitatem
3432 5104 3622 5142 meam
3659 5105 3780 5162 ego

2107 5193 2413 5250 cognosco,
2438 5181 2493 5232 et.
2514 5178 2814 5249 peccatum
2841 5187 3037 5243 meum
3059 5178 3263 5231 contra
3286 5192 3379 5230 me
3402 5180 3493 5231 est
3510 5192 3778 5249 semper.

2106 5267 2232 5322 Tibi
2265 5267 2372 5322 soli
2406 5265 2652 5338 peccavi,
2679 5268 2734 5319 et
2763 5263 2983 5319 malum
3006 5281 3200 5319 coram
3226 5269 3281 5319 te
3304 5262 3410 5320 feci
3440 5265 3614 5337 (Paul.
3650 5268 3775 5337 1.).»

2109 5355 2219 5411 Sed
2253 5354 2391 5429 quia
2414 5352 2700 5410 immundi
2724 5352 2964 5425 spiritus
2985 5358 3191 5409 contra
3210 5369 3344 5409 eum
3376 5370 3553 5425 quem
3578 5356 3781 5412 redire

2110 5445 2180 5499 ad
2221 5445 2447 5500 veniam
2498 5442 2768 5509 viderint,
2814 5446 3199 5515 consurgunt,
3247 5446 3402 5497 recte
3450 5442 3776 5514 subditur:

2110 5557 2137 5581 α
2164 5536 2230 5587 Et
2282 5534 2379 5605 qui
2432 5530 2731 5603 prazibant,
2768 5531 3148 5603 increpabant
3177 5547 3313 5588 eum
3365 5535 3432 5587 ut
3464 5536 3703 5589 taceret.
3740 5557 3778 5585 ››

2111 5612 2526 5678 Praetereuntes
2557 5636 2692 5691 ergo
2742 5636 2890 5675 caeco
2929 5620 3232 5677 silentium
3282 5620 3583 5694 imponere
3615 5620 3781 5691 volc-
