4028 6176
242 352 340 417 481

1449 352 1802 417 uomens
1843 354 1947 418 ne
1990 317 2391 421 Teneone.

3510 360 3628 427 182

237 488 385 554 baut,
420 483 552 559 quia
581 483 873 541 immundi
904 484 1170 559 spiritus,
1204 501 1277 543 ne
1307 493 1576 560 peccator
1594 487 1666 544 ad
1690 489 1868 561 pmni-
1894 491 1949 557 Α
1982 490 2239 547 donante
2269 492 2598 560 credamus,
2624 493 2796 564 juxta
2824 491 2968 550 illud
3005 494 3157 569 quod
3195 494 3479 554 Dominus
3510 499 3592 556 ait
3608 464 3629 556 :i

236 577 463 634 tentiam
494 575 703 653 redeat,
728 577 1155 643 contradicunt,
1180 575 1378 632 Multis
1411 593 1644 650 quoque
1672 578 1865 634 modis

233 665 507 724 immundi
538 665 782 738 spiritus
813 664 1385 738 postconfessionem
1400 670 1655 723 mentem
1684 670 1863 723 retra-

234 758 355 813 here
385 759 687 822 conantur,
722 755 885 811 nein
931 756 1304 811 conversione
1352 761 1710 827 permaneat,
1758 756 1861 811 ali-

232 845 451 918 quando
465 843 1713 917 suasionibus,aliquandoincrepationibus,
1732 863 1865 901 con-

230 940 311 990 tra
337 951 462 1006 quae
494 932 690 989 omnia
704 933 994 1006 scriptura
1006 933 1338 990 Salomonis
1352 934 1549 989 animu
1561 952 1615 989 m
1632 936 1664 989 fi
1676 952 1864 992 rmare

229 1025 508 1090 admonet,
542 1039 675 1077 cum
710 1023 876 1078 dicit:
918 1044 945 1075 α
977 1023 1404 1091 Fili,accedens
1422 1025 1493 1078 ad
1526 1024 1861 1081 servitutem

228 1114 339 1179 Dei,
371 1114 457 1168 sta
488 1112 547 1166 in
571 1110 809 1183 justitia
838 1116 896 1167 et
926 1111 1156 1179 timore,
1202 1116 1260 1168 et
1301 1129 1562 1184 praepara
1602 1113 1859 1170 animam

228 1208 374 1258 tuam
388 1200 458 1257 ad
474 1201 1056 1269 tentationom(Eccle.
1093 1201 1175 1273 ιι).
1196 1224 1221 1249 η
1237 1202 1352 1257 Nec
1365 1201 1553 1257 solum
1572 1202 1861 1258 immundi

226 1288 471 1364 spiritus,
505 1292 609 1347 sed
636 1291 809 1346 etiam
843 1291 1862 1363 ipsaconsuetudopeccandidurius

222 1371 409 1454 incipit
440 1379 745 1445 rebellare,
776 1397 911 1435 cum
946 1381 1195 1436 senserit
1221 1384 1351 1454 post
1369 1384 1605 1436 assueta
1622 1380 1860 1436 malaad

221 1471 447 1527 virtutes
477 1469 628 1525 velle
658 1470 761 1525 ire.
792 1469 962 1525 Verbi
982 1470 1188 1542 gratia,
1213 1469 1478 1524 ebriosus
1495 1469 1709 1542 aliquis
1726 1486 1860 1525 cum

222 1560 283 1616 ad
312 1559 693 1615 sobrietatem
726 1558 913 1614 redire
942 1559 1261 1631 consurgit.
1309 1576 1443 1613 mox
1491 1563 1697 1614 contra
1726 1576 1860 1614 eum

218 1648 456 1705 titillatio
490 1647 734 1722 potandi
768 1648 984 1720 surgit;
1020 1648 1397 1703 adulterdum
1414 1647 1742 1703 castitatem
1763 1665 1856 1703 vo-

215 1740 305 1803 vit,
334 1738 541 1794 statim
575 1740 780 1792 contra
807 1754 941 1792 eum
970 1736 1163 1792 carnis
1192 1736 1497 1792 delectatio
1537 1737 1857 1810 consurgit,

1979 601 2007 630 ‹‹
2039 584 2225 636 Amen
2253 582 2381 637 dico
2411 581 2595 651 vobis,
2617 582 2901 655 quidquid
2927 588 3158 640 orantes
3176 586 3395 658 petitis,
3414 586 3628 645 credite

1975 670 2114 742 quia
2145 670 2462 743 accipietis,
2497 676 2555 726 et
2588 673 2687 727 fiet
2716 673 2881 729 vobis
2910 673 3116 743 (Matth.
3148 679 3287 742 xxx).
3318 698 3339 727 ι
3377 676 3448 731 Et
3476 692 3624 748 quo-

1974 758 2132 814 niam
2162 760 2497 833 quicunque
2528 777 2643 815 non
2677 761 2919 834 negligit
2936 763 3108 836 digne
3120 763 3419 836 poenitere,
3442 765 3515 820 de
3533 781 3620 821 ve:

1975 848 2073 903 nia
2104 866 2216 903 non
2252 848 2420 904 debet
2450 850 2779 921 desperare,
2814 855 2967 907 recte
2998 853 3243 908 dicitur:
3297 875 3325 903 «
3360 853 3621 925 Respice,

1974 938 2119 993 ﬁdes
2144 943 2245 993 tua
2275 942 2328 993 te
2361 938 2584 994 salvum
2617 940 2771 995 fecit.
2810 962 2836 988 η
2871 941 2950 996 De
2982 958 3095 1013 quo
3136 946 3288 997 recte
3319 942 3620 999 subditur:

1976 1048 2004 1077 ‹‹
2033 1027 2103 1081 Et
2132 1027 2439 1082 confestim
2470 1028 2632 1095 vidit,
2667 1033 2723 1084 et
2753 1029 3110 1100 sequebatur
3138 1028 3327 1099 illum,
3362 1030 3629 1105 magnifi-

1974 1132 2113 1171 cans
2144 1117 2349 1172 Deum.
2389 1139 2410 1165 ι
2447 1117 2605 1173 Solet
2654 1122 2850 1172 autem
2901 1118 3261 1191 contingere,
3303 1125 3370 1175 ut
3400 1124 3619 1193 quanto

1973 1205 2225 1277 quisque
2254 1206 2325 1259 de
2355 1206 2677 1276 majoribus
2709 1200 3491 1279 peccatisperpcenitentiam
3509 1209 3627 1264 fue-
3676 1212 3690 1237 ’

1972 1294 2050 1349 rit
2079 1291 2383 1359 liberatus,
2414 1299 2574 1350 tanto
2606 1296 2826 1367 gratior
2856 1295 3182 1351 liberatoris
3224 1296 3626 1354 misericordia

1971 1384 2362 1455 cognoscitur.
2389 1384 2551 1439 Unde
2576 1385 2721 1439 bene
2751 1385 2996 1439 dicitur:
3032 1386 3349 1441 «Etomnis
3379 1385 3542 1459 plebs
3556 1392 3624 1442 ut

1969 1470 2137 1542 vidit,
2171 1471 2330 1528 dedit
2344 1472 2575 1527 laudem
2590 1472 2727 1527 Deo.
2752 1495 2777 1521 »
2791 1473 2913 1537 Quo
2931 1473 3086 1528 enim
3101 1474 3352 1546 quisque
3365 1474 3421 1529 in
3435 1474 3622 1547 gradu

1971 1565 2060 1616 est
2086 1561 2273 1627 altior,
2308 1578 2375 1616 eo
2406 1565 2461 1615 et
2491 1561 2548 1615 in
2583 1562 2828 1617 crimine
2840 1561 3094 1635 gravior:
3113 1568 3329 1635 quanto
3342 1567 3534 1619 autem
3552 1563 3623 1619 de

1969 1649 2334 1721 gravioribus
2383 1649 2633 1722 peccatis
2665 1667 2699 1704 a
2730 1650 2844 1705 Deo
2894 1650 3068 1706 fuerit
3116 1651 3420 1718 liberatus,
3462 1656 3519 1707 et
3549 1652 3619 1708 de

1971 1738 2449 1812 profundioribus
2474 1738 2731 1795 tenebris
2760 1743 2983 1804 erutus,
3009 1742 3171 1795 tanto
3191 1739 3502 1813 gloriosius
3515 1741 3623 1797 Do-

216 1831 264 1883 et
292 1828 357 1884 ad
392 1826 693 1900 praeterita
722 1826 1040 1882 commissa
1070 1824 1363 1882 retrahere
1386 1826 1653 1899 cupit,ne
1669 1827 1740 1882 ad
1756 1831 1860 1882 Do-
1891 1862 1940 1928 Β
1973 1828 2117 1884 mini
2143 1827 2604 1885 misericordiam
2636 1828 3066 1901 deprecabitur.

216 1916 427 1972 minum
446 1918 851 1971 convertatur:
869 1914 1007 1987 quia
1022 1936 1049 1963 ‹‹
1064 1931 1197 1970 caro
1211 1914 1572 1987 concupiscit
1584 1916 1862 1971 adversus

212 2006 467 2080 spiritum
478 2049 490 2073 ,
502 2004 752 2077 spiritus
762 2004 1043 2061 adversus
1056 2004 1519 2075 carnem(Gal.v).
1533 2027 1553 2053 ι
1564 2005 1693 2060 Haec
1704 2004 1861 2061 enim

213 2094 444 2151 invicem
478 2094 893 2159 adversantur,
928 2098 992 2149 ut
1024 2110 1137 2153 non
1172 2110 1241 2149 ea
1259 2110 1385 2166 quae
1406 2092 1864 2150 volumusfacia—

211 2201 352 2253 mus,
386 2200 493 2239 nec
536 2199 682 2255 pura
714 2186 908 2238 mente
940 2182 1124 2237 Deum
1158 2181 1494 2254 conspicere
1540 2181 1858 2238 valeamus.

208 2273 309 2331 Sed
337 2272 480 2346 quid
522 2272 711 2328 facere
736 2272 966 2327 debeat.
1002 2272 1121 2329 sive
1168 2276 1372 2327 contra
1417 2270 1859 2327 immundorum

211 2364 517 2436 spirituum
553 2361 955 2429 tentationem,
972 2362 1093 2418 sive
1107 2366 1309 2418 contra
1321 2360 1512 2417 carnis
1531 2360 1797 2417 delectati
1805 2378 1862 2417 o-

211 2469 351 2520 nem,
384 2452 485 2525 qui
523 2450 865 2521 hujusmodi
899 2450 1456 2524 estexemplohujus
1472 2450 1861 2507 caaciinstrui-

208 2544 309 2610 tur,
343 2557 478 2596 cum
549 2539 944 2604 subinfertur:
1006 2540 1195 2612 «Ipse
1250 2556 1384 2595 vero
1441 2539 1626 2595 multo
1672 2539 1860 2612 magis

210 2629 517 2685 clamabat:
559 2628 665 2685 Fili
696 2629 903 2696 David,
956 2627 1232 2685 miserere
1274 2629 1410 2684 mei.
1447 2650 1476 2678 η
1528 2630 1649 2693 Quo
1700 2628 1860 2684 enim

211 2719 388 2774 acrius
417 2734 481 2774 se
544 2717 759 2791 aliquis
808 2717 985 2774 sentit
1031 2717 1366 2790 impugnari
1399 2734 1434 2773 a
1463 2716 1857 2791 malignorum

210 2807 512 2879 Spirituum
546 2807 888 2873 tentatione,
924 2824 1027 2863 seu
1060 2807 1857 2880 abipsaconsuetudinepec-

210 2898 385 2961 caudi,
418 2914 486 2952 eo
526 2896 740 2952 fortius
769 2897 940 2951 debet
970 2913 1228 2968 pugnare
1262 2896 1861 2969 inoratione,proptcr

210 2984 339 3040 illud
372 2986 537 3060 quod
574 2985 858 3040 Dominus
872 2985 979 3040 ait:
998 3008 1025 3035 ‹‹
1042 2985 1357 3058 Hocgcnus
1370 3002 1482 3041 non
1498 2984 1857 3057 ejiciturnisi

210 3074 260 3129 in
288 3074 554 3130 oratione
585 3078 643 3128 et
666 3073 893 3145 jejunio
921 3072 1128 3141 (Matth.
1163 3077 1262 3143 IX).
1298 3096 1324 3123 »
1350 3073 1512 3143 Unde
1540 3072 1856 3147 Apostolus

213 3162 397 3219 Petrus
459 3162 676 3218 fideles
737 3178 842 3234 per
895 3162 1206 3236 epistolam
1267 3163 1563 3231 admonet,
1625 3161 1853 3218 dicens:

2524 1970 2831 2026 HOMILIA
2867 1970 3060 2027 XXIV.

2539 2076 2593 2115 LV
2632 2075 2727 2115 DIE
2762 2076 3043 2117 CINEBUM.

2043 2185 2286 2256 (Mv'rrn.
2321 2183 2419 2257 Vl.)
2453 2208 2479 2235 ‹‹
2512 2189 2582 2242 In
2614 2182 2711 2241 illo
2742 2187 3029 2257 tempore:
3065 2182 3219 2240 Dixit
3242 2184 3417 2242 Jesus
3441 2184 3624 2243 disci-

1971 2297 2000 2325 «
2033 2274 2189 2347 pulis
2220 2273 2374 2330 suis:
2408 2279 2551 2330 Cum
2576 2273 2883 2345 jejunatis,
2919 2273 3098 2330 nolite
3130 2274 3254 2329 fieri
3274 2279 3431 2330 stcut
3446 2275 3623 2349 hypo-

1974 2385 2002 2413 «
2035 2363 2190 2419 critae
2212 2362 2758 2434 tristes,etreliqua.
2777 2362 3119 2435 »Jejunium
3134 2362 3623 2438 quippeomnipo-

1971 2450 2114 2508 tenti
2146 2451 2261 2507 Deo
2277 2455 2509 2521 gratum
2523 2455 2629 2517 est,
2646 2451 2727 2506 ita
2740 2451 3043 2518 duntaxat,
3060 2451 3106 2508 si
3125 2451 3300 2525 digne
3312 2456 3369 2508 et
3381 2452 3625 2525 irrepre-

1969 2540 2339 2597 hensibiliter
2367 2540 2489 2595 fiat.
2522 2540 2700 2595 Erant
2730 2538 2968 2611 quidem
2995 2540 3208 2597 Scribe
3231 2545 3287 2596 et
3300 2540 3619 2611 Pharisiaai,

1964 2631 2068 2703 qui
2104 2636 2361 2701 tempore
2379 2628 2593 2700 jejunii
2624 2628 2716 2683 sui
2745 2628 3211 2684 exterminabant
3241 2629 3416 2687 facies
3455 2648 3616 2697 suas,

1970 2725 2261 2792 quatenus
2279 2722 2546 2791 parerent
2559 2716 3265 2789 hominibusjejunantes.
3291 2718 3347 2774 Si
3362 2735 3499 2791 ergo
3511 2719 3616 2791 hy-

1969 2808 2200 2881 pocrita:
2230 2811 2397 2864 erant
2410 2806 2621 2878 illi,qui
2645 2806 2773 2860 ideo
2788 2806 2962 2862 facies
2975 2822 3115 2863 suas
3127 2806 3614 2875 exterminabant,

1970 2896 2469 2967 uthominibusjej
2480 2899 2728 2951 unantes
2740 2901 3109 2968 apparerent,
3124 2894 3501 2967 constatquia
3513 2895 3615 2968 qui

1967 2986 2126 3042 aliud
2159 2990 2317 3042 tenet
2346 2985 2405 3039 in
2439 2985 2629 3051 corde,
2662 2984 2888 3040 etaliud
2905 2983 3095 3058 agitin
3111 2984 3620 3058 opere,hypocrita

1968 3079 2076 3144 est,
2112 3075 2264 3130 sicut
2294 3073 2509 3129 Scribas
2541 3077 2596 3128 et
2628 3072 2922 3139 Pharisaei,
2950 3073 3049 3145 qui
3083 3090 3214 3128 cum
3230 3074 3618 3131 haberentha-

1966 3164 2156 3219 titiam
2191 3162 2246 3217 in
2281 3165 2473 3217 mente
2487 3161 2556 3216 de
2571 3177 2716 3216 vana
2731 3160 3250 3235 gloria,tristitiam
3265 3166 3462 3219 tamen
3477 3181 3621 3237 pras-

216 3269 241 3302 ι
262 3253 452 3309 Estote
483 3252 815 3325 prudentes
844 3255 900 3308 et
928 3252 1165 3325 vigilate
1193 3251 1250 3306 in
1283 3251 1668 3318 orationibus,
1718 3252 1856 3324 quia
1886 3237 1929 3303 C
1969 3251 2231 3307 ferebant
2258 3249 2317 3304 in
2350 3248 2535 3305 vultu.
2565 3273 2585 3298 ι
2617 3247 3019 3305 Exterminant
3046 3250 3202 3306 enim
3226 3250 3401 3307 facies
3418 3269 3615 3309 suas.»

212 3340 573 3397 adversarius
602 3344 798 3397 vester
846 3340 1115 3397 diabolus
1164 3345 1448 3415 tanquam
1499 3342 1586 3396 leo
1616 3341 1856 3414 rugiens

212 3429 417 3497 circuit,
451 3445 735 3503 quaerens
765 3446 939 3502 quem
966 3431 1229 3499 devoret;
1264 3431 1356 3485 cui
1388 3432 1639 3487 resistite
1679 3432 1857 3486 fortes

202 3518 264 3574 ‘in
292 3520 398 3576 fide
430 3522 482 3590 (1
515 3524 674 3575 Petr.
703 3521 825 3586 v).»
843 3518 1042 3591 Neque
1074 3520 1228 3575 enim
1261 3519 1457 3575 divina
1482 3520 1664 3591 pietas
1695 3518 1858 3589 adju-

211 3607 406 3663 torium
434 3607 557 3663 sibi
587 3606 893 3680 pmnitenti
926 3608 1183 3682 negabit,
1218 3608 1266 3663 si
1300 3608 1394 3663 ille
1433 3608 1653 3663 orando
1686 3625 1719 3662 a
1760 3624 1856 3679 pe-

213 3695 399 3752 titione
431 3714 553 3753 non
576 3695 871 3763 defecerit,
886 3712 992 3752 nec
1006 3698 1075 3752 de
1088 3697 1215 3753 suis
1233 3696 1454 3753 meritis
1474 3696 1692 3769 aliquid
1714 3714 1858 3768 pra:-

215 3791 409 3855 sumat,
444 3787 555 3843 sed
585 3786 646 3841 in
677 3785 839 3841 illius
867 3786 1270 3842 misericordia
1301 3787 1574 3853 confidat,
1622 3785 1712 3841 cui
1759 3802 1862 3858 per

215 3874 552 3948 Prophetam
588 3874 839 3931 dicitur:
879 3897 900 3924 α
930 3876 988 3931 ln
1008 3875 1543 3932 Dominofaciemns
1559 3876 1858 3943 virtutem,

218 3967 264 4019 et
290 3964 407 4037 ipse
438 3966 511 4021 ad
548 3962 807 4019 nihilum
840 3965 1087 4020 deducet
1116 3963 1388 4020 inimicos
1419 3969 1653 4020 nostros
1685 3965 1857 4033 (Psal.

222 4057 392 4121 ιω.»
450 4057 711 4122 Qantam
775 4058 970 4109 autem
1049 4052 1510 4109 misericordiam
1576 4053 1862 4109 Dominus

222 4142 624 4212 penitentibus
656 4142 946 4209 exhibeat,
980 4142 1149 4215 quale
1166 4143 1447 4198 auxilium
1463 4142 1861 4214 pugnantibus

222 4236 403 4285 contra
428 4237 744 4304 peccatum
775 4232 1046 4303 praebeat,
1082 4232 1495 4287 manifestatur
1541 4240 1673 4285 eum
1722 4230 1861 4285 sub-

220 4316 491 4393 iungitur:
537 4344 565 4369 ε
598 4321 777 4376 Stans
807 4323 1002 4375 autem
1033 4320 1227 4384 Jesus,
1261 4319 1445 4392 jussit
1483 4336 1615 4375 eum
1650 4319 1860 4375 adduci

222 4408 282 4461 ad
309 4426 385 4464 se.
419 4433 445 4459 »
462 4409 577 4476 Qui
597 4426 736 4482 ergo
749 4409 1233 4481 priustransibat,
1250 4413 1486 4480 propter
1503 4409 1855 4464 tentationes

227 4495 539 4554 daemonum
575 4498 856 4553 humanis
890 4497 1188 4553 mentibus
1219 4496 1430 4563 illatas,
1466 4514 1621 4552 nunc
1652 4497 1863 4568 perin-

1966 3342 2073 3396 Pro
2106 3357 2170 3396 eo
2200 3340 2373 3395 verbo
2406 3340 2557 3411 quod
2592 3339 2651 3395 in
2682 3338 3103 3395 consuetudine
3131 3339 3407 3413 legimus,
3438 3346 3618 3399 exter-

1966 3429 2213 3497 minant,
2230 3429 2437 3484 beatus
2452 3428 2836 3502 Hieronymus
2853 3429 3019 3484 docet
3032 3445 3158 3485 esse
3172 3429 3378 3503 legend
3388 3432 3615 3488 umzde-

1967 3515 2311 3572 moliuntur.
2344 3515 2487 3571 Nam
2522 3516 2906 3572 exterminare
2937 3520 3025 3571 est
3054 3520 3214 3573 extra
3229 3519 3617 3592 proprioster-

1969 3607 2162 3662 minos
2192 3606 2456 3661 educere.
2490 3604 2700 3660 Verius
2732 3604 2886 3660 enim
2919 3604 3165 3679 legitur:
3220 3607 3620 3665 demoliuntur

1969 3696 2144 3752 facies
2176 3712 2335 3761 suas,
2367 3694 2477 3749 hoc
2509 3698 2618 3759 est,
2642 3695 3178 3766 depravant,etnon
3196 3695 3391 3752 lavant
3406 3697 3619 3770 se,pal-

1968 3785 2149 3842 lorem
2183 3784 2356 3841 etiam
2391 3783 2734 3839 continuum
2770 3783 3088 3841 facietenus
3102 3787 3489 3858 przetendunt.
3505 3809 3534 3836 «
3550 3787 3623 3843 Ut

1976 3866 3053 3943 «videanturabhominibusmlloc'est,
3080 3874 3625 3932 uthumanaminde

1970 3965 2205 4021 laudem
2236 3967 2689 4035 consequantur.

2045 4076 2071 4103 «
2104 4054 2189 4108 'I‘u
2223 4069 2355 4108 cum
2381 4054 2639 4124 jejunus,
2676 4070 2829 4127 unge
2861 4058 3035 4126 caput
3068 4058 3257 4109 tuum-
3296 4078 3323 4105 ι)
3360 4054 3478 4109 Hoc
3515 4057 3623 4121 est,

1971 4143 2112 4198 dum
2137 4142 2398 4213 jejunus,
2433 4141 2704 4197 festivum
2738 4147 2792 4198 te
2823 4142 3049 4198 exhibe.
3077 4142 3391 4207 Palaestini,
3419 4158 3627 4197 secun-

1972 4233 2111 4287 dum
2145 4247 2396 4302 quorum
2411 4246 2632 4285 morem
2646 4230 2787 4285 Dom
2800 4230 2929 4285 inus
2946 4230 3229 4301 loquitur,
3242 4230 3450 4285 diebus
3464 4230 3627 4286 festis

1970 4321 2095 4377 oleo
2126 4320 2425 4391 ungebant
2464 4322 2659 4391 caput,
2689 4324 2746 4373 et
2798 4320 3069 4391 pretiosis
3115 4319 3436 4391 unguentis
3466 4318 3621 4375 fove-

1974 4411 2133 4465 bant.
2168 4410 2235 4463 Et
2266 4414 2354 4463 est
2384 4407 3050 4478 sensus:Cumjejunas,
3068 4406 3337 4463 festivum
3355 4407 3626 4465 teexhibe

1973 4505 2029 4556 et
2060 4500 2326 4563 hilarem,
2359 4496 2525 4568 quasi
2560 4515 2673 4551 non
2705 4497 2951 4553 videaris
2973 4496 3267 4567 jejunare,
3300 4498 3400 4553 sed
3430 4496 3625 4570 potius

225 4587 481 4642 stantiam
515 4586 798 4643 clamoris
831 4589 965 4641 stat.
992 4586 1138 4651 Quia
1168 4603 1297 4640 cum
1317 4586 1864 4658 phantasmataten-
1897 4613 1942 4674 ι)
1975 4588 2397 4645 solemnitatem
2433 4586 2740 4641 celebrare.
2772 4584 3089 4657 Allegorice
3107 4602 3239 4642 vero
3258 4585 3448 4643 oleum
3472 4588 3627 4645 sicut

226 4676 491 4732 tationum
526 4676 587 4731 in
618 4676 883 4731 oratione
916 4675 1196 4748 patimur,
1238 4674 1408 4747 quasi
1459 4678 1862 4730 transeuntem

227 4761 518 4819 Dominum
555 4765 862 4820 audimus:
896 4765 996 4820 sed
1022 4763 1147 4819 siin
1162 4764 1399 4831 orando,
1418 4763 1751 4836 qmerendo,
1774 4780 1864 4835 pe-

228 4853 399 4911 tendo.
430 4854 724 4925 pulsando
756 4852 1337 4926 perseveraverimus,
1373 4853 1539 4928 quasi
1574 4859 1739 4909 stans
1757 4869 1862 4908 nos

228 4939 287 4993 ad
310 4957 367 4996 se
397 4941 607 4998 adduci
633 4942 825 5013 jubet.
855 4940 1139 5007 Quoniam
1170 4941 1600 5013 tranquillitate
1649 4934 1863 4996 mentis

228 5027 495 5097 reddita,d
507 5029 840 5087 ulcedinem
856 5046 972 5085 sua:
985 5029 1499 5102 contemplationis
1510 5031 1594 5085 vel
1617 5029 1866 5085 tenuiter

231 5118 571 5186 manifestat,
605 5119 749 5192 quia
778 5123 842 5173 ut
866 5117 993 5191 ipse
1016 5118 1127 5175 ait:
1162 5142 1189 5168 «
1225 5120 1383 5175 Beati
1418 5120 1638 5174 mundo
1669 5119 1861 5184 corde,

232 5205 486 5273 quoniam
515 5208 623 5279 ipsi
655 5207 842 5263 Deum
872 5208 1158 5263 videbunt
1197 5209 1401 5278 (Matth.
1438 5207 1513 5277 v).
1540 5228 1566 5256 »
1616 5207 1682 5261 Et
1725 5206 1864 5278 quia

233 5290 285 5345 in
311 5295 564 5352 oratione
592 5300 726 5354 ante
739 5296 1120 5353 omniatetern
1130 5314 1222 5352 am
1238 5297 1482 5369 gloriam
1497 5312 1751 5367 quaerere
1764 5296 1861 5351 de-

234 5377 443 5452 bemus,
475 5391 625 5441 recte
655 5385 1051 5459 interrogatus
1081 5403 1269 5441 caecus
1301 5403 1334 5440 a
1364 5383 1640 5440 Domino:
1664 5407 1691 5433 ‹‹
1715 5383 1861 5447 Quid

235 5467 310 5523 vis
338 5470 543 5527 faciam
566 5473 711 5529 tibi?
744 5497 771 5524 »
809 5474 1135 5547 respondit:
1175 5472 1862 5539 «Domine,utvideam.»

222 5555 295 5610 Et
319 5562 599 5633 pracipue
629 5562 776 5619 fides
807 5563 865 5617 iu
899 5565 1159 5620 oratione
1189 5561 1519 5619 necessaria
1549 5566 1656 5627 est,
1685 5568 1748 5617 ut
1769 5564 1865 5618 bo-

236 5660 362 5702 num
393 5650 547 5720 quod
571 5652 916 5725 quarimus,
949 5654 1198 5710 firmiter
1234 5652 1494 5725 accipere
1550 5668 1718 5723 posse
1751 5652 1864 5709 Deo

1976 4679 2211 4751 ponitur
2240 4678 2296 4730 in
2332 4676 2545 4729 malam
2580 4675 3626 4748 partem,itaetinbonam.Recipitur

1972 4767 2127 4823 enim
2160 4768 2215 4820 in
2252 4765 2467 4819 malam
2504 4767 2724 4836 partem
2741 4765 2976 4836 quando
2992 4764 3388 4822 adulationem
3408 4764 3627 4837 signifi-

1972 4859 2084 4911 cat.
2120 4854 2278 4909 Unde
2312 4870 2412 4925 pcr
2438 4851 2805 4908 Psalmistam
2832 4851 3001 4908 dicit:
3037 4852 3287 4909 «Oleum
3306 4851 3627 4924 peccatoris

1974 4962 2089 5001 non
2120 4943 2448 5014 impinguet
2478 4945 2654 5012 caput
2685 4958 2879 4997 meum
2912 4943 3295 5009 (Psal.cx1.).n
3329 4940 3630 5013 Recipitur

1972 5032 2128 5089 enim
2161 5032 2218 5086 in
2252 5032 2466 5085 bonam
2499 5035 2745 5102 partem,
2770 5030 2934 5085 ‘sicut
2966 5030 3119 5086 idem
3137 5028 3625 5087 Psalmistadicit:

1974 5144 2001 5171 ‹‹
2036 5121 2211 5178 Unxit
2236 5125 2290 5175 te
2324 5124 2471 5175 Deus
2502 5119 2655 5174 Deus
2685 5123 2823 5174 tuus
2854 5118 2979 5175 oleo
3007 5119 3218 5174 laetitiae
3250 5137 3365 5193 pra:
3398 5136 3630 5176 consor-

1971 5210 2129 5265 tibus
2160 5208 2277 5264 tuis
2306 5208 2477 5280 (Psal.
2509 5211 2678 5274 XLIV),
2719 5229 2743 5255 υ
2779 5207 2839 5261 In
2864 5206 3155 5263 oleocnim
3172 5207 3430 5263 charitas
3444 5206 3627 5280 signi-

1972 5301 2198 5367 ficatur,
2217 5298 2351 5372 quia
2368 5296 2723 5353 sicutoleum
2740 5298 2963 5353 cunctis
2980 5297 3309 5371 liquoribus
3326 5295 3627 5371 praecellit,

1973 5388 2054 5443 ita
2083 5388 2254 5443 etiam
2271 5385 2496 5440 cunctis
2511 5384 2826 5439 virtutibus
2841 5388 3196 5458 praeminet.
3212 5386 3375 5443 Unde
3386 5384 3625 5450 Paulus,

1972 5493 2107 5531 cum
2138 5476 2208 5528 de
2238 5490 2305 5527 ea
2336 5472 3626 5543 loqueretur.dicit:'«Adhucexcellcntiorem

1970 5563 2122 5619 viam
2155 5562 2317 5617 vobis
2350 5562 2687 5617 demonstro
2720 5561 2765 5635 (I
2790 5566 2909 5619 Cor.
2941 5568 3064 5631 xu).
3101 5588 3128 5613 «
3164 5564 3231 5619 Et
3260 5563 3427 5619 alibi:
3449 5586 3477 5613 «
3501 5562 3623 5617 Ma-

1975 5657 2113 5708 nent
2140 5668 2294 5706 nunc
2328 5652 2457 5717 tria,
2492 5651 2657 5720 fides,
2692 5668 2847 5724 spes,
2881 5651 3155 5709 charitas.
3192 5651 3377 5720 Major
3425 5651 3620 5705 autem
