  <div class='ocr_page' id='page_1' title='image "/cluster/home/n/w/nwhite01/storage/ocr_20150623/118/hvd.32044073505158/097.png"; bbox 0 0 4028 6176; ppageno 0'>
   <div class='ocr_carea' id='block_1_1' title="bbox 342 333 455 397">
    <p class='ocr_par' dir='ltr' id='par_1_1' title="bbox 342 333 455 397">
     <span class='ocr_line' id='line_1_1' title="bbox 342 333 455 397; baseline 0 -2"><span class='ocrx_word' id='word_1_1' title='bbox 342 333 455 397; x_wconf 67' lang='grc'>183</span> 
     </span>
    </p>
   </div>
   <div class='ocr_carea' id='block_1_2' title="bbox 908 326 3191 394">
    <p class='ocr_par' dir='ltr' id='par_1_2' title="bbox 908 326 3191 394">
     <span class='ocr_line' id='line_1_2' title="bbox 908 326 3191 394; baseline -0.002 -1"><span class='ocrx_word' id='word_1_2' title='bbox 908 333 1314 394; x_wconf 82' lang='lat' dir='ltr'>HAYMONIS</span> <span class='ocrx_word' id='word_1_3' title='bbox 1361 330 1906 392; x_wconf 65' lang='grc' dir='ltr'>ΙΙΑῐλΒῐίΙὶΒΤΑΤ.</span> <span class='ocrx_word' id='word_1_4' title='bbox 1956 326 2196 387; x_wconf 65' lang='lat' dir='ltr'>lCPiSC.</span> <span class='ocrx_word' id='word_1_5' title='bbox 2243 328 2414 387; x_wconf 75' lang='lat' dir='ltr'>(tPl’.</span> <span class='ocrx_word' id='word_1_6' title='bbox 2462 330 2659 389; x_wconf 75' lang='lat' dir='ltr'>PAIlS</span> <span class='ocrx_word' id='word_1_7' title='bbox 2703 330 2780 390; x_wconf 88' lang='lat' dir='ltr'>Il.</span> <span class='ocrx_word' id='word_1_8' title='bbox 2816 327 3191 390; x_wconf 86' lang='lat' dir='ltr'>-——llOMIl..</span> 
     </span>
    </p>
   </div>
   <div class='ocr_carea' id='block_1_3' title="bbox 3637 328 3756 389">
    <p class='ocr_par' dir='ltr' id='par_1_3' title="bbox 3637 328 3756 389">
     <span class='ocr_line' id='line_1_3' title="bbox 3637 328 3756 389; baseline 0 -1"><span class='ocrx_word' id='word_1_9' title='bbox 3637 328 3756 389; x_wconf 71' lang='grc'>184</span> 
     </span>
    </p>
   </div>
   <div class='ocr_carea' id='block_1_4' title="bbox 337 457 3757 537">
    <p class='ocr_par' dir='ltr' id='par_1_4' title="bbox 337 457 3757 537">
     <span class='ocr_line' id='line_1_4' title="bbox 337 457 3757 537; baseline -0.001 -17"><span class='ocrx_word' id='word_1_10' title='bbox 337 461 549 527; x_wconf 84' lang='lat' dir='ltr'>horum</span> <span class='ocrx_word' id='word_1_11' title='bbox 583 464 672 520; x_wconf 82' lang='lat' dir='ltr'>est</span> <span class='ocrx_word' id='word_1_12' title='bbox 699 461 955 521; x_wconf 87' lang='lat' dir='ltr'>charitas</span> <span class='ocrx_word' id='word_1_13' title='bbox 987 464 1033 537; x_wconf 88' lang='grc'>(1</span> <span class='ocrx_word' id='word_1_14' title='bbox 1062 463 1184 522; x_wconf 83' lang='lat' dir='ltr'>Cor.</span> <span class='ocrx_word' id='word_1_15' title='bbox 1216 466 1359 531; x_wconf 81' lang='lat' dir='ltr'>xm),</span> <span class='ocrx_word' id='word_1_16' title='bbox 1396 486 1423 513; x_wconf 86' lang='grc'><strong>››</strong></span> <span class='ocrx_word' id='word_1_17' title='bbox 1455 464 1564 519; x_wconf 87' lang='lat' dir='ltr'>Per</span> <span class='ocrx_word' id='word_1_18' title='bbox 1614 464 1789 535; x_wconf 85' lang='lat' dir='ltr'>caput</span> <span class='ocrx_word' id='word_1_19' title='bbox 1831 459 1984 516; x_wconf 91' lang='lat' dir='ltr'>enim</span> <span class='ocrx_word' id='word_1_20' title='bbox 2018 459 2075 526; x_wconf 80' lang='grc' dir='ltr'>Α</span> <span class='ocrx_word' id='word_1_21' title='bbox 2106 457 2214 528; x_wconf 89' lang='lat' dir='ltr'>cio,</span> <span class='ocrx_word' id='word_1_22' title='bbox 2250 475 2377 532; x_wconf 66' lang='lat' dir='ltr'>quin</span> <span class='ocrx_word' id='word_1_23' title='bbox 2399 457 2599 515; x_wconf 83' lang='lat' dir='ltr'>omnia</span> <span class='ocrx_word' id='word_1_24' title='bbox 2622 458 2680 515; x_wconf 92' lang='lat' dir='ltr'>in</span> <span class='ocrx_word' id='word_1_25' title='bbox 2714 476 2992 517; x_wconf 80' lang='lat' dir='ltr'>mensura</span> <span class='ocrx_word' id='word_1_26' title='bbox 3030 463 3088 516; x_wconf 88' lang='lat' dir='ltr'>et</span> <span class='ocrx_word' id='word_1_27' title='bbox 3142 474 3383 515; x_wconf 81' lang='lat' dir='ltr'>numero</span> <span class='ocrx_word' id='word_1_28' title='bbox 3412 462 3470 514; x_wconf 87' lang='lat' dir='ltr'>et</span> <span class='ocrx_word' id='word_1_29' title='bbox 3499 458 3757 531; x_wconf 78' lang='lat' dir='ltr'>pondere</span> 
     </span>
    </p>
   </div>
   <div class='ocr_carea' id='block_1_5' title="bbox 337 550 1996 626">
    <p class='ocr_par' dir='ltr' id='par_1_5' title="bbox 337 550 1996 626">
     <span class='ocr_line' id='line_1_5' title="bbox 337 550 1996 626; baseline -0.002 -15"><span class='ocrx_word' id='word_1_30' title='bbox 337 550 661 626; x_wconf 81' lang='lat' dir='ltr'>principale</span> <span class='ocrx_word' id='word_1_31' title='bbox 692 552 908 611; x_wconf 86' lang='lat' dir='ltr'>mentis</span> <span class='ocrx_word' id='word_1_32' title='bbox 920 557 1131 609; x_wconf 68' lang='lat' dir='ltr'>nostra:</span> <span class='ocrx_word' id='word_1_33' title='bbox 1145 553 1503 626; x_wconf 79' lang='lat' dir='ltr'>designatur.</span> <span class='ocrx_word' id='word_1_34' title='bbox 1519 551 1814 617; x_wconf 87' lang='lat' dir='ltr'>Quiatunc</span> <span class='ocrx_word' id='word_1_35' title='bbox 1827 554 1996 607; x_wconf 90' lang='lat' dir='ltr'>erunt</span> 
     </span>
    </p>
   </div>
   <div class='ocr_carea' id='block_1_6' title="bbox 339 640 1995 719">
    <p class='ocr_par' dir='ltr' id='par_1_6' title="bbox 339 640 1995 719">
     <span class='ocr_line' id='line_1_6' title="bbox 339 640 1995 719; baseline -0.003 -19"><span class='ocrx_word' id='word_1_36' title='bbox 339 644 506 719; x_wconf 78' lang='lat' dir='ltr'>grata</span> <span class='ocrx_word' id='word_1_37' title='bbox 538 643 738 697; x_wconf 89' lang='lat' dir='ltr'>nostra</span> <span class='ocrx_word' id='word_1_38' title='bbox 776 641 1027 714; x_wconf 76' lang='lat' dir='ltr'>jejunis,</span> <span class='ocrx_word' id='word_1_39' title='bbox 1062 641 1111 697; x_wconf 90' lang='lat' dir='ltr'>si</span> <span class='ocrx_word' id='word_1_40' title='bbox 1158 641 1467 698; x_wconf 79' lang='lat' dir='ltr'>dilectione</span> <span class='ocrx_word' id='word_1_41' title='bbox 1514 640 1612 697; x_wconf 86' lang='lat' dir='ltr'>Dei</span> <span class='ocrx_word' id='word_1_42' title='bbox 1644 645 1700 697; x_wconf 89' lang='lat' dir='ltr'>et</span> <span class='ocrx_word' id='word_1_43' title='bbox 1751 640 1995 713; x_wconf 78' lang='lat' dir='ltr'>proximi</span> 
     </span>
    </p>
   </div>
   <div class='ocr_carea' id='block_1_7' title="bbox 340 730 840 789">
    <p class='ocr_par' dir='ltr' id='par_1_7' title="bbox 340 730 840 789">
     <span class='ocr_line' id='line_1_7' title="bbox 340 730 840 789; baseline -0.004 0"><span class='ocrx_word' id='word_1_44' title='bbox 340 730 557 789; x_wconf 81' lang='lat' dir='ltr'>fuerint</span> <span class='ocrx_word' id='word_1_45' title='bbox 585 730 840 787; x_wconf 89' lang='lat' dir='ltr'>condita.</span> 
     </span>
    </p>
   </div>
   <div class='ocr_carea' id='block_1_8' title="bbox 412 817 1995 883">
    <p class='ocr_par' dir='ltr' id='par_1_8' title="bbox 412 817 1995 883">
     <span class='ocr_line' id='line_1_8' title="bbox 412 817 1995 883; baseline 0.001 -11"><span class='ocrx_word' id='word_1_46' title='bbox 412 843 441 872; x_wconf 77' lang='grc' dir='ltr'>ι‹</span> <span class='ocrx_word' id='word_1_47' title='bbox 473 818 660 875; x_wconf 85' lang='lat' dir='ltr'>Nolite</span> <span class='ocrx_word' id='word_1_48' title='bbox 689 818 1083 881; x_wconf 88' lang='lat' dir='ltr'>thesauzirare</span> <span class='ocrx_word' id='word_1_49' title='bbox 1113 819 1276 875; x_wconf 80' lang='lat' dir='ltr'>vobis</span> <span class='ocrx_word' id='word_1_50' title='bbox 1300 817 1871 883; x_wconf 87' lang='lat' dir='ltr'>thesaurosinterra,</span> <span class='ocrx_word' id='word_1_51' title='bbox 1897 818 1995 874; x_wconf 90' lang='lat' dir='ltr'>ubi</span> 
     </span>
    </p>
   </div>
   <div class='ocr_carea' id='block_1_9' title="bbox 343 907 1998 982">
    <p class='ocr_par' dir='ltr' id='par_1_9' title="bbox 343 907 1998 982">
     <span class='ocr_line' id='line_1_9' title="bbox 343 907 1998 982; baseline 0.002 -22"><span class='ocrx_word' id='word_1_52' title='bbox 343 932 373 960; x_wconf 85' lang='grc'>‹‹</span> <span class='ocrx_word' id='word_1_53' title='bbox 406 924 597 982; x_wconf 74' lang='lat' dir='ltr'>aerugo</span> <span class='ocrx_word' id='word_1_54' title='bbox 628 911 685 964; x_wconf 91' lang='lat' dir='ltr'>et</span> <span class='ocrx_word' id='word_1_55' title='bbox 714 907 871 964; x_wconf 80' lang='lat' dir='ltr'>tinea</span> <span class='ocrx_word' id='word_1_56' title='bbox 899 907 1311 973; x_wconf 83' lang='lat' dir='ltr'>exterminant,</span> <span class='ocrx_word' id='word_1_57' title='bbox 1345 907 1515 963; x_wconf 90' lang='lat' dir='ltr'>etubi</span> <span class='ocrx_word' id='word_1_58' title='bbox 1540 907 1697 964; x_wconf 87' lang='lat' dir='ltr'>fures</span> <span class='ocrx_word' id='word_1_59' title='bbox 1715 907 1998 963; x_wconf 73' lang='lat' dir='ltr'>eilodiunt</span> 
     </span>
    </p>
   </div>
   <div class='ocr_carea' id='block_1_10' title="bbox 347 995 1996 1069">
    <p class='ocr_par' dir='ltr' id='par_1_10' title="bbox 347 995 1996 1069">
     <span class='ocr_line' id='line_1_10' title="bbox 347 995 1996 1069; baseline -0.001 -16"><span class='ocrx_word' id='word_1_60' title='bbox 347 1021 374 1049; x_wconf 84' lang='lat'>«</span> <span class='ocrx_word' id='word_1_61' title='bbox 404 1000 460 1054; x_wconf 91' lang='lat' dir='ltr'>ot</span> <span class='ocrx_word' id='word_1_62' title='bbox 484 997 775 1053; x_wconf 85' lang='lat' dir='ltr'>furantur.</span> <span class='ocrx_word' id='word_1_63' title='bbox 806 1019 835 1046; x_wconf 87' lang='lat'>»</span> <span class='ocrx_word' id='word_1_64' title='bbox 868 997 973 1053; x_wconf 86' lang='lat' dir='ltr'>Per</span> <span class='ocrx_word' id='word_1_65' title='bbox 998 995 1106 1052; x_wconf 86' lang='lat' dir='ltr'>has</span> <span class='ocrx_word' id='word_1_66' title='bbox 1138 1002 1256 1052; x_wconf 89' lang='lat' dir='ltr'>tres</span> <span class='ocrx_word' id='word_1_67' title='bbox 1286 995 1530 1068; x_wconf 90' lang='lat' dir='ltr'>species,</span> <span class='ocrx_word' id='word_1_68' title='bbox 1550 995 1607 1052; x_wconf 87' lang='lat' dir='ltr'>id</span> <span class='ocrx_word' id='word_1_69' title='bbox 1627 1000 1713 1051; x_wconf 85' lang='lat' dir='ltr'>est</span> <span class='ocrx_word' id='word_1_70' title='bbox 1737 1013 1996 1069; x_wconf 72' lang='lat' dir='ltr'>perscru-</span> 
     </span>
    </p>
   </div>
   <div class='ocr_carea' id='block_1_11' title="bbox 345 1085 1996 1162">
    <p class='ocr_par' dir='ltr' id='par_1_11' title="bbox 345 1085 1996 1162">
     <span class='ocr_line' id='line_1_11' title="bbox 345 1085 1996 1162; baseline 0.001 -23"><span class='ocrx_word' id='word_1_71' title='bbox 345 1085 539 1162; x_wconf 84' lang='lat' dir='ltr'>ginem</span> <span class='ocrx_word' id='word_1_72' title='bbox 565 1089 622 1141; x_wconf 92' lang='lat' dir='ltr'>et</span> <span class='ocrx_word' id='word_1_73' title='bbox 635 1085 872 1143; x_wconf 87' lang='lat' dir='ltr'>tineam.</span> <span class='ocrx_word' id='word_1_74' title='bbox 888 1089 946 1141; x_wconf 89' lang='lat' dir='ltr'>et</span> <span class='ocrx_word' id='word_1_75' title='bbox 959 1101 1061 1158; x_wconf 88' lang='lat' dir='ltr'>per</span> <span class='ocrx_word' id='word_1_76' title='bbox 1083 1085 1260 1153; x_wconf 88' lang='lat' dir='ltr'>fures,</span> <span class='ocrx_word' id='word_1_77' title='bbox 1277 1086 1534 1141; x_wconf 81' lang='lat' dir='ltr'>ostendit</span> <span class='ocrx_word' id='word_1_78' title='bbox 1549 1085 1834 1149; x_wconf 84' lang='lat' dir='ltr'>Dominus</span> <span class='ocrx_word' id='word_1_79' title='bbox 1848 1086 1996 1142; x_wconf 88' lang='lat' dir='ltr'>nihil</span> 
     </span>
    </p>
   </div>
   <div class='ocr_carea' id='block_1_12' title="bbox 346 1173 1996 1246">
    <p class='ocr_par' dir='ltr' id='par_1_12' title="bbox 346 1173 1996 1246">
     <span class='ocr_line' id='line_1_12' title="bbox 346 1173 1996 1246; baseline -0.001 -15"><span class='ocrx_word' id='word_1_80' title='bbox 346 1179 541 1234; x_wconf 86' lang='lat' dir='ltr'>tutum</span> <span class='ocrx_word' id='word_1_81' title='bbox 572 1191 699 1231; x_wconf 90' lang='lat' dir='ltr'>esse</span> <span class='ocrx_word' id='word_1_82' title='bbox 728 1174 785 1230; x_wconf 91' lang='lat' dir='ltr'>in</span> <span class='ocrx_word' id='word_1_83' title='bbox 818 1179 973 1231; x_wconf 90' lang='lat' dir='ltr'>terra</span> <span class='ocrx_word' id='word_1_84' title='bbox 1005 1174 1061 1229; x_wconf 91' lang='lat' dir='ltr'>in</span> <span class='ocrx_word' id='word_1_85' title='bbox 1112 1173 1587 1246; x_wconf 82' lang='lat' dir='ltr'>possessionibus</span> <span class='ocrx_word' id='word_1_86' title='bbox 1636 1173 1996 1230; x_wconf 89' lang='lat' dir='ltr'>divitiarum.</span> 
     </span>
    </p>
   </div>
   <div class='ocr_carea' id='block_1_13' title="bbox 348 1260 1999 1336">
    <p class='ocr_par' dir='ltr' id='par_1_13' title="bbox 348 1260 1999 1336">
     <span class='ocr_line' id='line_1_13' title="bbox 348 1260 1999 1336; baseline 0.001 -16"><span class='ocrx_word' id='word_1_87' title='bbox 348 1260 621 1333; x_wconf 62' lang='lat' dir='ltr'>Quendam</span> <span class='ocrx_word' id='word_1_88' title='bbox 654 1263 809 1321; x_wconf 89' lang='lat' dir='ltr'>enim</span> <span class='ocrx_word' id='word_1_89' title='bbox 842 1264 1596 1336; x_wconf 59' lang='lat' dir='ltr'>suntquazairugodevorat,</span> <span class='ocrx_word' id='word_1_90' title='bbox 1624 1264 1999 1321; x_wconf 76' lang='lat' dir='ltr'>sicutaurum</span> 
     </span>
    </p>
   </div>
   <div class='ocr_carea' id='block_1_14' title="bbox 352 1352 2001 1425">
    <p class='ocr_par' dir='ltr' id='par_1_14' title="bbox 352 1352 2001 1425">
     <span class='ocr_line' id='line_1_14' title="bbox 352 1352 2001 1425; baseline -0.001 -15"><span class='ocrx_word' id='word_1_91' title='bbox 352 1356 411 1411; x_wconf 88' lang='lat' dir='ltr'>ct</span> <span class='ocrx_word' id='word_1_92' title='bbox 436 1355 767 1425; x_wconf 85' lang='lat' dir='ltr'>argentum,</span> <span class='ocrx_word' id='word_1_93' title='bbox 816 1356 874 1408; x_wconf 90' lang='lat' dir='ltr'>et</span> <span class='ocrx_word' id='word_1_94' title='bbox 924 1357 1129 1408; x_wconf 56' lang='lat' dir='ltr'>cautem</span> <span class='ocrx_word' id='word_1_95' title='bbox 1174 1352 1430 1418; x_wconf 89' lang='lat' dir='ltr'>metalla,</span> <span class='ocrx_word' id='word_1_96' title='bbox 1479 1352 1607 1408; x_wconf 85' lang='lat' dir='ltr'>Alia</span> <span class='ocrx_word' id='word_1_97' title='bbox 1663 1358 1822 1422; x_wconf 91' lang='lat' dir='ltr'>sunt,</span> <span class='ocrx_word' id='word_1_98' title='bbox 1874 1370 2001 1425; x_wconf 66' lang='lat' dir='ltr'>quae</span> 
     </span>
    </p>
   </div>
   <div class='ocr_carea' id='block_1_15' title="bbox 350 1441 2000 1516">
    <p class='ocr_par' dir='ltr' id='par_1_15' title="bbox 350 1441 2000 1516">
     <span class='ocr_line' id='line_1_15' title="bbox 350 1441 2000 1516; baseline -0.004 -13"><span class='ocrx_word' id='word_1_99' title='bbox 350 1457 549 1516; x_wconf 65' lang='lat' dir='ltr'>wrugo</span> <span class='ocrx_word' id='word_1_100' title='bbox 580 1458 694 1499; x_wconf 90' lang='lat' dir='ltr'>non</span> <span class='ocrx_word' id='word_1_101' title='bbox 728 1441 983 1509; x_wconf 75' lang='lat' dir='ltr'>devorat,</span> <span class='ocrx_word' id='word_1_102' title='bbox 1019 1442 1118 1497; x_wconf 89' lang='lat' dir='ltr'>sed</span> <span class='ocrx_word' id='word_1_103' title='bbox 1151 1442 1309 1497; x_wconf 90' lang='lat' dir='ltr'>tinea</span> <span class='ocrx_word' id='word_1_104' title='bbox 1339 1441 1609 1497; x_wconf 77' lang='lat' dir='ltr'>comedit.</span> <span class='ocrx_word' id='word_1_105' title='bbox 1647 1441 1799 1498; x_wconf 84' lang='lat' dir='ltr'>sicut</span> <span class='ocrx_word' id='word_1_106' title='bbox 1828 1441 2000 1499; x_wconf 85' lang='lat' dir='ltr'>vcsti-</span> 
     </span>
    </p>
   </div>
   <div class='ocr_carea' id='block_1_16' title="bbox 352 1528 2003 1604">
    <p class='ocr_par' dir='ltr' id='par_1_16' title="bbox 352 1528 2003 1604">
     <span class='ocr_line' id='line_1_16' title="bbox 352 1528 2003 1604; baseline 0 -17"><span class='ocrx_word' id='word_1_107' title='bbox 352 1535 552 1603; x_wconf 78' lang='lat' dir='ltr'>menta</span> <span class='ocrx_word' id='word_1_108' title='bbox 582 1530 770 1588; x_wconf 87' lang='lat' dir='ltr'>serica</span> <span class='ocrx_word' id='word_1_109' title='bbox 801 1533 857 1587; x_wconf 89' lang='lat' dir='ltr'>et</span> <span class='ocrx_word' id='word_1_110' title='bbox 881 1528 997 1587; x_wconf 86' lang='lat' dir='ltr'>alia</span> <span class='ocrx_word' id='word_1_111' title='bbox 1038 1530 1313 1604; x_wconf 86' lang='lat' dir='ltr'>pretiosa.</span> <span class='ocrx_word' id='word_1_112' title='bbox 1368 1529 1495 1586; x_wconf 84' lang='lat' dir='ltr'>Alia</span> <span class='ocrx_word' id='word_1_113' title='bbox 1526 1535 1685 1598; x_wconf 85' lang='lat' dir='ltr'>sunt,</span> <span class='ocrx_word' id='word_1_114' title='bbox 1735 1548 1861 1604; x_wconf 64' lang='lat' dir='ltr'>qua:</span> <span class='ocrx_word' id='word_1_115' title='bbox 1898 1548 2003 1588; x_wconf 89' lang='lat' dir='ltr'>nec</span> 
     </span>
    </p>
   </div>
   <div class='ocr_carea' id='block_1_17' title="bbox 350 1618 2006 1695">
    <p class='ocr_par' dir='ltr' id='par_1_17' title="bbox 350 1618 2006 1695">
     <span class='ocr_line' id='line_1_17' title="bbox 350 1618 2006 1695; baseline -0.001 -18"><span class='ocrx_word' id='word_1_116' title='bbox 350 1636 546 1695; x_wconf 68' lang='lat' dir='ltr'>aerugo</span> <span class='ocrx_word' id='word_1_117' title='bbox 576 1620 833 1688; x_wconf 78' lang='lat' dir='ltr'>devorat,</span> <span class='ocrx_word' id='word_1_118' title='bbox 859 1636 963 1676; x_wconf 90' lang='lat' dir='ltr'>nec</span> <span class='ocrx_word' id='word_1_119' title='bbox 976 1618 1134 1675; x_wconf 87' lang='lat' dir='ltr'>tinea</span> <span class='ocrx_word' id='word_1_120' title='bbox 1146 1618 1417 1685; x_wconf 89' lang='lat' dir='ltr'>comedit,</span> <span class='ocrx_word' id='word_1_121' title='bbox 1434 1620 1531 1675; x_wconf 91' lang='lat' dir='ltr'>sed</span> <span class='ocrx_word' id='word_1_122' title='bbox 1552 1619 1706 1676; x_wconf 89' lang='lat' dir='ltr'>fures</span> <span class='ocrx_word' id='word_1_123' title='bbox 1722 1620 2006 1676; x_wconf 84' lang='lat' dir='ltr'>ell‘odiunt</span> 
     </span>
    </p>
   </div>
   <div class='ocr_carea' id='block_1_18' title="bbox 352 1708 2002 1781">
    <p class='ocr_par' dir='ltr' id='par_1_18' title="bbox 352 1708 2002 1781">
     <span class='ocr_line' id='line_1_18' title="bbox 352 1708 2002 1781; baseline 0 -16"><span class='ocrx_word' id='word_1_124' title='bbox 352 1712 409 1765; x_wconf 89' lang='lat' dir='ltr'>et</span> <span class='ocrx_word' id='word_1_125' title='bbox 420 1709 711 1775; x_wconf 89' lang='lat' dir='ltr'>furantur,</span> <span class='ocrx_word' id='word_1_126' title='bbox 731 1708 814 1765; x_wconf 90' lang='lat' dir='ltr'>sic</span> <span class='ocrx_word' id='word_1_127' title='bbox 825 1711 1297 1781; x_wconf 69' lang='lat' dir='ltr'>utsuntgemmze</span> <span class='ocrx_word' id='word_1_128' title='bbox 1311 1712 1364 1764; x_wconf 91' lang='lat' dir='ltr'>et</span> <span class='ocrx_word' id='word_1_129' title='bbox 1378 1708 1469 1765; x_wconf 90' lang='lat' dir='ltr'>his</span> <span class='ocrx_word' id='word_1_130' title='bbox 1483 1708 1719 1765; x_wconf 88' lang='lat' dir='ltr'>similia.</span> <span class='ocrx_word' id='word_1_131' title='bbox 1736 1710 2002 1779; x_wconf 84' lang='lat' dir='ltr'>Proinde,</span> 
     </span>
    </p>
   </div>
   <div class='ocr_carea' id='block_1_19' title="bbox 356 1796 2085 1899">
    <p class='ocr_par' dir='ltr' id='par_1_19' title="bbox 356 1796 2085 1899">
     <span class='ocr_line' id='line_1_19' title="bbox 356 1796 2085 1899; baseline 0.001 -46"><span class='ocrx_word' id='word_1_132' title='bbox 356 1796 495 1870; x_wconf 91' lang='lat' dir='ltr'>quia</span> <span class='ocrx_word' id='word_1_133' title='bbox 553 1797 784 1853; x_wconf 84' lang='lat' dir='ltr'>incerta.</span> <span class='ocrx_word' id='word_1_134' title='bbox 834 1801 923 1884; x_wconf 81' lang='lat' dir='ltr'>est</span> <span class='ocrx_word' id='word_1_135' title='bbox 981 1797 1173 1853; x_wconf 90' lang='lat' dir='ltr'>omnis</span> <span class='ocrx_word' id='word_1_136' title='bbox 1231 1798 1360 1854; x_wconf 68' lang='lat' dir='ltr'>vitm</span> <span class='ocrx_word' id='word_1_137' title='bbox 1417 1802 1626 1854; x_wconf 63' lang='lat' dir='ltr'>nostrae</span> <span class='ocrx_word' id='word_1_138' title='bbox 1676 1798 2085 1899; x_wconf 80' lang='lat' dir='ltr'>substantiaB</span> 
     </span>
    </p>
   </div>
   <div class='ocr_carea' id='block_1_20' title="bbox 357 1885 2006 1958">
    <p class='ocr_par' dir='ltr' id='par_1_20' title="bbox 357 1885 2006 1958">
     <span class='ocr_line' id='line_1_20' title="bbox 357 1885 2006 1958; baseline -0.001 -15"><span class='ocrx_word' id='word_1_139' title='bbox 357 1891 416 1943; x_wconf 88' lang='lat' dir='ltr'>et</span> <span class='ocrx_word' id='word_1_140' title='bbox 445 1885 709 1942; x_wconf 89' lang='lat' dir='ltr'>omnium</span> <span class='ocrx_word' id='word_1_141' title='bbox 742 1903 936 1942; x_wconf 88' lang='lat' dir='ltr'>rerum</span> <span class='ocrx_word' id='word_1_142' title='bbox 969 1887 1283 1958; x_wconf 86' lang='lat' dir='ltr'>possessio,</span> <span class='ocrx_word' id='word_1_143' title='bbox 1304 1887 1629 1943; x_wconf 87' lang='lat' dir='ltr'>suadetnos</span> <span class='ocrx_word' id='word_1_144' title='bbox 1647 1887 2006 1944; x_wconf 89' lang='lat' dir='ltr'>Dominusin</span> 
     </span>
    </p>
   </div>
   <div class='ocr_carea' id='block_1_21' title="bbox 360 1974 2011 2049">
    <p class='ocr_par' dir='ltr' id='par_1_21' title="bbox 360 1974 2011 2049">
     <span class='ocr_line' id='line_1_21' title="bbox 360 1974 2011 2049; baseline -0.001 -17"><span class='ocrx_word' id='word_1_145' title='bbox 360 1974 504 2032; x_wconf 71' lang='lat' dir='ltr'>coelo</span> <span class='ocrx_word' id='word_1_146' title='bbox 535 1974 748 2031; x_wconf 90' lang='lat' dir='ltr'>idcirco</span> <span class='ocrx_word' id='word_1_147' title='bbox 780 1975 1194 2031; x_wconf 83' lang='lat' dir='ltr'>thesaurizare.</span> <span class='ocrx_word' id='word_1_148' title='bbox 1229 1977 1530 2042; x_wconf 89' lang='lat' dir='ltr'>Quomodo</span> <span class='ocrx_word' id='word_1_149' title='bbox 1558 1980 1754 2032; x_wconf 90' lang='lat' dir='ltr'>autem</span> <span class='ocrx_word' id='word_1_150' title='bbox 1788 1976 1921 2049; x_wconf 92' lang='lat' dir='ltr'>quis</span> <span class='ocrx_word' id='word_1_151' title='bbox 1951 1977 2011 2032; x_wconf 92' lang='lat' dir='ltr'>in</span> 
     </span>
    </p>
   </div>
   <div class='ocr_carea' id='block_1_22' title="bbox 369 2063 2016 2136">
    <p class='ocr_par' dir='ltr' id='par_1_22' title="bbox 369 2063 2016 2136">
     <span class='ocr_line' id='line_1_22' title="bbox 369 2063 2016 2136; baseline 0.001 -16"><span class='ocrx_word' id='word_1_152' title='bbox 369 2063 578 2120; x_wconf 80' lang='lat' dir='ltr'>ccelum</span> <span class='ocrx_word' id='word_1_153' title='bbox 612 2063 1007 2120; x_wconf 85' lang='lat' dir='ltr'>thesaurizare</span> <span class='ocrx_word' id='word_1_154' title='bbox 1037 2064 1243 2136; x_wconf 85' lang='lat' dir='ltr'>possit,</span> <span class='ocrx_word' id='word_1_155' title='bbox 1277 2064 2016 2122; x_wconf 79' lang='lat' dir='ltr'>nisidivitiasanleseelee-</span> 
     </span>
    </p>
   </div>
   <div class='ocr_carea' id='block_1_23' title="bbox 365 2151 2018 2229">
    <p class='ocr_par' dir='ltr' id='par_1_23' title="bbox 365 2151 2018 2229">
     <span class='ocr_line' id='line_1_23' title="bbox 365 2151 2018 2229; baseline 0.002 -21"><span class='ocrx_word' id='word_1_156' title='bbox 365 2168 670 2226; x_wconf 75' lang='lat' dir='ltr'>mosynam</span> <span class='ocrx_word' id='word_1_157' title='bbox 704 2151 969 2211; x_wconf 82' lang='lat' dir='ltr'>faciendo</span> <span class='ocrx_word' id='word_1_158' title='bbox 1001 2154 2018 2229; x_wconf 65' lang='lat' dir='ltr'>praemittatﬂ’ossumuspermrugi-</span> 
     </span>
    </p>
   </div>
   <div class='ocr_carea' id='block_1_24' title="bbox 364 2241 2021 2320">
    <p class='ocr_par' dir='ltr' id='par_1_24' title="bbox 364 2241 2021 2320">
     <span class='ocr_line' id='line_1_24' title="bbox 364 2241 2021 2320; baseline 0.002 -23"><span class='ocrx_word' id='word_1_159' title='bbox 364 2259 499 2298; x_wconf 88' lang='lat' dir='ltr'>nem</span> <span class='ocrx_word' id='word_1_160' title='bbox 532 2241 834 2320; x_wconf 67' lang='lat' dir='ltr'>ettineam</span> <span class='ocrx_word' id='word_1_161' title='bbox 868 2246 925 2297; x_wconf 90' lang='lat' dir='ltr'>et</span> <span class='ocrx_word' id='word_1_162' title='bbox 954 2259 1056 2314; x_wconf 88' lang='lat' dir='ltr'>per</span> <span class='ocrx_word' id='word_1_163' title='bbox 1084 2242 2021 2316; x_wconf 85' lang='lat' dir='ltr'>fures,spiritualesnequitiasin-</span> 
     </span>
    </p>
   </div>
   <div class='ocr_carea' id='block_1_25' title="bbox 366 2330 2020 2405">
    <p class='ocr_par' dir='ltr' id='par_1_25' title="bbox 366 2330 2020 2405">
     <span class='ocr_line' id='line_1_25' title="bbox 366 2330 2020 2405; baseline 0.001 -17"><span class='ocrx_word' id='word_1_164' title='bbox 366 2330 647 2404; x_wconf 84' lang='lat' dir='ltr'>telligere.</span> <span class='ocrx_word' id='word_1_165' title='bbox 666 2331 878 2404; x_wconf 63' lang='lat' dir='ltr'>{Erugo</span> <span class='ocrx_word' id='word_1_166' title='bbox 892 2331 1045 2387; x_wconf 89' lang='lat' dir='ltr'>enim</span> <span class='ocrx_word' id='word_1_167' title='bbox 1068 2332 1402 2405; x_wconf 83' lang='lat' dir='ltr'>superbiam</span> <span class='ocrx_word' id='word_1_168' title='bbox 1422 2332 1710 2405; x_wconf 79' lang='lat' dir='ltr'>designat.</span> <span class='ocrx_word' id='word_1_169' title='bbox 1730 2334 2020 2405; x_wconf 84' lang='lat' dir='ltr'>Superbia</span> 
     </span>
    </p>
   </div>
   <div class='ocr_carea' id='block_1_26' title="bbox 365 2419 2017 2492">
    <p class='ocr_par' dir='ltr' id='par_1_26' title="bbox 365 2419 2017 2492">
     <span class='ocr_line' id='line_1_26' title="bbox 365 2419 2017 2492; baseline -0.001 -14"><span class='ocrx_word' id='word_1_170' title='bbox 365 2420 520 2478; x_wconf 88' lang='lat' dir='ltr'>enim</span> <span class='ocrx_word' id='word_1_171' title='bbox 552 2424 798 2484; x_wconf 85' lang='lat' dir='ltr'>mentes,</span> <span class='ocrx_word' id='word_1_172' title='bbox 833 2438 980 2492; x_wconf 90' lang='lat' dir='ltr'>quas</span> <span class='ocrx_word' id='word_1_173' title='bbox 1011 2419 1309 2486; x_wconf 84' lang='lat' dir='ltr'>invaserit,</span> <span class='ocrx_word' id='word_1_174' title='bbox 1343 2438 1377 2476; x_wconf 87' lang='lat' dir='ltr'>a</span> <span class='ocrx_word' id='word_1_175' title='bbox 1406 2426 1563 2477; x_wconf 89' lang='lat' dir='ltr'>statu</span> <span class='ocrx_word' id='word_1_176' title='bbox 1584 2439 1701 2477; x_wconf 85' lang='lat' dir='ltr'>suae</span> <span class='ocrx_word' id='word_1_177' title='bbox 1721 2423 2017 2479; x_wconf 89' lang='lat' dir='ltr'>rectitudi-</span> 
     </span>
    </p>
   </div>
   <div class='ocr_carea' id='block_1_27' title="bbox 367 2508 2018 2584">
    <p class='ocr_par' dir='ltr' id='par_1_27' title="bbox 367 2508 2018 2584">
     <span class='ocr_line' id='line_1_27' title="bbox 367 2508 2018 2584; baseline 0.001 -18"><span class='ocrx_word' id='word_1_178' title='bbox 367 2510 463 2571; x_wconf 88' lang='lat' dir='ltr'>nis</span> <span class='ocrx_word' id='word_1_179' title='bbox 489 2508 752 2583; x_wconf 85' lang='lat' dir='ltr'>deperire</span> <span class='ocrx_word' id='word_1_180' title='bbox 782 2508 921 2565; x_wconf 82' lang='lat' dir='ltr'>facit</span> <span class='ocrx_word' id='word_1_181' title='bbox 978 2509 1085 2565; x_wconf 83' lang='lat' dir='ltr'>l’cr</span> <span class='ocrx_word' id='word_1_182' title='bbox 1111 2509 1351 2575; x_wconf 82' lang='lat' dir='ltr'>tineam,</span> <span class='ocrx_word' id='word_1_183' title='bbox 1391 2509 1610 2567; x_wconf 82' lang='lat' dir='ltr'>invidia</span> <span class='ocrx_word' id='word_1_184' title='bbox 1656 2511 2018 2584; x_wconf 80' lang='lat' dir='ltr'>designatur,</span> 
     </span>
    </p>
   </div>
   <div class='ocr_carea' id='block_1_28' title="bbox 373 2598 2025 2672">
    <p class='ocr_par' dir='ltr' id='par_1_28' title="bbox 373 2598 2025 2672">
     <span class='ocr_line' id='line_1_28' title="bbox 373 2598 2025 2672; baseline 0.002 -19"><span class='ocrx_word' id='word_1_185' title='bbox 373 2599 599 2656; x_wconf 87' lang='lat' dir='ltr'>Invidia</span> <span class='ocrx_word' id='word_1_186' title='bbox 628 2598 785 2654; x_wconf 90' lang='lat' dir='ltr'>enim</span> <span class='ocrx_word' id='word_1_187' title='bbox 818 2615 917 2654; x_wconf 91' lang='lat' dir='ltr'>cor</span> <span class='ocrx_word' id='word_1_188' title='bbox 946 2598 1100 2671; x_wconf 91' lang='lat' dir='ltr'>quod</span> <span class='ocrx_word' id='word_1_189' title='bbox 1135 2598 1477 2670; x_wconf 83' lang='lat' dir='ltr'>corrumpit,</span> <span class='ocrx_word' id='word_1_190' title='bbox 1502 2600 1575 2654; x_wconf 89' lang='lat' dir='ltr'>ab</span> <span class='ocrx_word' id='word_1_191' title='bbox 1607 2600 1763 2655; x_wconf 88' lang='lat' dir='ltr'>omni</span> <span class='ocrx_word' id='word_1_192' title='bbox 1788 2600 2025 2672; x_wconf 81' lang='lat' dir='ltr'>integri;</span> 
     </span>
    </p>
   </div>
   <div class='ocr_carea' id='block_1_29' title="bbox 372 2685 2017 2760">
    <p class='ocr_par' dir='ltr' id='par_1_29' title="bbox 372 2685 2017 2760">
     <span class='ocr_line' id='line_1_29' title="bbox 372 2685 2017 2760; baseline 0 -16"><span class='ocrx_word' id='word_1_193' title='bbox 372 2691 490 2746; x_wconf 84' lang='lat' dir='ltr'>tate</span> <span class='ocrx_word' id='word_1_194' title='bbox 521 2685 859 2759; x_wconf 88' lang='lat' dir='ltr'>disrumpit.</span> <span class='ocrx_word' id='word_1_195' title='bbox 894 2688 999 2743; x_wconf 89' lang='lat' dir='ltr'>Per</span> <span class='ocrx_word' id='word_1_196' title='bbox 1032 2686 1207 2754; x_wconf 88' lang='lat' dir='ltr'>fures,</span> <span class='ocrx_word' id='word_1_197' title='bbox 1242 2686 1483 2759; x_wconf 82' lang='lat' dir='ltr'>maligni</span> <span class='ocrx_word' id='word_1_198' title='bbox 1516 2688 1760 2760; x_wconf 53' lang='lat' dir='ltr'>spiritus</span> <span class='ocrx_word' id='word_1_199' title='bbox 1804 2689 2017 2746; x_wconf 86' lang='lat' dir='ltr'>intelli-</span> 
     </span>
    </p>
   </div>
   <div class='ocr_carea' id='block_1_30' title="bbox 375 2775 2026 2857">
    <p class='ocr_par' dir='ltr' id='par_1_30' title="bbox 375 2775 2026 2857">
     <span class='ocr_line' id='line_1_30' title="bbox 375 2775 2026 2857; baseline -0.001 -22"><span class='ocrx_word' id='word_1_200' title='bbox 375 2777 549 2857; x_wconf 74' lang='lat' dir='ltr'>gendi</span> <span class='ocrx_word' id='word_1_201' title='bbox 581 2780 740 2847; x_wconf 87' lang='lat' dir='ltr'>sunt,</span> <span class='ocrx_word' id='word_1_202' title='bbox 791 2776 930 2849; x_wconf 89' lang='lat' dir='ltr'>quia</span> <span class='ocrx_word' id='word_1_203' title='bbox 960 2776 1029 2832; x_wconf 90' lang='lat' dir='ltr'>ad</span> <span class='ocrx_word' id='word_1_204' title='bbox 1081 2775 1189 2832; x_wconf 87' lang='lat' dir='ltr'>hoc</span> <span class='ocrx_word' id='word_1_205' title='bbox 1243 2775 1572 2848; x_wconf 79' lang='lat' dir='ltr'>invigilant,</span> <span class='ocrx_word' id='word_1_206' title='bbox 1606 2782 1669 2833; x_wconf 89' lang='lat' dir='ltr'>ut</span> <span class='ocrx_word' id='word_1_207' title='bbox 1717 2777 2026 2834; x_wconf 84' lang='lat' dir='ltr'>thesauros</span> 
     </span>
    </p>
   </div>
   <div class='ocr_carea' id='block_1_31' title="bbox 376 2864 2026 2939">
    <p class='ocr_par' dir='ltr' id='par_1_31' title="bbox 376 2864 2026 2939">
     <span class='ocr_line' id='line_1_31' title="bbox 376 2864 2026 2939; baseline 0.001 -18"><span class='ocrx_word' id='word_1_208' title='bbox 376 2864 587 2927; x_wconf 68' lang='lat' dir='ltr'>anima:</span> <span class='ocrx_word' id='word_1_209' title='bbox 615 2870 827 2922; x_wconf 81' lang='lat' dir='ltr'>nostrae</span> <span class='ocrx_word' id='word_1_210' title='bbox 860 2865 1145 2920; x_wconf 87' lang='lat' dir='ltr'>furentur.</span> <span class='ocrx_word' id='word_1_211' title='bbox 1182 2869 1243 2919; x_wconf 92' lang='lat' dir='ltr'>ln</span> <span class='ocrx_word' id='word_1_212' title='bbox 1278 2864 1419 2920; x_wconf 77' lang='lat' dir='ltr'>cmlo</span> <span class='ocrx_word' id='word_1_213' title='bbox 1460 2865 1617 2921; x_wconf 90' lang='lat' dir='ltr'>enim</span> <span class='ocrx_word' id='word_1_214' title='bbox 1668 2884 1860 2939; x_wconf 69' lang='lat' dir='ltr'>aerugo</span> <span class='ocrx_word' id='word_1_215' title='bbox 1910 2885 2026 2924; x_wconf 91' lang='lat' dir='ltr'>non</span> 
     </span>
    </p>
   </div>
   <div class='ocr_carea' id='block_1_32' title="bbox 382 2953 2030 3029">
    <p class='ocr_par' dir='ltr' id='par_1_32' title="bbox 382 2953 2030 3029">
     <span class='ocr_line' id='line_1_32' title="bbox 382 2953 2030 3029; baseline 0.001 -18"><span class='ocrx_word' id='word_1_216' title='bbox 382 2959 490 3022; x_wconf 86' lang='lat' dir='ltr'>est,</span> <span class='ocrx_word' id='word_1_217' title='bbox 525 2954 664 3026; x_wconf 89' lang='lat' dir='ltr'>quia</span> <span class='ocrx_word' id='word_1_218' title='bbox 694 2953 969 3025; x_wconf 89' lang='lat' dir='ltr'>superbia</span> <span class='ocrx_word' id='word_1_219' title='bbox 998 2953 1056 3008; x_wconf 91' lang='lat' dir='ltr'>in</span> <span class='ocrx_word' id='word_1_220' title='bbox 1088 2953 1230 3008; x_wconf 79' lang='lat' dir='ltr'>ccelo</span> <span class='ocrx_word' id='word_1_221' title='bbox 1259 2953 1452 3009; x_wconf 91' lang='lat' dir='ltr'>locum</span> <span class='ocrx_word' id='word_1_222' title='bbox 1480 2971 1595 3010; x_wconf 89' lang='lat' dir='ltr'>non</span> <span class='ocrx_word' id='word_1_223' title='bbox 1646 2954 1841 3022; x_wconf 84' lang='lat' dir='ltr'>habet,</span> <span class='ocrx_word' id='word_1_224' title='bbox 1892 2957 2030 3029; x_wconf 85' lang='lat' dir='ltr'>quia</span> 
     </span>
    </p>
   </div>
   <div class='ocr_carea' id='block_1_33' title="bbox 372 3040 2029 3117">
    <p class='ocr_par' dir='ltr' id='par_1_33' title="bbox 372 3040 2029 3117">
     <span class='ocr_line' id='line_1_33' title="bbox 372 3040 2029 3117; baseline 0.001 -16"><span class='ocrx_word' id='word_1_225' title='bbox 372 3043 499 3117; x_wconf 64' lang='lat' dir='ltr'>jam</span> <span class='ocrx_word' id='word_1_226' title='bbox 530 3040 799 3098; x_wconf 83' lang='lat' dir='ltr'>diabolus</span> <span class='ocrx_word' id='word_1_227' title='bbox 827 3058 959 3099; x_wconf 85' lang='lat' dir='ltr'>cum</span> <span class='ocrx_word' id='word_1_228' title='bbox 992 3042 1118 3097; x_wconf 84' lang='lat' dir='ltr'>suis</span> <span class='ocrx_word' id='word_1_229' title='bbox 1148 3043 1498 3116; x_wconf 85' lang='lat' dir='ltr'>sequacibus</span> <span class='ocrx_word' id='word_1_230' title='bbox 1528 3043 1663 3100; x_wconf 65' lang='lat' dir='ltr'>inde</span> <span class='ocrx_word' id='word_1_231' title='bbox 1686 3045 1913 3103; x_wconf 89' lang='lat' dir='ltr'>cecidit.</span> <span class='ocrx_word' id='word_1_232' title='bbox 1946 3048 2029 3102; x_wconf 89' lang='lat' dir='ltr'>lbi</span> 
     </span>
    </p>
   </div>
   <div class='ocr_carea' id='block_1_34' title="bbox 381 3130 2033 3206">
    <p class='ocr_par' dir='ltr' id='par_1_34' title="bbox 381 3130 2033 3206">
     <span class='ocr_line' id='line_1_34' title="bbox 381 3130 2033 3206; baseline 0.003 -20"><span class='ocrx_word' id='word_1_233' title='bbox 381 3132 539 3189; x_wconf 84' lang='lat' dir='ltr'>tinea</span> <span class='ocrx_word' id='word_1_234' title='bbox 567 3147 683 3186; x_wconf 89' lang='lat' dir='ltr'>non</span> <span class='ocrx_word' id='word_1_235' title='bbox 715 3135 825 3199; x_wconf 90' lang='lat' dir='ltr'>est,</span> <span class='ocrx_word' id='word_1_236' title='bbox 857 3130 917 3188; x_wconf 89' lang='lat' dir='ltr'>id</span> <span class='ocrx_word' id='word_1_237' title='bbox 948 3135 1036 3187; x_wconf 86' lang='lat' dir='ltr'>est</span> <span class='ocrx_word' id='word_1_238' title='bbox 1067 3130 1308 3200; x_wconf 79' lang='lat' dir='ltr'>invidia,</span> <span class='ocrx_word' id='word_1_239' title='bbox 1342 3134 1482 3206; x_wconf 91' lang='lat' dir='ltr'>quia</span> <span class='ocrx_word' id='word_1_240' title='bbox 1514 3134 1714 3191; x_wconf 91' lang='lat' dir='ltr'>nullus</span> <span class='ocrx_word' id='word_1_241' title='bbox 1755 3135 2033 3192; x_wconf 81' lang='lat' dir='ltr'>invidebit</span> 
     </span>
    </p>
   </div>
   <div class='ocr_carea' id='block_1_35' title="bbox 379 3204 2105 3289">
    <p class='ocr_par' dir='ltr' id='par_1_35' title="bbox 379 3204 2105 3289">
     <span class='ocr_line' id='line_1_35' title="bbox 379 3204 2105 3289; baseline 0.001 -11"><span class='ocrx_word' id='word_1_242' title='bbox 379 3219 680 3281; x_wconf 85' lang='lat' dir='ltr'>beatudini</span> <span class='ocrx_word' id='word_1_243' title='bbox 713 3224 1073 3279; x_wconf 87' lang='lat' dir='ltr'>sanctorum.</span> <span class='ocrx_word' id='word_1_244' title='bbox 1110 3220 1192 3276; x_wconf 87' lang='lat' dir='ltr'>lbi</span> <span class='ocrx_word' id='word_1_245' title='bbox 1226 3204 1382 3278; x_wconf 82' lang='lat' dir='ltr'>iures</span> <span class='ocrx_word' id='word_1_246' title='bbox 1413 3239 1527 3278; x_wconf 91' lang='lat' dir='ltr'>non</span> <span class='ocrx_word' id='word_1_247' title='bbox 1547 3228 1704 3289; x_wconf 90' lang='lat' dir='ltr'>sunt,</span> <span class='ocrx_word' id='word_1_248' title='bbox 1725 3224 1779 3279; x_wconf 87' lang='lat' dir='ltr'>id</span> <span class='ocrx_word' id='word_1_249' title='bbox 1816 3229 1904 3281; x_wconf 83' lang='lat' dir='ltr'>est</span> <span class='ocrx_word' id='word_1_250' title='bbox 1925 3225 2034 3280; x_wconf 67' lang='lat' dir='ltr'>dte-</span> <span class='ocrx_word' id='word_1_251' title='bbox 2063 3204 2105 3271; x_wconf 61' lang='grc' dir='ltr'><strong>(ἶ</strong></span> 
     </span>
    </p>
   </div>
   <div class='ocr_carea' id='block_1_36' title="bbox 379 3309 1871 3382">
    <p class='ocr_par' dir='ltr' id='par_1_36' title="bbox 379 3309 1871 3382">
     <span class='ocr_line' id='line_1_36' title="bbox 379 3309 1871 3382; baseline 0.001 -16"><span class='ocrx_word' id='word_1_252' title='bbox 379 3328 606 3377; x_wconf 88' lang='lat' dir='ltr'>mones,</span> <span class='ocrx_word' id='word_1_253' title='bbox 641 3309 779 3382; x_wconf 89' lang='lat' dir='ltr'>quia</span> <span class='ocrx_word' id='word_1_254' title='bbox 808 3327 943 3367; x_wconf 82' lang='lat' dir='ltr'>cum</span> <span class='ocrx_word' id='word_1_255' title='bbox 979 3309 1166 3382; x_wconf 85' lang='lat' dir='ltr'>capite</span> <span class='ocrx_word' id='word_1_256' title='bbox 1197 3327 1303 3365; x_wconf 91' lang='lat' dir='ltr'>suo</span> <span class='ocrx_word' id='word_1_257' title='bbox 1337 3310 1471 3367; x_wconf 87' lang='lat' dir='ltr'>inde</span> <span class='ocrx_word' id='word_1_258' title='bbox 1503 3318 1871 3368; x_wconf 87' lang='lat' dir='ltr'>corruerunt.</span> 
     </span>
    </p>
   </div>
   <div class='ocr_carea' id='block_1_37' title="bbox 450 3398 2034 3464">
    <p class='ocr_par' dir='ltr' id='par_1_37' title="bbox 450 3398 2034 3464">
     <span class='ocr_line' id='line_1_37' title="bbox 450 3398 2034 3464; baseline 0.006 -15"><span class='ocrx_word' id='word_1_259' title='bbox 450 3424 477 3449; x_wconf 83' lang='grc'><strong>‹‹</strong></span> <span class='ocrx_word' id='word_1_260' title='bbox 513 3398 621 3455; x_wconf 89' lang='lat' dir='ltr'>Ubi</span> <span class='ocrx_word' id='word_1_261' title='bbox 652 3402 740 3453; x_wconf 92' lang='lat' dir='ltr'>est</span> <span class='ocrx_word' id='word_1_262' title='bbox 770 3398 1081 3454; x_wconf 85' lang='lat' dir='ltr'>thesaurus</span> <span class='ocrx_word' id='word_1_263' title='bbox 1112 3405 1271 3464; x_wconf 89' lang='lat' dir='ltr'>tuus,</span> <span class='ocrx_word' id='word_1_264' title='bbox 1306 3399 1385 3453; x_wconf 88' lang='lat' dir='ltr'>ibi</span> <span class='ocrx_word' id='word_1_265' title='bbox 1416 3402 1475 3454; x_wconf 84' lang='lat' dir='ltr'>et</span> <span class='ocrx_word' id='word_1_266' title='bbox 1505 3416 1604 3454; x_wconf 91' lang='lat' dir='ltr'>cor</span> <span class='ocrx_word' id='word_1_267' title='bbox 1629 3404 1819 3455; x_wconf 88' lang='lat' dir='ltr'>tuum.</span> <span class='ocrx_word' id='word_1_268' title='bbox 1860 3424 1879 3449; x_wconf 83' lang='grc' dir='ltr'><strong>υ</strong></span> <span class='ocrx_word' id='word_1_269' title='bbox 1918 3401 2034 3458; x_wconf 80' lang='lat' dir='ltr'>Hoc</span> 
     </span>
    </p>
   </div>
   <div class='ocr_carea' id='block_1_38' title="bbox 379 3484 2031 3559">
    <p class='ocr_par' dir='ltr' id='par_1_38' title="bbox 379 3484 2031 3559">
     <span class='ocr_line' id='line_1_38' title="bbox 379 3484 2031 3559; baseline 0.003 -18"><span class='ocrx_word' id='word_1_270' title='bbox 379 3503 495 3555; x_wconf 85' lang='lat' dir='ltr'>non</span> <span class='ocrx_word' id='word_1_271' title='bbox 528 3490 761 3541; x_wconf 82' lang='lat' dir='ltr'>tantum</span> <span class='ocrx_word' id='word_1_272' title='bbox 793 3484 1125 3557; x_wconf 86' lang='lat' dir='ltr'>depecunia</span> <span class='ocrx_word' id='word_1_273' title='bbox 1147 3485 1841 3559; x_wconf 84' lang='lat' dir='ltr'>estintelligendum,sed</span> <span class='ocrx_word' id='word_1_274' title='bbox 1857 3489 2031 3546; x_wconf 88' lang='lat' dir='ltr'>etiam</span> 
     </span>
    </p>
   </div>
   <div class='ocr_carea' id='block_1_39' title="bbox 382 3572 2036 3641">
    <p class='ocr_par' dir='ltr' id='par_1_39' title="bbox 382 3572 2036 3641">
     <span class='ocr_line' id='line_1_39' title="bbox 382 3572 2036 3641; baseline 0.004 -12"><span class='ocrx_word' id='word_1_275' title='bbox 382 3574 457 3633; x_wconf 87' lang='lat' dir='ltr'>de</span> <span class='ocrx_word' id='word_1_276' title='bbox 483 3573 641 3629; x_wconf 89' lang='lat' dir='ltr'>omni</span> <span class='ocrx_word' id='word_1_277' title='bbox 673 3572 830 3628; x_wconf 89' lang='lat' dir='ltr'>vitio.</span> <span class='ocrx_word' id='word_1_278' title='bbox 857 3573 1196 3629; x_wconf 80' lang='lat' dir='ltr'>Thesaurus</span> <span class='ocrx_word' id='word_1_279' title='bbox 1227 3573 1440 3641; x_wconf 88' lang='lat' dir='ltr'>divitis,</span> <span class='ocrx_word' id='word_1_280' title='bbox 1476 3575 1649 3630; x_wconf 89' lang='lat' dir='ltr'>sisub</span> <span class='ocrx_word' id='word_1_281' title='bbox 1674 3580 1829 3633; x_wconf 89' lang='lat' dir='ltr'>terra</span> <span class='ocrx_word' id='word_1_282' title='bbox 1850 3578 2036 3635; x_wconf 86' lang='lat' dir='ltr'>defos-</span> 
     </span>
    </p>
   </div>
   <div class='ocr_carea' id='block_1_40' title="bbox 384 3660 2037 3733">
    <p class='ocr_par' dir='ltr' id='par_1_40' title="bbox 384 3660 2037 3733">
     <span class='ocr_line' id='line_1_40' title="bbox 384 3660 2037 3733; baseline 0.001 -10"><span class='ocrx_word' id='word_1_283' title='bbox 384 3681 487 3723; x_wconf 79' lang='lat' dir='ltr'>sus</span> <span class='ocrx_word' id='word_1_284' title='bbox 520 3661 714 3729; x_wconf 86' lang='lat' dir='ltr'>fuerit,</span> <span class='ocrx_word' id='word_1_285' title='bbox 748 3666 803 3719; x_wconf 84' lang='lat' dir='ltr'>et</span> <span class='ocrx_word' id='word_1_286' title='bbox 834 3660 916 3718; x_wconf 86' lang='lat' dir='ltr'>ibi</span> <span class='ocrx_word' id='word_1_287' title='bbox 944 3679 1043 3717; x_wconf 90' lang='lat' dir='ltr'>cor</span> <span class='ocrx_word' id='word_1_288' title='bbox 1073 3661 1235 3718; x_wconf 89' lang='lat' dir='ltr'>illius</span> <span class='ocrx_word' id='word_1_289' title='bbox 1266 3662 1376 3718; x_wconf 90' lang='lat' dir='ltr'>erit</span> <span class='ocrx_word' id='word_1_290' title='bbox 1425 3664 1780 3733; x_wconf 89' lang='lat' dir='ltr'>meditando,</span> <span class='ocrx_word' id='word_1_291' title='bbox 1835 3685 1905 3723; x_wconf 90' lang='lat' dir='ltr'>ne</span> <span class='ocrx_word' id='word_1_292' title='bbox 1935 3674 2037 3725; x_wconf 86' lang='lat' dir='ltr'>aut</span> 
     </span>
    </p>
   </div>
   <div class='ocr_carea' id='block_1_41' title="bbox 383 3750 2032 3827">
    <p class='ocr_par' dir='ltr' id='par_1_41' title="bbox 383 3750 2032 3827">
     <span class='ocr_line' id='line_1_41' title="bbox 383 3750 2032 3827; baseline 0.001 -18"><span class='ocrx_word' id='word_1_293' title='bbox 383 3751 542 3809; x_wconf 87' lang='lat' dir='ltr'>fures</span> <span class='ocrx_word' id='word_1_294' title='bbox 574 3750 835 3816; x_wconf 71' lang='lat' dir='ltr'>efferant,</span> <span class='ocrx_word' id='word_1_295' title='bbox 867 3754 969 3805; x_wconf 91' lang='lat' dir='ltr'>aut</span> <span class='ocrx_word' id='word_1_296' title='bbox 1002 3750 1177 3805; x_wconf 88' lang='lat' dir='ltr'>etiam</span> <span class='ocrx_word' id='word_1_297' title='bbox 1211 3751 1284 3804; x_wconf 90' lang='lat' dir='ltr'>ab</span> <span class='ocrx_word' id='word_1_298' title='bbox 1314 3750 1608 3823; x_wconf 89' lang='lat' dir='ltr'>aliquibus</span> <span class='ocrx_word' id='word_1_299' title='bbox 1646 3756 2032 3827; x_wconf 89' lang='lat' dir='ltr'>corruptioni-</span> 
     </span>
    </p>
   </div>
   <div class='ocr_carea' id='block_1_42' title="bbox 384 3838 2033 3913">
    <p class='ocr_par' dir='ltr' id='par_1_42' title="bbox 384 3838 2033 3913">
     <span class='ocr_line' id='line_1_42' title="bbox 384 3838 2033 3913; baseline 0.002 -14"><span class='ocrx_word' id='word_1_300' title='bbox 384 3842 496 3899; x_wconf 85' lang='lat' dir='ltr'>bus</span> <span class='ocrx_word' id='word_1_301' title='bbox 526 3838 825 3913; x_wconf 85' lang='lat' dir='ltr'>perdatur.</span> <span class='ocrx_word' id='word_1_302' title='bbox 860 3839 1200 3905; x_wconf 76' lang='lat' dir='ltr'>Thesaurus</span> <span class='ocrx_word' id='word_1_303' title='bbox 1230 3839 1418 3912; x_wconf 84' lang='lat' dir='ltr'>gulosi</span> <span class='ocrx_word' id='word_1_304' title='bbox 1438 3841 1693 3900; x_wconf 89' lang='lat' dir='ltr'>hominis</span> <span class='ocrx_word' id='word_1_305' title='bbox 1714 3850 2033 3913; x_wconf 88' lang='lat' dir='ltr'>venterest,</span> 
     </span>
    </p>
   </div>
   <div class='ocr_carea' id='block_1_43' title="bbox 386 3927 2037 4005">
    <p class='ocr_par' dir='ltr' id='par_1_43' title="bbox 386 3927 2037 4005">
     <span class='ocr_line' id='line_1_43' title="bbox 386 3927 2037 4005; baseline 0.005 -22"><span class='ocrx_word' id='word_1_306' title='bbox 386 3930 524 4002; x_wconf 88' lang='lat' dir='ltr'>quia</span> <span class='ocrx_word' id='word_1_307' title='bbox 555 3944 785 3999; x_wconf 89' lang='lat' dir='ltr'>semper</span> <span class='ocrx_word' id='word_1_308' title='bbox 813 3927 920 3983; x_wconf 92' lang='lat' dir='ltr'>hoc</span> <span class='ocrx_word' id='word_1_309' title='bbox 952 3927 1186 4000; x_wconf 88' lang='lat' dir='ltr'>cogitat,</span> <span class='ocrx_word' id='word_1_310' title='bbox 1221 3930 1512 4000; x_wconf 85' lang='lat' dir='ltr'>quomodo</span> <span class='ocrx_word' id='word_1_311' title='bbox 1539 3936 1797 3989; x_wconf 85' lang='lat' dir='ltr'>ventrem</span> <span class='ocrx_word' id='word_1_312' title='bbox 1840 3942 2037 4005; x_wconf 85' lang='lat' dir='ltr'>posset</span> 
     </span>
    </p>
   </div>
   <div class='ocr_carea' id='block_1_44' title="bbox 385 4017 2035 4095">
    <p class='ocr_par' dir='ltr' id='par_1_44' title="bbox 385 4017 2035 4095">
     <span class='ocr_line' id='line_1_44' title="bbox 385 4017 2035 4095; baseline 0.004 -22"><span class='ocrx_word' id='word_1_313' title='bbox 385 4017 647 4091; x_wconf 87' lang='lat' dir='ltr'>implere.</span> <span class='ocrx_word' id='word_1_314' title='bbox 677 4017 1015 4073; x_wconf 88' lang='lat' dir='ltr'>&#39;l‘bcsaurus</span> <span class='ocrx_word' id='word_1_315' title='bbox 1047 4017 1699 4093; x_wconf 84' lang='lat' dir='ltr'>lascivisuntludicraet</span> <span class='ocrx_word' id='word_1_316' title='bbox 1720 4020 2035 4095; x_wconf 85' lang='lat' dir='ltr'>voluptatis</span> 
     </span>
    </p>
   </div>
   <div class='ocr_carea' id='block_1_45' title="bbox 376 4104 2037 4180">
    <p class='ocr_par' dir='ltr' id='par_1_45' title="bbox 376 4104 2037 4180">
     <span class='ocr_line' id='line_1_45' title="bbox 376 4104 2037 4180; baseline 0.004 -17"><span class='ocrx_word' id='word_1_317' title='bbox 376 4107 531 4180; x_wconf 86' lang='lat' dir='ltr'>joca.</span> <span class='ocrx_word' id='word_1_318' title='bbox 563 4106 632 4162; x_wconf 82' lang='lat' dir='ltr'>Et</span> <span class='ocrx_word' id='word_1_319' title='bbox 653 4105 981 4177; x_wconf 87' lang='lat' dir='ltr'>cuicunque</span> <span class='ocrx_word' id='word_1_320' title='bbox 1011 4104 1149 4161; x_wconf 89' lang='lat' dir='ltr'>vitio</span> <span class='ocrx_word' id='word_1_321' title='bbox 1183 4105 1313 4178; x_wconf 88' lang='lat' dir='ltr'>quis</span> <span class='ocrx_word' id='word_1_322' title='bbox 1345 4106 1621 4175; x_wconf 71' lang='lat' dir='ltr'>adhaeret,</span> <span class='ocrx_word' id='word_1_323' title='bbox 1661 4108 1743 4165; x_wconf 92' lang='lat' dir='ltr'>illi</span> <span class='ocrx_word' id='word_1_324' title='bbox 1777 4112 1953 4168; x_wconf 87' lang='lat' dir='ltr'>servit</span> <span class='ocrx_word' id='word_1_325' title='bbox 1980 4118 2037 4168; x_wconf 88' lang='lat' dir='ltr'>et</span> 
     </span>
    </p>
   </div>
   <div class='ocr_carea' id='block_1_46' title="bbox 383 4193 840 4252">
    <p class='ocr_par' dir='ltr' id='par_1_46' title="bbox 383 4193 840 4252">
     <span class='ocr_line' id='line_1_46' title="bbox 383 4193 840 4252; baseline -0.004 -1"><span class='ocrx_word' id='word_1_326' title='bbox 383 4194 466 4251; x_wconf 87' lang='lat' dir='ltr'>illi</span> <span class='ocrx_word' id='word_1_327' title='bbox 498 4193 840 4252; x_wconf 77' lang='lat' dir='ltr'>famulatur.</span> 
     </span>
    </p>
   </div>
   <div class='ocr_carea' id='block_1_47' title="bbox 952 4317 1451 4375">
    <p class='ocr_par' dir='ltr' id='par_1_47' title="bbox 952 4317 1451 4375">
     <span class='ocr_line' id='line_1_47' title="bbox 952 4317 1451 4375; baseline 0.004 -3"><span class='ocrx_word' id='word_1_328' title='bbox 952 4317 1258 4373; x_wconf 81' lang='lat' dir='ltr'>llOMlLlA</span> <span class='ocrx_word' id='word_1_329' title='bbox 1296 4318 1451 4375; x_wconf 79' lang='lat' dir='ltr'>XXV.</span> 
     </span>
    </p>
   </div>
   <div class='ocr_carea' id='block_1_48' title="bbox 749 4424 1657 4470">
    <p class='ocr_par' dir='ltr' id='par_1_48' title="bbox 749 4424 1657 4470">
     <span class='ocr_line' id='line_1_48' title="bbox 749 4424 1657 4470; baseline 0.001 -7"><span class='ocrx_word' id='word_1_330' title='bbox 749 4424 917 4463; x_wconf 71' lang='lat' dir='ltr'><strong>FERIA</strong></span> <span class='ocrx_word' id='word_1_331' title='bbox 954 4424 1161 4470; x_wconf 80' lang='lat' dir='ltr'>QUINTA</span> <span class='ocrx_word' id='word_1_332' title='bbox 1204 4424 1342 4464; x_wconf 79' lang='lat' dir='ltr'>POST</span> <span class='ocrx_word' id='word_1_333' title='bbox 1376 4425 1657 4465; x_wconf 71' lang='lat' dir='ltr'>CINERL‘M.</span> 
     </span>
    </p>
   </div>
   <div class='ocr_carea' id='block_1_49' title="bbox 2105 547 3758 621">
    <p class='ocr_par' dir='ltr' id='par_1_49' title="bbox 2105 547 3758 621">
     <span class='ocr_line' id='line_1_49' title="bbox 2105 547 3758 621; baseline 0.001 -18"><span class='ocrx_word' id='word_1_334' title='bbox 2105 547 2417 621; x_wconf 86' lang='lat' dir='ltr'>disposuit,</span> <span class='ocrx_word' id='word_1_335' title='bbox 2434 549 2769 621; x_wconf 85' lang='lat' dir='ltr'>quindecim</span> <span class='ocrx_word' id='word_1_336' title='bbox 2782 550 2974 606; x_wconf 89' lang='lat' dir='ltr'>adhuc</span> <span class='ocrx_word' id='word_1_337' title='bbox 2986 566 3272 607; x_wconf 87' lang='lat' dir='ltr'>annorum</span> <span class='ocrx_word' id='word_1_338' title='bbox 3288 548 3465 604; x_wconf 85' lang='lat' dir='ltr'>vitam</span> <span class='ocrx_word' id='word_1_339' title='bbox 3482 548 3758 621; x_wconf 71' lang='lat' dir='ltr'>lacrymis</span> 
     </span>
    </p>
   </div>
   <div class='ocr_carea' id='block_1_50' title="bbox 2106 638 3126 711">
    <p class='ocr_par' dir='ltr' id='par_1_50' title="bbox 2106 638 3126 711">
     <span class='ocr_line' id='line_1_50' title="bbox 2106 638 3126 711; baseline 0.002 -18"><span class='ocrx_word' id='word_1_340' title='bbox 2106 638 2496 711; x_wconf 87' lang='lat' dir='ltr'>precibusque</span> <span class='ocrx_word' id='word_1_341' title='bbox 2528 644 2651 694; x_wconf 89' lang='lat' dir='ltr'>erat</span> <span class='ocrx_word' id='word_1_342' title='bbox 2680 644 3126 696; x_wconf 87' lang='lat' dir='ltr'>consecuturus.</span> 
     </span>
    </p>
   </div>
   <div class='ocr_carea' id='block_1_51' title="bbox 2178 727 3761 797">
    <p class='ocr_par' dir='ltr' id='par_1_51' title="bbox 2178 727 3761 797">
     <span class='ocr_line' id='line_1_51' title="bbox 2178 727 3761 797; baseline 0.002 -15"><span class='ocrx_word' id='word_1_343' title='bbox 2178 750 2203 775; x_wconf 89' lang='grc'>‹‹</span> <span class='ocrx_word' id='word_1_344' title='bbox 2240 728 2339 782; x_wconf 88' lang='lat' dir='ltr'>llic</span> <span class='ocrx_word' id='word_1_345' title='bbox 2372 743 2506 782; x_wconf 91' lang='lat' dir='ltr'>cum</span> <span class='ocrx_word' id='word_1_346' title='bbox 2539 727 3233 797; x_wconf 82' lang='lat' dir='ltr'>audissetdeJesu,misit</span> <span class='ocrx_word' id='word_1_347' title='bbox 3261 728 3333 783; x_wconf 92' lang='lat' dir='ltr'>ad</span> <span class='ocrx_word' id='word_1_348' title='bbox 3351 727 3761 785; x_wconf 83' lang='lat' dir='ltr'>eumseniores</span> 
     </span>
    </p>
   </div>
   <div class='ocr_carea' id='block_1_52' title="bbox 2108 815 3763 888">
    <p class='ocr_par' dir='ltr' id='par_1_52' title="bbox 2108 815 3763 888">
     <span class='ocr_line' id='line_1_52' title="bbox 2108 815 3763 888; baseline 0.001 -17"><span class='ocrx_word' id='word_1_349' title='bbox 2108 840 2133 864; x_wconf 73' lang='lat'><strong><em>«</em></strong></span> <span class='ocrx_word' id='word_1_350' title='bbox 2168 815 2526 881; x_wconf 73' lang='lat' dir='ltr'>Judmorum,</span> <span class='ocrx_word' id='word_1_351' title='bbox 2560 834 2773 888; x_wconf 86' lang='lat' dir='ltr'>rogans</span> <span class='ocrx_word' id='word_1_352' title='bbox 2804 835 2939 873; x_wconf 90' lang='lat' dir='ltr'>eum</span> <span class='ocrx_word' id='word_1_353' title='bbox 2972 822 3041 872; x_wconf 63' lang='lat' dir='ltr'>ut-</span> <span class='ocrx_word' id='word_1_354' title='bbox 3064 816 3285 873; x_wconf 89' lang='lat' dir='ltr'>veniret</span> <span class='ocrx_word' id='word_1_355' title='bbox 3306 820 3363 873; x_wconf 88' lang='lat' dir='ltr'>et</span> <span class='ocrx_word' id='word_1_356' title='bbox 3384 815 3763 873; x_wconf 81' lang='lat' dir='ltr'>salvaretser-</span> 
     </span>
    </p>
   </div>
   <div class='ocr_carea' id='block_1_53' title="bbox 2108 906 3763 979">
    <p class='ocr_par' dir='ltr' id='par_1_53' title="bbox 2108 906 3763 979">
     <span class='ocr_line' id='line_1_53' title="bbox 2108 906 3763 979; baseline 0.002 -20"><span class='ocrx_word' id='word_1_357' title='bbox 2108 929 2133 959; x_wconf 90' lang='grc'><em>‹‹</em></span> <span class='ocrx_word' id='word_1_358' title='bbox 2167 922 2303 961; x_wconf 87' lang='lat' dir='ltr'>vum</span> <span class='ocrx_word' id='word_1_359' title='bbox 2336 907 2487 976; x_wconf 83' lang='lat' dir='ltr'>ejus.</span> <span class='ocrx_word' id='word_1_360' title='bbox 2525 928 2551 954; x_wconf 83' lang='lat'>»</span> <span class='ocrx_word' id='word_1_361' title='bbox 2581 907 2847 979; x_wconf 88' lang='lat' dir='ltr'>Superna</span> <span class='ocrx_word' id='word_1_362' title='bbox 2875 906 3313 978; x_wconf 88' lang='lat' dir='ltr'>dispensatione</span> <span class='ocrx_word' id='word_1_363' title='bbox 3330 906 3548 962; x_wconf 85' lang='lat' dir='ltr'>factum</span> <span class='ocrx_word' id='word_1_364' title='bbox 3565 911 3672 971; x_wconf 84' lang='lat' dir='ltr'>est,</span> <span class='ocrx_word' id='word_1_365' title='bbox 3694 910 3763 963; x_wconf 80' lang='lat' dir='ltr'>ut</span> 
     </span>
    </p>
   </div>
   <div class='ocr_carea' id='block_1_54' title="bbox 2107 994 3762 1067">
    <p class='ocr_par' dir='ltr' id='par_1_54' title="bbox 2107 994 3762 1067">
     <span class='ocr_line' id='line_1_54' title="bbox 2107 994 3762 1067; baseline 0 -17"><span class='ocrx_word' id='word_1_366' title='bbox 2107 994 2366 1051; x_wconf 87' lang='lat' dir='ltr'>seniores</span> <span class='ocrx_word' id='word_1_367' title='bbox 2385 994 2412 1048; x_wconf 87' lang='lat' dir='ltr'><strong>J</strong></span> <span class='ocrx_word' id='word_1_368' title='bbox 2425 995 2721 1050; x_wconf 60' lang='lat' dir='ltr'>udaorum</span> <span class='ocrx_word' id='word_1_369' title='bbox 2738 994 3509 1051; x_wconf 82' lang='lat' dir='ltr'>mitterenturadDomiuum</span> <span class='ocrx_word' id='word_1_370' title='bbox 3522 1035 3535 1060; x_wconf 93' lang='lat'>,</span> <span class='ocrx_word' id='word_1_371' title='bbox 3549 994 3762 1067; x_wconf 83' lang='lat' dir='ltr'>hisque</span> 
     </span>
    </p>
   </div>
   <div class='ocr_carea' id='block_1_55' title="bbox 2108 1083 3761 1156">
    <p class='ocr_par' dir='ltr' id='par_1_55' title="bbox 2108 1083 3761 1156">
     <span class='ocr_line' id='line_1_55' title="bbox 2108 1083 3761 1156; baseline 0.001 -16"><span class='ocrx_word' id='word_1_372' title='bbox 2108 1084 2463 1151; x_wconf 84' lang='lat' dir='ltr'>astantibus,</span> <span class='ocrx_word' id='word_1_373' title='bbox 2482 1084 2579 1155; x_wconf 90' lang='lat' dir='ltr'>qui</span> <span class='ocrx_word' id='word_1_374' title='bbox 2595 1083 2921 1156; x_wconf 85' lang='lat' dir='ltr'>languerat,</span> <span class='ocrx_word' id='word_1_375' title='bbox 2938 1088 3191 1151; x_wconf 88' lang='lat' dir='ltr'>sanaret,</span> <span class='ocrx_word' id='word_1_376' title='bbox 3207 1083 3761 1156; x_wconf 82' lang='lat' dir='ltr'>quoinexcusabilcs</span> 
     </span>
    </p>
   </div>
   <div class='ocr_carea' id='block_1_56' title="bbox 2112 1172 3763 1245">
    <p class='ocr_par' dir='ltr' id='par_1_56' title="bbox 2112 1172 3763 1245">
     <span class='ocr_line' id='line_1_56' title="bbox 2112 1172 3763 1245; baseline 0 -17"><span class='ocrx_word' id='word_1_377' title='bbox 2112 1173 2319 1240; x_wconf 89' lang='lat' dir='ltr'>forent,</span> <span class='ocrx_word' id='word_1_378' title='bbox 2355 1172 2403 1228; x_wconf 87' lang='lat' dir='ltr'>si</span> <span class='ocrx_word' id='word_1_379' title='bbox 2437 1173 2706 1228; x_wconf 89' lang='lat' dir='ltr'>credente</span> <span class='ocrx_word' id='word_1_380' title='bbox 2736 1172 2859 1228; x_wconf 88' lang='lat' dir='ltr'>viro</span> <span class='ocrx_word' id='word_1_381' title='bbox 2889 1172 3089 1245; x_wconf 88' lang='lat' dir='ltr'>gentili</span> <span class='ocrx_word' id='word_1_382' title='bbox 3124 1190 3241 1228; x_wconf 89' lang='lat' dir='ltr'>non</span> <span class='ocrx_word' id='word_1_383' title='bbox 3281 1173 3599 1228; x_wconf 86' lang='lat' dir='ltr'>crederent.</span> <span class='ocrx_word' id='word_1_384' title='bbox 3649 1172 3763 1228; x_wconf 73' lang='lat' dir='ltr'>\‘e-</span> 
     </span>
    </p>
   </div>
   <div class='ocr_carea' id='block_1_57' title="bbox 2110 1261 3765 1334">
    <p class='ocr_par' dir='ltr' id='par_1_57' title="bbox 2110 1261 3765 1334">
     <span class='ocr_line' id='line_1_57' title="bbox 2110 1261 3765 1334; baseline -0.001 -17"><span class='ocrx_word' id='word_1_385' title='bbox 2110 1279 2240 1317; x_wconf 82' lang='lat' dir='ltr'>rum</span> <span class='ocrx_word' id='word_1_386' title='bbox 2276 1262 2556 1334; x_wconf 71' lang='lat' dir='ltr'>quaeritur</span> <span class='ocrx_word' id='word_1_387' title='bbox 2584 1262 2876 1333; x_wconf 88' lang='lat' dir='ltr'>quomodo</span> <span class='ocrx_word' id='word_1_388' title='bbox 2909 1261 3231 1329; x_wconf 81' lang='lat' dir='ltr'>conveniat,</span> <span class='ocrx_word' id='word_1_389' title='bbox 3259 1262 3414 1333; x_wconf 87' lang='lat' dir='ltr'>quod</span> <span class='ocrx_word' id='word_1_390' title='bbox 3436 1262 3765 1318; x_wconf 70' lang='lat' dir='ltr'>Lucascen~</span> 
     </span>
    </p>
   </div>
   <div class='ocr_carea' id='block_1_58' title="bbox 2114 1350 3762 1424">
    <p class='ocr_par' dir='ltr' id='par_1_58' title="bbox 2114 1350 3762 1424">
     <span class='ocr_line' id='line_1_58' title="bbox 2114 1350 3762 1424; baseline 0 -17"><span class='ocrx_word' id='word_1_391' title='bbox 2114 1350 2402 1407; x_wconf 87' lang='lat' dir='ltr'>turionem</span> <span class='ocrx_word' id='word_1_392' title='bbox 2439 1351 2680 1406; x_wconf 88' lang='lat' dir='ltr'>nuntios</span> <span class='ocrx_word' id='word_1_393' title='bbox 2712 1350 2972 1416; x_wconf 84' lang='lat' dir='ltr'>misisse,</span> <span class='ocrx_word' id='word_1_394' title='bbox 3005 1350 3315 1407; x_wconf 70' lang='lat' dir='ltr'>Matthazus</span> <span class='ocrx_word' id='word_1_395' title='bbox 3346 1356 3544 1407; x_wconf 89' lang='lat' dir='ltr'>autem</span> <span class='ocrx_word' id='word_1_396' title='bbox 3566 1352 3762 1424; x_wconf 85' lang='lat' dir='ltr'>ipsum</span> 
     </span>
    </p>
   </div>
   <div class='ocr_carea' id='block_1_59' title="bbox 2112 1439 3767 1513">
    <p class='ocr_par' dir='ltr' id='par_1_59' title="bbox 2112 1439 3767 1513">
     <span class='ocr_line' id='line_1_59' title="bbox 2112 1439 3767 1513; baseline 0.001 -17"><span class='ocrx_word' id='word_1_397' title='bbox 2112 1439 2428 1497; x_wconf 87' lang='lat' dir='ltr'>accessisse</span> <span class='ocrx_word' id='word_1_398' title='bbox 2462 1444 2660 1495; x_wconf 87' lang='lat' dir='ltr'>narrat</span> <span class='ocrx_word' id='word_1_399' title='bbox 2690 1440 2760 1495; x_wconf 89' lang='lat' dir='ltr'>ad</span> <span class='ocrx_word' id='word_1_400' title='bbox 2780 1440 3118 1497; x_wconf 88' lang='lat' dir='ltr'>Dominum.</span> <span class='ocrx_word' id='word_1_401' title='bbox 3134 1440 3242 1495; x_wconf 88' lang='lat' dir='ltr'>Sed</span> <span class='ocrx_word' id='word_1_402' title='bbox 3257 1439 3348 1512; x_wconf 90' lang='lat' dir='ltr'>pie</span> <span class='ocrx_word' id='word_1_403' title='bbox 3364 1440 3767 1513; x_wconf 74' lang='lat' dir='ltr'>quaerentibus</span> 
     </span>
    </p>
   </div>
   <div class='ocr_carea' id='block_1_60' title="bbox 2114 1528 3769 1601">
    <p class='ocr_par' dir='ltr' id='par_1_60' title="bbox 2114 1528 3769 1601">
     <span class='ocr_line' id='line_1_60' title="bbox 2114 1528 3769 1601; baseline 0.001 -18"><span class='ocrx_word' id='word_1_404' title='bbox 2114 1529 2280 1585; x_wconf 82' lang='lat' dir='ltr'>facile</span> <span class='ocrx_word' id='word_1_405' title='bbox 2310 1532 2469 1600; x_wconf 89' lang='lat' dir='ltr'>patet</span> <span class='ocrx_word' id='word_1_406' title='bbox 2498 1529 2653 1601; x_wconf 89' lang='lat' dir='ltr'>quod</span> <span class='ocrx_word' id='word_1_407' title='bbox 2687 1528 2998 1585; x_wconf 81' lang='lat' dir='ltr'>Matthaeus</span> <span class='ocrx_word' id='word_1_408' title='bbox 3027 1529 3327 1585; x_wconf 88' lang='lat' dir='ltr'>brevitatis</span> <span class='ocrx_word' id='word_1_409' title='bbox 3356 1546 3533 1589; x_wconf 80' lang='lat' dir='ltr'>causa</span> <span class='ocrx_word' id='word_1_410' title='bbox 3556 1530 3769 1587; x_wconf 66' lang='lat' dir='ltr'>dixerit</span> 
     </span>
    </p>
   </div>
   <div class='ocr_carea' id='block_1_61' title="bbox 2113 1616 3765 1691">
    <p class='ocr_par' dir='ltr' id='par_1_61' title="bbox 2113 1616 3765 1691">
     <span class='ocr_line' id='line_1_61' title="bbox 2113 1616 3765 1691; baseline 0.001 -19"><span class='ocrx_word' id='word_1_411' title='bbox 2113 1618 2306 1691; x_wconf 84' lang='lat' dir='ltr'>ipsum</span> <span class='ocrx_word' id='word_1_412' title='bbox 2345 1616 2682 1683; x_wconf 83' lang='lat' dir='ltr'>accessisse,</span> <span class='ocrx_word' id='word_1_413' title='bbox 2717 1618 2888 1688; x_wconf 84' lang='lat' dir='ltr'>cujus</span> <span class='ocrx_word' id='word_1_414' title='bbox 2917 1616 3274 1674; x_wconf 85' lang='lat' dir='ltr'>desiderium</span> <span class='ocrx_word' id='word_1_415' title='bbox 3308 1623 3366 1674; x_wconf 89' lang='lat' dir='ltr'>et</span> <span class='ocrx_word' id='word_1_416' title='bbox 3393 1617 3665 1676; x_wconf 75' lang='lat' dir='ltr'>voluntas</span> <span class='ocrx_word' id='word_1_417' title='bbox 3691 1619 3765 1674; x_wconf 89' lang='lat' dir='ltr'>ad</span> 
     </span>
    </p>
   </div>
   <div class='ocr_carea' id='block_1_62' title="bbox 2115 1706 3766 1781">
    <p class='ocr_par' dir='ltr' id='par_1_62' title="bbox 2115 1706 3766 1781">
     <span class='ocr_line' id='line_1_62' title="bbox 2115 1706 3766 1781; baseline 0.001 -18"><span class='ocrx_word' id='word_1_418' title='bbox 2115 1707 2430 1763; x_wconf 91' lang='lat' dir='ltr'>Dominum</span> <span class='ocrx_word' id='word_1_419' title='bbox 2463 1706 2761 1774; x_wconf 87' lang='lat' dir='ltr'>veraciter,</span> <span class='ocrx_word' id='word_1_420' title='bbox 2796 1706 2928 1762; x_wconf 87' lang='lat' dir='ltr'>aliis</span> <span class='ocrx_word' id='word_1_421' title='bbox 2958 1706 3766 1781; x_wconf 79' lang='lat' dir='ltr'>licetdeferentibus,estper-</span> 
     </span>
    </p>
   </div>
   <div class='ocr_carea' id='block_1_63' title="bbox 2115 1795 3764 1868">
    <p class='ocr_par' dir='ltr' id='par_1_63' title="bbox 2115 1795 3764 1868">
     <span class='ocr_line' id='line_1_63' title="bbox 2115 1795 3764 1868; baseline 0.001 -17"><span class='ocrx_word' id='word_1_422' title='bbox 2115 1796 2253 1861; x_wconf 88' lang='lat' dir='ltr'>lata,</span> <span class='ocrx_word' id='word_1_423' title='bbox 2287 1796 2528 1868; x_wconf 80' lang='lat' dir='ltr'>mystice</span> <span class='ocrx_word' id='word_1_424' title='bbox 2575 1796 2752 1851; x_wconf 86' lang='lat' dir='ltr'>etiam</span> <span class='ocrx_word' id='word_1_425' title='bbox 2802 1795 2970 1851; x_wconf 87' lang='lat' dir='ltr'>nobis</span> <span class='ocrx_word' id='word_1_426' title='bbox 3018 1796 3440 1852; x_wconf 87' lang='lat' dir='ltr'>commendans</span> <span class='ocrx_word' id='word_1_427' title='bbox 3470 1797 3579 1854; x_wconf 88' lang='lat' dir='ltr'>hoc</span> <span class='ocrx_word' id='word_1_428' title='bbox 3607 1797 3764 1868; x_wconf 84' lang='lat' dir='ltr'>quod</span> 
     </span>
    </p>
   </div>
   <div class='ocr_carea' id='block_1_64' title="bbox 2120 1883 3766 1956">
    <p class='ocr_par' dir='ltr' id='par_1_64' title="bbox 2120 1883 3766 1956">
     <span class='ocr_line' id='line_1_64' title="bbox 2120 1883 3766 1956; baseline 0 -15"><span class='ocrx_word' id='word_1_429' title='bbox 2120 1884 2405 1956; x_wconf 86' lang='lat' dir='ltr'>scriptum</span> <span class='ocrx_word' id='word_1_430' title='bbox 2441 1887 2555 1939; x_wconf 80' lang='lat' dir='ltr'>est:</span> <span class='ocrx_word' id='word_1_431' title='bbox 2591 1909 2617 1933; x_wconf 89' lang='grc'><strong>‹‹</strong></span> <span class='ocrx_word' id='word_1_432' title='bbox 2651 1884 2917 1939; x_wconf 87' lang='lat' dir='ltr'>Accedite</span> <span class='ocrx_word' id='word_1_433' title='bbox 2951 1883 3022 1939; x_wconf 86' lang='lat' dir='ltr'>ad</span> <span class='ocrx_word' id='word_1_434' title='bbox 3055 1901 3190 1940; x_wconf 88' lang='lat' dir='ltr'>eum</span> <span class='ocrx_word' id='word_1_435' title='bbox 3243 1889 3299 1940; x_wconf 90' lang='lat' dir='ltr'>et</span> <span class='ocrx_word' id='word_1_436' title='bbox 3347 1885 3766 1945; x_wconf 84' lang='lat' dir='ltr'>illuminamini</span> 
     </span>
    </p>
   </div>
   <div class='ocr_carea' id='block_1_65' title="bbox 2122 1972 3781 2048">
    <p class='ocr_par' dir='ltr' id='par_1_65' title="bbox 2122 1972 3781 2048">
     <span class='ocr_line' id='line_1_65' title="bbox 2122 1972 3781 2048; baseline 0.001 -17"><span class='ocrx_word' id='word_1_437' title='bbox 2122 1976 2295 2039; x_wconf 78' lang='lat' dir='ltr'>(I’sal.</span> <span class='ocrx_word' id='word_1_438' title='bbox 2330 1976 2541 2029; x_wconf 60' lang='lat' dir='ltr'>xxxiii).</span> <span class='ocrx_word' id='word_1_439' title='bbox 2578 1995 2605 2022; x_wconf 83' lang='lat'>»</span> <span class='ocrx_word' id='word_1_440' title='bbox 2634 1972 2779 2028; x_wconf 81' lang='lat' dir='ltr'>Nam</span> <span class='ocrx_word' id='word_1_441' title='bbox 2813 1973 2954 2045; x_wconf 85' lang='lat' dir='ltr'>quia</span> <span class='ocrx_word' id='word_1_442' title='bbox 2995 1974 3169 2029; x_wconf 88' lang='lat' dir='ltr'>tidem</span> <span class='ocrx_word' id='word_1_443' title='bbox 3223 1974 3607 2042; x_wconf 84' lang='lat' dir='ltr'>centurionis,</span> <span class='ocrx_word' id='word_1_444' title='bbox 3658 1993 3781 2048; x_wconf 77' lang='lat' dir='ltr'>qua</span> 
     </span>
    </p>
   </div>
   <div class='ocr_carea' id='block_1_66' title="bbox 2122 2062 3781 2135">
    <p class='ocr_par' dir='ltr' id='par_1_66' title="bbox 2122 2062 3781 2135">
     <span class='ocr_line' id='line_1_66' title="bbox 2122 2062 3781 2135; baseline 0.002 -17"><span class='ocrx_word' id='word_1_445' title='bbox 2122 2080 2254 2119; x_wconf 86' lang='lat' dir='ltr'>vero</span> <span class='ocrx_word' id='word_1_446' title='bbox 2286 2062 2582 2119; x_wconf 86' lang='lat' dir='ltr'>acceditur</span> <span class='ocrx_word' id='word_1_447' title='bbox 2610 2062 2682 2117; x_wconf 88' lang='lat' dir='ltr'>ad</span> <span class='ocrx_word' id='word_1_448' title='bbox 2710 2062 2934 2129; x_wconf 87' lang='lat' dir='ltr'>Jesum,</span> <span class='ocrx_word' id='word_1_449' title='bbox 2969 2063 3092 2135; x_wconf 89' lang='lat' dir='ltr'>ipse</span> <span class='ocrx_word' id='word_1_450' title='bbox 3125 2062 3205 2118; x_wconf 90' lang='lat' dir='ltr'>ita</span> <span class='ocrx_word' id='word_1_451' title='bbox 3234 2062 3514 2132; x_wconf 84' lang='lat' dir='ltr'>laudavit,</span> <span class='ocrx_word' id='word_1_452' title='bbox 3541 2070 3605 2122; x_wconf 90' lang='lat' dir='ltr'>ut</span> <span class='ocrx_word' id='word_1_453' title='bbox 3627 2066 3781 2122; x_wconf 79' lang='lat' dir='ltr'>dice-</span> 
     </span>
    </p>
   </div>
   <div class='ocr_carea' id='block_1_67' title="bbox 2124 2137 3782 2226">
    <p class='ocr_par' dir='ltr' id='par_1_67' title="bbox 2124 2137 3782 2226">
     <span class='ocr_line' id='line_1_67' title="bbox 2124 2137 3782 2226; baseline 0.001 -18"><span class='ocrx_word' id='word_1_454' title='bbox 2124 2157 2241 2208; x_wconf 86' lang='lat' dir='ltr'>ret:</span> <span class='ocrx_word' id='word_1_455' title='bbox 2278 2176 2303 2201; x_wconf 88' lang='grc'>‹‹</span> <span class='ocrx_word' id='word_1_456' title='bbox 2340 2152 2463 2207; x_wconf 81' lang='lat' dir='ltr'>Non</span> <span class='ocrx_word' id='word_1_457' title='bbox 2498 2151 2688 2207; x_wconf 88' lang='lat' dir='ltr'>iuveni</span> <span class='ocrx_word' id='word_1_458' title='bbox 2723 2137 2943 2207; x_wconf 79' lang='lat' dir='ltr'>tantam</span> <span class='ocrx_word' id='word_1_459' title='bbox 2978 2153 3156 2209; x_wconf 77' lang='lat' dir='ltr'>fidem</span> <span class='ocrx_word' id='word_1_460' title='bbox 3187 2152 3246 2207; x_wconf 89' lang='lat' dir='ltr'>in</span> <span class='ocrx_word' id='word_1_461' title='bbox 3288 2152 3488 2221; x_wconf 87' lang='lat' dir='ltr'>Israel,</span> <span class='ocrx_word' id='word_1_462' title='bbox 3525 2178 3549 2202; x_wconf 85' lang='grc'><strong>››</strong></span> <span class='ocrx_word' id='word_1_463' title='bbox 3582 2155 3782 2226; x_wconf 82' lang='lat' dir='ltr'>ipsum</span> 
     </span>
    </p>
   </div>
   <div class='ocr_carea' id='block_1_68' title="bbox 2127 2240 3785 2314">
    <p class='ocr_par' dir='ltr' id='par_1_68' title="bbox 2127 2240 3785 2314">
     <span class='ocr_line' id='line_1_68' title="bbox 2127 2240 3785 2314; baseline 0.002 -18"><span class='ocrx_word' id='word_1_464' title='bbox 2127 2240 2321 2313; x_wconf 87' lang='lat' dir='ltr'>potius</span> <span class='ocrx_word' id='word_1_465' title='bbox 2355 2241 2673 2296; x_wconf 88' lang='lat' dir='ltr'>accessisse</span> <span class='ocrx_word' id='word_1_466' title='bbox 2706 2241 2775 2296; x_wconf 87' lang='lat' dir='ltr'>ad</span> <span class='ocrx_word' id='word_1_467' title='bbox 2809 2240 3107 2296; x_wconf 82' lang='lat' dir='ltr'>Christum</span> <span class='ocrx_word' id='word_1_468' title='bbox 3122 2241 3785 2314; x_wconf 73' lang='lat' dir='ltr'>dicerevoluit-prudcns</span> 
     </span>
    </p>
   </div>
   <div class='ocr_carea' id='block_1_69' title="bbox 2128 2328 3787 2402">
    <p class='ocr_par' dir='ltr' id='par_1_69' title="bbox 2128 2328 3787 2402">
     <span class='ocr_line' id='line_1_69' title="bbox 2128 2328 3787 2402; baseline 0.001 -17"><span class='ocrx_word' id='word_1_469' title='bbox 2128 2328 2526 2400; x_wconf 84' lang='lat' dir='ltr'>Evangelium,</span> <span class='ocrx_word' id='word_1_470' title='bbox 2554 2346 2733 2402; x_wconf 86' lang='lat' dir='ltr'>quam</span> <span class='ocrx_word' id='word_1_471' title='bbox 2769 2329 2899 2384; x_wconf 89' lang='lat' dir='ltr'>illos</span> <span class='ocrx_word' id='word_1_472' title='bbox 2932 2347 3032 2401; x_wconf 85' lang='lat' dir='ltr'>per</span> <span class='ocrx_word' id='word_1_473' title='bbox 3053 2331 3787 2402; x_wconf 85' lang='lat' dir='ltr'>quosverbasuamiserat.</span> 
     </span>
    </p>
   </div>
   <div class='ocr_carea' id='block_1_70' title="bbox 2132 2417 3789 2494">
    <p class='ocr_par' dir='ltr' id='par_1_70' title="bbox 2132 2417 3789 2494">
     <span class='ocr_line' id='line_1_70' title="bbox 2132 2417 3789 2494; baseline 0.002 -20"><span class='ocrx_word' id='word_1_474' title='bbox 2132 2418 2302 2474; x_wconf 80' lang='lat' dir='ltr'>Porro</span> <span class='ocrx_word' id='word_1_475' title='bbox 2335 2422 2531 2473; x_wconf 88' lang='lat' dir='ltr'>autem</span> <span class='ocrx_word' id='word_1_476' title='bbox 2559 2418 2745 2473; x_wconf 88' lang='lat' dir='ltr'>Lucas</span> <span class='ocrx_word' id='word_1_477' title='bbox 2768 2417 2876 2473; x_wconf 90' lang='lat' dir='ltr'>hoc</span> <span class='ocrx_word' id='word_1_478' title='bbox 2899 2422 3109 2487; x_wconf 89' lang='lat' dir='ltr'>totum,</span> <span class='ocrx_word' id='word_1_479' title='bbox 3143 2421 3638 2491; x_wconf 88' lang='lat' dir='ltr'>quemadmodum</span> <span class='ocrx_word' id='word_1_480' title='bbox 3655 2438 3789 2494; x_wconf 59' lang='lat' dir='ltr'>gesr</span> 
     </span>
    </p>
   </div>
   <div class='ocr_carea' id='block_1_71' title="bbox 2131 2507 3800 2583">
    <p class='ocr_par' dir='ltr' id='par_1_71' title="bbox 2131 2507 3800 2583">
     <span class='ocr_line' id='line_1_71' title="bbox 2131 2507 3800 2583; baseline 0.004 -22"><span class='ocrx_word' id='word_1_481' title='bbox 2131 2511 2257 2562; x_wconf 89' lang='lat' dir='ltr'>tum</span> <span class='ocrx_word' id='word_1_482' title='bbox 2272 2507 2599 2579; x_wconf 87' lang='lat' dir='ltr'>sit,aperuit</span> <span class='ocrx_word' id='word_1_483' title='bbox 2616 2511 2677 2562; x_wconf 91' lang='lat' dir='ltr'>ut</span> <span class='ocrx_word' id='word_1_484' title='bbox 2690 2524 2753 2562; x_wconf 74' lang='lat' dir='ltr'>ex</span> <span class='ocrx_word' id='word_1_485' title='bbox 2770 2507 2877 2564; x_wconf 90' lang='lat' dir='ltr'>hoc</span> <span class='ocrx_word' id='word_1_486' title='bbox 2892 2507 3213 2580; x_wconf 83' lang='lat' dir='ltr'>intelligere</span> <span class='ocrx_word' id='word_1_487' title='bbox 3224 2525 3800 2583; x_wconf 74' lang='lat' dir='ltr'>cogeremur,quem—</span> 
     </span>
    </p>
   </div>
   <div class='ocr_carea' id='block_1_72' title="bbox 2133 2596 3793 2670">
    <p class='ocr_par' dir='ltr' id='par_1_72' title="bbox 2133 2596 3793 2670">
     <span class='ocr_line' id='line_1_72' title="bbox 2133 2596 3793 2670; baseline 0.003 -20"><span class='ocrx_word' id='word_1_488' title='bbox 2133 2596 2449 2652; x_wconf 84' lang='lat' dir='ltr'>admodum</span> <span class='ocrx_word' id='word_1_489' title='bbox 2482 2596 2800 2652; x_wconf 86' lang='lat' dir='ltr'>accessisse</span> <span class='ocrx_word' id='word_1_490' title='bbox 2831 2596 3040 2652; x_wconf 84' lang='lat' dir='ltr'>dixerit</span> <span class='ocrx_word' id='word_1_491' title='bbox 3068 2597 3240 2663; x_wconf 89' lang='lat' dir='ltr'>alius,</span> <span class='ocrx_word' id='word_1_492' title='bbox 3273 2598 3372 2670; x_wconf 91' lang='lat' dir='ltr'>qui</span> <span class='ocrx_word' id='word_1_493' title='bbox 3406 2599 3638 2655; x_wconf 85' lang='lat' dir='ltr'>mentiri</span> <span class='ocrx_word' id='word_1_494' title='bbox 3673 2617 3793 2655; x_wconf 92' lang='lat' dir='ltr'>non</span> 
     </span>
    </p>
   </div>
   <div class='ocr_carea' id='block_1_73' title="bbox 2084 2683 3791 2760">
    <p class='ocr_par' dir='ltr' id='par_1_73' title="bbox 2084 2683 3791 2760">
     <span class='ocr_line' id='line_1_73' title="bbox 2084 2683 3791 2760; baseline 0.002 -20"><span class='ocrx_word' id='word_1_495' title='bbox 2084 2712 2090 2719; x_wconf 86' lang='grc'><strong>·</strong></span> <span class='ocrx_word' id='word_1_496' title='bbox 2134 2684 2341 2757; x_wconf 88' lang='lat' dir='ltr'>potuit.</span> <span class='ocrx_word' id='word_1_497' title='bbox 2376 2683 2539 2739; x_wconf 88' lang='lat' dir='ltr'>Sicut</span> <span class='ocrx_word' id='word_1_498' title='bbox 2569 2684 2725 2740; x_wconf 90' lang='lat' dir='ltr'>enim</span> <span class='ocrx_word' id='word_1_499' title='bbox 2763 2684 2862 2740; x_wconf 86' lang='lat' dir='ltr'>illa</span> <span class='ocrx_word' id='word_1_500' title='bbox 2895 2685 3107 2742; x_wconf 88' lang='lat' dir='ltr'>mulier</span> <span class='ocrx_word' id='word_1_501' title='bbox 3139 2688 3352 2747; x_wconf 76' lang='lat' dir='ltr'>(Matth.</span> <span class='ocrx_word' id='word_1_502' title='bbox 3382 2694 3470 2755; x_wconf 81' lang='lat' dir='ltr'>ix),</span> <span class='ocrx_word' id='word_1_503' title='bbox 3494 2706 3622 2760; x_wconf 66' lang='lat' dir='ltr'>quae</span> <span class='ocrx_word' id='word_1_504' title='bbox 3652 2705 3791 2744; x_wconf 58' lang='lat' dir='ltr'>san.-</span> 
     </span>
    </p>
   </div>
   <div class='ocr_carea' id='block_1_74' title="bbox 2135 2773 3797 2847">
    <p class='ocr_par' dir='ltr' id='par_1_74' title="bbox 2135 2773 3797 2847">
     <span class='ocr_line' id='line_1_74' title="bbox 2135 2773 3797 2847; baseline 0.002 -18"><span class='ocrx_word' id='word_1_505' title='bbox 2135 2774 2332 2847; x_wconf 88' lang='lat' dir='ltr'>guinis</span> <span class='ocrx_word' id='word_1_506' title='bbox 2364 2773 2586 2828; x_wconf 80' lang='lat' dir='ltr'>ﬂuxum</span> <span class='ocrx_word' id='word_1_507' title='bbox 2621 2773 2971 2846; x_wconf 84' lang='lat' dir='ltr'>patiebatur,</span> <span class='ocrx_word' id='word_1_508' title='bbox 3006 2774 3274 2847; x_wconf 80' lang='lat' dir='ltr'>quamxis</span> <span class='ocrx_word' id='word_1_509' title='bbox 3305 2776 3598 2833; x_wconf 82' lang='lat' dir='ltr'>fimbriam</span> <span class='ocrx_word' id='word_1_510' title='bbox 3623 2779 3797 2833; x_wconf 87' lang='lat' dir='ltr'>vesti-</span> 
     </span>
    </p>
   </div>
   <div class='ocr_carea' id='block_1_75' title="bbox 2137 2862 3798 2937">
    <p class='ocr_par' dir='ltr' id='par_1_75' title="bbox 2137 2862 3798 2937">
     <span class='ocr_line' id='line_1_75' title="bbox 2137 2862 3798 2937; baseline 0.002 -19"><span class='ocrx_word' id='word_1_511' title='bbox 2137 2862 2316 2919; x_wconf 88' lang='lat' dir='ltr'>menti</span> <span class='ocrx_word' id='word_1_512' title='bbox 2348 2862 2477 2933; x_wconf 85' lang='lat' dir='ltr'>cjus</span> <span class='ocrx_word' id='word_1_513' title='bbox 2508 2862 2778 2932; x_wconf 87' lang='lat' dir='ltr'>tenuerit,</span> <span class='ocrx_word' id='word_1_514' title='bbox 2815 2863 3006 2934; x_wconf 83' lang='lat' dir='ltr'>magis</span> <span class='ocrx_word' id='word_1_515' title='bbox 3034 2864 3410 2937; x_wconf 88' lang='lat' dir='ltr'>tamen,quia</span> <span class='ocrx_word' id='word_1_516' title='bbox 3433 2866 3701 2933; x_wconf 88' lang='lat' dir='ltr'>credidit,</span> <span class='ocrx_word' id='word_1_517' title='bbox 3716 2871 3798 2922; x_wconf 86' lang='lat' dir='ltr'>te-</span> 
     </span>
    </p>
   </div>
   <div class='ocr_carea' id='block_1_76' title="bbox 2134 2952 3791 3027">
    <p class='ocr_par' dir='ltr' id='par_1_76' title="bbox 2134 2952 3791 3027">
     <span class='ocr_line' id='line_1_76' title="bbox 2134 2952 3791 3027; baseline 0.002 -20"><span class='ocrx_word' id='word_1_518' title='bbox 2134 2952 2266 3026; x_wconf 85' lang='lat' dir='ltr'>tigit</span> <span class='ocrx_word' id='word_1_519' title='bbox 2296 2952 2634 3017; x_wconf 90' lang='lat' dir='ltr'>Dominum,</span> <span class='ocrx_word' id='word_1_520' title='bbox 2669 2952 2978 3025; x_wconf 62' lang='lat' dir='ltr'>quamillae</span> <span class='ocrx_word' id='word_1_521' title='bbox 3011 2953 3791 3027; x_wconf 57' lang='lat' dir='ltr'>turbzeaquibuspremebv</span> 
     </span>
    </p>
   </div>
   <div class='ocr_carea' id='block_1_77' title="bbox 2138 3040 3795 3119">
    <p class='ocr_par' dir='ltr' id='par_1_77' title="bbox 2138 3040 3795 3119">
     <span class='ocr_line' id='line_1_77' title="bbox 2138 3040 3795 3119; baseline 0.003 -22"><span class='ocrx_word' id='word_1_522' title='bbox 2138 3045 2252 3108; x_wconf 88' lang='lat' dir='ltr'>tur,</span> <span class='ocrx_word' id='word_1_523' title='bbox 2287 3040 2369 3096; x_wconf 91' lang='lat' dir='ltr'>ita</span> <span class='ocrx_word' id='word_1_524' title='bbox 2397 3044 2453 3097; x_wconf 91' lang='lat' dir='ltr'>et</span> <span class='ocrx_word' id='word_1_525' title='bbox 2483 3042 2764 3109; x_wconf 89' lang='lat' dir='ltr'>centurio,</span> <span class='ocrx_word' id='word_1_526' title='bbox 2800 3059 2915 3115; x_wconf 91' lang='lat' dir='ltr'>quo</span> <span class='ocrx_word' id='word_1_527' title='bbox 2948 3043 3138 3116; x_wconf 83' lang='lat' dir='ltr'>magis</span> <span class='ocrx_word' id='word_1_528' title='bbox 3185 3043 3453 3114; x_wconf 87' lang='lat' dir='ltr'>credidit,</span> <span class='ocrx_word' id='word_1_529' title='bbox 3503 3061 3572 3100; x_wconf 91' lang='lat' dir='ltr'>eo</span> <span class='ocrx_word' id='word_1_530' title='bbox 3604 3044 3795 3119; x_wconf 83' lang='lat' dir='ltr'>magis</span> 
     </span>
    </p>
   </div>
   <div class='ocr_carea' id='block_1_78' title="bbox 2146 3129 3737 3187">
    <p class='ocr_par' dir='ltr' id='par_1_78' title="bbox 2146 3129 3737 3187">
     <span class='ocr_line' id='line_1_78' title="bbox 2146 3129 3737 3187; baseline -0.002 -1"><span class='ocrx_word' id='word_1_531' title='bbox 2146 3129 2391 3186; x_wconf 86' lang='lat' dir='ltr'>accessit</span> <span class='ocrx_word' id='word_1_532' title='bbox 2424 3130 2494 3185; x_wconf 87' lang='lat' dir='ltr'>ad</span> <span class='ocrx_word' id='word_1_533' title='bbox 2529 3130 2865 3187; x_wconf 87' lang='lat' dir='ltr'>Dominum.</span> <span class='ocrx_word' id='word_1_534' title='bbox 3732 3130 3737 3135; x_wconf 70' lang='grc'><em>”</em></span> 
     </span>
    </p>
   </div>
   <div class='ocr_carea' id='block_1_79' title="bbox 2216 3218 3799 3297">
    <p class='ocr_par' dir='ltr' id='par_1_79' title="bbox 2216 3218 3799 3297">
     <span class='ocr_line' id='line_1_79' title="bbox 2216 3218 3799 3297; baseline 0.006 -25"><span class='ocrx_word' id='word_1_535' title='bbox 2216 3242 2242 3269; x_wconf 92' lang='grc'><em>‹‹</em></span> <span class='ocrx_word' id='word_1_536' title='bbox 2278 3218 2476 3290; x_wconf 84' lang='lat' dir='ltr'>Diligit</span> <span class='ocrx_word' id='word_1_537' title='bbox 2506 3219 2661 3277; x_wconf 88' lang='lat' dir='ltr'>enim</span> <span class='ocrx_word' id='word_1_538' title='bbox 2680 3224 2911 3291; x_wconf 84' lang='lat' dir='ltr'>gentem</span> <span class='ocrx_word' id='word_1_539' title='bbox 2926 3223 3208 3289; x_wconf 86' lang='lat' dir='ltr'>nostram,</span> <span class='ocrx_word' id='word_1_540' title='bbox 3227 3224 3799 3297; x_wconf 79' lang='lat' dir='ltr'>etsynagogamipse</span> 
     </span>
    </p>
   </div>
   <div class='ocr_carea' id='block_1_80' title="bbox 2145 3306 3803 3387">
    <p class='ocr_par' dir='ltr' id='par_1_80' title="bbox 2145 3306 3803 3387">
     <span class='ocr_line' id='line_1_80' title="bbox 2145 3306 3803 3387; baseline 0.008 -31"><span class='ocrx_word' id='word_1_541' title='bbox 2145 3331 2172 3357; x_wconf 71' lang='grc' dir='ltr'>«ς</span> <span class='ocrx_word' id='word_1_542' title='bbox 2207 3306 2510 3363; x_wconf 67' lang='lat' dir='ltr'>aedificavit</span> <span class='ocrx_word' id='word_1_543' title='bbox 2562 3308 2753 3364; x_wconf 83' lang='lat' dir='ltr'>nobis.</span> <span class='ocrx_word' id='word_1_544' title='bbox 2791 3331 2817 3358; x_wconf 83' lang='lat'>»</span> <span class='ocrx_word' id='word_1_545' title='bbox 2850 3308 2956 3387; x_wconf 80' lang='lat' dir='ltr'>Qui</span> <span class='ocrx_word' id='word_1_546' title='bbox 3004 3310 3351 3367; x_wconf 68' lang='lat' dir='ltr'>aediﬁcatam</span> <span class='ocrx_word' id='word_1_547' title='bbox 3391 3329 3425 3368; x_wconf 86' lang='lat' dir='ltr'>a</span> <span class='ocrx_word' id='word_1_548' title='bbox 3455 3314 3803 3370; x_wconf 81' lang='lat' dir='ltr'>centurione</span> 
     </span>
    </p>
   </div>
   <div class='ocr_carea' id='block_1_81' title="bbox 2146 3397 3807 3473">
    <p class='ocr_par' dir='ltr' id='par_1_81' title="bbox 2146 3397 3807 3473">
     <span class='ocr_line' id='line_1_81' title="bbox 2146 3397 3807 3473; baseline 0.004 -22"><span class='ocrx_word' id='word_1_549' title='bbox 2146 3399 2344 3451; x_wconf 87' lang='lat' dir='ltr'>narrat</span> <span class='ocrx_word' id='word_1_550' title='bbox 2372 3412 2753 3468; x_wconf 71' lang='lat' dir='ltr'>synagogam,</span> <span class='ocrx_word' id='word_1_551' title='bbox 2786 3397 3083 3454; x_wconf 88' lang='lat' dir='ltr'>evidenter</span> <span class='ocrx_word' id='word_1_552' title='bbox 3111 3401 3452 3468; x_wconf 88' lang='lat' dir='ltr'>ostendunt,</span> <span class='ocrx_word' id='word_1_553' title='bbox 3484 3401 3624 3473; x_wconf 87' lang='lat' dir='ltr'>quia</span> <span class='ocrx_word' id='word_1_554' title='bbox 3646 3402 3807 3458; x_wconf 84' lang='lat' dir='ltr'>sicut</span> 
     </span>
    </p>
   </div>
   <div class='ocr_carea' id='block_1_82' title="bbox 2145 3482 3807 3562">
    <p class='ocr_par' dir='ltr' id='par_1_82' title="bbox 2145 3482 3807 3562">
     <span class='ocr_line' id='line_1_82' title="bbox 2145 3482 3807 3562; baseline 0.007 -24"><span class='ocrx_word' id='word_1_555' title='bbox 2145 3500 2251 3539; x_wconf 89' lang='lat' dir='ltr'>nos</span> <span class='ocrx_word' id='word_1_556' title='bbox 2282 3482 2607 3551; x_wconf 89' lang='lat' dir='ltr'>ecclesiam,</span> <span class='ocrx_word' id='word_1_557' title='bbox 2644 3485 2727 3541; x_wconf 92' lang='lat' dir='ltr'>sic</span> <span class='ocrx_word' id='word_1_558' title='bbox 2742 3485 3539 3562; x_wconf 72' lang='lat' dir='ltr'>etiamillisynagogam,non</span> <span class='ocrx_word' id='word_1_559' title='bbox 3558 3507 3807 3549; x_wconf 85' lang='lat' dir='ltr'>conven-</span> 
     </span>
    </p>
   </div>
   <div class='ocr_carea' id='block_1_83' title="bbox 2146 3571 3808 3651">
    <p class='ocr_par' dir='ltr' id='par_1_83' title="bbox 2146 3571 3808 3651">
     <span class='ocr_line' id='line_1_83' title="bbox 2146 3571 3808 3651; baseline 0.006 -23"><span class='ocrx_word' id='word_1_560' title='bbox 2146 3576 2270 3629; x_wconf 88' lang='lat' dir='ltr'>tum</span> <span class='ocrx_word' id='word_1_561' title='bbox 2305 3571 2673 3629; x_wconf 87' lang='lat' dir='ltr'>solummodo</span> <span class='ocrx_word' id='word_1_562' title='bbox 2705 3575 2991 3641; x_wconf 82' lang='lat' dir='ltr'>ﬁdelium,</span> <span class='ocrx_word' id='word_1_563' title='bbox 3023 3577 3127 3634; x_wconf 87' lang='lat' dir='ltr'>sed</span> <span class='ocrx_word' id='word_1_564' title='bbox 3158 3582 3215 3633; x_wconf 85' lang='lat' dir='ltr'>et</span> <span class='ocrx_word' id='word_1_565' title='bbox 3244 3580 3438 3635; x_wconf 79' lang='lat' dir='ltr'>locum</span> <span class='ocrx_word' id='word_1_566' title='bbox 3463 3597 3808 3651; x_wconf 84' lang='lat' dir='ltr'>quoconve—</span> 
     </span>
    </p>
   </div>
   <div class='ocr_carea' id='block_1_84' title="bbox 2145 3662 3808 3743">
    <p class='ocr_par' dir='ltr' id='par_1_84' title="bbox 2145 3662 3808 3743">
     <span class='ocr_line' id='line_1_84' title="bbox 2145 3662 3808 3743; baseline 0.005 -26"><span class='ocrx_word' id='word_1_567' title='bbox 2145 3662 2403 3729; x_wconf 89' lang='lat' dir='ltr'>niebant,</span> <span class='ocrx_word' id='word_1_568' title='bbox 2437 3662 2555 3717; x_wconf 88' lang='lat' dir='ltr'>sint</span> <span class='ocrx_word' id='word_1_569' title='bbox 2586 3663 2878 3736; x_wconf 89' lang='lat' dir='ltr'>appellare</span> <span class='ocrx_word' id='word_1_570' title='bbox 2908 3663 3091 3735; x_wconf 87' lang='lat' dir='ltr'>soliti,</span> <span class='ocrx_word' id='word_1_571' title='bbox 3126 3667 3299 3737; x_wconf 76' lang='lat' dir='ltr'>juxta</span> <span class='ocrx_word' id='word_1_572' title='bbox 3346 3668 3500 3739; x_wconf 84' lang='lat' dir='ltr'>quod</span> <span class='ocrx_word' id='word_1_573' title='bbox 3532 3673 3589 3724; x_wconf 87' lang='lat' dir='ltr'>ct</span> <span class='ocrx_word' id='word_1_574' title='bbox 3619 3686 3808 3743; x_wconf 87' lang='lat' dir='ltr'>supra</span> 
     </span>
    </p>
   </div>
   <div class='ocr_carea' id='block_1_85' title="bbox 2146 3750 2476 3807">
    <p class='ocr_par' dir='ltr' id='par_1_85' title="bbox 2146 3750 2476 3807">
     <span class='ocr_line' id='line_1_85' title="bbox 2146 3750 2476 3807; baseline 0.003 -1"><span class='ocrx_word' id='word_1_575' title='bbox 2146 3750 2476 3807; x_wconf 78' lang='lat' dir='ltr'>docuhnus.</span> 
     </span>
    </p>
   </div>
   <div class='ocr_carea' id='block_1_86' title="bbox 2217 3840 3807 3919">
    <p class='ocr_par' dir='ltr' id='par_1_86' title="bbox 2217 3840 3807 3919">
     <span class='ocr_line' id='line_1_86' title="bbox 2217 3840 3807 3919; baseline 0.007 -25"><span class='ocrx_word' id='word_1_576' title='bbox 2217 3865 2239 3889; x_wconf 84' lang='grc'>‹‹</span> <span class='ocrx_word' id='word_1_577' title='bbox 2277 3840 2449 3896; x_wconf 86' lang='lat' dir='ltr'>Jesns</span> <span class='ocrx_word' id='word_1_578' title='bbox 2482 3846 2677 3896; x_wconf 89' lang='lat' dir='ltr'>autem</span> <span class='ocrx_word' id='word_1_579' title='bbox 2707 3841 3127 3900; x_wconf 87' lang='lat' dir='ltr'>ibatcumillis.</span> <span class='ocrx_word' id='word_1_580' title='bbox 3149 3867 3174 3894; x_wconf 87' lang='grc'><strong>››</strong></span> <span class='ocrx_word' id='word_1_581' title='bbox 3195 3844 3807 3919; x_wconf 84' lang='lat' dir='ltr'>MagnaDominisub—</span> 
     </span>
    </p>
   </div>
   <div class='ocr_carea' id='block_1_87' title="bbox 2143 3928 3807 4001">
    <p class='ocr_par' dir='ltr' id='par_1_87' title="bbox 2143 3928 3807 4001">
     <span class='ocr_line' id='line_1_87' title="bbox 2143 3928 3807 4001; baseline 0.005 -17"><span class='ocrx_word' id='word_1_582' title='bbox 2143 3928 2386 3995; x_wconf 88' lang='lat' dir='ltr'>limitas,</span> <span class='ocrx_word' id='word_1_583' title='bbox 2420 3930 2520 4001; x_wconf 85' lang='lat' dir='ltr'>qui</span> <span class='ocrx_word' id='word_1_584' title='bbox 2554 3929 2675 3986; x_wconf 89' lang='lat' dir='ltr'>solo</span> <span class='ocrx_word' id='word_1_585' title='bbox 2706 3931 2877 3987; x_wconf 88' lang='lat' dir='ltr'>verbo</span> <span class='ocrx_word' id='word_1_586' title='bbox 2908 3948 3112 3989; x_wconf 88' lang='lat' dir='ltr'>curare</span> <span class='ocrx_word' id='word_1_587' title='bbox 3143 3933 3386 4001; x_wconf 84' lang='lat' dir='ltr'>valebat,</span> <span class='ocrx_word' id='word_1_588' title='bbox 3421 3936 3521 3993; x_wconf 86' lang='lat' dir='ltr'>sed</span> <span class='ocrx_word' id='word_1_589' title='bbox 3545 3954 3661 3992; x_wconf 88' lang='lat' dir='ltr'>non</span> <span class='ocrx_word' id='word_1_590' title='bbox 3694 3939 3807 3993; x_wconf 84' lang='lat' dir='ltr'>mi-</span> 
     </span>
    </p>
   </div>
   <div class='ocr_carea' id='block_1_88' title="bbox 2145 4018 3807 4094">
    <p class='ocr_par' dir='ltr' id='par_1_88' title="bbox 2145 4018 3807 4094">
     <span class='ocr_line' id='line_1_88' title="bbox 2145 4018 3807 4094; baseline 0.006 -20"><span class='ocrx_word' id='word_1_591' title='bbox 2145 4034 2251 4074; x_wconf 89' lang='lat' dir='ltr'>nor</span> <span class='ocrx_word' id='word_1_592' title='bbox 2277 4018 2605 4087; x_wconf 86' lang='lat' dir='ltr'>humilitas,</span> <span class='ocrx_word' id='word_1_593' title='bbox 2638 4019 2734 4089; x_wconf 91' lang='lat' dir='ltr'>qui</span> <span class='ocrx_word' id='word_1_594' title='bbox 2769 4036 3002 4076; x_wconf 72' lang='lat' dir='ltr'>Scrvum</span> <span class='ocrx_word' id='word_1_595' title='bbox 3035 4021 3312 4094; x_wconf 87' lang='lat' dir='ltr'>dignatus</span> <span class='ocrx_word' id='word_1_596' title='bbox 3329 4024 3807 4084; x_wconf 72' lang='lat' dir='ltr'>estvisitarelan-</span> 
     </span>
    </p>
   </div>
   <div class='ocr_carea' id='block_1_89' title="bbox 2142 4108 3805 4187">
    <p class='ocr_par' dir='ltr' id='par_1_89' title="bbox 2142 4108 3805 4187">
     <span class='ocr_line' id='line_1_89' title="bbox 2142 4108 3805 4187; baseline 0.007 -26"><span class='ocrx_word' id='word_1_597' title='bbox 2142 4112 2436 4181; x_wconf 88' lang='lat' dir='ltr'>guentcm.</span> <span class='ocrx_word' id='word_1_598' title='bbox 2476 4108 2621 4165; x_wconf 79' lang='lat' dir='ltr'>Nam</span> <span class='ocrx_word' id='word_1_599' title='bbox 2653 4108 2821 4178; x_wconf 82' lang='lat' dir='ltr'>quasi</span> <span class='ocrx_word' id='word_1_600' title='bbox 2858 4116 3060 4179; x_wconf 82' lang='lat' dir='ltr'>potens</span> <span class='ocrx_word' id='word_1_601' title='bbox 3092 4117 3148 4166; x_wconf 88' lang='lat' dir='ltr'>et</span> <span class='ocrx_word' id='word_1_602' title='bbox 3178 4111 3468 4186; x_wconf 80' lang='lat' dir='ltr'>benignus</span> <span class='ocrx_word' id='word_1_603' title='bbox 3484 4117 3805 4187; x_wconf 82' lang='lat' dir='ltr'>etrogatus</span> 
     </span>
    </p>
   </div>
   <div class='ocr_carea' id='block_1_90' title="bbox 2142 4195 3804 4273">
    <p class='ocr_par' dir='ltr' id='par_1_90' title="bbox 2142 4195 3804 4273">
     <span class='ocr_line' id='line_1_90' title="bbox 2142 4195 3804 4273; baseline 0.005 -21"><span class='ocrx_word' id='word_1_604' title='bbox 2142 4195 2365 4252; x_wconf 88' lang='lat' dir='ltr'>salvare</span> <span class='ocrx_word' id='word_1_605' title='bbox 2392 4197 2689 4269; x_wconf 83' lang='lat' dir='ltr'>pergebat,</span> <span class='ocrx_word' id='word_1_606' title='bbox 2720 4203 2776 4253; x_wconf 88' lang='lat' dir='ltr'>et</span> <span class='ocrx_word' id='word_1_607' title='bbox 2808 4197 3034 4254; x_wconf 88' lang='lat' dir='ltr'>itineris</span> <span class='ocrx_word' id='word_1_608' title='bbox 3059 4199 3247 4257; x_wconf 88' lang='lat' dir='ltr'>medio</span> <span class='ocrx_word' id='word_1_609' title='bbox 3261 4206 3499 4273; x_wconf 87' lang='lat' dir='ltr'>rogatus</span> <span class='ocrx_word' id='word_1_610' title='bbox 3511 4202 3804 4263; x_wconf 78' lang='lat' dir='ltr'>dictosal-</span> 
     </span>
    </p>
   </div>
   <div class='ocr_carea' id='block_1_91' title="bbox 2106 4284 3801 4359">
    <p class='ocr_par' dir='ltr' id='par_1_91' title="bbox 2106 4284 3801 4359">
     <span class='ocr_line' id='line_1_91' title="bbox 2106 4284 3801 4359; baseline 0.007 -22"><span class='ocrx_word' id='word_1_611' title='bbox 2106 4334 2111 4337; x_wconf 72' lang='grc'>,</span> <span class='ocrx_word' id='word_1_612' title='bbox 2141 4285 2311 4351; x_wconf 87' lang='lat' dir='ltr'>vavit,</span> <span class='ocrx_word' id='word_1_613' title='bbox 2349 4301 2420 4341; x_wconf 91' lang='lat' dir='ltr'>ne</span> <span class='ocrx_word' id='word_1_614' title='bbox 2449 4284 2713 4340; x_wconf 88' lang='lat' dir='ltr'>videlicet</span> <span class='ocrx_word' id='word_1_615' title='bbox 2744 4286 3238 4359; x_wconf 81' lang='lat' dir='ltr'>obimpotentiam</span> <span class='ocrx_word' id='word_1_616' title='bbox 3253 4289 3487 4359; x_wconf 87' lang='lat' dir='ltr'>virium,</span> <span class='ocrx_word' id='word_1_617' title='bbox 3512 4295 3709 4349; x_wconf 77' lang='lat' dir='ltr'>etnon</span> <span class='ocrx_word' id='word_1_618' title='bbox 3726 4295 3801 4350; x_wconf 89' lang='lat' dir='ltr'>ob</span> 
     </span>
    </p>
   </div>
   <div class='ocr_carea' id='block_1_92' title="bbox 2144 4373 3801 4453">
    <p class='ocr_par' dir='ltr' id='par_1_92' title="bbox 2144 4373 3801 4453">
     <span class='ocr_line' id='line_1_92' title="bbox 2144 4373 3801 4453; baseline 0.006 -24"><span class='ocrx_word' id='word_1_619' title='bbox 2144 4373 2493 4429; x_wconf 86' lang='lat' dir='ltr'>humilitatis</span> <span class='ocrx_word' id='word_1_620' title='bbox 2525 4374 2876 4446; x_wconf 76' lang='lat' dir='ltr'>exemplum,</span> <span class='ocrx_word' id='word_1_621' title='bbox 2910 4376 3289 4449; x_wconf 86' lang='lat' dir='ltr'>corporaliter</span> <span class='ocrx_word' id='word_1_622' title='bbox 3337 4379 3420 4434; x_wconf 90' lang='lat' dir='ltr'>ire</span> <span class='ocrx_word' id='word_1_623' title='bbox 3469 4385 3801 4453; x_wconf 87' lang='lat' dir='ltr'>putaretur.</span> 
     </span>
    </p>
   </div>
   <div class='ocr_carea' id='block_1_93' title="bbox 2144 4462 3805 4542">
    <p class='ocr_par' dir='ltr' id='par_1_93' title="bbox 2144 4462 3805 4542">
     <span class='ocr_line' id='line_1_93' title="bbox 2144 4462 3805 4542; baseline 0.007 -24"><span class='ocrx_word' id='word_1_624' title='bbox 2144 4463 2295 4519; x_wconf 80' lang='lat' dir='ltr'>Alibi</span> <span class='ocrx_word' id='word_1_625' title='bbox 2328 4464 2397 4519; x_wconf 90' lang='lat' dir='ltr'>ad</span> <span class='ocrx_word' id='word_1_626' title='bbox 2432 4462 2779 4537; x_wconf 68' lang='lat' dir='ltr'>salvandpm</span> <span class='ocrx_word' id='word_1_627' title='bbox 2814 4465 3002 4523; x_wconf 83' lang='lat' dir='ltr'>lilium</span> <span class='ocrx_word' id='word_1_628' title='bbox 3035 4468 3219 4542; x_wconf 86' lang='lat' dir='ltr'>reguli</span> <span class='ocrx_word' id='word_1_629' title='bbox 3249 4470 3445 4526; x_wconf 84' lang='lat' dir='ltr'>venire</span> <span class='ocrx_word' id='word_1_630' title='bbox 3483 4471 3693 4542; x_wconf 89' lang='lat' dir='ltr'>noluit,</span> <span class='ocrx_word' id='word_1_631' title='bbox 3730 4491 3805 4529; x_wconf 89' lang='lat' dir='ltr'>ne</span> 
     </span>
    </p>
   </div>
   <div class='ocr_carea' id='block_1_94' title="bbox 454 4547 3849 4637">
    <p class='ocr_par' dir='ltr' id='par_1_94' title="bbox 454 4547 3849 4637">
     <span class='ocr_line' id='line_1_94' title="bbox 454 4547 3849 4637; baseline 0.004 -34"><span class='ocrx_word' id='word_1_632' title='bbox 454 4550 616 4619; x_wconf 83' lang='lat' dir='ltr'>(Luc.</span> <span class='ocrx_word' id='word_1_633' title='bbox 650 4551 776 4617; x_wconf 79' lang='lat' dir='ltr'>vn.)</span> <span class='ocrx_word' id='word_1_634' title='bbox 813 4570 833 4599; x_wconf 77' lang='grc' dir='ltr'>ι</span> <span class='ocrx_word' id='word_1_635' title='bbox 873 4548 931 4604; x_wconf 89' lang='lat' dir='ltr'>In</span> <span class='ocrx_word' id='word_1_636' title='bbox 963 4547 1061 4604; x_wconf 92' lang='lat' dir='ltr'>illo</span> <span class='ocrx_word' id='word_1_637' title='bbox 1096 4553 1379 4621; x_wconf 84' lang='lat' dir='ltr'>tempore:</span> <span class='ocrx_word' id='word_1_638' title='bbox 1416 4550 1788 4608; x_wconf 86' lang='lat' dir='ltr'>Ccnturionis</span> <span class='ocrx_word' id='word_1_639' title='bbox 1834 4556 2033 4627; x_wconf 67' lang='lat' dir='ltr'>cujus-</span> <span class='ocrx_word' id='word_1_640' title='bbox 2067 4573 2113 4637; x_wconf 72' lang='grc' dir='ltr'>υ</span> <span class='ocrx_word' id='word_1_641' title='bbox 2148 4552 2355 4608; x_wconf 86' lang='lat' dir='ltr'>divites</span> <span class='ocrx_word' id='word_1_642' title='bbox 2385 4552 2706 4610; x_wconf 88' lang='lat' dir='ltr'>honorassc</span> <span class='ocrx_word' id='word_1_643' title='bbox 2751 4554 3071 4612; x_wconf 87' lang='lat' dir='ltr'>videretur:</span> <span class='ocrx_word' id='word_1_644' title='bbox 3123 4558 3238 4624; x_wconf 88' lang='lat' dir='ltr'>hic,</span> <span class='ocrx_word' id='word_1_645' title='bbox 3282 4575 3353 4614; x_wconf 90' lang='lat' dir='ltr'>ne</span> <span class='ocrx_word' id='word_1_646' title='bbox 3401 4559 3799 4617; x_wconf 86' lang='lat' dir='ltr'>conditionem</span> <span class='ocrx_word' id='word_1_647' title='bbox 3840 4580 3849 4591; x_wconf 70' lang='lat'><strong><em>‘</em></strong></span> 
     </span>
    </p>
   </div>
   <div class='ocr_carea' id='block_1_95' title="bbox 384 4637 2035 4715">
    <p class='ocr_par' dir='ltr' id='par_1_95' title="bbox 384 4637 2035 4715">
     <span class='ocr_line' id='line_1_95' title="bbox 384 4637 2035 4715; baseline 0.008 -28"><span class='ocrx_word' id='word_1_648' title='bbox 384 4661 409 4687; x_wconf 79' lang='grc' dir='ltr'>ί(</span> <span class='ocrx_word' id='word_1_649' title='bbox 448 4637 581 4691; x_wconf 90' lang='lat' dir='ltr'>dam</span> <span class='ocrx_word' id='word_1_650' title='bbox 617 4654 817 4692; x_wconf 87' lang='lat' dir='ltr'>servus</span> <span class='ocrx_word' id='word_1_651' title='bbox 851 4637 1003 4693; x_wconf 86' lang='lat' dir='ltr'>male</span> <span class='ocrx_word' id='word_1_652' title='bbox 1034 4637 1278 4706; x_wconf 89' lang='lat' dir='ltr'>habens,</span> <span class='ocrx_word' id='word_1_653' title='bbox 1309 4643 1433 4693; x_wconf 88' lang='lat' dir='ltr'>erat</span> <span class='ocrx_word' id='word_1_654' title='bbox 1463 4640 1808 4709; x_wconf 87' lang='lat' dir='ltr'>moriturus,</span> <span class='ocrx_word' id='word_1_655' title='bbox 1832 4644 1931 4715; x_wconf 91' lang='lat' dir='ltr'>qui</span> <span class='ocrx_word' id='word_1_656' title='bbox 1952 4645 2035 4701; x_wconf 93' lang='lat' dir='ltr'>illi</span> 
     </span>
    </p>
   </div>
   <div class='ocr_carea' id='block_1_96' title="bbox 384 4723 2035 4803">
    <p class='ocr_par' dir='ltr' id='par_1_96' title="bbox 384 4723 2035 4803">
     <span class='ocr_line' id='line_1_96' title="bbox 384 4723 2035 4803; baseline 0.008 -26"><span class='ocrx_word' id='word_1_657' title='bbox 384 4750 415 4777; x_wconf 74' lang='grc' dir='ltr'><strong>(ι</strong></span> <span class='ocrx_word' id='word_1_658' title='bbox 445 4729 569 4782; x_wconf 89' lang='lat' dir='ltr'>erat</span> <span class='ocrx_word' id='word_1_659' title='bbox 600 4723 910 4798; x_wconf 87' lang='lat' dir='ltr'>pretiosus,</span> <span class='ocrx_word' id='word_1_660' title='bbox 927 4730 980 4783; x_wconf 87' lang='lat' dir='ltr'>et</span> <span class='ocrx_word' id='word_1_661' title='bbox 1001 4725 1243 4799; x_wconf 88' lang='lat' dir='ltr'>reliqua.</span> <span class='ocrx_word' id='word_1_662' title='bbox 1264 4729 2035 4803; x_wconf 68' lang='lat' dir='ltr'>nQuaeratfortealiqnis,vel</span> 
     </span>
    </p>
   </div>
   <div class='ocr_carea' id='block_1_97' title="bbox 383 4814 2036 4894">
    <p class='ocr_par' dir='ltr' id='par_1_97' title="bbox 383 4814 2036 4894">
     <span class='ocr_line' id='line_1_97' title="bbox 383 4814 2036 4894; baseline 0.005 -24"><span class='ocrx_word' id='word_1_663' title='bbox 383 4814 537 4888; x_wconf 85' lang='lat' dir='ltr'>pius,</span> <span class='ocrx_word' id='word_1_664' title='bbox 572 4819 637 4870; x_wconf 91' lang='lat' dir='ltr'>ut</span> <span class='ocrx_word' id='word_1_665' title='bbox 666 4814 942 4885; x_wconf 85' lang='lat' dir='ltr'>inveniat,</span> <span class='ocrx_word' id='word_1_666' title='bbox 974 4815 1063 4871; x_wconf 86' lang='lat' dir='ltr'>vel</span> <span class='ocrx_word' id='word_1_667' title='bbox 1090 4815 1333 4890; x_wconf 87' lang='lat' dir='ltr'>impius,</span> <span class='ocrx_word' id='word_1_668' title='bbox 1380 4820 1446 4873; x_wconf 90' lang='lat' dir='ltr'>ut</span> <span class='ocrx_word' id='word_1_669' title='bbox 1475 4817 1879 4890; x_wconf 88' lang='lat' dir='ltr'>reprehendat,</span> <span class='ocrx_word' id='word_1_670' title='bbox 1919 4839 2036 4894; x_wconf 91' lang='lat' dir='ltr'>qua</span> 
     </span>
    </p>
   </div>
   <div class='ocr_carea' id='block_1_98' title="bbox 384 4903 2033 4978">
    <p class='ocr_par' dir='ltr' id='par_1_98' title="bbox 384 4903 2033 4978">
     <span class='ocr_line' id='line_1_98' title="bbox 384 4903 2033 4978; baseline 0.006 -20"><span class='ocrx_word' id='word_1_671' title='bbox 384 4903 607 4959; x_wconf 87' lang='lat' dir='ltr'>ratione</span> <span class='ocrx_word' id='word_1_672' title='bbox 638 4904 1007 4978; x_wconf 77' lang='lat' dir='ltr'>Evangelista</span> <span class='ocrx_word' id='word_1_673' title='bbox 1031 4921 1284 4972; x_wconf 87' lang='lat' dir='ltr'>servum,</span> <span class='ocrx_word' id='word_1_674' title='bbox 1320 4904 1418 4976; x_wconf 91' lang='lat' dir='ltr'>qui</span> <span class='ocrx_word' id='word_1_675' title='bbox 1453 4922 1568 4961; x_wconf 90' lang='lat' dir='ltr'>non</span> <span class='ocrx_word' id='word_1_676' title='bbox 1599 4912 1887 4978; x_wconf 89' lang='lat' dir='ltr'>mortuus,</span> <span class='ocrx_word' id='word_1_677' title='bbox 1932 4912 2033 4968; x_wconf 90' lang='lat' dir='ltr'>sed</span> 
     </span>
    </p>
   </div>
   <div class='ocr_carea' id='block_1_99' title="bbox 374 4993 2033 5057">
    <p class='ocr_par' dir='ltr' id='par_1_99' title="bbox 374 4993 2033 5057">
     <span class='ocr_line' id='line_1_99' title="bbox 374 4993 2033 5057; baseline 0.004 -7"><span class='ocrx_word' id='word_1_678' title='bbox 374 4993 1039 5057; x_wconf 66' lang='lat' dir='ltr'>,sanatussubinfertur,</span> <span class='ocrx_word' id='word_1_679' title='bbox 1076 4993 1282 5049; x_wconf 79' lang='lat' dir='ltr'>dixerit</span> <span class='ocrx_word' id='word_1_680' title='bbox 1323 5010 1451 5050; x_wconf 89' lang='lat' dir='ltr'>esse</span> <span class='ocrx_word' id='word_1_681' title='bbox 1501 4994 1872 5052; x_wconf 88' lang='lat' dir='ltr'>moriturum.</span> <span class='ocrx_word' id='word_1_682' title='bbox 1931 5000 2033 5056; x_wconf 90' lang='lat' dir='ltr'>Cui</span> 
     </span>
    </p>
   </div>
   <div class='ocr_carea' id='block_1_100' title="bbox 383 5079 2028 5155">
    <p class='ocr_par' dir='ltr' id='par_1_100' title="bbox 383 5079 2028 5155">
     <span class='ocr_line' id='line_1_100' title="bbox 383 5079 2028 5155; baseline 0.005 -18"><span class='ocrx_word' id='word_1_683' title='bbox 383 5079 634 5137; x_wconf 87' lang='lat' dir='ltr'>breviter</span> <span class='ocrx_word' id='word_1_684' title='bbox 654 5081 1147 5155; x_wconf 86' lang='lat' dir='ltr'>respondendum,</span> <span class='ocrx_word' id='word_1_685' title='bbox 1168 5082 1307 5154; x_wconf 89' lang='lat' dir='ltr'>quia</span> <span class='ocrx_word' id='word_1_686' title='bbox 1320 5099 1514 5138; x_wconf 88' lang='lat' dir='ltr'>revera</span> <span class='ocrx_word' id='word_1_687' title='bbox 1537 5087 1665 5138; x_wconf 90' lang='lat' dir='ltr'>erat</span> <span class='ocrx_word' id='word_1_688' title='bbox 1687 5084 2028 5155; x_wconf 86' lang='lat' dir='ltr'>moriturus,</span> 
     </span>
    </p>
   </div>
   <div class='ocr_carea' id='block_1_101' title="bbox 385 5168 2038 5248">
    <p class='ocr_par' dir='ltr' id='par_1_101' title="bbox 385 5168 2038 5248">
     <span class='ocr_line' id='line_1_101' title="bbox 385 5168 2038 5248; baseline 0.004 -21"><span class='ocrx_word' id='word_1_689' title='bbox 385 5169 431 5227; x_wconf 87' lang='lat' dir='ltr'>si</span> <span class='ocrx_word' id='word_1_690' title='bbox 465 5185 579 5225; x_wconf 90' lang='lat' dir='ltr'>non</span> <span class='ocrx_word' id='word_1_691' title='bbox 612 5168 836 5225; x_wconf 85' lang='lat' dir='ltr'>domini</span> <span class='ocrx_word' id='word_1_692' title='bbox 869 5168 958 5224; x_wconf 85' lang='lat' dir='ltr'>sui</span> <span class='ocrx_word' id='word_1_693' title='bbox 985 5170 1795 5242; x_wconf 79' lang='lat' dir='ltr'>iidcdeprecantis,‘etChristi</span> <span class='ocrx_word' id='word_1_694' title='bbox 1826 5174 2038 5248; x_wconf 85' lang='lat' dir='ltr'>pietate</span> 
     </span>
    </p>
   </div>
   <div class='ocr_carea' id='block_1_102' title="bbox 383 5256 2033 5333">
    <p class='ocr_par' dir='ltr' id='par_1_102' title="bbox 383 5256 2033 5333">
     <span class='ocr_line' id='line_1_102' title="bbox 383 5256 2033 5333; baseline 0.005 -20"><span class='ocrx_word' id='word_1_695' title='bbox 383 5256 719 5313; x_wconf 87' lang='lat' dir='ltr'>miserentis</span> <span class='ocrx_word' id='word_1_696' title='bbox 750 5257 958 5313; x_wconf 83' lang='lat' dir='ltr'>fuisset</span> <span class='ocrx_word' id='word_1_697' title='bbox 988 5258 1252 5314; x_wconf 88' lang='lat' dir='ltr'>redditus</span> <span class='ocrx_word' id='word_1_698' title='bbox 1282 5260 1433 5314; x_wconf 66' lang='lat' dir='ltr'>vitae.</span> <span class='ocrx_word' id='word_1_699' title='bbox 1468 5260 1561 5316; x_wconf 90' lang='lat' dir='ltr'>Sic</span> <span class='ocrx_word' id='word_1_700' title='bbox 1592 5261 1866 5319; x_wconf 78' lang='lat' dir='ltr'>Ezechias</span> <span class='ocrx_word' id='word_1_701' title='bbox 1915 5282 2033 5333; x_wconf 79' lang='lat' dir='ltr'>rex,</span> 
     </span>
    </p>
   </div>
   <div class='ocr_carea' id='block_1_103' title="bbox 373 5344 2037 5420">
    <p class='ocr_par' dir='ltr' id='par_1_103' title="bbox 373 5344 2037 5420">
     <span class='ocr_line' id='line_1_103' title="bbox 373 5344 2037 5420; baseline 0.005 -19"><span class='ocrx_word' id='word_1_702' title='bbox 373 5348 543 5419; x_wconf 79' lang='lat' dir='ltr'>juxta</span> <span class='ocrx_word' id='word_1_703' title='bbox 574 5345 887 5418; x_wconf 86' lang='lat' dir='ltr'>quemdam</span> <span class='ocrx_word' id='word_1_704' title='bbox 921 5344 1192 5401; x_wconf 72' lang='lat' dir='ltr'>humana:</span> <span class='ocrx_word' id='word_1_705' title='bbox 1207 5353 1423 5404; x_wconf 65' lang='lat' dir='ltr'>naturae</span> <span class='ocrx_word' id='word_1_706' title='bbox 1443 5349 1704 5420; x_wconf 85' lang='lat' dir='ltr'>modum,</span> <span class='ocrx_word' id='word_1_707' title='bbox 1724 5356 1847 5408; x_wconf 87' lang='lat' dir='ltr'>erat</span> <span class='ocrx_word' id='word_1_708' title='bbox 1867 5355 2037 5409; x_wconf 88' lang='lat' dir='ltr'>mori-</span> 
     </span>
    </p>
   </div>
   <div class='ocr_carea' id='block_1_104' title="bbox 380 5434 2033 5507">
    <p class='ocr_par' dir='ltr' id='par_1_104' title="bbox 380 5434 2033 5507">
     <span class='ocr_line' id='line_1_104' title="bbox 380 5434 2033 5507; baseline 0.005 -16"><span class='ocrx_word' id='word_1_709' title='bbox 380 5441 572 5500; x_wconf 82' lang='lat' dir='ltr'>turus,</span> <span class='ocrx_word' id='word_1_710' title='bbox 602 5452 735 5489; x_wconf 86' lang='lat' dir='ltr'>cum</span> <span class='ocrx_word' id='word_1_711' title='bbox 768 5435 988 5490; x_wconf 87' lang='lat' dir='ltr'>veracis</span> <span class='ocrx_word' id='word_1_712' title='bbox 1014 5434 1305 5507; x_wconf 68' lang='lat' dir='ltr'>pmphetae</span> <span class='ocrx_word' id='word_1_713' title='bbox 1336 5436 1527 5495; x_wconf 83' lang='lat' dir='ltr'>verbis</span> <span class='ocrx_word' id='word_1_714' title='bbox 1557 5440 1805 5497; x_wconf 88' lang='lat' dir='ltr'>audivit:</span> <span class='ocrx_word' id='word_1_715' title='bbox 1842 5467 1865 5492; x_wconf 79' lang='grc' dir='ltr'>‹ι</span> <span class='ocrx_word' id='word_1_716' title='bbox 1908 5444 2033 5499; x_wconf 62' lang='grc' dir='ltr'>υἰετ</span> 
     </span>
    </p>
   </div>
   <div class='ocr_carea' id='block_1_105' title="bbox 378 5523 2031 5609">
    <p class='ocr_par' dir='ltr' id='par_1_105' title="bbox 378 5523 2031 5609">
     <span class='ocr_line' id='line_1_105' title="bbox 378 5523 2031 5609; baseline 0.004 -29"><span class='ocrx_word' id='word_1_717' title='bbox 378 5530 526 5609; x_wconf 61' lang='lat' dir='ltr'>pone</span> <span class='ocrx_word' id='word_1_718' title='bbox 558 5523 761 5580; x_wconf 82' lang='lat' dir='ltr'>domui</span> <span class='ocrx_word' id='word_1_719' title='bbox 792 5529 925 5591; x_wconf 66' lang='lat' dir='ltr'>tuae,</span> <span class='ocrx_word' id='word_1_720' title='bbox 979 5523 1119 5595; x_wconf 86' lang='lat' dir='ltr'>quia</span> <span class='ocrx_word' id='word_1_721' title='bbox 1168 5525 1434 5580; x_wconf 88' lang='lat' dir='ltr'>morieris</span> <span class='ocrx_word' id='word_1_722' title='bbox 1484 5531 1567 5593; x_wconf 90' lang='lat' dir='ltr'>tu,</span> <span class='ocrx_word' id='word_1_723' title='bbox 1618 5534 1818 5586; x_wconf 83' lang='lat' dir='ltr'>etnon</span> <span class='ocrx_word' id='word_1_724' title='bbox 1874 5532 2031 5588; x_wconf 73' lang='lat' dir='ltr'>vives</span> 
     </span>
    </p>
   </div>
   <div class='ocr_carea' id='block_1_106' title="bbox 380 5612 2027 5691">
    <p class='ocr_par' dir='ltr' id='par_1_106' title="bbox 380 5612 2027 5691">
     <span class='ocr_line' id='line_1_106' title="bbox 380 5612 2027 5691; baseline 0.004 -20"><span class='ocrx_word' id='word_1_725' title='bbox 380 5614 504 5685; x_wconf 70' lang='lat' dir='ltr'>(1.5a.</span> <span class='ocrx_word' id='word_1_726' title='bbox 538 5613 798 5685; x_wconf 54' lang='lat' dir='ltr'>xxxviii):</span> <span class='ocrx_word' id='word_1_727' title='bbox 837 5638 863 5664; x_wconf 87' lang='grc'><strong>››</strong></span> <span class='ocrx_word' id='word_1_728' title='bbox 892 5613 994 5672; x_wconf 86' lang='lat' dir='ltr'>sed</span> <span class='ocrx_word' id='word_1_729' title='bbox 1013 5612 1239 5670; x_wconf 84' lang='lat' dir='ltr'>occulto</span> <span class='ocrx_word' id='word_1_730' title='bbox 1258 5613 1461 5671; x_wconf 75' lang='lat' dir='ltr'>divina:</span> <span class='ocrx_word' id='word_1_731' title='bbox 1480 5616 2027 5691; x_wconf 71' lang='lat' dir='ltr'>l’revidcntizejudi-</span> 
     </span>
    </p>
   </div>
   <div class='ocr_carea' id='block_1_107' title="bbox 2145 4642 3800 4713">
    <p class='ocr_par' dir='ltr' id='par_1_107' title="bbox 2145 4642 3800 4713">
     <span class='ocr_line' id='line_1_107' title="bbox 2145 4642 3800 4713; baseline 0.005 -16"><span class='ocrx_word' id='word_1_732' title='bbox 2145 4642 2433 4713; x_wconf 84' lang='lat' dir='ltr'>sprevisse</span> <span class='ocrx_word' id='word_1_733' title='bbox 2460 4643 2747 4712; x_wconf 83' lang='lat' dir='ltr'>servilem,</span> <span class='ocrx_word' id='word_1_734' title='bbox 2773 4645 2844 4700; x_wconf 89' lang='lat' dir='ltr'>ad</span> <span class='ocrx_word' id='word_1_735' title='bbox 2866 4645 3225 4703; x_wconf 86' lang='lat' dir='ltr'>centurionis</span> <span class='ocrx_word' id='word_1_736' title='bbox 3252 4647 3536 4705; x_wconf 89' lang='lat' dir='ltr'>famulum</span> <span class='ocrx_word' id='word_1_737' title='bbox 3565 4667 3699 4706; x_wconf 79' lang='lat' dir='ltr'>mox</span> <span class='ocrx_word' id='word_1_738' title='bbox 3717 4650 3800 4706; x_wconf 87' lang='lat' dir='ltr'>ire</span> 
     </span>
    </p>
   </div>
   <div class='ocr_carea' id='block_1_108' title="bbox 2146 4731 3796 4809">
    <p class='ocr_par' dir='ltr' id='par_1_108' title="bbox 2146 4731 3796 4809">
     <span class='ocr_line' id='line_1_108' title="bbox 2146 4731 3796 4809; baseline 0.007 -22"><span class='ocrx_word' id='word_1_739' title='bbox 2146 4731 2454 4787; x_wconf 90' lang='lat' dir='ltr'>concessit.</span> <span class='ocrx_word' id='word_1_740' title='bbox 2490 4754 2517 4781; x_wconf 77' lang='grc' dir='ltr'>α</span> <span class='ocrx_word' id='word_1_741' title='bbox 2548 4732 2613 4787; x_wconf 84' lang='lat' dir='ltr'>Et</span> <span class='ocrx_word' id='word_1_742' title='bbox 2645 4750 2776 4788; x_wconf 91' lang='lat' dir='ltr'>cum</span> <span class='ocrx_word' id='word_1_743' title='bbox 2800 4734 2929 4806; x_wconf 84' lang='lat' dir='ltr'>jam</span> <span class='ocrx_word' id='word_1_744' title='bbox 2943 4734 3796 4809; x_wconf 82' lang='lat' dir='ltr'>nonlongeessetadomo,mi-</span> 
     </span>
    </p>
   </div>
   <div class='ocr_carea' id='block_1_109' title="bbox 2145 4820 3794 4897">
    <p class='ocr_par' dir='ltr' id='par_1_109' title="bbox 2145 4820 3794 4897">
     <span class='ocr_line' id='line_1_109' title="bbox 2145 4820 3794 4897; baseline 0.004 -20"><span class='ocrx_word' id='word_1_745' title='bbox 2145 4843 2173 4870; x_wconf 86' lang='lat'><strong>«</strong></span> <span class='ocrx_word' id='word_1_746' title='bbox 2211 4820 2287 4877; x_wconf 89' lang='lat' dir='ltr'>sit</span> <span class='ocrx_word' id='word_1_747' title='bbox 2319 4822 2390 4877; x_wconf 90' lang='lat' dir='ltr'>ad</span> <span class='ocrx_word' id='word_1_748' title='bbox 2425 4838 2559 4878; x_wconf 88' lang='lat' dir='ltr'>eum</span> <span class='ocrx_word' id='word_1_749' title='bbox 2590 4824 2855 4880; x_wconf 86' lang='lat' dir='ltr'>centurio</span> <span class='ocrx_word' id='word_1_750' title='bbox 2886 4824 3794 4897; x_wconf 84' lang='lat' dir='ltr'>amicos,dicens:Domine,noli</span> 
     </span>
    </p>
   </div>
   <div class='ocr_carea' id='block_1_110' title="bbox 2145 4910 3844 4985">
    <p class='ocr_par' dir='ltr' id='par_1_110' title="bbox 2145 4910 3844 4985">
     <span class='ocr_line' id='line_1_110' title="bbox 2145 4910 3844 4985; baseline 0.006 -20"><span class='ocrx_word' id='word_1_751' title='bbox 2145 4933 2171 4959; x_wconf 85' lang='lat'><strong>«</strong></span> <span class='ocrx_word' id='word_1_752' title='bbox 2204 4910 2417 4967; x_wconf 78' lang='lat' dir='ltr'>vexari.</span> <span class='ocrx_word' id='word_1_753' title='bbox 2451 4911 2575 4967; x_wconf 86' lang='lat' dir='ltr'>Non</span> <span class='ocrx_word' id='word_1_754' title='bbox 2608 4912 3794 4985; x_wconf 78' lang='lat' dir='ltr'>enimdignnssumutsubtectummeum</span> <span class='ocrx_word' id='word_1_755' title='bbox 3837 4955 3844 4961; x_wconf 96' lang='lat'><strong><em>-</em></strong></span> 
     </span>
    </p>
   </div>
   <div class='ocr_carea' id='block_1_111' title="bbox 2147 4998 3796 5080">
    <p class='ocr_par' dir='ltr' id='par_1_111' title="bbox 2147 4998 3796 5080">
     <span class='ocr_line' id='line_1_111' title="bbox 2147 4998 3796 5080; baseline 0.007 -28"><span class='ocrx_word' id='word_1_756' title='bbox 2147 5021 2175 5049; x_wconf 82' lang='grc'>‹‹</span> <span class='ocrx_word' id='word_1_757' title='bbox 2205 4998 2407 5059; x_wconf 89' lang='lat' dir='ltr'>intres.</span> <span class='ocrx_word' id='word_1_758' title='bbox 2443 5024 2470 5049; x_wconf 88' lang='grc'><strong><em>››</em></strong></span> <span class='ocrx_word' id='word_1_759' title='bbox 2502 5001 2741 5073; x_wconf 85' lang='lat' dir='ltr'>Propter</span> <span class='ocrx_word' id='word_1_760' title='bbox 2769 5001 2902 5058; x_wconf 67' lang='lat' dir='ltr'>vitae</span> <span class='ocrx_word' id='word_1_761' title='bbox 2931 5002 3166 5074; x_wconf 83' lang='lat' dir='ltr'>gentilis</span> <span class='ocrx_word' id='word_1_762' title='bbox 3196 5005 3616 5063; x_wconf 86' lang='lat' dir='ltr'>conscientiam</span> <span class='ocrx_word' id='word_1_763' title='bbox 3653 5025 3796 5080; x_wconf 49' lang='lat' dir='ltr'>grie-</span> 
     </span>
    </p>
   </div>
   <div class='ocr_carea' id='block_1_112' title="bbox 2139 5087 3797 5168">
    <p class='ocr_par' dir='ltr' id='par_1_112' title="bbox 2139 5087 3797 5168">
     <span class='ocr_line' id='line_1_112' title="bbox 2139 5087 3797 5168; baseline 0.005 -25"><span class='ocrx_word' id='word_1_764' title='bbox 2139 5087 2261 5144; x_wconf 86' lang='lat' dir='ltr'>vari</span> <span class='ocrx_word' id='word_1_765' title='bbox 2293 5106 2353 5144; x_wconf 89' lang='lat' dir='ltr'>se</span> <span class='ocrx_word' id='word_1_766' title='bbox 2386 5089 2572 5161; x_wconf 86' lang='lat' dir='ltr'>magis</span> <span class='ocrx_word' id='word_1_767' title='bbox 2602 5090 2939 5162; x_wconf 87' lang='lat' dir='ltr'>dignatione</span> <span class='ocrx_word' id='word_1_768' title='bbox 2969 5092 3201 5149; x_wconf 87' lang='lat' dir='ltr'>Domini</span> <span class='ocrx_word' id='word_1_769' title='bbox 3231 5093 3473 5166; x_wconf 83' lang='lat' dir='ltr'>putavit,</span> <span class='ocrx_word' id='word_1_770' title='bbox 3508 5112 3687 5168; x_wconf 81' lang='lat' dir='ltr'>quam</span> <span class='ocrx_word' id='word_1_771' title='bbox 3702 5099 3797 5168; x_wconf 85' lang='lat' dir='ltr'>ju-</span> 
     </span>
    </p>
   </div>
   <div class='ocr_carea' id='block_1_113' title="bbox 2144 5176 3796 5256">
    <p class='ocr_par' dir='ltr' id='par_1_113' title="bbox 2144 5176 3796 5256">
     <span class='ocr_line' id='line_1_113' title="bbox 2144 5176 3796 5256; baseline 0.007 -25"><span class='ocrx_word' id='word_1_772' title='bbox 2144 5176 2295 5232; x_wconf 85' lang='lat' dir='ltr'>vari:</span> <span class='ocrx_word' id='word_1_773' title='bbox 2334 5195 2437 5233; x_wconf 90' lang='lat' dir='ltr'>nec</span> <span class='ocrx_word' id='word_1_774' title='bbox 2469 5194 2639 5250; x_wconf 88' lang='lat' dir='ltr'>posse</span> <span class='ocrx_word' id='word_1_775' title='bbox 2670 5178 2883 5235; x_wconf 87' lang='lat' dir='ltr'>habere</span> <span class='ocrx_word' id='word_1_776' title='bbox 2915 5180 3205 5253; x_wconf 87' lang='lat' dir='ltr'>hospitem</span> <span class='ocrx_word' id='word_1_777' title='bbox 3251 5183 3570 5251; x_wconf 86' lang='lat' dir='ltr'>Christum,</span> <span class='ocrx_word' id='word_1_778' title='bbox 3622 5188 3796 5256; x_wconf 81' lang='lat' dir='ltr'>cujus</span> 
     </span>
    </p>
   </div>
   <div class='ocr_carea' id='block_1_114' title="bbox 2144 5266 3798 5339">
    <p class='ocr_par' dir='ltr' id='par_1_114' title="bbox 2144 5266 3798 5339">
     <span class='ocr_line' id='line_1_114' title="bbox 2144 5266 3798 5339; baseline 0.006 -18"><span class='ocrx_word' id='word_1_779' title='bbox 2144 5266 2250 5322; x_wconf 89' lang='lat' dir='ltr'>etsi</span> <span class='ocrx_word' id='word_1_780' title='bbox 2286 5267 2400 5322; x_wconf 76' lang='lat' dir='ltr'>fide</span> <span class='ocrx_word' id='word_1_781' title='bbox 2432 5267 2730 5339; x_wconf 72' lang='lat' dir='ltr'>praeditus,</span> <span class='ocrx_word' id='word_1_782' title='bbox 2763 5270 3024 5325; x_wconf 89' lang='lat' dir='ltr'>nondum</span> <span class='ocrx_word' id='word_1_783' title='bbox 3049 5275 3246 5328; x_wconf 84' lang='lat' dir='ltr'>tamen</span> <span class='ocrx_word' id='word_1_784' title='bbox 3269 5278 3393 5329; x_wconf 86' lang='lat' dir='ltr'>erat</span> <span class='ocrx_word' id='word_1_785' title='bbox 3412 5274 3798 5331; x_wconf 82' lang='lat' dir='ltr'>sacramentis</span> 
     </span>
    </p>
   </div>
   <div class='ocr_carea' id='block_1_115' title="bbox 2146 5354 3798 5435">
    <p class='ocr_par' dir='ltr' id='par_1_115' title="bbox 2146 5354 3798 5435">
     <span class='ocr_line' id='line_1_115' title="bbox 2146 5354 3798 5435; baseline 0.006 -25"><span class='ocrx_word' id='word_1_786' title='bbox 2146 5354 2427 5411; x_wconf 87' lang='lat' dir='ltr'>imbutus.</span> <span class='ocrx_word' id='word_1_787' title='bbox 2463 5356 2572 5412; x_wconf 90' lang='lat' dir='ltr'>Sed</span> <span class='ocrx_word' id='word_1_788' title='bbox 2591 5373 2956 5430; x_wconf 64' lang='lat' dir='ltr'>quaecunque</span> <span class='ocrx_word' id='word_1_789' title='bbox 2983 5364 3181 5416; x_wconf 88' lang='lat' dir='ltr'>nostra</span> <span class='ocrx_word' id='word_1_790' title='bbox 3199 5361 3511 5418; x_wconf 73' lang='lat' dir='ltr'>infirmitas</span> <span class='ocrx_word' id='word_1_791' title='bbox 3524 5379 3637 5419; x_wconf 88' lang='lat' dir='ltr'>non</span> <span class='ocrx_word' id='word_1_792' title='bbox 3655 5381 3798 5435; x_wconf 64' lang='lat' dir='ltr'>pra:-</span> 
     </span>
    </p>
   </div>
   <div class='ocr_carea' id='block_1_116' title="bbox 2148 5444 3796 5524">
    <p class='ocr_par' dir='ltr' id='par_1_116' title="bbox 2148 5444 3796 5524">
     <span class='ocr_line' id='line_1_116' title="bbox 2148 5444 3796 5524; baseline 0.004 -24"><span class='ocrx_word' id='word_1_793' title='bbox 2148 5445 2351 5509; x_wconf 79' lang='lat' dir='ltr'>suinit,</span> <span class='ocrx_word' id='word_1_794' title='bbox 2386 5444 2581 5501; x_wconf 89' lang='lat' dir='ltr'>divina</span> <span class='ocrx_word' id='word_1_795' title='bbox 2598 5446 2786 5518; x_wconf 83' lang='lat' dir='ltr'>gratia</span> <span class='ocrx_word' id='word_1_796' title='bbox 2800 5448 2937 5503; x_wconf 82' lang='lat' dir='ltr'>dare</span> <span class='ocrx_word' id='word_1_797' title='bbox 2953 5448 3128 5504; x_wconf 91' lang='lat' dir='ltr'>novit.</span> <span class='ocrx_word' id='word_1_798' title='bbox 3145 5450 3210 5503; x_wconf 81' lang='lat' dir='ltr'>Et</span> <span class='ocrx_word' id='word_1_799' title='bbox 3225 5449 3375 5507; x_wconf 86' lang='lat' dir='ltr'>alius</span> <span class='ocrx_word' id='word_1_800' title='bbox 3391 5452 3678 5518; x_wconf 88' lang='lat' dir='ltr'>centurio,</span> <span class='ocrx_word' id='word_1_801' title='bbox 3695 5450 3796 5524; x_wconf 81' lang='lat' dir='ltr'>qui</span> 
     </span>
    </p>
   </div>
   <div class='ocr_carea' id='block_1_117' title="bbox 2141 5534 3799 5613">
    <p class='ocr_par' dir='ltr' id='par_1_117' title="bbox 2141 5534 3799 5613">
     <span class='ocr_line' id='line_1_117' title="bbox 2141 5534 3799 5613; baseline 0.005 -25"><span class='ocrx_word' id='word_1_802' title='bbox 2141 5534 2317 5601; x_wconf 84' lang='lat' dir='ltr'>(sicut</span> <span class='ocrx_word' id='word_1_803' title='bbox 2348 5538 2401 5589; x_wconf 86' lang='lat' dir='ltr'>et</span> <span class='ocrx_word' id='word_1_804' title='bbox 2425 5534 2552 5596; x_wconf 68' lang='lat' dir='ltr'>istc}</span> <span class='ocrx_word' id='word_1_805' title='bbox 2575 5536 2906 5592; x_wconf 82' lang='lat' dir='ltr'>credentem</span> <span class='ocrx_word' id='word_1_806' title='bbox 2939 5555 3007 5592; x_wconf 81' lang='lat' dir='ltr'>ex</span> <span class='ocrx_word' id='word_1_807' title='bbox 3026 5538 3298 5611; x_wconf 83' lang='lat' dir='ltr'>gentibus</span> <span class='ocrx_word' id='word_1_808' title='bbox 3318 5539 3597 5612; x_wconf 82' lang='lat' dir='ltr'>populum</span> <span class='ocrx_word' id='word_1_809' title='bbox 3611 5542 3799 5613; x_wconf 67' lang='lat' dir='ltr'>prtuli-</span> 
     </span>
    </p>
   </div>
   <div class='ocr_carea' id='block_1_118' title="bbox 2144 5626 3793 5702">
    <p class='ocr_par' dir='ltr' id='par_1_118' title="bbox 2144 5626 3793 5702">
     <span class='ocr_line' id='line_1_118' title="bbox 2144 5626 3793 5702; baseline 0.005 -26"><span class='ocrx_word' id='word_1_810' title='bbox 2144 5627 2336 5695; x_wconf 81' lang='lat' dir='ltr'>gnrat,</span> <span class='ocrx_word' id='word_1_811' title='bbox 2362 5640 2585 5695; x_wconf 71' lang='lat' dir='ltr'>magnae</span> <span class='ocrx_word' id='word_1_812' title='bbox 2619 5626 2754 5680; x_wconf 80' lang='lat' dir='ltr'>tidei</span> <span class='ocrx_word' id='word_1_813' title='bbox 2787 5626 3099 5697; x_wconf 73' lang='lat' dir='ltr'>etjustitize</span> <span class='ocrx_word' id='word_1_814' title='bbox 3114 5628 3583 5702; x_wconf 79' lang='lat' dir='ltr'>meritoSpiritus</span> <span class='ocrx_word' id='word_1_815' title='bbox 3600 5632 3793 5691; x_wconf 73' lang='lat' dir='ltr'>sancti</span> 
     </span>
    </p>
   </div>
  </div>
