4028 6176
249 350 359 413 185

1466 345 1820 408 ΗΟΜῙΙᾸΕ
1865 343 1966 405 DE
2011 343 2412 405 TEMI’ORE.

3520 346 3639 410 {88

245 485 476 549 donum,
523 480 863 555 priusquam
897 480 1313 554 baptizaretur,
1360 478 1602 547 accedit.
1653 479 1723 534 Et
1762 476 1874 534 iste
1903 481 1958 547 Α
1989 474 2275 549 magistri.
2315 498 2339 526 ι
2368 476 2443 535 Et
2468 490 2803 541 conversus,
2832 475 3230 550 sequentibus-
3247 494 3313 536 se
3336 479 3527 539 turbis
3549 481 3639 540 di-

243 574 495 629 nondum
526 571 935 643 catechizatur,
967 575 1024 628 et
1054 570 1229 626 {idem
1261 586 1429 626 suam
1462 567 1689 624 laudari
1722 584 1756 622 a
1776 568 1883 623 Do-

242 662 411 728 mino,
433 665 491 716 et
510 659 794 716 famulum
812 659 1022 716 salvari
1043 659 1388 732 promeruit.
1410 659 1489 713 De
1507 674 1623 730 quo
1640 655 1882 729 pulchre

240 768 335 824 per
363 749 697 823 allegoriam
729 749 965 815 dicitur,
1008 746 1108 820 qui
1139 765 1273 803 cum
1312 747 1513 803 Jesum
1546 763 1661 802 non
1710 745 1882 818 longe

240 840 473 896 haberet
499 855 531 893 a
560 838 755 905 domo,
790 842 987 895 tamen
1017 837 1126 892 sub
1156 839 1377 892 tectum
1419 853 1591 892 suum
1636 834 1883 889 invitare

239 946 342 985 non
374 928 652 984 auderet:
706 925 848 998 quia
880 941 1058 999 prope
1074 926 1426 998 amantibus
1464 941 1598 981 eum
1629 922 1883 979 salutare

238 1017 449 1090 ipsius:
478 1021 535 1072 et
563 1017 667 1088 qui
700 1014 955 1071 naturali
1005 1013 1131 1088 lege
1161 1019 1314 1071 recte
1346 1015 1550 1081 utitur,
1583 1030 1698 1086 quo
1731 1013 1884 1069 bona

238 1124 351 1179 quae
371 1106 532 1162 novit
552 1108 849 1177 operatur,
866 1121 933 1160 eo
951 1103 1035 1159 illi
1059 1103 1159 1175 qui
1183 1104 1525 1160 vere‘bonus
1555 1108 1644 1160 est
1672 1119 1882 1175 appro-

235 1196 392 1269 priat.
408 1198 480 1251 At
498 1195 603 1267 qui
628 1212 822 1251 errore
843 1192 1189 1267 gentilitatis
1214 1192 1389 1249 etiam
1414 1192 1661 1248 crimina
1675 1193 1884 1263 junxe-

237 1290 379 1352 runt,
414 1284 508 1341 bis
541 1284 729 1357 aptari
763 1288 1035 1356 possunt,
1079 1282 1297 1355 quibus
1347 1282 1780 1340 conﬂuentibus
1811 1282 1882 1336 ad
1918 1344 1929 1355 ο

236 1393 291 1431 se
317 1375 531 1441 turbis,
565 1375 704 1431 alibi
737 1374 1023 1430 Dominus
1055 1373 1173 1429 ait:
1201 1396 1228 1424 (ι
1253 1372 1498 1439 Quidam
1518 1372 1675 1429 enim
1698 1389 1766 1428 ex
1799 1372 1883 1427 eis

234 1465 298 1520 de
326 1463 496 1538 longe
530 1468 816 1520 venerunt
846 1463 1031 1535 (Marc.
1056 1463 1155 1535 1x).
1184 1485 1211 1512 ››
1237 1495 1301 1504 -
1328 1487 1355 1513 ‹‹
1384 1463 1625 1535 Propter
1645 1462 1798 1535 quod
1830 1466 1887 1517 et

235 1576 262 1603 κ
289 1552 582 1624 meipsum
616 1569 732 1608 non
764 1568 898 1607 sum
920 1552 1168 1625 dignum
1191 1551 1605 1617 arbitratus,ut
1623 1550 1884 1606 venirem

237 1664 257 1691 α
291 1642 357 1699 ad
387 1646 467 1697 te.
489 1664 525 1692 »
548 1642 625 1703 Et
641 1640 869 1714 nos-qui
891 1642 964 1698 de
983 1640 1261 1714 gentibus
1292 1640 1609 1707 credimus,
1631 1656 1747 1696 non
1770 1639 1883 1711 ipsi

233 1731 296 1787 ad
330 1730 650 1786 Dominum
666 1730 880 1813 \venire
899 1747 1242 1803 possumus,
1260 1746 1431 1802 quem
1455 1746 1611 1785 nunc
1633 1730 1692 1784 in
1714 1746 1887 1785 carne

1990 588 2020 616 ‹‹
2052 566 2137 621 xit
2167 583 2179 621 :
2213 568 2395 622 Amen
2428 564 2558 622 dico
2587 566 2773 635 vobis,
2794 583 2899 622 nec
2922 566 2981 622 in
3015 566 3188 624 Israel
3218 572 3441 625 tantam
3463 572 3638 630 (idem

1993 677 2022 707 «
2054 655 2270 712 inveni.
2296 678 2323 704 ››
2345 656 2471 711 Non
2494 657 2563 711 de
2586 657 2861 712 omnibus
2884 660 3037 713 retro
3058 657 3406 730 patriarchis
3431 663 3491 715 et
3509 676 3639 732 pro-

1990 743 2206 817 phetis,
2239 745 2341 801 sed
2372 745 2441 800 de
2472 743 2779 816 praesentis
2824 745 2927 800 aevi
2974 744 3235 818 loquitur
3277 746 3639 817 hominibus,

1992 835 2211 907 quibus
2262 834 2390 889 ideo
2437 833 2799 889 centurionis
2840 834 2985 891 ﬁdes
3016 837 3355 903 antefertur,
3390 838 3529 910 quia
3554 838 3639 895 illi

1989 922 2137 997 legis
2188 922 2725 995 prophetarumque
2774 924 3014 980 monitis
3063 925 3270 993 edocti,
3303 925 3399 983 hic
3445 932 3639 985 autem

1991 1010 2227 1067 nemine
2258 1011 2500 1067 docente
2531 1015 2739 1084 sponte
2768 1011 3033 1067 credidit.

2064 1122 2091 1151 (ί
2115 1101 2185 1156 Et
2206 1100 2421 1156 reversi
2444 1101 2543 1172 qui
2566 1099 2734 1156 missi
2757 1100 2989 1156 fuerant
3011 1102 3274 1171 domum,
3298 1104 3643 1161 invenerunt

1993 1213 2021 1242 ‹‹
2054 1207 2288 1247 servum
2346 1190 2444 1262 qui
2495 1189 2802 1264 languerat
2849 1208 3082 1248 sanum.
3120 1215 3147 1241 ››
3181 1194 3468 1250 Probatur
3496 1196 3641 1252 ﬁdes

1992 1279 2245 1347 Domini,
2265 1284 2324 1335 et
2353 1279 2505 1336 servi
2536 1280 2761 1335 sanitas
2790 1280 3118 1336 roboratur.
3138 1271 3332 1339 Potest
3362 1301 3497 1357 ergo
3521 1303 3640 1341 me-

1992 1370 2173 1425 ritum
2205 1368 2434 1424 Domini
2463 1370 2640 1424 etiam
2674 1368 2911 1425 famulis
2935 1370 3264 1444 suffragari,
3298 1389 3412 1428 non
3446 1372 3640 1429 solum

1994 1457 2127 1515 ﬁdei
2162 1457 2388 1526 merito,
2423 1458 2522 1513 sed
2568 1458 2742 1514 etiam
2790 1458 2983 1514 studio
3023 1460 3374 1534 disciplinae.
3409 1449 3643 1521 Plenius

1994 1565 2135 1604 sane
2166 1546 2287 1601 Ι]ωο
2318 1545 2569 1620 explicat
2601 1546 2929 1618 Matthaaus,
2959 1550 3113 1620 quod
3146 1550 3374 1607 dicente
3395 1552 3642 1609 Domino

1992 1637 2322 1694 centurioni
2347 1653 2360 1693 :
2386 1659 2414 1687 α
2448 1636 2625 1703 Vade,
2651 1640 2709 1693 et
2735 1636 2890 1701 sicut
2915 1637 3212 1694 credidisti
3244 1640 3345 1696 ﬁat
3374 1641 3481 1699 tibi
3509 1660 3521 1711 ;
3547 1659 3644 1698 sa-

1994 1732 2170 1783 natus
2200 1730 2291 1782 est
2320 1741 2466 1798 puer
2491 1741 2557 1781 ex
2576 1724 2679 1781 illa
2703 1724 2865 1781 hora.
2891 1745 2922 1778 ι
2943 1727 3051 1782 Sed
3079 1727 3247 1783 beato
3274 1729 3441 1785 Lucas
3462 1731 3643 1787 moris

229 1819 407 1876 videre
421 1836 804 1893 nequaquam
817 1819 1215 1876 valemus-Sed
1233 1818 1886 1892 quicunquepassiones
1920 1862 1965 1926 Β
1997 1822 2247 1887 estquae
2278 1814 2447 1888 plene
2469 1814 2678 1870 viderit
2707 1814 2780 1870 ab
2812 1814 2942 1871 aliis
2972 1815 3359 1889 Evangelistis
3387 1820 3646 1891 exposita

341 1914 351 1926 ι
613 1908 646 1926 οι
705 1910 739 1926 ι·
1000 1908 1010 1920 ·
1248 1909 1263 1926 1
1391 1908 1468 1926 '1,
1530 1913 1636 1926 4-_-
1681 1907 1691 1918 θ
1771 1908 1861 1926 γιμη
1998 1904 2250 1926 l___-_-!-__-
2320 1902 2404 1926 ---ἱ
2462 1904 2629 1926 -L!-.--
2697 1905 2757 1926 Δ-
2808 1903 3091 1926 2...]-_._L_:-
3144 1907 3368 1926 _--__n_.!
3416 1925 3429 1926 γ
3473 1925 3478 1926 ,

236 1914 437 1966 nostrae
469 1908 775 1966 servitutis
807 1908 1173 1983 agnovimus,
1194 1909 1267 1964 ad
1290 1908 1647 1965 residentem
1678 1907 1737 1963 in
1760 1908 1891 1964 dex-

235 2002 347 2055 tera
376 1997 575 2055 Patris
598 2000 725 2071 jam
758 2015 860 2070 per
902 1999 1081 2054 fidem
1125 1998 1397 2054 accedere
1423 1997 1722 2054 debemus.
1755 1997 1887 2054 Jam

231 2088 483 2144 seniores
515 2088 858 2144 Judaorum
882 2087 1136 2155 mittere,
1157 2086 1265 2143 hoc
1286 2090 1393 2153 est,
1415 2104 1681 2143 summos
1703 2086 1890 2142 Eccle-

228 2177 320 2233 siae
337 2177 525 2243 viros,
546 2178 645 2250 qui
663 2194 771 2233 nos
788 2177 859 2233 ad
880 2177 1063 2233 Deum
1084 2179 1529 2249 praecesserunt,
1545 2175 1889 2248 suppliciter

228 2266 594 2323 obsecrando
628 2272 907 2338 patronos
939 2266 1260 2338 acquirere,
1296 2265 1396 2338 qui
1429 2265 1597 2321 nobis
1628 2264 1889 2320 testimo-

229 2353 379 2409 nium
405 2353 747 2424 reddentes,
766 2354 921 2425 quod
944 2353 1263 2424 diligamus
1284 2352 1686 2419 Ecclesiam,et
1707 2369 1888 2425 quan-

227 2447 342 2498 tum
376 2442 437 2497 in
470 2441 656 2499 nobis
678 2447 766 2498 est
787 2442 1076 2499 aedificare
1102 2459 1397 2508 curemus,
1414 2460 1517 2514 pro
1540 2443 1709 2499 nobis
1731 2443 1886 2515 apud

231 2530 553 2586 Dominum
588 2534 1051 2604 nostrorumque
1081 2530 1332 2602 peccatis
1363 2530 1744 2588 intercedant.

290 2641 314 2669 ‹‹
347 2620 459 2676 Sed
494 2618 598 2674 dic
630 2619 824 2686 verbo,
849 2623 904 2674 et
931 2619 1240 2674 sanabitur
1260 2636 1404 2691 puer
1425 2636 1612 2675 meus.
1633 2643 1660 2670 »
1678 2620 1891 2693 Magna

229 2708 361 2762 ﬁdes
391 2707 788 2775 centurionis,
815 2724 932 2780 qua
955 2706 1149 2763 verbis
1180 2724 1327 2780 opus
1361 2707 1420 2763 in
1455 2707 1684 2764 Christo
1716 2710 1892 2765 conﬁ-

231 2799 398 2863 tetur,
432 2802 491 2852 et
530 2801 745 2852 nostras
776 2796 1099 2853 sanationis
1137 2798 1542 2853 accommodat
1572 2798 1886 2870 mysteriis.

232 2887 330 2953 Qui
361 2891 417 2942 et
449 2887 501 2942 si
543 2902 893 2942 noveramus
924 2886 1250 2942 secundum
1285 2903 1519 2943 carnem
1569 2887 1887 2953 Christum,

237 2975 327 3031 sed
352 2976 482 3048 jam
517 2993 643 3031 non
676 2975 964 3031 novimus.

299 3087 318 3111 ι
348 3065 509 3125 Nam,
539 3069 597 3119 et
627 3081 732 3137 ego
765 3064 942 3120 homo
974 3081 1106 3120 sum
1139 3065 1250 3120 sub
1278 3067 1568 3137 potestate
1597 3063 1888 3122 constitu-

233 3176 258 3201 ‹‹
286 3156 397 3221 tus,
422 3153 663 3213 habens
693 3153 803 3209 sub
832 3170 925 3209 me
957 3152 1194 3210 milites.
1220 3176 1248 3203 ››
1278 3152 1583 3209 Hominem
1616 3171 1678 3210 se
1707 3157 1764 3211 et
1794 3172 1890 3227 po-

1998 1904 2276 1973 breviare,
2320 1902 2407 1960 vel
2458 1904 2635 1960 etiam
2691 1905 2765 1959 de
2808 1903 3101 1960 industria
3144 1907 3436 1979 praeterire
3471 1925 3482 1964 ε
3519 1927 3644 1983 quae

1995 2010 2130 2050 vero
2161 1995 2234 2049 ab
2264 1994 2350 2049 eis
2401 1993 2717 2049 commissa
2766 1993 3016 2050 breviter
3043 1994 3394 2067 cognoverit,
3429 2000 3645 2054 attactu

1998 2080 2636 2139 dilucidare'solert‘ius.
2653 2081 2894 2154 Mystice
2915 2080 2932 2149 (
2938 2086 3002 2136 ut
3017 2081 3156 2155 dixi)
3177 2082 3460 2155 centurio,
3477 2085 3647 2157 cujus

1997 2172 2144 2227 fides
2169 2170 2371 2226 lsraeli
2402 2172 2727 2242 praefertur,
2743 2169 2959 2226 electos
2984 2169 3262 2225 nimirum
3285 2187 3353 2231 ex
3372 2172 3648 2243 gentibus

1996 2259 2385 2333 ostendit,qui
2410 2259 2576 2332 quasi
2607 2259 2867 2315 centurio
2897 2258 3109 2315 militia
3137 2260 3336 2332 stipati
3366 2262 3646 2318 virtutum

1996 2350 2390 2424 spiritualium
2411 2354 2569 2415 sunt,
2586 2348 2685 2404 sed
2706 2348 3056 2421 perfectione
3078 2348 3365 2407 sublimes
3386 2350 3648 2424 nihilque

1996 2457 2035 2496 a
2061 2438 2304 2496 Domino
2334 2443 2652 2507 terrenum,
2673 2438 2771 2494 sed
2796 2436 2923 2493 sola
2943 2442 3067 2493 inter
3085 2455 3170 2493 nae
3202 2438 3417 2496 salutis
3431 2441 3650 2512 gaudia

1994 2528 2110 2585 sibi
2138 2528 2379 2601 suisque
2408 2527 3042 2600 requirunt.Numerus
3072 2528 3229 2584 enim
3256 2532 3647 2602 centenarias,

1973 2618 2099 2692 ,qui
2150 2619 2221 2675 de
2268 2618 2407 2673 laeva
2456 2617 2804 2673 transfertur
2851 2618 2921 2672 ad
2956 2619 3271 2685 dexteram,
3306 2619 3367 2673 in
3396 2619 3648 2679 caelestis

1995 2708 2124 2765 vitae
2174 2706 2602 2780 signiﬁcatione
2648 2705 2785 2777 poni
2830 2706 3147 2762 consuevit.
3184 2707 3349 2763 Unde
3376 2712 3467 2764 est
3493 2710 3645 2782 quod

1998 2814 2133 2852 arca
2162 2797 2280 2852 Noe
2304 2799 2540 2852 centum
2571 2795 2742 2850 annis
2771 2794 3108 2850 fabricatur.
3135 2795 3429 2851 Abraham
3455 2802 3648 2853 centeo

1999 2886 2200 2941 uarius
2230 2884 2419 2941 ﬁlium
2451 2884 2861 2957 promissionis
2891 2883 3117 2957 accepit
3150 2901 3162 2939 :
3198 2884 3344 2942 sevit
3375 2887 3556 2953 Isaac,
3589 2891 3648 2943 et

1998 2974 2217 3030 invenit
2245 2973 2305 3028 in
2339 2974 2466 3045 ipso
2498 2991 2651 3030 anno
2674 2973 3011 3046 centuplum
3038 2973 3190 3043 (Gen.
3214 2992 3369 3044 xxvr)
3392 2993 3405 3030 :
3430 2975 3646 3031 atrium

1996 3062 2359 3119 tabernaculi
2381 3067 2617 3120 centum
2632 3063 2863 3119 cubitus
2878 3063 3227 3136 longumest
3249 3064 3441 3136 (Exod.
3454 3065 3645 3137 xxv").

2000 3151 2402 3208 Misericordia
2439 3156 2498 3206 et
2517 3150 2812 3223 judicium
2844 3155 3112 3207 cantatur
3143 3152 3312 3223 (Paul.
3345 3154 3423 3220 c),
3453 3156 3512 3207 et
3541 3169 3647 3209 cai-

232 3242 439 3310 testati,
472 3240 575 3298 vel
621 3241 863 3308 tribuni,
912 3242 1001 3298 vel
1052 3241 1317 3316 praesidis
1368 3243 1673 3300 subditum
1727 3243 1889 3310 dicit,
1921 3229 1964 3296 G
2005 3246 2128 3297 tera
2157 3238 2520 3312 hujusmodi.
2554 3238 2708 3294 Talis
2738 3255 2874 3312 ergo
2904 3237 3096 3294 meriti
3128 3238 3256 3306 viri,
3289 3255 3393 3311 pro
3426 3239 3518 3295 his
3548 3257 3648 3296 ne-

232 3328 518 3404 imperare
556 3335 752 3387 tamen
786 3348 959 3403 posse
1000 3331 1325 3388 minoribus
1362 3350 1373 3388 :
1412 3338 1474 3388 ut
1505 3332 1895 3390 subaudiatur

231 3437 355 3476 cum
378 3422 580 3477 multo
609 3420 938 3493 magis,qui
972 3422 1126 3477 Deus
1157 3424 1255 3487 sit,
1288 3430 1345 3478 et
1375 3439 1552 3494 super
1581 3422 1778 3480 omnia
1799 3440 1894 3495 po-

230 3511 371 3577 tens,
386 3509 775 3566 innumeram
796 3508 1028 3565 virtutis
1053 3509 1347 3583 angelicae,
1364 3528 1489 3582 quas
1512 3511 1583 3565 ad
1609 3510 1895 3583 imperata

232 3597 613 3670 obtemperet,
630 3598 847 3654 habere
879 3597 1176 3654 militiam.
1198 3622 1225 3649 ‹‹
1264 3599 1329 3653 Et
1357 3598 1484 3655 dico
1516 3599 1656 3654 huic
1679 3616 1691 3654 :
1713 3600 1889 3667 Vade,

239 3706 263 3731 α
295 3689 349 3739 et
376 3685 590 3752 vadit;
625 3689 687 3741 et
712 3683 808 3739 alii
845 3702 857 3740 :
891 3684 1058 3753 Veni,
1092 3689 1149 3742 et
1184 3685 1379 3754 venit;
1429 3692 1487 3742 et
1517 3703 1680 3744 servo
1712 3704 1840 3744 meo
1875 3705 1889 3744 :

238 3795 261 3822 «
292 3773 401 3829 Fac
433 3773 575 3840 hoc,
596 3776 651 3829 et
684 3774 841 3829 facit.
864 3797 892 3823 »
914 3773 1053 3830 Vult
1075 3775 1380 3835 ostendere
1413 3775 1728 3832 Dominum
1756 3794 1888 3849 quo-

238 3878 341 3933 que
370 3880 489 3919 non
526 3878 636 3935 per
661 3863 977 3918 adventum
998 3867 1231 3919 tantum
1254 3864 1644 3936 corporis,sed
1675 3880 1777 3937 per
1797 3884 1895 3922 au-

238 3951 494 4024 gelorum
515 3950 853 4006 ministeria
866 3968 1040 4025 posse
1055 3951 1299 4024 implere
1317 3953 1470 4025 quod
1486 3952 1676 4010 vellet.
1693 3954 1893 4026 Repel-

239 4038 411 4097 leuda:
440 4042 609 4097 enim
641 4045 783 4095 sunt
811 4041 898 4096 vel
928 4040 1304 4098 inﬁrmitates
1335 4058 1647 4113 corporum
1670 4042 1756 4099 vel
1783 4044 1895 4100 for-

236 4129 516 4187 titudines
552 4129 878 4201 contrariae,
913 4130 1131 4202 quibus
1186 4131 1259 4186 ad
1309 4130 1670 4188 debilitatem
1716 4132 1891 4189 homo

239 4235 379 4291 saepe
408 4218 851 4286 coneeditur,et
867 4220 1044 4275 verbo
1072 4220 1306 4291 Domini
1337 4224 1393 4275 et
1422 4220 1765 4278 ministeriis
1795 4240 1893 4278 an-

238 4306 516 4380 gelorum.
537 4305 741 4376 Aliter,
761 4308 980 4365 milites
1006 4311 1064 4365 et
1092 4309 1261 4379 servi,
1283 4309 1383 4383 qui
1416 4310 1742 4367 centurioni
1762 4311 1892 4367 obe~

238 4396 681 4465 diunavirtutes
695 4400 834 4452 sunt
850 4398 1427 4471 naturales,quarum
1445 4416 1562 4455 non
1572 4399 1889 4456 minimam

238 4487 454 4557 copiam
486 4485 664 4543 multi
698 4486 771 4541 ad
802 4485 1119 4544 Dominum
1167 4488 1463 4544 venientes
1507 4505 1705 4547 secum
1732 4490 1890 4545 defe-

238 4582 382 4643 mat,
414 4576 489 4632 de
525 4574 749 4667 quibus
781 4575 844 4667 in
870 4576 1122 4667 cornelii
1153 4576 1514 4634 centurionis
1540 4577 1713 4633 laude
1745 4578 1889 4634 dici-
1920 4603 1966 4667 Β

238 4668 364 4720 tur:
397 4688 425 4715 α
460 4665 621 4732 Quis.
643 4670 768 4720 erat
794 4664 1128 4737 virjustus,
1157 4671 1213 4722 et
1255 4667 1471 4722 timens
1520 4667 1706 4722 Deum
1753 4684 1888 4724 cum

236 4754 387 4810 omni
410 4755 590 4811 demo
614 4770 745 4824 sua,
762 4754 982 4811 faciens
1007 4754 1664 4829 eleemosynas‘plebipt
1684 4757 1889 4830 depre-

240 4858 370 4900 cans
398 4844 590 4900 Deum
623 4850 860 4917 semper
884 4847 906 4915 (
930 4851 1035 4900 iet.
1068 4849 1146 4913 x).
1178 4865 1206 4894 ››
1796 4832 1799 4835 ’

304 4956 331 4981 ‹‹
363 4935 492 5000 Quo
525 4931 750 5000 audito,
780 4932 954 4990 Jesus
1002 4933 1251 4989 miratus
1298 4938 1407 4990 est.
1441 4958 1462 4988 ι
1500 4936 1748 4992 Miratus
1802 4940 1892 4993 est

241 5021 1481 5097 quodviditcenturionemsuamintelligere
1494 5026 1886 5097 majestatem.

241 5107 345 5166 Sed
376 5110 515 5184 quis
544 5111 609 5165 in
638 5110 740 5167 illo
773 5112 985 5168 fecerat
1014 5111 1211 5185 ipsam»
1234 5113 1409 5167 ﬁdem
1438 5112 1528 5169 vel
1559 5114 1889 5189 intelligen-

242 5198 395 5267 tiam,
421 5200 539 5256 nisi
568 5201 697 5273 ipse
728 5201 983 5274 quieam
1014 5201 1356 5258 mirabatur.
1382 5202 1545 5268 Quod
1578 5203 1706 5258 et'si
1732 5203 1884 5260 alius

241 5300 359 5343 eam
389 5288 648 5357 fecisset,
673 5290 817 5362 quid
838 5290 1150 5345 miraretur
1169 5290 1270 5362 qui
1288 5290 1569 5362 praescius
1586 5296 1709 5347 erat
1724 5293 1751 5346 ?
1771 5292 1882 5348 No-

239 5376 477 5441 tandum
509 5395 669 5451 ergo,
715 5378 863 5450 quia
900 5380 1053 5452 quod
1097 5378 1348 5435 miratur
1375 5379 1678 5448 Dominus,
1712 5381 1881 5438 nobis

240 5463 564 5523 mirandum
615 5484 746 5523 esse
790 5467 1100 5540 signiﬁcat,
1132 5468 1350 5540 quibus
1393 5469 1583 5525 adhuc
1614 5486 1763 5541 opus
1793 5476 1883 5527 est

238 5551 314 5609 ές
335 5556 579 5613 moneri.
594 5556 814 5613 Omnes
833 5557 991 5614 enim
1010 5558 1158 5614 tales
1177 5562 1376 5615 motus
1395 5576 1530 5615 cum
1562 5559 1633 5615 de
1653 5559 1770 5616 Deo
1792 5560 1881 5616 di~

240 5646 594 5712 σηπίαι-,Ποῦ
604 5645 1130 5720 perturbatianimi
1144 5648 1315 5720 signa
1328 5652 1487 5716 sunt,
1503 5649 1605 5705 sed
1617 5648 1879 5707 docentis

2002 3346 2165 3386 cesse
2208 3333 2297 3385 est
2345 3327 2603 3384 Domino-
2639 3326 2989 3400 supplicent,
3022 3326 3162 3399 quia
3205 3327 3397 3387 adhuc
3442 3327 3647 3401 spiritu

2002 3418 2299 3475 servitutis
2320 3417 2379 3473 in
2402 3417 2614 3473 timore
2632 3419 3001 3489 premuntur,
3025 3420 3319 3488 quatenus
3343 3415 3428 3473 eis
3447 3417 3649 3489 paula-

2000 3508 2105 3563 tim
2140 3509 2211 3564 ad
2248 3505 2921 3578 sublimiora-provectis,
2955 3504 3208 3578 perfecta
3232 3504 3467 3573 dilectio
3497 3506 3651 3562 foras

2002 3597 2183 3653 mittit
2210 3596 2503 3652 timorem.

2556 3684 2859 3739 HOMlLIA
2899 3683 3088 3739 XXVI.

2386 3791 2552 3830 FERIA
2591 3790 2763 3830 SEXTA
2804 3790 2944 3829 POST
2983 3790 3264 3830 CINERUM.

2072 3864 2318 3933 (Manu.
2342 3866 2424 3933 v.)
2442 3886 2468 3913 «
2497 3864 2560 3918 In
2585 3861 2682 3919 illo
2705 3866 2969 3935 tempore
2987 3861 3132 3919 dixit
3150 3862 3324 3919 Jesus
3345 3862 3651 3938 discipulis

2002 3976 2030 4005 «
2065 3953 2188 4009 suis
2223 3970 2235 4008 :
2267 3951 2529 4009 Audistis
2559 3950 2699 4025 quia
2727 3949 2949 4008 dictum
2983 3955 3071 4008 est
3101 3951 3359 4024 antiquis
3393 3969 3406 4007 :
3440 3952 3651 4027 Diliges

2004 4063 2032 4094 ‹‹
2050 4042 2383 4115 proximum
2400 4045 2653 4109 tuum,et
2672 4039 2804 4097 odio
2822 4040 3065 4097 habebis
3082 4040 3389 4097 inimicum
3412 4045 3603 4110 tuum,
3621 4066 3649 4093 ››

2000 4136 2057 4188 et
2073 4130 2318 4204 reliqua.
2335 4131 2546 4186 Putant
2561 4130 2802 4202 quidam
2820 4133 3108 4202 praecepta
3127 4129 3268 4185 Novi
3292 4130 3651 4189 Testamenti

2000 4218 2391 4293 impossibilia
2422 4235 2570 4285 esse,
2591 4222 2647 4273 et
2674 4217 2879 4274 dicunt
2908 4218 3176 4291 graviora
3206 4234 3333 4275 esse
3363 4224 3649 4292 pracepta

2000 4308 2141 4373 Novi
2170 4306 2528 4364 Testamenti
2560 4323 2738 4377 quam
2767 4305 3011 4363 Veteris.
3044 4306 3265 4370 Quibus
3287 4309 3648 4379 responden-

1999 4400 2141 4455 dum
2165 4401 2254 4453 est
2275 4398 2560 4470 praecepta
2580 4393 2996 4466 omnipotentis
3015 4394 3116 4450 Dei
3139 4412 3253 4450 non
3276 4412 3403 4452 esse
3424 4396 3647 4470 impos-

1999 4487 2212 4555 sibilia,
2248 4486 2349 4542 sed
2380 4484 2574 4558 potius
2608 4475 2894 4556 perfecta;
2927 4484 2977 4539 si
3009 4483 3166 4539 enim
3197 4496 3343 4556 pene
3374 4484 3648 4558 impossi-

1999 4576 2145 4634 bilia
2170 4579 2390 4643 essent,
2410 4589 2787 4646 nequaquam
2807 4573 2881 4628 ab
2902 4572 3097 4646 aliquo
3118 4577 3322 4630 sancto
3353 4575 3643 4633 observari

1999 4666 2348 4741 potuissent.
2384 4664 2501 4719 Sed
2525 4679 2669 4718 cum
2693 4678 2759 4719 ea
2802 4667 3101 4734 utcunque
3132 4667 3369 4719 sanctos
3397 4663 3649 4737 legimus

1999 4757 2360 4821 observasse,
2378 4752 2559 4809 claret
2575 4769 2641 4808 ea
2672 4751 3064 4824 impossibilia
3092 4769 3207 4809 non
3239 4755 3495 4821 esse,sed
3520 4771 3648 4825 per-

1999 4847 2166 4903 facta.
2199 4845 2348 4900 Nam
2380 4843 2490 4898 hoc
2520 4846 2873 4915 praeceptum
2924 4840 3155 4897 Domini
3202 4841 3263 4897 in
3309 4858 3424 4915 quo
3456 4842 3598 4899 dicit
3630 4861 3643 4899 :

2000 4959 2028 4987 ‹‹
2062 4934 2297 5007 Diligite
2327 4932 2603 4987 inimicos
2624 4936 2868 4998 vestros,
2903 4930 3223 4987 benefacite
3254 4930 3355 4986 his
3379 4930 3480 5004 qui
3509 4933 3647 4988 ode-

1999 5030 2137 5105 runt
2166 5040 2267 5080 vos
2297 5022 2446 5095 (Luc.
2466 5024 2562 5088 v1),
2585 5042 2611 5070 »
2645 5024 2703 5075 et
2731 5042 2762 5078 τι
2793 5020 2962 5075 beato
2990 5020 3301 5093 Stephano,
3323 5026 3381 5077 et
3410 5038 3443 5077 a
3465 5022 3644 5078 David

1996 5113 2305 5187 impletum
2337 5110 2521 5166 fuisse
2548 5107 3169 5181 legimus.Stephanus
3197 5110 3353 5166 enim
3385 5127 3488 5183 pro
3520 5111 3645 5167 suis

1994 5200 2466 5277 persecutoribus
2487 5194 2742 5253 exoravit
2763 5196 2895 5270 (Act.
2918 5198 3051 5270 vn);
3074 5199 3253 5256 David
3277 5203 3472 5257 autem
3495 5216 3647 5256 ιῃοιι

1992 5296 2125 5348 tem.
2142 5288 2403 5347 atrocissi
2415 5286 2494 5342 mi
2526 5285 2760 5341 inimici
2780 5285 2871 5340 sui
2894 5286 3088 5342 Saulis
3115 5287 3347 5345 deﬂevit
3364 5290 3411 5358 (Ι
3428 5289 3553 5360 Reg.
3579 5292 3639 5357 ι).

1990 5382 2099 5437 Sed
2132 5377 2511 5451 quaerendum
2559 5378 2648 5430 est
2688 5376 2984 5446 quomodo
3016 5375 3320 5433 conveniat
3348 5376 3458 5433 hoc
3485 5378 3642 5450 quod

1992 5469 2276 5527 Dominus
2306 5465 2366 5539 in
2394 5463 2586 5520 Veteri
2631 5464 3006 5520 Testamento
3038 5465 3330 5539 praecipit:
3360 5489 3388 5516 «
3410 5466 3642 5540 Diligite

1991 5558 2234 5623 amicos,
2268 5560 2323 5611 et
2371 5552 2525 5609 odite
2574 5552 2848 5610 inimicos
2891 5558 3115 5610 vestros
3143 5556 3287 5624 (Leu.
3318 5559 3455 5626 xm).
3492 5578 3519 5607 ››
3551 5557 3637 5612 Ad

1989 5648 2145 5722 quod
2166 5644 2481 5703 dicendum
2504 5646 2612 5709 est,
2627 5643 3178 5719 quodzomnipotens
3191 5644 3344 5701 Deus
3360 5644 3420 5701 in
3442 5644 3637 5703 inimi-
