4028 6176
365 312 478 377 187

923 311 1332 377 HAYMONIS
1378 312 1922 376 HALBEIISTAT.
1971 314 2217 378 EPISC.
2264 317 2434 378 OPP.
2480 318 2683 381 PARS
2727 316 2905 381 ΙῙ.--
2934 318 3207 383 HOMIL.

3657 318 3775 383 188

358 447 443 505 eis
474 446 690 504 nostris
722 446 995 519 praecepit
1024 462 1139 503 non
1188 446 1298 502 hoc
1341 446 1501 503 odire
1551 447 1705 519 quod
1738 446 2008 503 homines
2036 451 2091 518 Α
2122 454 2186 505 ut
2215 450 2494 518 nascitur,
2527 452 2588 507 in
2619 452 2825 508 eodem
2855 452 3123 509 videlicet
3154 451 3270 508 ritu
3300 455 3358 508 et
3387 452 3773 524 professione,

359 543 516 601 sunt,
552 536 653 591 sed
684 536 838 606 quod
873 534 1011 591 mali
1044 540 1200 592 sunt.
1220 536 1364 590 Nam
1395 536 1467 591 de
1489 536 1604 591 Deo
1628 534 1889 607 loquitur
1910 536 2012 592 Sa-

358 625 617 697 pientia:
648 647 675 673 «
698 623 855 679 Nihil
876 625 1051 679 odisti
1074 640 1275 679 eorum
1304 641 1430 696 qua:
1462 624 1648 679 fecisti
1683 627 1831 695 (Sep.
1855 636 1955 697 x1).
1985 646 2013 673 ››

358 712 418 769 Si
451 712 606 770 enim
640 712 785 768 nihil
818 713 939 769 odit
969 730 1174 768 eorum
1206 730 1334 784 qua:
1368 712 1517 779 fecit,
1544 714 1838 784 quomodo
1865 712 2015 768 dici-

358 807 454 858 tur
478 818 581 873 per
604 802 986 858 Malachiam:
1022 826 1042 851 σι
1067 802 1249 857 Jacob
1272 801 1464 867 dilexi,
1486 802 1633 857 Esau
1659 807 1853 857 autem
1881 801 2013 857 odio

357 891 536 946 habui
570 892 725 963 (Mal.
760 891 851 959 1)?
885 914 910 939 ››
945 892 1052 946 Sed
1089 890 1368 945 Dominus
1410 890 1590 945 odivit
1621 898 1921 962 peccatum
1954 890 2013 945 in

354 980 529 1048 Esau,
565 997 681 1035 non
737 986 931 1049 tamen
979 979 1161 1035 odivit
1207 980 1528 1035 humanam
1562 986 1855 1035 naturam.
1888 980 2013 1036 Non

356 1069 509 1124 enim
544 1069 668 1124 odit
698 1069 848 1124 Deus
880 1069 1176 1124 hominem
1210 1069 1364 1140 quod
1411 1068 1587 1124 homo
1617 1078 1723 1137 est,
1759 1070 1860 1125 sed
1892 1069 2015 1124 odit

356 1175 489 1213 eum
522 1158 581 1212 in
615 1157 722 1213 hoc
756 1159 907 1229 quod
941 1163 1208 1229 peccator
1238 1165 1345 1213 est.
1369 1182 1394 1207 α
1425 1160 1493 1213 Et
1514 1164 1672 1213 orate
1700 1177 1804 1230 pro
1826 1176 2015 1229 perse_

355 1273 381 1297 (ι
419 1247 735 1319 quentibus
766 1253 821 1302 ct
869 1246 1365 1301 calumniantibus
1400 1264 1520 1302 vos.
1559 1270 1586 1296 ››
1614 1247 1889 1319 Persequi
1921 1264 2015 1317 est

352 1337 469 1392 vim
502 1335 714 1390 inferre
747 1353 759 1390 :
798 1334 1168 1400 calumniari,
1200 1335 1567 1393 occasionem
1601 1337 1847 1392 nocendi
1879 1354 2013 1409 per-

353 1424 603 1497 quirere.
627 1425 733 1480 Sed
770 1426 1151 1495 qumrendum
1183 1430 1293 1490 est,
1315 1442 1449 1480 cum
1484 1426 1769 1481 Dominus
1803 1425 2012 1498 praeci-

350 1512 473 1585 piat
501 1530 665 1568 orare
715 1530 814 1583 pro
863 1514 1353 1585 persequentibus
1402 1517 1459 1568 et
1507 1514 2011 1571 calumniantibus

352 1601 541 1671 nobis,
575 1603 715 1673 quid
762 1602 859 1667 sit,
916 1603 1068 1674 quod
1125 1601 1184 1656 in
1215 1602 1383 1674 libris
1417 1602 1836 1675 prophetarum
1867 1610 1922 1660 et
1951 1603 2011 1660 in

349 1690 659 1763 Evangelio
674 1691 941 1762 quazdam
958 1692 1035 1745 im
1044 1690 1404 1763 precationes
1418 1692 1791 1747 inveniantur
1805 1698 2011 1748 contra

274 1784 279 1785 “
349 1784 774 1854 persecutores,
795 1797 921 1851 qua:
954 1779 1396 1836 maledictiones
1424 1786 1726 1853 putantur,
1742 1782 1897 1838 sicut
1917 1786 2009 1838 est

348 1870 495 1925 illud
520 1887 533 1924 :
558 1894 586 1919 «
614 1869 740 1925 Fiat
764 1886 971 1924 mensa
993 1886 1195 1924 eorum
1228 1886 1420 1926 coram
1458 1870 1602 1942 ipsis
1633 1870 1693 1925 in
1725 1870 2004 1942 laqueum

350 1960 524 2032 (l’sal.
559 1959 770 2030 vani).
798 1980 827 2007 »
859 1959 928 2013 Et
949 1958 1162 2014 Paulus
1184 1958 1506 2031 apostolus,
1530 1976 1665 2015 cum
1686 1977 2005 2032 percussus

350 2053 505 2105 esset
536 2066 569 2103 a
605 2046 876 2103 ministro
906 2048 1248 2115 sacerdotis,
1277 2049 1578 2121 respondit
1608 2066 1621 2104 :
1661 2070 1688 2101 α
1719 2048 2008 2106 Percutiet

349 2143 404 2193 te
437 2142 608 2201 Deus,
640 2136 833 2209 paries
863 2136 1128 2193 dealbate
1174 2138 1308 2209 (Act.
1342 2145 1523 2206 XXIII).
1561 2161 1587 2187 »
1620 2139 1688 2193 Et
1716 2139 2005 2195 Dominus

264 2272 281 2283 ς
350 2226 410 2282 in
442 2225 750 2299 Evangelio
783 2242 795 2280 :
835 2248 863 2276 ‹‹
889 2226 984 2281 Vae
1016 2226 1144 2291 tibi,
1175 2225 1475 2282 Corozaim
1504 2227 1516 2281 Ι
1552 2245 1631 2282 va:
1665 2227 1792 2295 tibi,
1827 2227 2003 2283 Beth-

350 2315 517 2373 saida
545 2316 766 2387 (Matth.
797 2318 876 2383 x1)
904 2313 917 2369 ε
944 2338 972 2364 ››
1004 2316 1088 2370 Ad
1134 2317 1289 2387 quod
1323 2308 1668 2385 dicendum,
1704 2317 1843 2388 quia
1885 2316 2005 2372 haec

348 2405 525 2461 verba
555 2421 669 2460 non
702 2408 841 2461 sunt
869 2403 1273 2460 maledicentia
1302 2412 1431 2461 voto
1464 2404 1708 2477 prolata,
1734 2406 1835 2461 sed
1863 2422 2005 2478 prte-

349 2494 601 2553 dicentis
632 2494 861 2550 affectu.
879 2493 1221 2549 Providebat
1242 2494 1399 2549 enim
1421 2494 1707 2551 Dominus
1728 2494 1846 2550 sive
1868 2511 2005 2567 pro-

350 2582 557 2657 phetae,
584 2583 814 2638 ruinam
846 2582 1165 2655 impiorum
1198 2584 1479 2651 futuram,
1505 2589 1562 2638 et
1594 2584 1861 2655 eamdem
1885 2582 2005 2637 rui-

351 2689 487 2729 nam
507 2688 622 2728 non
642 2672 897 2746 optando
920 2672 1422 2744 proferebant,sed
1440 2672 1844 2745 prophetando
1868 2690 2008 2745 prae-

351 2761 643 2818 dicebant.
668 2766 892 2816 lterum
915 2760 1197 2833 quaeritur
1217 2778 1350 2816 cum
1375 2761 1879 2831 Dominusjubeat
1900 2779 2003 2833 pro

348 2849 606 2906 inimicis
630 2866 815 2916 orare,
830 2866 934 2905 cur
952 2850 1209 2905 Joannes
1223 2867 1328 2921 pro
1351 2850 1630 2906 fratribus
1649 2851 2003 2923 quibusdam

352 2955 538 3011 usque
568 2940 641 2995 ad
674 2944 923 2993 mortem
958 2938 1539 3009 peccantibus,orare
1572 2940 1894 3011 prohibeat.
1916 2938 2005 2999 Ita

350 3028 507 3084 enim
529 3026 673 3083 dicit
696 3026 756 3082 in
776 3026 1031 3099 Epistoia
1051 3043 1162 3082 sua
1183 3044 1197 3082 :
1223 3052 1243 3077 α
1266 3033 1367 3084 Est
1383 3029 1681 3101 quoddam
1699 3033 2002 3102 peccatum

351 3131 537 3189 usque
569 3118 643 3172 ad
674 3121 945 3183 mortem,
977 3134 1093 3172 non
1125 3134 1228 3189 pro
1276 3116 1375 3173 illo
1406 3134 1544 3191 rogo
1592 3124 1657 3173 ut
1706 3118 1839 3191 quis
1879 3122 2005 3175 oret

349 3209 399 3277 (I
425 3208 581 3264 Joan.
606 3210 683 3276 v).
711 3227 738 3255 »
758 3205 843 3262 Ad
866 3205 975 3262 hoc
997 3206 1310 3262 dicendum
1331 3212 1439 3274 est,
1463 3207 1603 3279 quia
1622 3206 1772 3263 inter
1792 3210 1999 3263 fratres
2029 3201 2072 3268 C.

350 3295 696 3369 plerumque
726 3300 868 3351 sunt
897 3295 1165 3366 quaedam
1209 3300 1444 3367 peccata
1494 3296 1999 3367 persecutionibus

350 3384 667 3456 impiorum
688 3383 971 3456 graviora.
988 3384 1089 3438 Est
1111 3389 1413 3455 peccatum
1435 3400 1619 3455 usque
1636 3386 1709 3439 ad
1726 3390 1995 3453 mortem,

349 3472 410 3527 in
441 3476 677 3545 peccato
710 3487 895 3543 usque
924 3473 996 3526 ad
1031 3477 1278 3527 mortem
1310 3489 1697 3545 perseverare.
1731 3474 1831 3530 Vel
1862 3490 1998 3546 pec—

352 3568 546 3616 catum
578 3577 765 3632 usque
795 3562 864 3616 ad
895 3565 1141 3615 mortem
1164 3561 1570 3632 operatur,qui
1599 3566 1730 3633 post
1760 3561 2002 3634 agnitio-

354 3667 487 3706 nem
518 3650 619 3705 Dei
652 3649 988 3706 societatem
1019 3649 1403 3706 fraternitatis
1432 3650 1823 3723 impugnat,et
1842 3669 1997 3708 eam-

352 3740 485 3795 dem
517 3739 743 3811 injuriae
774 3737 1043 3794 faucibus
1076 3739 1275 3812 agitat.

424 3897 451 3921 ‹‹
488 3873 557 3928 Ut
588 3873 719 3927 sitis
750 3871 851 3926 filii
885 3871 1070 3926 Patris
1099 3872 1295 3927 vestri.
1333 3895 1358 3921 η
1392 3873 1452 3927 Id
1486 3878 1594 3939 est,
1617 3873 1746 3929 ideo
1775 3873 1887 3929 ista
1917 3875 1999 3930 fa-

352 3979 480 4018 cere
510 3960 753 4027 debetis,
800 3965 865 4015 ut
906 3960 1034 4017 sitis
1082 3960 1183 4015 filii
1231 3962 1420 4017 Patris
1449 3962 1647 4030 vestri,
1683 3964 1780 4035 qui
1817 3963 1998 4020 solem

352 4067 528 4106 suum
560 4050 698 4105 facit
726 4049 863 4106 Oriri
895 4067 1071 4122 super
1102 4050 1286 4106 bonos
1317 4055 1374 4105 et
1403 4051 1609 4123 malos.
1640 4052 1817 4108 Juxta
1846 4052 2000 4111 litte-

352 4157 476 4196 ram
526 4140 633 4196 hoc
681 4139 1051 4195 solummodo
1102 4138 1544 4213 intelligendum
1594 4146 1699 4197 est.
1736 4143 1882 4198 Istas
1912 4149 1992 4199 et-

352 4229 509 4285 enim
558 4230 705 4285 duas
754 4233 1072 4293 creaturas,
1107 4246 1136 4285 e
1179 4229 1393 4301 quibus
1433 4246 1636 4286 omnes
1671 4230 1864 4304 fruges
1898 4250 1999 4288 na-

351 4324 599 4375 scuntur
614 4323 669 4373 et
682 4318 1363 4384 foventur,communiter
1382 4319 1663 4376 Dominus
1679 4320 1997 4390 distribuit,

351 4412 407 4464 et
437 4425 614 4481 super
641 4406 1003 4463 Christianos
1033 4411 1090 4462 et
1138 4424 1416 4481 paganos,
1450 4409 1634 4465 bonos
1685 4414 1741 4464 et
1790 4411 1995 4468 malos.

2122 545 2179 594 et
2210 539 2269 594 in
2298 540 2500 595 eodem
2532 539 2899 614 paganismo.

2195 670 2223 697 ‹‹
2256 648 2449 702 Estote
2479 663 2615 720 ergo
2645 664 2746 703 vos
2779 648 3038 721 perfecti,
3073 647 3226 703 sicut
3270 651 3328 703 et
3376 647 3546 704 Pater
3586 651 3779 705 vester

2128 758 2148 785 ι
2185 735 2438 792 caelestis
2470 737 2759 808 perfectus
2785 740 2893 793 est.
2930 760 2956 785 ››
2987 736 3173 804 Sicut,
3194 753 3308 792 non
3334 740 3423 792 est
3451 736 3773 809 qualitatis,

2123 825 2223 880 sed
2278 825 2473 896 potius
2521 824 2947 881 similitudinis.
3004 825 3077 881 Ut
3106 824 3260 880 sicut
3288 825 3439 881 Deus
3470 825 3527 880 in
3564 831 3779 882 natura

2122 932 2242 969 sua;
2273 915 2576 985 potestatis
2608 914 2897 986 perfectus
2925 918 3033 981 est,
3055 915 3135 971 ita
3159 913 3335 969 etiam
3361 931 3462 969 vos
3494 914 3623 969 sitis
3645 931 3777 986 per-

2123 1003 2254 1058 fecti
2286 1020 2388 1075 pro
2421 1002 2657 1060 modulo
2687 1008 2886 1058 vestris
2928 1002 3283 1076 fragilitatis.
3316 1002 3388 1057 Ut
3426 1002 3580 1058 sicut
3622 1007 3776 1058 Deus

2122 1092 2305 1148 solem
2336 1109 2510 1146 suum
2544 1090 2682 1147 oriri
2703 1092 2839 1147 facit
2861 1109 3036 1164 super
3055 1092 3241 1147 bonos
3256 1095 3315 1147 et
3337 1090 3607 1157 malos,et
3623 1091 3777 1164 pluit

2120 1198 2299 1253 super
2319 1183 2515 1252 justos
2544 1186 2600 1236 et
2624 1180 2895 1252 injustos,
2921 1181 3006 1235 sic
3035 1185 3092 1235 et
3112 1197 3213 1235 vos
3238 1179 3608 1236 dilectionem
3641 1197 3773 1237 ves-

2066 1314 2079 1328 .
2120 1275 2294 1340 tram,
2318 1275 2375 1325 et
2406 1270 2587 1326 solem
2609 1276 2814 1326 vestrae
2845 1268 3146 1326 charitatis
3168 1286 3281 1326 non
3306 1269 3498 1326 solum
3526 1271 3597 1326 ad
3623 1271 3773 1326 ami-

2121 1376 2241 1425 cos,
2276 1360 2375 1415 sed
2407 1359 2583 1415 etiam
2615 1360 2684 1413 ad
2720 1358 2992 1415 inimicos
3018 1358 3364 1414 extondatis.

2197 1488 2222 1515 α
2256 1465 2545 1521 Attendite
2597 1482 2667 1520 ne
2690 1465 2983 1537 justitiam
3031 1469 3286 1522 vestram
3320 1464 3542 1521 faciatis
3574 1483 3771 1524 coram

2121 1579 2149 1605 ‹‹
2184 1554 2543 1624 hominibus,
2563 1558 2627 1609 ut
2646 1554 2957 1610 videamini
2981 1555 3053 1611 ab
3076 1554 3179 1615 eis.
3206 1577 3234 1605 ››
3259 1555 3637 1624 Attendite,id
3658 1561 3770 1626 est,

2120 1648 2315 1701 cavete
2344 1661 2414 1700 ne
2446 1645 2514 1699 ad
2550 1644 2658 1699 hoc
2682 1644 2845 1716 justa
2876 1661 3051 1716 opera
3093 1643 3434 1713 exhibeatis,
3464 1649 3531 1700 ut
3562 1645 3634 1699 ab
3664 1645 3773 1701 ho-

2121 1735 2384 1789 minibus
2441 1732 2776 1802 videamini,
2807 1738 2864 1788 et
2909 1732 3141 1789 laudem
3191 1732 3513 1789 humanam
3563 1735 3637 1790 ab
3686 1733 3772 1791 eis

2037 1828 2083 1894 Β
2114 1822 2408 1897 quaeratis.
2435 1823 2560 1878 Non
2591 1827 2679 1877 est
2711 1821 2948 1895 quidem
2982 1826 3283 1895 peccatum
3301 1822 3467 1894 justa
3486 1840 3660 1896 opera
3681 1841 3776 1880 co-

2114 1930 2239 1969 ram
2273 1912 2614 1967 hominibus
2645 1912 2851 1980 facere,
2874 1911 2971 1966 sed
2999 1916 3303 1984 peccatum
3334 1916 3424 1968 est
3452 1911 3581 1968 ideo
3603 1913 3775 1984 justa

2115 2019 2290 2075 opera
2322 2002 2506 2056 facere
2538 2016 2735 2056 coram
2767 1999 3211 2070 hominibus,ut
3240 2000 3371 2057 laus
3400 2000 3472 2057 ab
3504 2000 3588 2057 eis
3619 2018 3773 2074 quae-

2116 2095 2296 2146 ratur.
2318 2090 2480 2146 Unde
2510 2093 2565 2145 et
2586 2088 2868 2144 Dominus
2900 2089 3173 2162 superius
3202 2088 3378 2145 dixit:
3410 2112 3436 2139 ‹‹
3461 2089 3556 2145 Sic
3578 2089 3776 2147 luceat

2113 2179 2213 2236 lux
2243 2184 2433 2236 vestra
2461 2196 2655 2233 coram
2680 2178 3043 2249 hominibus,
3064 2184 3130 2234 ut
3150 2178 3385 2234 videant
3405 2183 3596 2235 vestra
3617 2180 3775 2236 bona

2113 2286 2307 2341 Opera,
2342 2271 2398 2323 et
2431 2265 2758 2342 glorificent
2794 2267 3022 2324 Patrem
3066 2271 3329 2323 vestrum
3385 2267 3484 2341 qui
3518 2268 3573 2324 in
3609 2267 3774 2325 caelis

2114 2362 2204 2414 est
2235 2358 2439 2427 (.llatlh.
2472 2358 2549 2429 v).
2585 2379 2613 2406 »

2188 2488 2213 2514 ‹‹
2248 2465 2398 2521 Dum
2429 2479 2565 2535 ergo
2599 2461 2743 2519 facis
2773 2461 3222 2536 eleemosynam,
3244 2462 3360 2520 noli
3392 2464 3532 2521 tuba
3562 2482 3774 2523 canere

2118 2578 2146 2607 ‹‹
2169 2558 2303 2610 ante
2325 2558 2403 2609 te.
2424 2575 2450 2602 ››
2477 2553 2557 2607 Ex
2576 2551 3000 2608 consuetudine
3017 2552 3353 2609 Scribarum
3373 2557 3429 2609 et
3453 2553 3770 2611 Pharisaeo-

2114 2662 2244 2699 rum
2263 2643 2414 2698 hanc
2433 2641 2784 2698 sententiam
2804 2640 3090 2696 Dominus
3107 2641 3302 2697 traxit.
3316 2642 3464 2699 Nam
3483 2642 3541 2697 in
3559 2643 3771 2701 diebus

2116 2731 2494 2789 festivitatum
2544 2734 2602 2787 et
2643 2730 3006 2802 jejuniorum
3055 2730 3265 2787 facturi
3312 2729 3764 2801 elcemosynam,

2112 2820 2525 2895 precipiebant
2542 2823 2673 2875 ante
2692 2836 2753 2875 se
2769 2817 3239 2887 tubiscancre,ut
3252 2820 3322 2875 ad
3340 2819 3598 2876 sonitum
3612 2821 3766 2876 tuba

2114 2909 2428 2967 multitudo
2479 2926 2804 2982 pauperum
2836 2907 3231 2988 convenirent,
3265 2912 3329 2964 ut
3358 2908 3626 2966 videntes
3654 2910 3765 2966 hoc

2112 3000 2334 3074 pepuli,
2392 2998 2493 3071 qui
2523 2999 2595 3055 ad
2628 2996 2999 3054 festivitatem
3032 2998 3452 3068 conﬂuxerant,
3486 2997 3764 3055 laudibus

2112 3090 2236 3149 suis
2265 3106 2363 3146 eos
2391 3086 2833 3161 magnificarent
2862 3092 2918 3143 et
2938 3085 3296 3157 extollerent,
3318 3088 3485 3160 quasi
3518 3086 3617 3143 Dei
3640 3087 3764 3143 cul-

2112 3184 2266 3236 tores
2295 3182 2511 3245 essent,
2540 3182 2596 3233 et
2625 3194 2723 3233 eos
2755 3177 2932 3233 etiam
2965 3176 3088 3233 suis
3120 3178 3465 3234 muneribus
3495 3176 3764 3234 cumula-

2108 3267 2371 3325 rent.Vel
2391 3284 2707 3340 possumus
2730 3266 2838 3323 hoc
2861 3265 3037 3323 altius
3059 3266 3402 3340 intelligere.
3418 3265 3764 3325 Tubaenim

2109 3357 2258 3415 solet
2272 3357 2331 3412 in
2355 3372 2518 3413 sacro
2537 3355 2767 3428 eloquio
2790 3354 3258 3413 manifestatione
3276 3356 3766 3429 designari.Unde

2109 3446 2325 3505 Paulus
2356 3444 2653 3517 apostolus
2686 3444 2827 3501 dicit
2860 3462 2872 3500 :
2908 3468 2934 3495 ‹‹
2971 3446 3186 3503 Omnes
3218 3445 3456 3519 quidem
3490 3462 3766 3519 resurge-

2110 3552 2262 3604 mus,
2298 3534 2397 3590 sed
2429 3551 2545 3589 non
2577 3551 2782 3590 omnes
2829 3533 3295 3590 immutabimur.
3331 3533 3393 3591 In
3441 3539 3764 3605 memento,

2108 3624 2167 3681 in
2197 3623 2315 3680 ictu
2352 3622 2525 3691 oculi,
2560 3623 2617 3679 in
2653 3622 2971 3680 novissima
2996 3607 3162 3681 tuba.
3196 3624 3376 3681 Canet
3405 3623 3563 3680 enim
3595 3625 3763 3692 tuba,

2109 3717 2165 3770 et
2190 3712 2404 3769 mortui
2427 3719 2735 3786 resurgent
2756 3712 3165 3785 incorrupti,et
3184 3730 3290 3769 nos
3311 3708 3767 3785 immutabimur

2110 3806 2157 3873 (I
2185 3803 2305 3860 Cor.
2334 3805 2449 3871 xv),
2486 3825 2513 3851 »
2540 3800 2596 3857 id
2629 3805 2740 3872 est,
2772 3801 2830 3857 in
2862 3805 3060 3875 aperto
3091 3801 3201 3859 erit
3230 3803 3578 3860 resurrectio
3612 3802 3763 3859 cele-

2111 3894 2297 3949 brata.
2332 3893 2575 3948 «Amen
2626 3890 2754 3947 dico
2802 3891 2987 3960 vobis,
3042 3898 3385 3966 receperunt
3431 3893 3762 3949 mercedem

2111 4006 2136 4030 ‹‹
2173 3999 2364 4052 suam,
2397 4001 2421 4032 »
2461 3981 2567 4037 hoc
2599 3984 2708 4049 est,
2742 3979 2974 4036 laudem
3009 3980 3080 4037 ab
3112 3980 3473 4038 hominibus.

2181 4112 2208 4140 «
2247 4090 2326 4145 Te
2355 4092 2551 4145 autem
2581 4086 2830 4144 faciente
2870 4086 3326 4162 eleemosynam,
3361 4088 3583 4145 nesciat
3614 4088 3766 4145 sini-

2111 4203 2138 4229 (ι
2171 4181 2292 4234 stra
2321 4182 2424 4233 tua
2451 4176 2593 4249 quid
2625 4175 2799 4232 faciat
2829 4177 3065 4233 dextera
3093 4181 3214 4234 tua.
3252 4201 3279 4229 »
3312 4178 3474 4242 Quod
3505 4194 3645 4250 ergo
3677 4177 3762 4233 di-

2109 4268 2208 4335 cit,
2238 4293 2258 4315 u
2295 4266 2516 4323 nesciat
2546 4264 2788 4321 sinistra
2814 4269 2915 4321 tua
2944 4266 3084 4339 quid
3118 4266 3293 4322 faciat
3320 4268 3553 4323 dextera
3580 4273 3705 4335 tua,
3734 4289 3761 4317 ιι

2109 4372 2320 4412 sensus
2349 4353 2759 4426 hujuscemodi
2790 4360 2881 4410 est
2911 4371 2924 4410 :
2959 4358 3101 4411 Cum
3135 4355 3278 4412 facis
3309 4355 3761 4429 eleemosynam,

2110 4445 2226 4500 noli
2258 4443 2319 4498 in
2349 4441 2583 4516 publico
2614 4444 2880 4499 eamdem
2911 4443 3341 4517 eleemosynam
3376 4444 3656 4517 proferre,
3694 4462 3765 4501 ne

425 4565 451 4590 (‹
487 4541 545 4597 Si
578 4540 736 4596 enim
769 4539 1013 4614 diligitis
1044 4557 1143 4596 eos
1176 4540 1276 4612 qui
1310 4557 1410 4596 vos
1442 4541 1718 4614 diligunt,
1744 4566 1770 4593 υ
1802 4549 1911 4601 etc,
1934 4549 1999 4601 Et
2033 4574 2078 4638 Β
2108 4532 2358 4589 videaris
2382 4532 2451 4587 de
2468 4530 2710 4588 alterius
2727 4531 2962 4588 miseria
2980 4532 3587 4606 gloriari.Quicunque
3604 4534 3765 4589 enim

353 4634 443 4686 est
472 4646 683 4685 sensus
708 4646 721 4684 :
748 4629 805 4683 Si
838 4628 1134 4701 publicani
1164 4635 1222 4685 et
1253 4634 1582 4701 peccatores
1616 4638 1825 4688 natura
1853 4636 2001 4692 duce

355 4719 426 4775 ad
461 4722 681 4774 tantam
713 4718 1034 4774 bonitatem
1065 4736 1127 4774 se
1155 4718 1495 4789 extendunt,
1517 4724 1580 4774 ut
1610 4720 1921 4793 diligentes
1944 4743 2005 4782 se

355 4807 621 4881 diligant,
643 4812 861 4880 quanto
884 4808 1072 4878 magis
1103 4824 1203 4863 vos
1234 4806 1469 4863 latiores
1492 4808 1551 4863 in
1573 4808 1855 4868 charitate
1875 4832 2004 4871 esse

356 4896 601 4964 debetis,
634 4904 699 4952 ut
730 4914 844 4953 non
876 4895 1071 4953 solum
1120 4892 1364 4963 amicos,
1393 4896 1496 4952 sed
1526 4898 1703 4953 etiam
1735 4899 2005 4960 inimicos

358 4983 615 5056 diligatis
634 4983 662 5039 ?
693 5008 719 5035 (ι
747 4986 949 5042 Nonne
978 4990 1035 5042 et
1063 4984 1360 5057 publicani
1391 4983 1498 5040 hoc
1530 4986 1753 5042 faciunt
1783 5006 1795 5044 :
1834 5012 1861 5039 ››
1894 4991 2003 5047 Pu-

359 5071 572 5128 blicani
611 5072 954 5128 dicebantur
1001 5074 1155 5146 apud
1210 5075 1502 5130 Romanos
1557 5080 1871 5145 exactores,
1904 5081 2005 5153 qui

358 5160 663 5233 vectigalia
692 5179 725 5216 a
758 5161 972 5233 pepulo
1008 5162 1335 5234 exigebant.
1374 5186 1401 5214 «
1434 5165 1499 5218 Et
1528 5165 1578 5219 si
1611 5164 2004 5226 salutaveritis

360 5250 567 5306 fratres
589 5255 808 5305 vestros
831 5255 1125 5318 tantum,»
1152 5257 1209 5307 et
1231 5251 1471 5324 reliqua.
1507 5253 1566 5309 Si
1597 5272 1697 5311 vos
1729 5256 1880 5326 illos,
1903 5259 2005 5331 qui

362 5345 573 5397 natura
587 5339 793 5395 fratres
810 5338 971 5396 vobis
989 5343 1146 5407 sunt,
1162 5347 1264 5395 aut
1280 5342 1492 5397 fcedere
1508 5343 1775 5400 amicitiae
1789 5347 2003 5417 juncti,

361 5428 772 5494 salutaveritis,
808 5427 948 5501 quid
994 5428 1247 5501 amplius
1292 5430 1481 5486 facitis
1528 5448 1704 5503 quam
1743 5436 2008 5493 ethnici?

359 5527 525 5582 Ἐθνος
556 5518 770 5586 Greece,
824 5518 1025 5574 Latino
1073 5519 1290 5573 dicitur
1335 5536 1517 5591 gens;
1568 5520 1702 5578 inde
1732 5523 2010 5583 dicuntur

306 5648 325 5661 .
361 5607 578 5665 ethnici
601 5606 954 5680 gentiles.Et
973 5606 1208 5681 gentilis
1230 5606 1581 5681 dicitur,qui
1599 5609 1680 5667 ita
1710 5621 2010 5683 permanet

2110 4639 2214 4696 pro
2244 4620 2502 4694 appetitu
2526 4621 2771 4676 humani
2793 4621 3007 4678 favoris
3023 4622 3244 4678 bonum
3267 4621 3492 4695 aliquid
3514 4622 3764 4696 egerint,

2114 4710 2357 4767 sinistra
2385 4726 2587 4765 eorum
2619 4709 2853 4766 conscia
2881 4710 2993 4765 fuit
3034 4711 3226 4783 operis
3255 4727 3478 4767 eorum.
3513 4710 3769 4767 Sinistra

2113 4799 2269 4856 enim
2300 4798 2625 4872 appetitum
2656 4798 2928 4855 humanae
2958 4798 3151 4857 laudis
3200 4800 3488 4874 designat.
3523 4800 3768 4857 Dextera

2114 4906 2245 4944 vero
2300 4888 2688 4945 intentionem
2734 4889 2899 4945 bonae
2945 4888 3261 4946 voluntatis
3305 4890 3519 4962 signat.
3554 4913 3581 4939 ‹‹
3616 4890 3765 4946 Cum

2115 4978 2259 5035 facis
2288 4977 2739 5051 eleemosynam,
2762 4978 2984 5035 nesciat
3014 4978 3253 5035 sinistra
3278 4983 3383 5034 tua
3410 4978 3554 5051 quid
3588 4978 3767 5036 faciat

2115 5068 2349 5123 dextera
2379 5072 2497 5122 tua.
2532 5089 2561 5116 ››
2594 5067 2657 5122 Id
2684 5071 2792 5143 est,
2824 5067 2989 5123 bona:
3021 5067 3303 5124 voluntati
3329 5072 3441 5123 tua:
3473 5084 3589 5123 non
3622 5067 3765 5124 mis-

2112 5159 2312 5211 ceatur
2341 5154 2633 5228 appetitus
2662 5153 2932 5212 humanaa
2964 5154 3155 5212 laudis
3184 5160 3243 5214 et
3271 5155 3502 5212 favoris.

2190 5283 2217 5311 ‹‹
2258 5260 2330 5317 Ut
2354 5260 2435 5317 sit
2464 5260 2831 5334 eleemosyna
2858 5265 2961 5317 tua
2986 5261 3047 5317 in
3079 5262 3442 5328 abscondito,
3481 5284 3507 5310 »
3539 5261 3651 5317 hoc
3676 5266 3765 5318 est

2115 5350 2174 5406 in
2207 5350 2361 5406 bona
2390 5348 2767 5405 conscientia.
2785 5349 2953 5406 Multi
2971 5355 3110 5407 sunt
3128 5351 3288 5407 enim
3319 5350 3419 5424 qui
3450 5349 3766 5424 eleemosy-

2116 5456 2223 5496 nas
2253 5438 2476 5493 faciunt
2507 5438 2658 5493 bona
2686 5437 3002 5504 voluntate.
3033 5439 3167 5496 licet
3196 5439 3350 5496 desit
3391 5440 3477 5496 eis
3514 5438 3765 5496 facultas

2117 5545 2245 5601 qua:
2263 5526 2575 5582 tribuatur.
2594 5526 2753 5583 Unde
2771 5528 2912 5583 dicit
2925 5528 3266 5586 Psalmista:
3290 5550 3317 5578 ‹‹
3338 5528 3648 5585 Jucundus
3668 5528 3764 5585 ho-

2117 5633 2212 5675 mo
2226 5615 2326 5688 qui
2340 5614 2650 5672 miseretur
2660 5620 2717 5673 et
2728 5619 3059 5677 commodat
3073 5618 3242 5689 (Psal.
3257 5618 3393 5688 cxx),
3409 5640 3435 5668 »
3449 5618 3763 5675 ostendens
