3926 6170
200 344 297 407 189
1372 340 1725 402 IIOMILIJE
1765 339 1870 403 DE

1911 336 2311 402 TEMPORE.
3442 343 3559 405 190

191 479 341 534 etiam
370 475 424 530 in
466 473 855 530 misericordia
905 472 1150 547 gratiam
1185 475 1499 545 quamdam
1544 473 1786 529 eleemo-
1821 479 1874 541 Α
1904 472 2127 528 vicibus
2153 473 2342 528 solent
2364 489 2398 528 a
2423 470 2944 528 contubernalibus
2975 470 3252 541 exhiberi,
3280 476 3344 530 ut
3373 476 3556 532 nemi-

190 584 322 624 SV’Ilu'B
346 580 486 621 6938.

236 586 322 621 ’ῐιὶΒ
346 586 486 621 6838.

216 586 271 704 3“
302 656 381 710 Tu
418 658 608 710 autem
641 668 772 708 cum
824 651 1097 722 oraveris,
1151 651 1305 707 intra
1350 652 1410 707 in
1460 652 1798 709 cubiculum

189 768 209 796 ι.
240 750 407 812 tuum,
431 744 485 798 et
505 741 699 799 clauso
721 740 890 809 ostio,
906 758 1007 797 ora
1030 742 1258 797 Patrem
1286 746 1453 797 tuum
1478 742 1536 798 in
1559 742 1802 800 abscon-

191 857 214 885 κ
237 833 360 888 dito.
382 854 408 881 ››
438 830 585 886 Dixit
625 829 909 887 Dominus
958 829 1231 902 superius
1275 847 1394 896 eos,
1421 830 1518 903 qui
1554 830 1799 887 eleemo-

188 937 361 996 synam
392 919 460 975 ad
492 918 751 975 sonitum
782 919 933 975 tubae
973 919 1247 985 tacerent,
1282 919 1616 992 hypocritas
1647 936 1794 985 esse,

187 1018 231 1068 et
254 1010 468 1083 eos,qui
502 1008 828 1064 inordinate
867 1008 1161 1080 jejunant,
1202 1008 1534 1081 bypocritas
1564 1009 1747 1064 fuisse
1782 1026 1795 1064 :

188 1102 232 1153 et
259 1094 474 1168 eos,qui
507 1096 566 1150 in
599 1095 830 1169 angulis
861 1095 1184 1168 platearum
1234 1102 1400 1153 erant
1446 1100 1700 1165 orantes,
1734 1101 1800 1153 ut

186 1186 487 1242 viderentur
505 1185 581 1240 ab
604 1183 965 1250 hominibus,
982 1186 1316 1259 bypocritas
1336 1185 1572 1242 omnino
1596 1186 1797 1243 fuisse.

189 1274 322 1331 Unde
365 1274 534 1329 datur
578 1272 823 1348 intelligi
856 1273 993 1347 quia
1040 1276 1378 1348 quicunque
1427 1276 1580 1331 bona
1626 1294 1801 1350 opera

186 1381 335 1421 causa
370 1362 613 1419 humani
664 1364 876 1419 favoris
925 1365 1065 1437 agit,
1096 1363 1401 1438 hypocrita
1446 1370 1554 1422 est.
1588 1366 1800 1439 Anguli

187 1451 472 1525 platearum
504 1455 667 1520 sunt,
693 1450 998 1524 quadrivia
1026 1456 1084 1508 et
1112 1454 1387 1526 compita.
1421 1453 1631 1527 Anguli
1676 1454 1799 1528 pla-

188 1547 379 1598 tearum
408 1545 550 1597 sunt
582 1541 681 1596 ubi
718 1557 819 1613 per
848 1545 1247 1599 transversum
1287 1543 1528 1601 alterius
1558 1545 1661 1601 vise
1694 1546 1799 1601 du-

185 1632 325 1697 citur,
348 1635 400 1686 et
428 1623 805 1702 quadrivium
837 1631 1043 1686 reddit.
1078 1632 1212 1687 Ideo
1245 1632 1304 1689 in
1335 1633 1653 1705 quadriviis
1682 1640 1800 1690 sta—

184 1720 393 1787 bant,ut
421 1720 491 1775 de
523 1736 878 1792 quacunque
905 1725 1068 1794 parte
1090 1721 1389 1778 venientes
1417 1722 1705 1794 homines,
1727 1723 1804 1778 vi-

185 1811 357 1865 derent
370 1825 466 1866 eos
482 1808 861 1865 intendentes
879 1809 1147 1876 orationi,
1161 1815 1219 1867 et
1236 1813 1801 1886 magniﬁcarent,eos
1831 1845 1880 1911 Β

183 1898 321 1972 quasi
343 1898 435 1954 Dei
468 1899 693 1955 amicos
714 1903 769 1954 et
791 1899 1190 1955 observatores
1215 1899 1381 1971 legis.
1403 1925 1428 1951 ‹‹
1453 1904 1634 1958 Amen
1670 1902 1798 1958 dico

181 1988 318 2043 vobis
339 1991 681 2060 receperunt
706 1988 1033 2044 mercedem
1067 2006 1255 2056 suam,
1281 2013 1307 2039 ››
1336 1989 1391 2045 id
1424 1995 1531 2056 est,
1565 1991 1797 2047 laudem

181 2075 490 2138 humanam.
513 2077 775 2132 Laudem
807 2076 1339 2147 enimbumanam,
1365 2097 1544 2151 quam
1577 2080 1798 2153 appeti-

179 2172 357 2222 verunt
392 2167 461 2222 ab
502 2164 867 2234 hominibus,
894 2184 995 2239 pro
1022 2168 1285 2223 mercede
1310 2169 1606 2224 consecuti
1639 2174 1797 2226 sunt.

182 2280 201 2303 α
229 2256 305 2312 Tu
334 2260 524 2311 autem
558 2272 697 2311 cum
738 2254 1010 2311 oraveris.
1036 2279 1063 2305 ››
1086 2256 1345 2313 Instituit
1374 2258 1659 2315 Dominus
1698 2260 1799 2314 bo-

181 2362 299 2400 num
326 2344 644 2413 athletam;
687 2362 754 2399 ac
805 2344 853 2400 si
901 2345 1265 2401 dicerctzTu
1318 2348 1415 2418 qui
1465 2365 1645 2403 causa
1671 2348 1799 2403 vitae

178 2438 371 2489 sternte
393 2451 549 2502 oras,
576 2458 604 2482 «
644 2433 799 2489 intra
817 2432 877 2488 in
901 2432 1236 2490 cubiculum
1260 2440 1484 2506 tuum,»
1508 2437 1563 2492 id
1600 2442 1706 2506 est,
1740 2439 1799 2493 in

177 2530 431 2580 secretum
478 2522 677 2579 cordis
710 2521 815 2578 tui.
845 2546 869 2573 ‹‹
897 2524 966 2578 Et
1013 2523 1211 2580 clauso
1260 2525 1408 2581 ostio
1442 2527 1626 2595 »oris,
1655 2552 1674 2576 ι
1702 2545 1803 2583 ora

180 2613 373 2669 Patrem
405 2618 599 2669 tuum.
630 2636 657 2662 »
682 2613 806 2668 Non
844 2613 902 2668 in
935 2613 1194 2670 clamosa
1222 2631 1379 2679 voce,
1406 2616 1506 2671 sed
1558 2616 1613 2672 in
1665 2634 1800 2673 con-

180 2701 381 2759 tritione
426 2701 698 2775 spiritus,
731 2701 883 2758 sicut
930 2701 1180 2758 faciebat
1232 2705 1401 2759 Anna
1460 2709 1646 2761 mater
1700 2710 1802 2763 Sa-

179 2791 361 2847 muelis
391 2792 433 2864 (1
461 2794 601 2865 Reg.
639 2792 696 2864 l),
727 2809 854 2861 quae
905 2793 1124 2849 orando
1181 2796 1591 2851 tantummodo
1647 2795 1804 2852 labia

180 2881 431 2949 movebat,
465 2881 572 2937 sed
620 2881 855 2954 penitus
886 2881 1048 2939 nulla
1077 2900 1183 2938 vox
1225 2882 1382 2939 illius
1431 2885 1799 2941 audiebatur.

183 2968 265 3025 Vel
293 2994 316 3019 (ι
347 2969 548 3027 clauso
591 2971 739 3026 ostio
774 2994 801 3020 »
834 2971 1046 3042 cordis,
1102 2977 1304 3028 contra
1345 2973 1531 3030 malas
1585 2975 1803 3049 cogita-

185 3059 341 3115 tiones
369 3064 431 3117 ut
461 3078 604 3117 cum
643 3059 918 3128 oraveris,
951 3077 1024 3117 ne
1071 3060 1237 3117 malae
1286 3064 1667 3136 cogitationes
1698 3064 1799 3120 ba-

182 3146 327 3203 beant
349 3148 577 3205 aditum
601 3152 660 3205 et
678 3148 983 3219 introitum
1006 3149 1066 3205 in
1089 3151 1258 3206 corde
1282 3156 1401 3207 tuo.
1425 3150 1526 3209 Vel
1551 3176 1577 3202 ‹‹
1603 3151 1802 3210 clauso

182 3235 367 3304 ostio,»
400 3239 457 3296 id
493 3242 605 3309 est,
629 3255 914 3296 sensuum
938 3243 1292 3296 nostrorum.

697 3382 999 3438 HOMILIA
1038 3382 1254 3439 XXVII.

603 3487 853 3526 saeuam
894 3487 1047 3547 ροςτο
1069 3487 1350 3527 crassum.

1832 3215 1875 3283 C

236 3594 380 3665 (Luc.
402 3597 597 3666 x1v.)«
630 3595 694 3651 In
726 3594 825 3650 illo
870 3599 1150 3670 tempore,
1194 3595 1424 3653 dicebat
1470 3598 1644 3655 Jesus
1674 3600 1803 3655 οιιί-

183 3703 202 3730 ‹‹
230 3682 347 3739 dam
377 3683 631 3757 principi
654 3682 1079 3741 Pharisaeorum
1105 3702 1118 3740 :
1144 3687 1286 3739 Cum
1313 3685 1456 3742 facis
1486 3688 1801 3759 prandium

185 3776 317 3827 «aut
342 3789 590 3840 coenam,
615 3773 733 3828 noli
777 3791 977 3830 vocare
1016 3773 1236 3830 amicos
1284 3778 1439 3842 tuos,
1464 3793 1654 3847 neque
1685 3778 1801 3833 fra-

184 3882 204 3906 «
233 3865 336 3917 tres
374 3866 529 3931 tuos,
563 3879 751 3934 neque
799 3868 1100 3936 cognatos,
1131 3880 1318 3936 neque
1348 3862 1588 3932 vicinos,
1614 3882 1802 3938 neque

188 3950 439 4020 «divites,
468 3976 497 4002 »
517 3955 575 4007 et
598 3951 843 4024 reliqua.
862 3951 1093 4008 Fratres
1124 3952 1365 4019 amicos,
1383 3956 1441 4008 et
1465 3952 1691 4023 divites,
1717 3954 1799 4010 a1-

182 4039 432 4097 terutrum
455 4038 720 4096 convivia
741 4039 1054 4107 celebrare,
1078 4058 1191 4097 non
1216 4041 1383 4113 quasi
1407 4041 1597 4098 scelus
1618 4042 1800 4099 inter-

184 4125 315 4193 dicit,
336 4130 431 4186 sed
464 4128 621 4187 sicut
658 4133 866 4185 caetera
914 4130 1281 4186 necessitatis
1333 4129 1604 4186 humana:
1635 4149 1799 4188 com-

184 4218 383 4285 mercia,
408 4218 509 4276 ubi
541 4222 875 4292 peccatores
900 4219 1304 4292 peccatoribus
1336 4221 1712 4290 fmnerantur,
1738 4226 1802 4278 ut

186 4305 435 4379 recipiant
492 4307 764 4380 aqualis,
805 4307 877 4363 ad
927 4309 1316 4380 promerenda
1361 4309 1490 4365 vitae
1549 4309 1800 4367 ccelestis

185 4395 386 4463 prmmia
433 4396 514 4451 nil
548 4396 736 4452 valere
788 4396 1060 4452 ostendit.
1120 4397 1384 4470 Denique
1443 4398 1796 4472 subjungit:

186 4504 205 4527 α
231 4482 301 4538 Ne
329 4485 467 4541 forte
497 4490 554 4541 ct
603 4485 719 4557 ipsi
753 4490 807 4541 te
838 4485 1164 4554 reinvitent,
1199 4491 1253 4541 et
1294 4488 1395 4542 fiat
1426 4487 1554 4557 tibi,
1586 4488 1796 4560 inquit,

1906 579 2039 617 nem
2074 562 2290 635 pudeat
2334 560 2638 618 inhoneste
2686 559 2910 633 aliquid
2967 560 3159 618 dicere
3191 566 3292 619 aut
3320 564 3508 622 facere
3541 582 3555 622 :

1907 650 2043 724 quia
2073 651 2144 706 ad
2175 651 2285 706 hoc
2316 652 2689 717 conveniunt,
2720 655 2785 706 ut
2814 651 2966 706 foeda
3008 650 3127 707 illic
3172 656 3470 726 gerantur,
3505 659 3563 711 et

1908 740 2074 814 copia
2102 740 2220 795 vini
2254 739 2530 795 incitetur
2556 738 2819 795 libidinis
2851 739 3079 797 diversa
3105 741 3395 815 voluptas.

1979 852 2005 879 ‹‹
2041 830 2150 885 Sed
2193 846 2323 884 cum
2374 829 2518 884 facis
2565 828 2914 898 convivium,
2950 846 3088 885 voca
3118 848 3423 905 pauperes,
3460 835 3563 890 de-

1908 942 1935 968 ‹‹
1972 917 2139 985 biles,
2167 917 2409 973 claudos
2440 921 2496 973 et
2526 934 2727 986 caseos,
2753 922 2809 974 et
2840 918 3047 975 beatus
3078 921 3193 976 eris
3229 938 3240 975 :
3276 922 3415 994 quia
3445 940 3558 979 non

1908 1030 1935 1057 ‹‹
1970 1008 2190 1062 habent
2224 1006 2543 1063 retribuere
2585 1006 2711 1063 tibi.
2746 1007 3126 1064 Retribuetur
3171 1010 3327 1067 enim
3360 1012 3466 1067 tibi
3499 1012 3560 1067 in

1909 1120 1936 1145 ‹‹
1971 1095 2395 1152 resurrectione
2429 1097 2751 1167 justorum.
2777 1118 2804 1147 »
2839 1098 3345 1155 Resurrectionem
3367 1103 3562 1173 justo-

1908 1203 2040 1242 rum
2067 1185 2228 1253 dicit,
2247 1186 2386 1257 quia
2406 1185 2513 1241 etsi
2545 1203 2749 1241 omnes
2775 1191 3098 1257 rcsurgent,
3129 1204 3333 1244 eorum
3366 1195 3560 1246 tamen

1909 1293 2024 1331 non
2042 1274 2335 1331 immerito
2358 1275 2527 1347 quasi
2553 1276 2787 1349 propria
2806 1276 3277 1349 cognominatur,
3294 1278 3394 1351 qui
3415 1285 3473 1334 et
3502 1280 3560 1335 in

1908 1366 2017 1422 hac
2049 1382 2110 1421 se
2141 1365 2341 1420 beatos
2372 1382 2487 1421 non
2518 1365 2791 1420 dubitant
2832 1382 2961 1421 esse
3007 1366 3255 1423 futuros.
3283 1368 3428 1441 Ergo
3460 1369 3559 1440 qui

1909 1470 2196 1528 pauperes
2227 1457 2392 1509 vocat
2441 1454 2513 1508 ad
2556 1453 2903 1521 convivium,
2930 1454 2988 1508 in
3038 1455 3234 1511 futuro
3283 1456 3563 1528 percipiet

1911 1543 2238 1617 praemium.
2264 1543 2371 1608 Qui
2418 1543 2657 1609 amicos,
2691 1542 2898 1599 fratres
2929 1548 2985 1599 et
3015 1542 3221 1600 divites
3252 1551 3439 1613 vocat,
3472 1563 3560 1602 re—

1911 1632 2050 1705 cipit
2080 1634 2407 1689 mercedem
2442 1648 2630 1688 suam.
2657 1631 2768 1688 Sed
2799 1632 2907 1687 etsi
2951 1632 3061 1687 hoc
3112 1639 3346 1706 propter
3373 1635 3559 1691 Deum
3600 1698 3617 1719 .

1912 1722 2067 1792 facit,
2100 1721 2159 1775 in
2199 1720 2527 1793 exemplum
2564 1719 2818 1775 ﬁliorum
2862 1720 2994 1787 Job,
3027 1721 3180 1777 sicut
3210 1729 3416 1779 caetera
3447 1725 3559 1780 fra-

1912 1816 2086 1868 ternae
2118 1809 2444 1866 dilectionis
2474 1809 2687 1877 officia,
2711 1810 2835 1883 ipse
2867 1810 2965 1882 qui
2992 1810 3173 1882 jussit
3204 1818 3558 1869 remunerat.

1915 1900 2019 1966 Qui
2052 1899 2289 1973 gulosos
2322 1916 2387 1954 ac
2431 1898 2761 1954 luxuriosos
2810 1903 3044 1971 propter
3088 1898 3386 1957 lasciviam
3415 1901 3559 1958 invi-

1910 1994 2016 2057 tat,
2042 2005 2212 2061 poena
2242 1988 2301 2044 in
2334 1988 2529 2044 futuro
2562 1987 2849 2061 plectctur
2877 1992 3111 2045 azterna.

1983 2102 2008 2128 ‹‹
2042 2079 2168 2133 llaec
2191 2093 2325 2132 cum
2348 2077 2608 2133 audisset
2630 2077 2867 2149 quidam
2889 2077 2961 2133 de
2983 2077 3160 2133 simul
3183 2077 3559 2137 discumben-

1912 2190 1939 2218 ‹‹
1973 2166 2317 2235 tibus,dixit
2346 2167 2396 2222 ei
2431 2184 2442 2220 :
2479 2167 2689 2222 Beatus
2716 2166 2815 2238 qui
2850 2167 3229 2224 manducabit
3258 2186 3469 2242 panem
3505 2170 3563 2226 in

1915 2279 1936 2306 ι
1973 2273 2150 2329 regno
2178 2254 2297 2312 Dei.
2327 2278 2353 2303 υ
2378 2254 2548 2310 Panis
2580 2256 2681 2327 qui
2717 2256 3108 2311 manducatur
3137 2258 3195 2312 in
3228 2274 3406 2331 regno
3438 2259 3560 2328 Dei,

1911 2363 2029 2401 non
2073 2347 2241 2416 juxta
2272 2344 2632 2413 Cerinthum,
2661 2344 2981 2417 corporalis
3029 2344 3446 2419 intelligendus
3476 2353 3566 2404 cst

1912 2434 2097 2502 cibus,
2124 2435 2223 2491 sed
2254 2433 2351 2490 ille
2382 2434 2605 2506 utique,
2634 2434 2733 2507 qui
2766 2433 2848 2489 ait
2882 2451 2931 2487 :u
2969 2435 3084 2507 Ego
3116 2452 3248 2491 sum
3280 2437 3453 2509 panis
3476 2436 3566 2493 'vi-

1910 2540 2039 2593 vus,
2064 2523 2164 2597 qui
2194 2525 2264 2579 de
2294 2523 2437 2579 ccelo
2468 2523 2764 2579 descendi.
2786 2524 2846 2579 Si
2869 2523 3002 2595 quis
3035 2526 3474 2582 manducaverit
3497 2544 3566 2583 ex

1912 2613 2021 2670 hoc
2071 2630 2242 2686 pane,
2267 2618 2416 2669 vivet
2464 2613 2522 2668 in
2573 2617 2854 2668 azternum
2881 2614 3057 2684 (Joan.
3081 2619 3180 2685 v1).
3212 2637 3240 2665 »
3262 2616 3324 2671 Id
3373 2621 3482 2684 est,
3516 2617 3564 2673 si

1913 2703 2046 2776 quis
2078 2718 2219 2757 meae
2252 2701 2671 2757 incarnationis
2702 2707 3069 2757 sacramento
3100 2703 3350 2775 perfecte
3382 2705 3568 2761 incor-

1912 2795 2173 2865 poratus,
2199 2808 2339 2846 meae
2361 2790 2565 2847 divinae
2592 2791 2918 2863 majestatis
2948 2790 3168 2847 visione
3201 2792 3314 2847 frui
3345 2810 3566 2849 merue-

1914 2881 2008 2949 rit,
2045 2880 2139 2936 hic
2187 2884 2469 2953 perpetua
2516 2880 2643 2935 vita:
2693 2878 3156 2936 immortalitatis
3204 2880 3565 2939 beatitudine

1913 2968 2212 3043 gaudebit.
2243 2969 2353 3025 Sed
2387 2971 2525 3042 quia
2555 2968 2821 3025 nonnulli
2848 2969 3005 3027 hunc
3035 2987 3247 3041 panem
3279 2971 3566 3028 ﬁdetenus

1914 3058 2084 3131 quasi
2115 3059 2411 3114 adorando
2443 3059 2792 3131 percipiunt,
2823 3058 3193 3114 dulcedinem
3227 3060 3355 3131 ejus
3389 3061 3564 3117 attin-

1912 3164 2047 3221 gere
2075 3147 2356 3204 veraciter
2384 3148 2674 3220 gustando
2707 3146 3034 3203 fastidiunt.

2446 3290 2745 3346 HOMILIA
2782 3289 3025 3346 XXVIII.

2189 3397 2467 3439 DOMINICA
2508 3397 2688 3435 PRIMA
2726 3397 2784 3435 IN
2824 3396 3286 3443 QUADRAGESIMA.

1984 3507 2227 3575 (ΜΑΤΤΗ.
2254 3507 2353 3577 1v.)
2378 3528 2406 3556 ι(
2432 3505 2493 3561 In
2524 3504 2622 3560 illo
2655 3510 2938 3579 tempore,
2961 3506 3172 3562 ductus
3193 3511 3283 3562 est
3302 3508 3476 3564 Jesus
3506 3508 3566 3565 in

1912 3617 1943 3648 «
1974 3596 2270 3652 desertum
2316 3612 2349 3649 a
2390 3592 2630 3667 Spiritu,
2657 3599 2722 3650 ut
2767 3599 3093 3651 tentaretur
3140 3613 3174 3651 a
3216 3596 3466 3652 diobolo.
3500 3599 3571 3653 Et

1912 3708 1941 3736 ‹‹
1975 3702 2109 3740 cum
2132 3685 2464 3755 jejunasset
2493 3682 2882 3756 quadraginta
2910 3684 3056 3750 dies,
3086 3706 3111 3733 ››
3139 3688 3198 3739 et
3227 3685 3469 3758 reliqua.
3504 3686 3566 3741 In

1911 3774 2091 3845 hujus
2114 3772 2382 3828 lectionis
2406 3772 2552 3828 serie
2574 3776 2886 3845 utramque
2915 3790 3082 3829 suam
3107 3777 3401 3842 naturam,
3431 3774 3571 3830 divi-

1910 3879 2049 3918 nam
2067 3860 2288 3917 scilicet
2302 3865 2360 3917 ct
2381 3861 2727 3927 humanam,
2744 3862 2911 3918 nobis
2929 3861 3215 3919 Dominus
3233 3863 3570 3919 manifesta-

1911 3968 1972 4007 re
2002 3950 2278 4023 dignatus
2318 3954 2425 4005 est.
2455 3950 2616 4014 Quod
2647 3950 2804 4007 enim
2855 3952 3245 4023 quadraginta
3274 3952 3481 4008 diebus
3513 3957 3571 4008 et

1910 4039 2302 4114 quadraginta
2323 4039 2592 4095 noctibus
2617 4040 2931 4111 jejunavit,
2953 4040 3270 4097 declaratio
3301 4046 3390 4097 est
3422 4041 3567 4098 divi-

1909 4148 1996 4186 na:
2020 4128 2323 4202 potestatis
2349 4144 2362 4183 :
2385 4129 2541 4200 quod
2566 4145 2722 4195 vero,
2746 4129 3172 4185 consummatis
3199 4129 3336 4199 illis,
3360 4131 3569 4186 esuriit

1910 4224 1975 4274 ut
2006 4218 2205 4283 homo,
2239 4218 2407 4289 quasi
2439 4217 2612 4272 homo
2643 4234 2676 4272 a
2707 4217 2939 4273 diabolo
2991 4222 3247 4274 tentatus
3296 4222 3385 4273 est
3416 4235 3430 4272 :
3464 4220 3564 4274 sed

1911 4307 2080 4381 quasi
2112 4311 2263 4362 Deus
2305 4305 2659 4361 tentationes
2708 4305 2926 4361 diaboli
2962 4306 3275 4378 superavit.
3303 4307 3414 4361 Sed
3445 4307 3565 4362 for—

1910 4403 2064 4452 tasse
2096 4394 2291 4450 minus
2323 4392 2718 4467 intelligentes
2748 4393 3022 4467 ignorant
3052 4411 3085 4449 a
3106 4410 3222 4465 quo
3254 4393 3464 4466 spiritu
3489 4395 3566 4451 sit

1907 4486 2082 4542 Jesus
2112 4484 2323 4539 ductus
2376 4483 2434 4539 in
2486 4484 3066 4555 desertum,propter
3114 4481 3259 4538 illud
3311 4482 3564 4538 maxime

186 4594 207 4617 ιι
235 4572 540 4631 retributio.
574 4597 600 4622 ››
634 4575 760 4630 Non
810 4574 910 4643 ait,
944 4578 1001 4631 et
1046 4574 1148 4630 fiat
1192 4580 1521 4647 peccatum,
1553 4578 1654 4633 sed
1685 4602 1713 4627 ‹‹
1748 4581 1805 4634 et
1834 4590 1878 4654 ι)
1911 4574 2067 4648 quod
2099 4572 2373 4629 subditur
2404 4590 2455 4627 ;‹‹
2483 4572 2821 4645 Assumpsit
2862 4589 2997 4627 eum
3031 4570 3303 4628 diabolus
3335 4572 3394 4627 in
3428 4590 3563 4628 san-

186 4656 283 4725 Iiat,
313 4662 513 4736 inquit,
546 4663 873 4720 retributio.
900 4686 927 4713 ››
953 4664 1057 4720 Cui
1089 4662 1279 4720 simile
1329 4671 1419 4721 est
1466 4667 1622 4738 quod
1663 4665 1801 4723 alibi

186 4745 300 4803 dicit
323 4767 335 4805 :
358 4775 383 4801 ‹‹
416 4753 485 4808 Et
514 4752 566 4809 si
595 4753 743 4809 bene
774 4753 1027 4810 feceritis
1075 4753 1169 4828 his
1217 4754 1318 4826 qui
1349 4754 1511 4810 vobis
1561 4755 1797 4811 benefa-

185 4835 470 4913 ciunt,qu:s
498 4841 664 4915 vobis
695 4846 784 4898 est
812 4841 1039 4915 gratia?
1063 4843 1355 4915 siquidem
1380 4848 1436 4899 et
1464 4848 1798 4916 peccatores

186 4919 273 4980 hoc
301 4928 505 4986 faciunt
532 4932 681 5001 (Luc.
706 4935 806 5001 vx).
826 4956 853 4981 »
876 4932 1151 4997 Quamvis
1183 4932 1303 4988 sint
1345 4933 1612 5005 quaadam
1666 4950 1796 4989 mu-

186 5013 267 5068 tua
287 5015 535 5088 fratrum,
559 5020 906 5089 amicorum,
931 5026 1334 5094 cognatorum,
1355 5020 1798 5093 vicinorumque

190 5098 399 5161 divitum
426 5108 704 5187 convivia,
725 5126 853 5182 qua:
874 5128 990 5165 non
1018 5110 1209 5165 solum
1240 5108 1302 5165 in
1333 5108 1616 5182 praesenti.
1638 5110 1800 5164 retri-

189 5185 467 5265 butionem,
482 5185 583 5254 sed
602 5203 661 5256 et
680 5198 1120 5257 damnationem
1139 5197 1481 5271 prazcipiant
1497 5197 1557 5252 in
1577 5200 1794 5253 futuro.

193 5280 409 5355 Denique
429 5287 499 5343 ab
522 5285 798 5360 Apostolo
829 5287 980 5343 inter
1009 5304 1185 5360 opera
1206 5288 1579 5343 tenebrarum
1610 5287 1796 5341 adnu-

194 5378 485 5431 merantur:
510 5399 537 5427 α
566 5376 730 5432 Sicut
760 5376 821 5431 in
853 5375 965 5444 die,
1007 5375 1219 5448 inquit,
1259 5376 1503 5431 honeste
1535 5374 1796 5431 ambule-

195 5468 322 5523 mus.
348 5479 448 5518 non
480 5465 538 5521 in
569 5463 1095 5521 comessationibus
1126 5470 1183 5521 et
1213 5464 1592 5521 ebrietatibus
1619 5465 1792 5532 (Rom.

193 5547 316 5614 εωξέ
336 5571 359 5597 ι»
377 5551 832 5612 Comessationes
854 5554 1069 5626 quippe
1100 5558 1238 5610 sunt
1267 5553 1570 5610 luxuriosa
1598 5554 1796 5609 convi-

192 5630 284 5701 Via,
312 5654 423 5708 Quae
462 5651 559 5701 aut
606 5643 912 5702 collatione
960 5643 1224 5700 omnium
1274 5643 1661 5713 celebrantur,
1696 5648 1797 5700 aut

1914 4687 1942 4714 «
1977 4671 2099 4720 tam
2143 4662 2513 4730 civitatem,»
2547 4661 2630 4716 vel
2678 4661 2737 4716 in
2788 4666 3049 4717 montem
3105 4660 3417 4718 excelsum.
3452 4662 3560 4718 Sed

1908 4753 2060 4826 quod
2092 4768 2216 4807 vere
2230 4755 2292 4806 et
2323 4750 2546 4823 absque
2570 4751 2689 4806 ulla
2719 4750 3106 4822 ambiguitate
3128 4767 3162 4805 a
3186 4750 3403 4822 Spiritu
3428 4768 3563 4806 san-

1906 4847 1996 4898 cto
2020 4842 2077 4896 in
2101 4840 2398 4897 desertum
2418 4841 2632 4897 ductus
2653 4857 2781 4896 esse
2802 4840 3091 4908 credatur,
3114 4838 3279 4895 facile
3301 4838 3566 4912 agnosci-

1905 4935 2022 5001 tur,
2045 4930 2093 4987 si
2116 4930 2295 5003 hujus
2317 4929 2599 5003 evangelii
2621 4928 2922 5001 superiora
2952 4945 3269 5001 parumper
3299 4930 3562 4985 attenda-

1907 5038 2061 5075 mus.
2087 5019 2180 5075 Ait
2212 5019 2370 5075 enim
2411 5017 2779 5091 Evangelista
2808 5019 3023 5090 (Matth.
3051 5021 3138 5088 Ill)
3165 5035 3176 5073 :
3209 5041 3229 5068 α
3266 5018 3439 5074 Venit
3467 5019 3562 5075 Je-

1907 5126 2011 5164 sus
2042 5125 2076 5164 a
2106 5106 2337 5164 Galilzea
2369 5107 2425 5162 in
2456 5106 2773 5162 Jordanem
2815 5107 2884 5162 ad
2934 5109 3243 5175 Joannem,
3278 5112 3344 5163 ut
3374 5108 3562 5179 bapti-

1904 5203 2137 5256 zaretur
2156 5201 2228 5254 ab
2247 5216 2364 5254 eo.»
2385 5196 2716 5268 Baptizatus
2739 5197 3283 5264 autem,confestim
3299 5197 3565 5253 ascendit

1906 5290 1979 5344 de
2004 5306 2175 5361 aqua.
2195 5289 2264 5342 Et
2284 5302 2416 5342 ecce
2438 5285 2621 5357 aperti
2644 5290 2783 5340 sunt
2801 5286 2851 5341 ei
2875 5286 3024 5353 cmli,
3041 5292 3098 5342 et
3118 5286 3558 5359 viditSpiritum

1905 5377 2005 5433 Dei
2026 5377 2477 5433 descendentem
2497 5374 2651 5429 sicut
2670 5374 3026 5445 columbam,
3043 5380 3100 5431 et
3119 5375 3443 5432 venientem
3470 5392 3558 5431 su-

1904 5483 2008 5538 per
2037 5482 2118 5521 se.
2149 5466 2215 5520 Et
2247 5481 2377 5519 ecce
2407 5480 2514 5519 vox
2534 5464 2606 5519 de
2637 5464 2799 5520 caelis
2826 5464 3027 5521 dicens
3051 5483 3100 5521 :«
3124 5464 3225 5519 llic
3257 5469 3345 5520 est
3379 5464 3559 5520 Filius

1904 5572 2072 5611 meus
2103 5554 2352 5610 dilectus
2382 5553 2440 5608 in
2474 5570 2590 5625 quo
2623 5553 2768 5609 mihi
2808 5554 3158 5627 complacui.
3188 5576 3209 5604 ι
3236 5553 3558 5624 Statimque

1905 5643 2173 5714 adjunxit
2206 5659 2218 5698 :
2246 5667 2271 5692 ‹‹
2306 5644 2469 5703 Tunc
2516 5643 2687 5699 Jesus
2719 5644 2932 5700 ductus
2972 5647 3061 5699 est
3103 5642 3163 5697 in
3194 5643 3490 5698 desertum
3524 5657 3557 5693 a
