3926 6170
220 350 328 408 ’193

1332 414 1341 421 _
1410 343 1771 417 ‘HUMILl/E
1815 344 1913 403 DE
1958 345 2354 409 'l‘EMPOltE.

3462 361 3593 424 ’194

225 482 406 536 Etiam.
439 483 690 545 Quorum
720 479 866 534 alter
904 478 1202 552 legislator
1233 478 1361 545 fuit,
1394 477 1540 532 alter
1586 476 1836 531 eximius
1865 481 1917 543 Α
1948 478 2056 533 ctis
2089 496 2225 552 ergo
2259 498 2357 536 sex
2387 483 2593 537 dicbus
2611 485 2711 555 qui
2746 486 2802 541 in
2827 486 3144 547 Dominicis
3166 492 3591 564 eveniuutmon

222 568 633 642 prophetarum.
667 571 773 623 Per
810 567 1046 640 Moysen
1068 583 1205 639 ergo
1228 566 1337 633 lex,
1363 582 1465 638 per
1490 563 1675 620 Eliam
1705 581 1839 637 pro-

223 657 791 749 phetiasgniﬁmtur.
811 656 885 712 Ut
899 672 1037 729 ergo
1049 655 1379 749 ostenderet
1396 654 1603 749 Domin
1614 670 1840 749 us,_n_on

194 743 361 803 aliud
390 746 446 801 in
478 744 782 818 Evangelio
813 762 879 801 se
898 761 1027 801 esse
1057 746 1388 815 doctarum,
1420 744 1533 799 nisi
1565 744 1719 816 quod
1752 743 1842 799 lex

218 842 266 893 et
294 835 575 909 propheta:
626 835 694 891 de
742 851 809 890 eo
860 832 1405 907 pronuntiaverunt,
1452 832 1843 905 quadraginta

216 924 400 981 diebus
428 927 484 979 et
513 923 781 979 noctibus
822 923 1092 994 jejunare
1120 921 1322 978 voluit.
1354 922 1641 985 Quoniam
1691 922 1842 977 sicut

214 1015 320 1087 ipse
339 1013 412 1069 ait
440 1011 857 1085 inEvangelio,
875 1029 991 1068 non
1016 1015 1253 1068 venerat
1278 1010 1840 1084 legem-prophetas-

214 1119 315 1177 que
340 1101 576 1169 solvere,
610 1101 710 1157 sed
750 1100 1071 1173 adimplere
1117 1101 1333 1170 (Matth.
1366 1099 1444 1171 v).
1480 1100 1640 1156 Unde
1671 1100 1838 1164 bene,

217 1209 330 1249 cum
360 1191 812 1262 transﬁguratus
836 1194 991 1247 esset
1018 1189 1078 1245 in
1112 1193 1329 1257 monte,
1355 1189 1581 1263 Moyses
1602 1193 1658 1245 et
1688 1188 1841 1246 Elias

210 1297 329 1337 cum
350 1296 414 1336 eo
432 1279 541 1336 visi
561 1295 692 1335 esse
712 1280 1005 1351 leguntur,
1032 1278 1413 1352 praedicantes
1432 1279 1695 1351 ejusdem
1716 1296 1845 1351 pas-

214 1370 374 1425 sionis
401 1384 705 1425 excessum
736 1368 794 1423 in
823 1366 1170 1424 Jerusalem.
1198 1367 1298 1422 Vel
1329 1373 1503 1434 certe,
1535 1385 1668 1422 cum
1692 1369 1843 1439 jeju-

215 1458 366 1527 navit,
398 1458 629 1514 cunctis
655 1458 865 1513 diebus
893 1458 1022 1512 vitae
1054 1441 1357 1529 praesentis
1379 1456 1592 1513 electos
1618 1458 1672 1512 in
1699 1457 1843 1513 afﬂi-

210 1551 379 1605 ctione
423 1548 656 1603 t‘uturos
702 1564 830 1603 esse
875 1546 1149 1603 ostendit.
1198 1547 1299 1602 Est
1325 1551 1384 1603 et
1412 1545 1569 1602 aliud
1621 1546 1679 1601 in
1734 1546 1842 1602 hoc

210 1636 655 1710 quadragenario
692 1653 972 1706 numero,
1009 1636 1165 1708 quod
1197 1635 1565 1692 considerare
1595 1640 1839 1708 oportet.

209 1727 474 1783 Numerus
491 1711 651 1783 enim
671 1725 867 1781 isteab
883 1742 999 1781 uno
1014 1724 1235 1799 incipit,
1251 1726 1353 1782 sed
1366 1726 1679 1781 crescendo
1699 1724 1843 1780 mul-

209 1815 504 1889 tiplicatur,
530 1815 618 1871 ita
638 1819 703 1870 ut
733 1814 781 1871 si
804 1815 876 1870 ad
898 1831 1084 1870 unum
1107 1815 1290 1871 addas
1315 1815 1482 1881 duos,
1514 1814 1665 1869 ﬁunt
1689 1818 1839 1912 tres:
1869 1854 1919 1922 Β

204 1907 336 1962 adde
352 1910 489 1973 tres,
504 1906 661 1960 ﬁunt
674 1921 801 1960 sex:
825 1904 976 1959 adde
998 1909 1271 1976 quatuor,
1301 1905 1449 1959 fiunt
1470 1904 1691 1958 decem.
1717 1902 1839 1959 Sic-

208 2000 263 2051 ut
288 2012 418 2067 ergo
443 2012 657 2062 unum,
687 1994 824 2061 duo,
860 1997 998 2061 tres,
1032 1998 1090 2048 et
1119 1997 1392 2064 quatuor,
1423 1993 1623 2048 decem
1654 1994 1836 2048 ﬁunt:

205 2085 276 2141 ita
302 2100 503 2153 unum,
536 2085 682 2152 duo,
718 2088 858 2151 tres,
885 2088 944 2139 et
972 2087 1241 2155 quatuor,
1266 2087 1472 2155 quater
1489 2082 1669 2150 ducti,
1696 2100 1841 2154 qua-

206 2175 458 2248 draginta
505 2175 681 2229 fiunt.
736 2173 801 2227 Et
828 2172 1106 2229 denarius
1150 2172 1388 2245 quidem
1440 2161 1719 2227 numerus
1764 2172 1838 2227 ad

208 2263 367 2321 Vetus
412 2263 672 2337 pertinet
716 2263 1183 2329 Testamentum,
1216 2264 1455 2333 propter
1499 2260 1839 2333 dccalogum

203 2354 366 2426 legis:
419 2351 926 2426 quadragenariae
974 2367 1129 2417 vero,
1177 2350 1251 2405 ad
1304 2348 1550 2422 gratiam
1595 2350 1843 2421 pertinet

205 2442 326 2499 Novi
355 2440 739 2509 Testamenti,
796 2440 938 2512 quia
995 2443 1253 2511 quatuor
1296 2442 1436 2494 sunt
1475 2437 1607 2494 libri
1656 2438 1841 2494 sancti

206 2531 500 2605 Evangelii.
531 2532 694 2587 Idem
714 2534 914 2585 autem
936 2545 1218 2584 numerus
1240 2527 1545 2601 praesentis
1562 2528 1687 2582 vitae
1720 2543 1846 2582 cur-

207 2638 321 2677 sum
342 2621 658 2695 signiﬁcat,
677 2619 820 2692 quia
839 2620 1098 2674 mundus
1120 2618 1176 2673 in
1196 2622 1448 2689 quatuor
1462 2616 1685 2689 species
1707 2616 1846 2671 divi-

206 2713 365 2779 ditur,
386 2711 699 2776 orientem,
717 2708 1098 2775 occidentem,
1124 2707 1578 2779 septentrionem
1600 2712 1656 2762 et
1676 2705 1847 2761 meri-

204 2801 363 2857 diem.
396 2801 463 2855 Et
486 2817 561 2855 ex
582 2797 675 2855 his
707 2797 910 2853 mundi
928 2797 1195 2870 partibus
1214 2795 1419 2852 fideles
1433 2794 1671 2868 colligit,
1693 2795 1846 2851 sicut

204 2890 468 2962 scriptum
504 2891 637 2943 est:
671 2909 700 2936 ‹‹
733 2889 888 2952 Quos
921 2883 1166 2941 redemit
1196 2885 1268 2940 de
1289 2901 1468 2939 manu
1498 2883 1742 2952 inimici,
1773 2885 1844 2940 de

207 2977 528 3052 regionibus
545 2976 918 3050 congregavit
937 2991 1061 3031 eos:
1088 2991 1124 3031 a
1143 2974 1282 3031 solis
1298 2978 1426 3030 ortu
1448 2977 1506 3030 et
1526 2990 1755 3039 occasu,
1771 2974 1843 3030 ab

204 3067 459 3140 aquilone
489 3070 551 3123 et
582 3066 728 3121 mari
755 3066 921 3131 (Paul.
945 3064 1078 3127 ενι).
1105 3086 1133 3114 ››
1158 3064 1332 3128 Quasi
1358 3062 1514 3119 enim
1537 3063 1842 3119 denarium

202 3156 865 3230 multiplicandoquater
884 3154 1185 3219 ducentes,
1208 3154 1279 3208 ad
1312 3152 1841 3225 quadragenarium

1950 567 2205 639 amplius
2231 586 2406 641 quam
2432 571 2675 645 triginta
2692 591 2791 630 sex
2808 576 2867 631 in
2888 577 3241 637 abstinentia
3266 590 3588 641 remanent.

1950 656 2096 712 Cum
2122 662 2324 714 autem
2374 660 2512 715 anni
2555 661 2811 721 circulus
2842 683 2944 737 per
2976 672 3264 727 trecentos
3293 674 3594 746 sexaginta

1951 746 2212 818 quinque
2242 747 2369 803 dies
2398 748 2665 823 volvitur,
2700 754 2747 808 si
2782 762 2933 811 recte
2992 758 3451 830 consideremus,
3485 762 3593 819 hoc

1950 838 2185 907 tempus
2216 838 2698 911 quadragesimae,
2732 844 3043 902 decimatio
3082 852 3171 903 est
3198 848 3327 904 vita:
3356 856 3590 908 nostrai.

1950 921 2206 995 Dignum
2236 930 2326 981 est
2353 928 2531 996 enim,
2559 933 2623 985 ut
2653 930 2755 1002 qui
2786 949 2890 1004 per
2918 938 3105 991 totum
3155 954 3375 995 annum
3422 942 3592 997 nobis

1947 1010 2220 1082 viximus,
2237 1014 2445 1072 saltem
2474 1017 2620 1087 istis,
2636 1020 2847 1077 diebus
2869 1024 3053 1081 sacris
3079 1030 3189 1083 Deo
3212 1028 3476 1086 Vivamus
3497 1036 3597 1087 :xut

1949 1117 2068 1155 non
2092 1101 2282 1158 solum
2315 1104 2385 1160 de
2415 1107 2632 1163 nostris
2665 1109 2857 1179 rebus,
2887 1114 2990 1168 sed
3034 1114 3213 1171 etiam
3261 1118 3331 1173 de
3378 1118 3595 1187 nostris

1950 1191 2292 1262 corporibus
2313 1192 2707 1277 Dco‘decimas
2736 1198 2964 1257 demus.
2998 1202 3067 1257 Et
3086 1203 3597 1277 abundetjustitia

1951 1284 2170 1347 nostra,
2187 1282 2235 1336 si
2250 1281 2745 1355 volumusintrare
2763 1288 2820 1342 in
2843 1306 3087 1362 regnum
3101 1293 3598 1368 ccelorum,super

1951 1368 2278 1426 scribarum
2310 1376 2366 1427 et
2396 1373 3082 1434 Pharisaeorumzutcum
3102 1379 3186 1435 illi
3216 1383 3597 1440 darentdeoi-

1956 1474 2079 1511 mas
2093 1476 2307 1526 rerum,
2330 1477 2434 1516 nos
2456 1462 2663 1519 demus
2685 1465 2941 1522 decimas
2956 1469 3179 1525 dierum
3192 1480 3207 1524 .'
3224 1471 3285 1526 In
3301 1472 3597 1530 abstinen-

1952 1546 2032 1601 tia
2060 1549 2335 1620 prompti,
2371 1549 2429 1605 in
2452 1552 2815 1609 orationibus
2843 1555 3085 1626 aesidui,
3120 1558 3178 1614 in
3210 1559 3598 1635 eleemosynis

1949 1635 2118 1708 largi:
2138 1653 2500 1695 maceremus
2514 1657 2747 1697 carnem
2765 1648 3024 1700 nostram
3042 1648 3417 1717 perabstinen
3428 1650 3591 1722 tiam,

1950 1729 2203 1780 mentem
2240 1743 2339 1798 per
2359 1730 2891 1801 compunctionem,
2912 1734 3332 1805 ut(secundum
3355 1740 3598 1811 Aposto-

1950 1811 2096 1885 lum)
2122 1814 2498 1873 exhibeamus
2529 1833 2771 1891 corpora
2801 1824 3000 1878 nostra
3032 1822 3281 1881 hostiam
3310 1827 3597 1885 viventem

1951 1904 2102 1958 Rom.
2146 1913 2268 1975 xu).
2321 1906 2525 1962 Hostia
2571 1907 2728 1964 enim
2779 1910 3118 1967 immolatur
3160 1918 3217 1969 et
3261 1915 3421 1982 vivit,
3461 1918 3600 1989 quia

1952 1990 2126 2047 homo
2147 2011 2181 2048 a
2204 1996 2473 2066 praesenti
2498 1996 2612 2052 vita
2644 2014 2758 2053 non
2792 1999 3006 2069 deficit,
3022 2005 3079 2056 et
3096 2006 3289 2058 tamen
3310 2021 3411 2077 per
3426 2007 3602 2062 absti-

1953 2081 2212 2136 nentiam
2245 2099 2415 2138 suam
2449 2100 2683 2140 carnem
2708 2087 2939 2160 atﬂigit.
2959 2089 3144 2145 Tanto
3170 2091 3327 2147 enim
3345 2098 3601 2166 accepta-

1952 2167 2217 2224 biliorem
2251 2170 2500 2227 hostiam
2530 2178 2642 2229 Deo
2674 2176 2859 2245 otl‘ert,
2894 2182 3115 2249 quanto
3146 2197 3260 2236 non
3310 2187 3474 2238 extra
3516 2199 3598 2253 se,

1952 2258 2105 2313 sicut
2134 2262 2221 2314 est
2249 2277 2457 2334 agnus,
2484 2263 2583 2318 sed
2617 2263 2676 2318 in
2707 2264 2899 2338 seipso
2931 2268 3139 2339 quierit
3168 2271 3324 2341 quod
3350 2276 3462 2329 Deo
3496 2273 3601 2329 im-

1953 2346 2465 2422 molet,Scriptura
2489 2352 2744 2408 dicente:
2780 2355 3185 2413 «Sacriﬁcium
3220 2359 3334 2416 Deo
3359 2362 3600 2435 spiritus

1952 2437 2403 2511 contribulatus,
2417 2443 2710 2497 corcontri
2723 2446 2842 2498 tum
2861 2445 3304 2504 ethumiliatum
3319 2450 3471 2507 Deus
3486 2468 3599 2508 non

1954 2525 2177 2597 spernit
2202 2529 2474 2601 (Psal.'L).
2514 2552 2541 2578 ››
2575 2531 2739 2586 Sicut
2768 2532 2925 2588 enim
2977 2534 3302 2592 fomentum
3335 2540 3598 2596 omnium

1951 2614 2228 2670 vitiorum
2250 2623 2337 2673 est
2353 2617 2510 2689 gula,
2527 2618 2611 2673 sic
2626 2620 3099 2679 nutrixomnium
3119 2625 3402 2683 virtutum
3420 2628 3601 2685 absti-

1955 2705 2397 2773 nentia;bonum
2412 2710 2605 2763 autem
2620 2708 3602 2786 abstinentice,aprincipiocomme-

1955 2795 2556 2860 moremus.Quandiu
2576 2797 2732 2852 enim
2765 2798 2940 2870 primi
2973 2803 3313 2873 parentesin
3329 2807 3599 2877 paradiso

1954 2888 2318 2955 manserunt,
2337 2884 2541 2940 tandiu
2570 2884 2762 2942 acibo
2790 2888 2964 2943 vetito
2995 2889 3423 2948 abstinuerunt.
3442 2894 3601 2951 Post-

1954 2987 2133 3042 quam
2164 2989 2296 3028 vero
2326 2973 2474 3046 gulae
2518 2975 2828 3031 desideriis
2876 2978 3307 3046 satisfecerunt,
3339 2983 3596 3054 paradisi

1952 3061 2343 3117 ammnitatcm
2362 3063 2630 3134 protinus
2646 3064 2989 3122 amiserunt.
3009 3068 3220 3140 Etpost
3233 3069 3352 3126 haec
3368 3071 3595 3145 Moyses

1954 3150 2057 3221 qui
2082 3150 2594 3224 jejunavit,legem
2631 3154 2727 3209 Dei
2760 3156 3012 3227 accepit:
3043 3158 3296 3229 populus
3325 3159 3599 3232 quicom-

182 3224 498 3302 numerum
542 3224 939 3318 pervenimus,
971 3243 1206 3315 quando
1237 3224 1426 3315 legem
1457 3224 1912 3313 spiritualiterLC
1944 3238 2088 3305 edit,
2112 3238 2268 3295 idola
2297 3239 2794 3297 fabricavit.Unde
2826 3224 3254 3316 scriptu—mest:
3276 3224 3595 3322 «S.editpo-

202 3334 587 3409 intelligendo,
610 3332 786 3389 latius
810 3349 913 3405 per
931 3331 1181 3405 gratiam
1202 3331 1342 3386 Novi
1370 3329 1727 3387 Testamenti
1747 3347 1843 3386 ex-

182 3422 495 3495 -plicamus.
514 3425 780 3495 Augetur
796 3421 955 3477 enim
983 3420 1096 3487 lex,
1118 3436 1253 3477 eum
1270 3417 1658 3493 spiritualiter
1676 3419 1847 3476 inter-

205 3516 488 3583 pretatur:
554 3511 697 3583 quia
746 3514 1033 3583 praecepta
1086 3513 1249 3584 tanto
1307 3508 1495 3582 magis
1551 3514 1845 3577 crescunt,

206 3605 404 3673 quanto
425 3600 712 3658 subtilius
745 3599 958 3655 iuerint
988 3615 1253 3656 excussa.
1289 3600 1387 3655 Est
1406 3599 1580 3655 etiam
1603 3599 1761 3655 aliud
1785 3599 1844 3655 in

206 3690 301 3747 hoc
316 3692 469 3763 quad
481 3689 785 3763 ragenario
803 3704 1067 3757 numero,
1092 3689 1245 3761 quod
1269 3704 1337 3743 cu
1349 3688 1539 3744 riosus
1559 3688 1736 3744 lector
1751 3689 1847 3743 ad-

199 3778 359 3849 jicere
402 3783 618 3852 potest.
652 3778 860 3833 Decem
894 3794 1148 3849 namque
1178 3776 1359 3850 Moysi
1394 3781 1678 3849 praecepta
1709 3778 1845 3832 data

207 3873 329 3924 sunt
354 3870 413 3925 in
443 3868 681 3924 duabus
704 3866 921 3923 tabulis
952 3865 1191 3938 scripta,
1226 3866 1285 3921 in
1308 3883 1423 3921 una
1453 3866 1690 3938 quidem
1711 3866 1841 3935 tria,

209 3957 256 4009 in
278 3957 391 4013 alia
420 3962 672 4029 septem.
705 3957 775 4011 Et
804 3954 915 4010 tria
960 3954 1197 4026 quidem
1239 3955 1312 4009 ad
1341 3954 1709 4010 dilectionem
1742 3955 1842 4011 Dei

204 4046 505 4116 pertinent:
526 4045 668 4118 quia
680 4042 1262 4116 Deusinseparabilis
1278 4042 1530 4098 Trinitas
1542 4047 1649 4111 est,
1666 4058 1840 4115 quem

198 4132 461 4201 jubemur
482 4133 725 4206 diligere
748 4137 867 4188 toto
888 4132 1081 4197 corde,
1106 4135 1227 4186 tota
1247 4136 1461 4200 mente,
1480 4136 1600 4187 tota
1621 4132 1837 4188 anima.

186 4221 417 4295 Septem
450 4228 651 4280 autem
683 4222 757 4278 ad
806 4221 1180 4277 dilectionem
1227 4220 1519 4292 pertinent
1571 4221 1836 4293 proximi,

204 4325 360 4381 quem
382 4313 563 4369 etiam
594 4310 750 4368 sicut
769 4327 878 4366 nos
907 4309 1150 4382 diligere
1180 4308 1587 4382 praecipimur:
1623 4314 1680 4365 et
1711 4309 1838 4383 pul-

181 4397 341 4467 chre,
382 4400 525 4475 quia
554 4403 714 4456 totus
743 4398 917 4455 homo
970 4402 1187 4464 noster,
1219 4397 1460 4453 interior
1486 4402 1544 4454 et
1569 4398 1835 4467 exterior,

204 4491 408 4559 septem
418 4486 814 4562 qualitatibus
832 4491 1081 4543 constat.
1100 4486 1158 4541 In
1168 4486 1359 4554 terior,
1377 4485 1699 4561 intellectu,
1716 4503 1836 4544 me-

1955 3327 2131 3399 pulus
2160 3329 2511 3385 manducare
2543 3334 2600 3385 et
2631 3331 2846 3387 bibere.
2880 3337 2937 3387 et
2969 3340 3350 3392 surrexerunt
3396 3337 3597 3394 ludere

1957 3417 2419 3488 (l’xod.xxxu).»
2435 3418 2636 3476 Mortis
2666 3437 2898 3493 quoque
2928 3424 3278 3479 sententiam
3309 3425 3597 3484 Jonathas

1956 3506 2294 3577 promeruit,
2311 3509 2463 3580 quod
2480 3508 2763 3564 indictum
2769 3509 3066 3580 jejunium
3080 3530 3113 3567 a
3131 3516 3313 3585 patre,
3330 3514 3597 3571 nesciens

1954 3594 2186 3650 violavit
2205 3596 2250 3664 (Ι
2277 3597 2400 3665 Reg.
2436 3599 2571 3660 xw).
2605 3596 2802 3652 Daniel
2844 3615 3096 3672 namque
3144 3605 3202 3657 et
3239 3605 3359 3659 tres
3408 3604 3594 3675 pueri,

1951 3684 2053 3755 qui
2086 3683 2144 3739 in
2177 3684 2312 3739 aula
2342 3686 2496 3758 regis
2528 3686 2686 3741 mira:
2708 3686 3074 3743 abstinentia
3100 3690 3353 3760 fuerunt,
3375 3708 3597 3750 nonsa-

1952 3772 2078 3828 lum
2111 3773 2344 3830 leonum
2365 3776 2568 3830 dentes
2590 3781 2916 3845 evaserunt,
2934 3782 2989 3832 et
3005 3779 3464 3854 t'ornacemignis
3480 3794 3595 3838 non

1950 3867 2285 3931 senserunt,
2317 3864 2415 3920 sed
2445 3864 2622 3919 etiam
2657 3865 3077 3937 interpretandi
3124 3884 3291 3924 sacra
3321 3870 3599 3942 mysteria

1951 3951 2255 4008 scientiam
2270 3956 2797 4025 acceperunt’Dan.
2815 3955 2916 4027 ιιι).
2931 3954 3188 4012 Joannes
3202 3958 3599 4032 quoque,quia

1951 4041 2110 4095 mira:
2141 4040 2504 4096 abstinentiae
2538 4042 2664 4110 fuit,
2690 4043 3116 4116 redemptorem
3151 4064 3265 4102 non
3298 4046 3488 4103 solum
3507 4048 3592 4103 vi-

1947 4129 2104 4197 dere,
2140 4130 2241 4185 sed
2275 4130 2449 4185 etiam
2484 4130 2778 4203 baptizare
2810 4134 3205 4199 meruit.Quid
3241 4135 3447 4206 plura?
3470 4137 3597 4209 Ipse

1950 4218 2237 4273 mediator
2265 4218 2364 4274 Dei
2397 4223 2452 4274 et
2468 4218 2774 4274 hominum
2794 4220 2968 4276 homo
2988 4223 3195 4288 factus,
3218 4227 3596 4295 utsuperaret

1948 4306 2268 4375 diabolum,
2286 4307 2677 4380 quadraginta
2703 4308 2910 4364 diebus
2932 4313 2988 4364 et
3003 4310 3394 4382 quadraginta
3409 4312 3594 4367 nocti-

1947 4396 2059 4451 bus
2070 4394 2377 4466 jejunavit,
2394 4396 2711 4451 ostendens
2732 4395 3116 4453 invictissime
3132 4414 3296 4453 arma
3311 4400 3595 4472 essejeju-

1948 4483 2112 4539 nium
2143 4484 2629 4540 etabstinentiam
2647 4491 2849 4541 contra
2862 4484 3105 4541 insidias
3117 4485 3352 4541 diaboli.
3368 4487 3593 4551 Quibus

194 4577 393 4645 Imm-ia,
422 4584 479 4634 et
505 4577 834 4634 voluntate:
880 4576 1153 4643 exterior,
1184 4578 1356 4645 terra,
1401 4591 1572 4649 aqua,
1616 4576 1750 4650 igne
1778 4582 1915 4668 etin
1944 4572 2225 4645 exemplis
2254 4571 2499 4641 invitati,
2532 4574 2803 4629 virtutem
2836 4573 3200 4630 abstinentiae
3252 4578 3373 4631 toto
3420 4577 3593 4633 corde

202 4678 337 4733 aere,
367 4665 422 4723 id
450 4671 543 4724 est
566 4666 784 4723 callida
812 4665 1045 4739 frigida,
1082 4665 1242 4721 sicca
1283 4668 1340 4719 et
1383 4664 1643 4721 humida.
1692 4666 1835 4739 Sep-

196 4753 461 4829 temergo
481 4760 541 4813 et
559 4756 677 4811 tria
688 4756 897 4811 decem
914 4756 1083 4810 fiunt.
1103 4754 1174 4809 Et
1193 4769 1303 4808 nos
1322 4752 1506 4826 igitur
1514 4755 1841 4828 jungamus

202 4846 410 4913 septem
428 4846 500 4901 ad
522 4849 666 4913 tres,
690 4848 758 4900 ut
773 4844 847 4900 ad
866 4844 1523 4917 perfectum‘numerum
1546 4844 1839 4914 pervenia-

202 4941 348 4998 mus,
376 4931 431 4988 id
457 4938 547 4991 est
574 4938 697 4993 toto
724 4932 1056 4990 dilectionis
1094 4931 1331 5000 affectu,
1361 4933 1605 4988 creatori
1638 4938 1835 4991 nostro

206 5016 594 5079 inbureamue.
629 5022 699 5077 Et
717 5022 857 5094 quia
874 5021 1113 5095 indigne
1142 5016 1387 5076 vivendo
1417 5027 1705 5095 praecepta
1735 5024 1839 5079 De-

206 5104 379 5181 oalogi
404 5111 751 5185 transgressi
772 5127 1002 5178 sumus,
1033 5111 1223 5183 ipsum
1255 5124 1489 5165 carnem
1520 5126 1625 5182 per
1653 5113 1835 5183 pceni-

206 5195 427 5254 tentiam
439 5200 870 5274 afﬂigamus,ut
882 5200 953 5255 ad
965 5199 1117 5271 quad
1125 5199 1495 5272 ragenarium
1513 5200 1835 5272 perfectum

210 5295 507 5345 numerem:
523 5290 826 5363 pervenire
846 5288 1165 5362 possimus.
1188 5289 1303 5344 Nec
1326 5287 1499 5344 debet
1521 5304 1834 5346 onerosum

206 5369 390 5442 videri,
418 5378 467 5433 si
487 5378 713 5435 .deihoc
738 5376 1206 5450 quadragenario
1239 5392 1502 5449 numero,
1534 5395 1639 5450 pro
1671 5396 1834 5435 eom-

212 5462 357 5517 mani
380 5464 876 5539 utilitate,'aliqua
896 5465 1097 5522 adhuc
1111 5466 1460 5522 inseramus.
1493 5468 1540 5521 Α
1559 5469 1834 5539 praesenti

211 5545 295 5603 die
314 5567 483 5627 usque
504 5556 575 5611 ad
596 5560 871 5613 sanctum
895 5554 1133 5623 Pascha,
1157 5553 1547 5627 quadraginta
1577 5555 1692 5613 duo
1709 5557 1835 5616 dies

209 5643 421 5702 nutare
435 5649 870 5723 suanqaorum
892 5647 1033 5704 sunt
1050 5640 1429 5705 hebdomade
1446 5659 1567 5705 sex.
1596 5645 1835 5707 Subtra-

1947 4662 2361 4734 suscipiamus.
2382 4666 2444 4717 ut
2465 4667 2521 4717 et
2538 4663 2735 4718 futura
2757 4662 2911 4718 mala
2923 4664 3218 4735 possimus
3230 4665 3590 4737 extinguere,

1950 4758 2008 4808 et
2039 4752 2330 4824 praeterita
2363 4757 2599 4825 peccata
2630 4752 2873 4819 diluere,
2905 4753 2964 4807 in
3001 4754 3263 4826 exemplo
3312 4753 3593 4814 Ninivita-

1948 4858 2103 4908 rum,
2137 4841 2236 4913 qui
2280 4840 2608 4897 minitantis
2638 4842 2738 4897 Dei
2769 4842 2939 4908 iram,
2973 4858 3075 4915 per
3106 4841 3362 4897 triduum
3392 4858 3594 4900 evase-

1946 4933 2085 4985 runt
2113 4929 2528 4986 abstinentiam
2544 4930 2845 4992 (Icarum.
2864 4930 2975 4986 Sed
3009 4929 3149 5002 quia
3178 4931 3592 5002 comesjejunii

1945 5018 2313 5092 eleemosyna
2342 5024 2449 5088 est,
2482 5020 2726 5093 dignum
2759 5023 2865 5086 est,
2884 5023 2948 5074 ut
2977 5019 3131 5091 quod
3155 5019 3380 5092 corpori
3395 5025 3593 5076 nostro

1944 5107 3592 5182 sublrahimusperabstinentiam,pauperibuserogemus

1946 5216 2047 5272 per
2078 5199 2559 5256 misericordiam.
2596 5197 2743 5253 Illud
2774 5214 2911 5272 ergo
2934 5199 3231 5271 jejunium
3279 5198 3431 5255 Deus
3475 5210 3589 5254 non

1945 5288 2417 5361 approbat,quod
2451 5287 2820 5361 eleemosyna
2846 5306 2963 5345 non
2994 5288 3337 5352 ornat.Quia
3376 5288 3593 5345 taleest

1936 5377 2232 5450 jejunium
2264 5377 2391 5433 sine
2420 5377 2809 5450 eleemosyna,
2828 5378 3158 5451 qualissine
3179 5377 3582 5434 oleolucerna.

1946 5466 2105 5523 Unde
2128 5466 2254 5538 ipse
2280 5466 2564 5523 Dominus
2594 5484 2698 5540 per
2727 5468 3071 5541 prophetam
3106 5467 3394 5540 quosdam
3427 5467 3590 5538 jeju-

1945 5559 2173 5624 nantes,
2205 5555 2305 5612 sed
2338 5556 2410 5612 ab
2441 5555 2807 5632 elecmosyna
2836 5562 3136 5615 cessantes
3167 5554 3481 5628 redarguit,
3506 5552 3590 5610 di-

1942 5664 2079 5707 cens
2112 5662 2126 5704 :
2161 5668 2189 5698 ‹‹
2224 5645 2369 5706 Cum
2394 5647 2744 5724 jejunaretis
2773 5652 2830 5706 et
2858 5646 3233 5729 plangeretis,
3268 5658 3459 5703 nonne
3486 5655 3587 5703 vo-
