4028 6176
334 350 463 408 ’495

906 343 1308 407 ΗΑΥΜΟΝΙΞ
1356 337 1894 403 HALBERSTAT.
1947 333 2194 397 EPISC.
2241 338 2414 398 UPP.
2460 337 2660 413 PARS
2705 336 2884 396 Il.—
2916 334 3186 395 HOMIL.

3635 327 3754 386 l96

347 480 712 555 bismetipsis
726 479 1113 553 jejunastiset
1125 470 1850 551 planxistis(Zach.v11).?»
1865 468 1986 525 Sibi
2015 466 2071 536 Α
2099 467 2394 539 Jejunavit
2425 473 2620 525 autem
2655 485 2770 524 non
2801 466 2992 523 solum
3016 462 3406 539 quadraginta
3426 460 3751 517 diebussed

347 572 505 629 enim
535 575 591 627 et
621 588 735 626 non
769 567 1267 641 Deojejunat,qui
1299 566 1407 621 hoc
1432 562 1585 636 quod
1617 558 1994 632 corporisub-

345 661 528 718 trahit
557 678 660 733 per
676 658 1117 725 abstinentiam,
1135 674 1249 712 non
1276 653 1634 728 pauperibus
1657 652 1874 721 erogat,
1890 647 1992 703 sed

347 750 462 806 sibi
494 750 551 805 in
587 755 883 823 posterum
918 745 1309 811 reservatQui
1340 747 1536 799 autem
1561 741 1791 812 jejunat
1819 736 1993 793 etcle-

345 857 653 911 mosynam
684 836 910 904 tribuit,
928 851 1164 891 necesse
1176 838 1265 890 est
1291 836 1354 888 ut
1367 833 1438 887 ab
1450 830 1608 887 omni
1625 824 1994 884 iracundiaet

345 929 477 983 odio
509 931 684 998 atque
724 925 1091 998 impatientia
1131 940 1230 978 cor
1277 937 1451 977 suum
1497 917 1809 974 custodiat.
1845 914 1991 981 Quia

343 1017 567 1073 frustra
596 1015 857 1087 seipsum
877 1011 1085 1086 afﬂigit
1105 1012 1162 1066 in
1187 1026 1445 1082 corpore,
1469 1006 1567 1080 qui
1586 1002 1785 1061 odium
1800 1008 1991 1060 servat

344 1106 403 1161 in
417 1106 607 1169 corde,
625 1103 776 1159 sicut
788 1103 1071 1159 Dominus
1085 1098 1458 1173 quosdamjej
1470 1100 1715 1151 unantes
1730 1094 1991 1164 increpat

343 1194 571 1250 dicens:
594 1217 621 1243 ‹‹
657 1193 799 1248 Ecce
833 1191 891 1246 in
924 1189 1017 1246 die
1039 1188 1251 1261 jejunii
1284 1186 1459 1243 vestri
1483 1181 1987 1241 inveniturvolun-

342 1287 431 1339 tas
461 1285 745 1347 vestra,'et
774 1296 975 1336 omnes
1007 1278 1297 1334 debitores
1310 1279 1529 1331 vestros
1551 1271 1831 1345 repetitis.
1850 1270 1988 1325 Ecce

342 1373 412 1427 ad
448 1369 582 1426 lites
602 1376 657 1426 et
673 1368 1160 1438 contentionesjej
1172 1364 1385 1432 unatis,
1403 1368 1459 1419 et
1471 1361 1772 1435 percutitis
1790 1375 1986 1432 pugno

342 1460 520 1532 impie
551 1460 684 1521 (Isa.
727 1460 902 1514 Lvm’.
942 1484 960 1508 ιι
1000 1457 1066 1510 Et
1098 1474 1127 1511 e
1159 1458 1362 1510 contra
1393 1451 1677 1507 Dominus
1708 1467 1809 1522 per
1827 1447 1982 1503 Joel:

342 1574 368 1598 ‹‹
403 1548 772 1604 Sanctiﬁcate
795 1546 1091 1617 jejunium
1121 1543 1354 1605 (Juel.1).
1393 1565 1419 1590 ››
1452 1537 1984 1608 Sanctiﬁcarejeju-

342 1639 526 1704 nium,
556 1641 645 1694 est
670 1653 805 1691 eum
836 1632 1190 1690 abstinentia
1220 1631 1410 1686 carnis
1440 1628 1867 1700 eleemosynam
1893 1624 1988 1680 tri-

338 1727 537 1792 buere,
572 1730 627 1780 et
652 1729 857 1779 caetera
887 1722 1118 1795 pietatis
1143 1738 1318 1793 opera
1349 1719 1703 1791 impendere.
1728 1716 1986 1786 Quapro-

340 1819 487 1889 pter
519 1814 843 1870 secundum
889 1809 1254 1882 Apostolum,
1287 1809 1387 1880 qui
1437 1808 1516 1863 ait
1549 1824 1562 1861 :
1595 1830 1622 1857 α
1654 1807 1797 1861 Ecce
1830 1820 1985 1860 nunc
2018 1842 2063 1906 Β

340 1910 577 1976 tempus
608 1899 983 1974 acccplabile,
1017 1916 1149 1954 ecce
1172 1916 1327 1953 nunc
1359 1897 1483 1952 dies
1517 1893 1723 1951 salutis
1757 1894 1833 1962 (Il
1865 1892 1985 1948 Cor.

336 1993 439 2065 vx),
456 2016 484 2043 ››
501 1992 743 2065 dignum
759 1994 846 2045 est
866 1989 999 2044 utin
1015 1988 1107 2044 his
1121 1988 1326 2043 diebus
1339 2004 1404 2042 ex
1417 1985 1725 2041 hibeamus
1739 1985 1992 2037 nosmet-

337 2082 499 2154 ipsos
530 2080 683 2135 sicut
713 2078 813 2133 Dei
848 2076 1168 2143 ministros,
1203 2075 1261 2129 in
1294 2073 1477 2129 multa
1506 2072 1807 2144 patientia,
1828 2070 1988 2141 inje-

330 2170 617 2242 juniis,in
651 2166 964 2241 vigiliis,in
998 2162 1661 2236 castitate,incharilate
1694 2177 1808 2216 non
1834 2160 1984 2214 ﬁcta.

339 2262 634 2325 Quantum
668 2261 863 2312 autem
896 2254 1059 2328 pacis
1090 2253 1460 2310 concordiam
1492 2250 1777 2306 Dominus
1799 2249 1859 2304 in
1894 2266 1984 2303 no-

339 2347 429 2402 bis
463 2346 692 2418 diligat,
724 2342 849 2416 ipse
886 2342 1218 2399 manifestat
1249 2341 1309 2395 in
1344 2338 1671 2412 Evangelio‘,
1700 2355 1833 2394 cum
1866 2337 1986 2393 cla-

338 2441 489 2493 mat:
516 2459 542 2486 ‹‹
569 2433 629 2492 Si
660 2434 832 2489 offers
866 2448 1085 2487 munus
1118 2435 1284 2486 tuum
1317 2430 1389 2485 ad
1418 2426 1985 2493 altare,etibirecor-

339 2525 513 2580 datus
529 2522 706 2578 fueris
722 2521 858 2594 quia
872 2521 1081 2575 fratrer
1112 2524 1248 2575 tuus
1280 2519 1453 2574 habet
1474 2517 1695 2587 aliquid
1709 2516 1987 2570 adversus

338 2617 395 2669 te
427 2613 648 2682 (Matth.
681 2614 755 2679 v),
794 2632 820 2659 »
852 2613 960 2665 etc.
995 2609 1180 2664 Tanto
1216 2607 1371 2663 enim
1415 2607 1681 2663 securius
1732 2620 1985 2660 resurre-

339 2700 549 2757 ctionis
582 2699 734 2755 diem
768 2696 1214 2761 celebrabimus,
1249 2700 1466 2767 quanto
1498 2693 1821 2749 distristius
1842 2709 1987 2764 prae-

338 2789 525 2845 sentis
578 2787 859 2860 temporis
889 2785 1013 2841 dies
1043 2783 1567 2841 observaverimus.
1603 2782 1765 2838 Unde
1794 2780 1986 2854 qualis

340 2896 582 2949 merces,
600 2878 716 2932 imo
740 2879 960 2947 quanta
980 2874 1165 2948 gloria
1197 2871 1449 2944 sinpliei
1473 2870 1985 2942 cordojejunanti-

340 2968 468 3031 bus,
485 2972 542 3022 et
575 2964 1002 3035 eleemosynam
1037 2960 1420 3035 largientibus
1448 2966 1699 3028 maneat,
1726 2958 1851 3031 ipse
1873 2959 1986 3014 Do-

340 3056 537 3109 minus
573 3051 829 3108 ostendit
863 3068 874 3105 :
913 3051 1013 3124 qui
1050 3067 1185 3106 cum
1216 3050 1462 3106 dixisset
1504 3068 1605 3122 per
1637 3048 1984 3121 PrOphetam

339 3145 463 3213 (Isa.
500 3141 650 3203 LVlll)
685 3158 698 3197 :
735 3165 761 3191 «
793 3141 909 3197 Hoc
934 3145 1022 3196 est
1040 3138 1338 3212 jejunium
1370 3140 1528 3211 quod
1556 3138 1704 3211 elegi
1736 3155 1748 3193 :
1785 3138 1984 3209 frange

2103 557 2281 614 etiam
2317 557 2586 615 noctibus
2620 575 2632 614 :
2667 563 2737 613 ut
2765 556 2882 613 sive
2913 572 3192 628 prospera
3219 552 3600 609 blandiantur
3619 566 3752 622 quae

2102 647 2514 721 signiﬁcantur
2544 666 2646 721 per
2676 647 2822 725 dies,
2857 645 2974 702 sive
3025 646 3268 701 adversa
3314 646 3591 707 terreant,
3659 657 3751 694 uae

2101 736 2510 811 signiﬁcantur
2536 754 2641 810 per
2671 733 3234 804 noctes,immobiles
3265 734 3591 805 perseveret
3620 729 3753 785 ani-

2102 843 2238 883 mus
2270 826 2661 893 Christianus,
2697 826 2849 881 sicut
2878 823 3127 880 faciebat
3166 820 3284 888 ille,
3319 821 3420 892 qui
3469 819 3697 874 dicebat
3730 835 3747 874 :

2101 940 2130 967 ‹‹
2165 916 2272 972 Per
2316 932 2483 972 arma
2519 914 2766 988 justitiae
2814 932 2848 970 a
2887 912 3105 970 dextris
3153 915 3210 966 et
3251 927 3287 965 a
3335 908 3614 974 sinistris,
3647 926 3753 980 per

2099 1005 2347 1085 gloriam
2380 1009 2438 1061 et
2461 1003 2912 1078 ignobilitatem,
2943 1020 3047 1076 per
3085 999 3390 1056 infamiam
3440 1004 3499 1054 et
3530 998 3747 1053 bonam

2098 1095 2336 1164 famam,
2372 1099 2439 1149 ul;
2462 1095 2801 1149 seductores
2831 1097 2886 1148 et
2915 1090 3339 1158 veraces,sicut
3368 1088 3467 1160 qui
3494 1087 3674 1159 ignoti
3689 1093 3750 1143 et

2097 1183 2312 1258 cogniti
2343 1184 2417 1247 (Il
2442 1187 2567 1241 Cor.
2598 1183 2695 1243 vx).
2727 1205 2753 1231 »
2787 1183 2939 1237 Bene
2969 1184 3165 1236 autem
3197 1182 3507 1251 postquam
3522 1177 3745 1232 dictum

2096 1266 3750 1345 estucumjejunassetquadragintadiebusetquadragin-

2095 1367 2157 1419 ta
2172 1363 2501 1428 noctibus,»
2516 1360 2781 1418 additum
2793 1361 2905 1426 est,
2922 1383 2947 1409 ‹‹
2966 1364 3167 1432 postea
3179 1356 3406 1421 esuriit,
3426 1378 3451 1404 ››
3465 1355 3747 1411 utverain
3816 1364 3821 1367 ‘

2096 1450 2196 1507 illo
2228 1451 2569 1506 humanitas
2591 1438 2717 1505 esse
2730 1448 3150 1504 ostenderetur.
3168 1446 3285 1501 Hoc
3298 1444 3454 1500 enim
3466 1445 3536 1500 de
3552 1445 3749 1516 Moyse

2095 1546 2152 1596 et
2182 1540 2304 1596 Elia
2336 1539 2621 1611 scriptum
2653 1555 2770 1593 non
2799 1536 3071 1610 legimus,
3102 1534 3242 1608 quia
3280 1532 3424 1589 nulli
3474 1533 3745 1602 dubium,

2096 1631 2249 1701 quod
2284 1633 2416 1702 post
2435 1626 2731 1701 jejunium
2754 1630 2818 1682 ut
2840 1626 2969 1698 puri
2996 1625 3263 1681 homines
3283 1622 3595 1679 esurierint
3613 1640 3625 1678 :
3643 1624 3744 1678 sed

2096 1719 2166 1775 de
2197 1718 2317 1785 illo,
2350 1717 2450 1791 qui
2487 1717 2569 1773 ita
2622 1717 2776 1772 Deus
2822 1718 2965 1779 erat,
3000 1719 3066 1769 ut
3112 1714 3291 1769 etiam
3341 1712 3517 1768 homo
3568 1715 3742 1779 esset,

2095 1808 2341 1880 dignum
2372 1807 2481 1862 fuit
2512 1810 2576 1862 ut
2606 1803 3094 1861 scriberetur.Vel
3126 1807 3279 1858 certe
3296 1806 3429 1873 post
3449 1802 3746 1873 jejunium

2097 1896 2327 1964 esuriit,
2340 1899 2404 1951 ut
2416 1895 2642 1951 occasio
2656 1893 2918 1950 tentandi
2933 1891 3162 1948 diabolo
3175 1891 3546 1963 praeberetur.
3563 1890 3745 1953 Quem

2099 1985 2255 2041 enim
2287 1983 2678 2057 quadraginta
2706 1982 2914 2055 diebus
2964 1986 3021 2036 et
3069 1981 3337 2036 noctibus
3373 1980 3747 2051 jejunantem

2097 2074 2346 2141 videbat,
2364 2073 2609 2128 fortasse
2642 2076 2870 2127 tentare
2901 2088 3017 2125 non
3050 2070 3311 2136 auderet,
3331 2068 3443 2124 nisi
3472 2085 3751 2125 eumesu-

2099 2162 2342 2219 rientem
2373 2163 2584 2219 iterum
2634 2164 2915 2216 cerneret.
2950 2161 3019 2214 Et
3067 2176 3239 2231 quem
3270 2162 3410 2230 post
3447 2158 3748 2228 jejunium

2098 2252 2446 2307 esurientem
2468 2249 2633 2315 vidit,
2657 2249 2825 2321 quasi
2853 2248 3152 2304 hominem
3178 2252 3401 2303 tentare
3423 2263 3747 2320 praesump-

2097 2341 2192 2397 sit.
2228 2339 2390 2396 Unde
2422 2343 2478 2395 et
2507 2338 2782 2394 subditur
2813 2354 2826 2392 :

2171 2454 2198 2481 ‹‹
2230 2431 2300 2484 Et
2321 2428 2603 2484 accedens
2634 2426 3069 2495 tentator,dixit
3099 2426 3149 2482 ei
3185 2443 3199 2482 :
3234 2426 3291 2481 Si
3328 2424 3510 2481 Filius
3539 2425 3641 2481 Dei
3657 2442 3743 2490 es,

2098 2541 2126 2569 ‹‹
2141 2519 2233 2575 dic
2247 2518 2542 2589 utlapides
2557 2517 2654 2572 isti
2686 2534 2866 2589 panes
2888 2517 3049 2571 ﬁant.
3072 2540 3091 2565 ι»
3110 2516 3257 2582 Quia
3279 2515 3556 2571 esurienti
3576 2516 3748 2585 panis

2095 2608 2382 2681 congruit,
2417 2623 2591 2679 quem
2621 2606 2974 2661 esurientem
3016 2606 3182 2673 vidit,
3217 2609 3280 2659 ut
3329 2605 3400 2660 de
3447 2604 3746 2674 lapidibus

2096 2714 2307 2770 panem
2335 2697 2567 2762 faceret,
2593 2691 2903 2767 persuasit.
2919 2695 3030 2750 Sed
3066 2695 3209 2750 forte
3242 2697 3432 2748 movet
3460 2691 3741 2764 aliquem,

2095 2786 2250 2841 unde
2278 2783 2566 2851 diabolus,
2601 2787 2666 2838 ut
2710 2782 3020 2838 Dominum
3068 2785 3340 2849 tentaret,
3374 2780 3746 2837 occasionem

2096 2873 2436 2946 sumpserit,
2468 2876 2525 2928 et
2555 2889 2659 2927 cur
2687 2888 2825 2927 eum
2853 2870 3064 2927 Filium
3099 2870 3195 2925 Dei
3227 2869 3619 2943 aestimaverit.
3657 2869 3746 2923 Ad

2095 2963 2252 3036 quod
2281 2961 2774 3034 respondendum,
2808 2959 2947 3032 quia
2978 2959 3123 3015 forte
3153 2958 3376 3014 audivit
3400 2958 3500 3013 Dei
3560 2958 3749 3014 Patris

2092 3068 2289 3109 vocem
2326 3052 2720 3107 intonantem:
2745 3072 2773 3099 ‹‹
2806 3049 2910 3104 Hic
2940 3053 3031 3104 est
3061 3048 3242 3104 Filius
3271 3063 3437 3107 meus
3469 3046 3744 3115 dilectus,

2094 3142 2154 3197 in
2187 3158 2300 3213 quo
2333 3139 2477 3194 mihi
2507 3139 2833 3211 complacui
2858 3141 3075 3201 (ΜαιιΙι.
3105 3140 3262 3201 xvu).
3282 3138 3393 3192 nEt
3420 3136 3546 3192 ideo
3568 3152 3748 3207 quem

338 3230 613 3288 esurienti
641 3248 851 3302 panem
883 3234 1375 3302 tuum,etegenos
1400 3244 1687 3301 vagosque
1718 3226 1895 3282 induc
1926 3225 1985 3279 in
2017 3209 2060 3277 (ἶ
2092 3209 2341 3285 testante
2357 3228 2521 3284 Patre
2535 3209 2720 3283 Deum
2738 3226 3296 3293 audivit,hominem
3311 3226 3542 3280 credere
3556 3224 3751 3283 distu-

347 3322 587 3377 domum
618 3329 778 3375 tuam
813 3336 825 3373 :
861 3336 995 3374 eum
1026 3318 1242 3373 videris
1274 3318 1518 3383 nudum,
1553 3315 1711 3387 operi
1742 3331 1898 3380 eum,
1929 3316 1986 3369 et
2091 3318 2178 3374 lit.
2212 3317 2335 3373 Nisi
2365 3317 2522 3373 enim
2544 3317 2730 3372 Denm
2782 3314 2950 3371 illum
2990 3316 3325 3380 aestimaret,
3363 3330 3738 3386 nequaquam

340 3426 575 3464 carnem
611 3412 773 3462 tuam
807 3424 879 3461 ne
909 3405 1263 3477 despexeris,
1298 3403 1513 3474 adjecit
1547 3420 1559 3457 :
1596 3404 1760 3458 Tunc
1790 3419 1982 3457 erum-

341 3501 436 3567 pet
468 3494 635 3567 quasi
670 3511 840 3549 mane
862 3493 1060 3549 lumen
1095 3499 1284 3558 tuum,
1316 3497 1372 3546 et
1402 3489 1622 3546 sanitas
1672 3494 1776 3545 tua
1814 3488 1987 3545 citius

342 3584 579 3639 orietur.
596 3581 915 3637 Etanteibit
947 3579 1153 3636 faciem
1184 3578 1719 3650 tuamjustitiatua,
1735 3578 1989 3650 etgloria

342 3670 572 3727 Domini
589 3667 821 3741 colliget
837 3674 908 3724 te.
929 3669 1091 3723 Tunc
1110 3667 1424 3733 invocabis,
1438 3671 1493 3722 et
1515 3667 1803 3724 Dominus
1821 3685 1989 3722 exau-

343 3759 487 3815 diet:
504 3758 806 3826 clamabis,
822 3763 880 3812 et
893 3758 1062 3823 dicet,
1079 3758 1218 3813 Ecce
1233 3757 1441 3812 adsum
1456 3755 1666 3829 (llud).
1686 3779 1712 3806 ››
1728 3758 1992 3829 Congrua

343 3852 539 3904 autem
554 3847 776 3903 ratione
789 3846 1052 3919 magistri
1068 3844 1355 3913 Ecclesiae,
1371 3845 1521 3917 quad
1533 3845 1990 3918 ragesimzetem-

345 3950 454 4008 pus
468 3954 539 3991 an
549 3934 834 3990 teDomini
852 3934 1183 4007 passionem
1198 3934 1517 3990 observand
1528 3952 1627 3990 um
1640 3951 1767 3991 esse
1780 3938 1995 3990 statue-

346 4027 574 4092 runt,ut
591 4022 986 4096 intelligamus
1004 4023 1142 4094 quia
1163 4023 1465 4095 praesentis
1486 4022 1613 4078 vitae
1635 4022 1991 4079 afﬁictioim-

349 4111 703 4169 mortalitem
737 4112 993 4167 futuram
1019 4111 1287 4182 parit.Ad
1303 4129 1479 4184 quam
1503 4128 1623 4167 rem
1642 4112 1992 4168 conﬁrman-

348 4201 507 4270 dam,
525 4201 649 4274 ipse
671 4200 957 4256 Dominus
972 4199 1073 4272 qui
1097 4200 1701 4274 quadragintadiebus
1714 4205 1847 4256 ante
1860 4217 1992 4272 pas-

350 4290 574 4347 sionem
601 4288 909 4361 jejunavit,
944 4288 1338 4361 quadraginta
1366 4290 1543 4345 etiam
1575 4293 1707 4362 post
1736 4306 1993 4345 resurre-

348 4379 598 4435 ctionem
632 4395 765 4433 cum
799 4376 1104 4449 discipulis
1134 4382 1512 4435 conversatus
1543 4383 1652 4443 est,
1682 4382 1994 4450 utrumque

350 4473 586 4539 tempus
616 4465 1006 4539 quadraginta
1036 4466 1263 4522 dierum
1296 4484 1539 4523 numero
1571 4467 1871 4540 complens
1898 4471 1997 4523 :ut

350 4556 701 4643 ostenderet,
725 4554 782 4610 in
816 4554 1087 4627 praesenti
1113 4554 1227 4610 vita
1251 4560 1482 4627 tempus
1499 4571 1626 4611 esse
1639 4554 2007 4624 afflictionis,
2026 4580 2076 4645 Β

351 4647 407 4698 et
439 4643 498 4697 in
535 4643 728 4699 futuro
764 4643 987 4716 gaudii.
1023 4642 1166 4699 Cum
1198 4642 1355 4699 enim
1378 4643 1767 4715 quadraginta
1794 4645 2000 4700 diebus
2027 4642 2041 4689 ἶ

348 4736 486 4815 ante
519 4732 854 4804 passionem
880 4732 1197 4803 jejunaret,
1232 4730 1401 4803 quasi
1434 4731 1728 4788 clamabat
1763 4749 1774 4786 :
1812 4756 1838 4782 ‹‹
1874 4733 1997 4788 Nisi

350 4821 747 4894 pmnitentiam
779 4821 1034 4894 egeritis,
1063 4819 1393 4875 moriemini
1417 4820 1474 4876 in
1505 4822 1761 4894 peccatis
1789 4822 2001 4879 vestris

354 4892 506 4979 (Luc.
540 4912 687 4979 xm);
716 4933 743 4960 »
769 4892 1448 4967 etPet‘ruszuAbstinete
1476 4892 1579 4966 vos
1608 4927 1642 4965 a
1668 4911 2004 4969 carnalibus

358 4999 814 5071 desideriis,quas
829 4998 1087 5054 militant
1099 5000 1378 5055 adversus
1391 4997 1648 5055 animam
1664 5001 1707 5073 (ι
1718 5007 1868 5058 Ρθίν.
1883 5002 2002 5072 ιι).››

354 5092 503 5143 Dum
532 5104 662 5143 vero
693 5092 825 5159 post
848 5089 1327 5144 resurrectionem
1351 5105 1520 5145 suam
1545 5107 1676 5146 cum
1700 5089 2005 5162 discipulis

354 5181 816 5242 conversaretur,
850 5192 1053 5232 eorum
1085 5179 1258 5233 corda
1288 5177 1614 5245 laetiﬁcans,
1648 5179 1819 5251 quasi
1858 5178 2005 5235 illud

355 5264 637 5339 gaudium
670 5263 965 5320 ineffabile
996 5265 1393 5338 promittebat,
1426 5268 1495 5323 de
1527 5285 1643 5340 quo
1689 5267 1828 5324 alibi
1874 5268 1957 5324 ait
1989 5286 2002 5324 :

358 5354 616 5411 «Iterum
641 5353 846 5411 videbo
878 5372 979 5411 vos
1010 5359 1067 5411 et
1095 5356 1775 5428 gaudebitcorvestrum,
1796 5364 2005 5433 etgau-

356 5444 520 5499 dium
553 5449 813 5499 vestrum
849 5461 1020 5500 nemo
1054 5443 1216 5499 tollet
1247 5463 1280 5500 a
1311 5446 1474 5501 vobis
1507 5452 1844 5519 (Joan.xIV).
1883 5473 1909 5498 υ
1943 5452 2008 5504 Et

356 5534 569 5589 iterum
597 5551 609 5590 :
646 5559 671 5585 ‹‹
709 5535 851 5591 Ecce
884 5552 988 5605 ego
1019 5533 1320 5588 vobiscum
1348 5552 1476 5589 sum
1513 5537 1785 5593 omuibus
1801 5538 2007 5595 diebus

357 5638 545 5701 usque
576 5624 650 5683 ad
679 5622 1246 5684 consummationem
1269 5623 1465 5682 saeculi
1492 5628 1716 5699 (Μαιιή.
1748 5627 2006 5692 XXVllIl.»

2094 3424 2201 3481 per
2226 3407 2532 3462 obsessum
2564 3404 2863 3462 hominem
2893 3404 3111 3461 diceret
3136 3422 3149 3460 :
3185 3427 3212 3454 «
3247 3403 3397 3470 Quid
3428 3403 3536 3459 tibi
3568 3406 3627 3459 et
3651 3419 3755 3457 no-

2096 3496 2209 3563 bis,
2257 3494 2361 3551 Fili
2413 3495 2552 3552 Dei?
2599 3494 2807 3551 venisti
2847 3499 2980 3550 ante
3028 3498 3261 3566 tempus
3324 3497 3593 3565 torquere
3640 3508 3749 3547 nos

2099 3584 2500 3658 (Matth.v1u)?
2533 3607 2561 3635 ››
2588 3584 2706 3640 Sed
2740 3584 2878 3656 quia
2907 3601 3035 3655 quae
3075 3582 3523 3639 hominiscsunt
3573 3580 3635 3636 in
3683 3598 3752 3637 eo

2096 3673 2261 3739 vidit,
2279 3679 2477 3728 utrum
2510 3678 2662 3729 Deus
2684 3677 2839 3729 esset
2858 3688 3045 3744 usque
3069 3672 3142 3728 ad
3166 3674 3414 3727 mortem
3437 3668 3752 3743 ignoravit.

2101 3764 2186 3819 Ita
2215 3762 2371 3819 enim
2406 3762 2684 3818 Dominus
2714 3766 2914 3817 noster
2940 3760 3113 3817 Jesus
3154 3760 3420 3815 Christus
3448 3776 3557 3815 sua
3577 3775 3760 3831 opera

2100 3851 2465 3924 temperavit,
2496 3856 2560 3906 ut
2584 3850 2856 3906 diabolus
2887 3851 3016 3921 ejus
3048 3850 3362 3905 adventum
3405 3864 3760 3921 cognoscere

2102 3958 2221 3996 non
2244 3945 2460 4013 posset,
2476 3946 2534 3995 et
2555 3957 2656 4011 per
2685 3939 2960 3993 virtutem
2995 3936 3413 3994 miraculorum
3436 3953 3681 3992 suorum
3697 3954 3760 3993 se

2103 4031 2289 4087 Deum
2321 4046 2449 4085 esse
2481 4028 2700 4084 mundo
2731 4027 3152 4093 manifestaret.
3187 4028 3510 4098 Conceptus
3541 4026 3761 4098 quippe

2104 4123 2195 4189 est
2225 4122 2289 4174 ut
2316 4118 2494 4183 Deus,
2528 4117 2627 4173 sed
2663 4120 2835 4172 natus
2876 4119 2938 4171 ut
2968 4115 3165 4171 homo.
3201 4114 3272 4170 Ut
3304 4121 3455 4170 Deus
3485 4131 3519 4168 a
3567 4113 3760 4187 Magis

2104 4213 2194 4264 est
2222 4208 2520 4274 adoratus,
2541 4212 2603 4261 ut
2634 4205 2808 4261 homo
2840 4222 2873 4259 a
2902 4203 3643 4277 parentibusin/Egyptum
3660 4203 3763 4259 de-

2105 4299 2394 4368 portatus.
2428 4294 2602 4358 Quasi
2633 4299 2786 4349 Deus
2806 4292 3114 4364 jejunavit,
3133 4292 3303 4365 quasi
3333 4291 3507 4348 homo
3527 4292 3761 4348 esuriit.

2104 4383 2281 4451 Quasi
2307 4383 2483 4438 homo
2517 4381 2783 4449 domivit,
2812 4380 2979 4453 quasi
3009 4385 3159 4435 Deus
3189 4378 3378 4435 ventis
3407 4382 3465 4433 et
3486 4378 3764 4434 mariim-

2106 4471 2541 4546 peravit.Quasi
2578 4475 2726 4526 Ueus
2757 4470 2829 4525 de
2858 4469 3060 4540 paucis
3091 4469 3341 4542 panibus
3372 4466 3559 4524 multa
3576 4466 3767 4524 millia

2105 4561 2413 4618 hominum
2446 4559 2699 4627 satiavit,
2715 4558 2883 4631 quasi
2898 4557 3073 4613 homo
3102 4562 3332 4614 terreno
3346 4555 3767 4628 eiboindiguit.

2111 4651 2180 4705 Et
2212 4649 2283 4705 ad
2317 4647 2615 4714 ultimum,
2649 4651 2714 4702 ut
2746 4646 2920 4702 homo
2951 4645 3264 4702 cruciﬁxus
3295 4648 3406 4712 est,
3438 4644 3540 4700 sed
3591 4645 3769 4716 quasi

2110 4740 2265 4796 Deus
2297 4737 2636 4794 resurrexit.
2652 4735 2790 4792 Tria
2820 4736 2977 4792 enim
3008 4734 3184 4805 hujus
3206 4734 3416 4790 mundi
3439 4734 3770 4806 principem

2115 4830 2175 4883 in
2209 4828 2457 4883 Domino
2488 4825 2809 4891 latuerunt,
2843 4824 3165 4897 conceptio,
3202 4827 3424 4894 partus,
3458 4826 3517 4878 et
3542 4825 3768 4894 passio.

2115 4917 2262 4985 Quia
2292 4916 2444 4972 sicut
2472 4915 2617 4971 dicit
2641 4912 2954 4987 Apostolus
2979 4930 2992 4967 :
3018 4936 3044 4962 «
3079 4913 3141 4968 Si
3170 4912 3606 4985 cognovissent,
3622 4929 3772 4968 nun-

2114 5023 2294 5079 quam
2341 5004 2658 5062 Dominum
2694 5001 2891 5075 gloriae
2938 5001 3371 5059 cruoiﬁxissent
3399 5001 3574 5062 (IGor.
3611 5014 3702 5070 ιι).
3736 5024 3765 5051 ι»

2114 5095 2227 5151 Sed
2281 5095 2422 5167 quia
2469 5094 2598 5164 ejus
2645 5090 3008 5146 divinitatem
3056 5088 3238 5145 voluit
3276 5088 3601 5160 explorare,
3635 5088 3766 5143 ideo

2115 5184 2398 5240 accedens
2411 5182 2483 5238 ad
2498 5178 2867 5247 tentandum,
2884 5177 3056 5233 dixit:
3081 5202 3102 5228 ε
3121 5178 3179 5233 Si
3197 5176 3379 5233 Filius
3391 5176 3493 5233 Dei
3507 5193 3591 5241 es,
3611 5198 3638 5225 n
3653 5182 3764 5232 etc.

2114 5273 2353 5331 Duobus
2385 5270 2541 5327 enim
2572 5267 2764 5324 modis
2795 5267 2925 5339 ipsa
2972 5284 3081 5324 sua
3125 5266 3446 5323 tentatione
3493 5263 3767 5321 diabolus

2115 5366 2347 5419 tenetnr
2376 5358 2672 5417 astrictus.
2692 5356 2750 5411 Si
2771 5355 2928 5412 enim
2950 5360 3181 5412 tantum
3195 5355 3497 5413 hominem
3516 5354 3769 5415 aestima-

2114 5451 2197 5507 vit
2227 5456 2284 5507 et
2305 5467 2421 5505 non
2451 5452 2852 5518 Deum,quare
2873 5446 3018 5501 utde
3040 5445 3338 5518 lapidibus
3358 5460 3539 5517 panes
3551 5444 3767 5500 faceret

2116 5539 2380 5606 tentavit,
2415 5554 2549 5593 cum
2581 5535 2691 5591 hoc
2720 5534 2835 5591 Deo
2875 5533 3237 5608 impossibile
3286 5546 3402 5590 neu
3453 5532 3575 5589 sit?
3603 5532 3767 5591 Sicut

2119 5628 2396 5697 diximus,
2443 5623 2614 5706 quasi
2680 5622 2897 5685 dubius
2943 5628 3001 5686 et
3062 5623 3323 5686 incertus
3388 5620 3763 5705 loquebatur.
