4028 6176
356 327 473 388 199

917 320 1326 384 HAYMONIS
1371 321 1903 407 HALBERSTA'I‘.
1953 317 2195 379 EPlSC.
2246 320 2414 379 OPP.
2466 322 2661 382 PARS
2709 322 2784 381 II.
2817 355 2893 366 -—
2924 321 3188 387 llthlL.

3639 286 3762 401 25m

355 460 427 514 de
458 455 708 514 torrenie
739 455 1316 527 assumpsit,quosin
1334 470 1531 526 peram
1547 450 1894 525 pastoralem
1913 466 2007 521 po-
2037 449 2089 515 Α
2128 492 2142 507 κ
2191 473 2219 499 ‹‹
2254 450 2382 505 Haec
2414 450 2611 507 omnia
2642 450 2748 506 tibi
2779 452 2948 519 dabo,
2980 452 3033 508 si
3082 451 3388 525 procidens
3424 450 3762 515 adcreveris
3832 514 3847 527 ο

364 546 510 603 suit:
544 539 826 617 e'quibus
874 559 1062 599 unum
1112 542 1171 596 in
1218 542 1458 597 fundam
1508 538 1785 604 misit,-et
1834 537 2010 593 Phili-

354 635 603 695 sthmum
638 634 697 689 in
729 634 978 689 frontem
993 630 1396 704 percutiensin
1426 634 1644 686 terram
1676 626 2007 700 prostravit.

353 726 598 798 eiusque
629 725 807 796 caput
835 721 1029 794 gladio
1056 720 1216 776 illius
1230 718 1573 792 amputavit,
1591 734 1864 790 magnam
1878 733 2008 788 gra-

353 814 497 870 tiam
530 818 586 868 et
613 811 861 885 gloriam
893 809 1156 867 tribuens
1206 808 1418 881 populo
1464 825 1568 863 suo
1602 808 1649 876 (Ι
1678 809 1804 876 Reg.
1855 808 2007 871 xvu).

354 903 537 966 Quem
558 902 721 958 enim
757 899 953 966 David,
987 899 1087 972 qui
1137 915 1308 953 manu
1353 898 1518 969 fortis
1569 896 2007 968 interpretatur,

358 992 572 1048 melius
602 1008 780 1064 quam
812 989 1125 1045 Dominum
1155 987 1356 1043 Jesum
1376 987 1675 1043 Christum
1694 984 2005 1058 significat,

360 1080 502 1153 quia
530 1081 601 1136 de
622 1081 750 1152 ejus
782 1078 962 1151 stirpe
1012 1094 1245 1133 carnem
1297 1074 1656 1147 assumpsit?
1704 1072 1812 1137 Qui
1845 1078 2006 1131 .recte

358 1186 535 1225 manu
569 1168 736 1224 fortis
765 1166 996 1235 dicitur,
1032 1162 1865 1238 quiasingulariterdiabolum
1880 1178 2007 1234 pro-

362 1259 590 1326 stravit,
620 1258 692 1312 de
722 1272 838 1328 quo
872 1255 1156 1327 scriptum
1196 1258 1310 1309 est:
1360 1277 1387 1303 «
1417 1253 1704 1309 Dominus
1755 1252 1919 1307 fortis
1950 1254 2007 1307 et

352 1350 580 1418 potens,
614 1346 895 1401 Dominus
928 1349 1131 1417 potens
1163 1344 1221 1398 in
1252 1342 1450 1414 prmlio
1466 1343 1822 1411 (Psal.xxm).
1859 1341 2006 1395 »Ρα-

351 1438 637 1507 gnaturus
667 1449 804 1507 ergo
833 1450 967 1488 cum
1000 1431 1354 1498 Philisthzeo,
1378 1431 1640 1502 quinque
1668 1429 2006 1503 limpidissi-

352 1540 477 1579 mos
511 1522 736 1595 lapides
769 1522 962 1595 elegit,
1000 1523 1102 1578 sed
1139 1539 1252 1577 uno
1291 1520 1349 1575 in
1382 1521 1568 1575 fronte
1599 1518 2001 1575 Philisthaeum

350 1612 700 1683 percutiens,
736 1612 795 1666 in
828 1616 1045 1666 terram
1078 1609 1411 1682 prostravit,
1442 1608 1580 1680 quia
1610 1607 1891 1663 Dominus
1928 1607 2002 1663 ad

350 1701 812 1756 convincendum
866 1698 1082 1755 diaboli
1131 1697 1449 1754 versutiam
1516 1697 1776 1769 quinque
1822 1696 2002 1752 libros

349 1788 531 1862 Moysi
562 1787 904 1860 assumpsit,
934 1803 1185 1859 quorum
1221 1804 1333 1843 uno
1357 1785 2002 1841 Philisthaauminfron-

346 1880 464 1933 tem
490 1877 807 1950 percussit:
843 1878 982 1950 quia
1011 1893 1080 1932 ex
1109 1875 1541 1932 Deuteronomii
1572 1874 1724 1931 libro
1768 1875 1881 1930 tria
1912 1879 2003 1930 te-

346 1966 622 2022 stimonia
652 1965 1159 2022 adversustrinam
1172 1966 1299 2035 ejus
1310 1963 1691 2020 tentationem
1704 1963 1998 2036 opposuit,

348 2055 548 2127 sicque
577 2055 878 2111 victoriam
899 2055 969 2110 de
983 2055 1223 2127 antiquo
1237 2054 1402 2109 hoste
1415 2052 1705 2120 obtinens,
1724 2069 1998 2125 magnam

347 2144 611 2200 laetitiam
646 2145 704 2200 in
737 2161 799 2200 se
828 2144 1202 2200 credentibus
1233 2143 1564 2216 reportavit.

419 2258 446 2282 ‹‹
470 2237 697 2288 lterum
731 2233 1057 2306 assumpsit
1087 2250 1222 2288 eum
1253 2232 1522 2288 diabolus
1552 2231 1611 2287 in
1636 2235 1893 2287 montem
1910 2248 2000 2286 ex-

280 2332 287 2337 '
347 2348 373 2372 ‹‹
410 2321 632 2378 celsum
658 2322 842 2389 valde,
876 2331 932 2378 et
963 2321 1222 2377 ostendit
1251 2321 1301 2376 ei
1333 2319 1530 2376 omnia
1560 2337 1739 2392 regna
1768 2320 1994 2387 mundi,

347 2436 373 2462 ‹‹
407 2417 462 2467 ct
492 2411 743 2485 gloriam
775 2427 1000 2469 eorum.
1030 2433 1057 2460 ››
1091 2411 1256 2466 Sicut
1310 2411 1379 2465 de
1427 2408 1762 2481 pinnaculo,
1813 2408 1895 2465 ita
1926 2410 1998 2464 de

347 2505 545 2556 monte
577 2501 948 2557 sentiendum
979 2503 1084 2556 est.
1136 2500 1251 2555 Nec
1300 2500 1631 2571 putandum
1679 2502 1786 2565 est,
1840 2498 1994 2570 quod

345 2589 614 2646 diabolus
644 2589 941 2645 nolentem
974 2588 1284 2643 Dominum
1319 2588 1376 2641 in
1411 2592 1669 2643 montem
1700 2586 1994 2643 excelsum

345 2695 647 2751 assumere
660 2678 934 2751 potuerit,
951 2678 1051 2733 sed
1066 2678 1192 2749 ejus
1207 2676 1421 2732 malam
1434 2677 1791 2733 voluntatem
1810 2677 1993 2731 Evan-

345 2768 553 2841 gelista
580 2785 684 2841 pro
715 2767 865 2823 facto
895 2765 1107 2840 posuit.
1142 2767 1288 2821 Nam
1308 2766 1431 2837 ipse
1448 2765 1681 2837 propria
1696 2764 1993 2820 voluntate

345 2858 405 2923 in
432 2861 689 2913 montem
720 2856 1002 2922 ascendit,
1036 2859 1101 2911 ut
1129 2855 1361 2910 diabolo
1412 2854 1574 2910 locus
1619 2854 1903 2922 tentandi,
1937 2858 1995 2910 et

346 2947 576 3002 Christo
606 2950 760 3001 esset
788 2944 1014 3000 occasio
1062 2943 1495 3016 triumphandi:
1550 2943 1829 3015 quoniam
1879 2942 1992 3000 nisi

343 3033 691 3090 esset-locus
719 3033 1008 3096 tentandi,
1040 3050 1157 3088 non
1189 3032 1990 3105 essettriumphusvincendi.

341 3122 615 3179 Nonnulli
649 3126 844 3178 autem
869 3123 1039 3194 juxta
1069 3121 1319 3177 litteram
1350 3121 1506 3177 hunc
1530 3126 1786 3177 montem
1805 3121 1995 3193 Olym-

344 3228 484 3285 pum
517 3213 700 3269 l'uisse
729 3217 1022 3278 asserunt,
1057 3212 1157 3284 qui
1190 3216 1349 3267 tanto
1391 3210 1577 3267 altior'
1608 3229 1723 3284 pra:
1773 3212 1995 3267 czeteris
2024 3196 2065 3262 C

342 3319 470 3358 esse
502 3303 703 3369 fertur,
741 3307 804 3356 ut
834 3301 1008 3357 etiam
1024 3301 1178 3355 intra
1206 3317 1269 3355 se
1288 3300 1472 3354 nubes
1487 3298 1697 3354 habere
1710 3298 1991 3355 videatur.

341 3391 452 3445 Alii
484 3408 615 3446 vero
647 3391 853 3446 dicunt
881 3407 1016 3445 eum
1052 3388 1231 3444 fuisse
1246 3374 1791 3459 Thabo.r,quivalde
1808 3387 1994 3442 excel-

344 3495 445 3533 sus
478 3479 660 3533 fuisse
706 3482 978 3533 narratur
1023 3477 1136 3531 Sed
1183 3476 1521 3548 quicunque
1570 3491 1740 3530 mons
1796 3476 1991 3544 fuerit,

342 3565 620 3621 Dominus
650 3570 846 3620 tamen
878 3569 1085 3637 sponte
1118 3566 1203 3635 (ut
1234 3564 1510 3632 diximus)
1534 3564 1593 3618 in
1625 3580 1760 3619 eum
1792 3581 1994 3620 ascen-

341 3654 444 3710 dit.
477 3653 867 3726 Spiritualiter
895 3658 1092 3709 autem
1124 3669 1227 3725 per
1259 3657 1543 3718 montem,
1575 3652 1763 3725 inquo
1794 3653 1994 3709 diabo-

344 3743 438 3799 lus
470 3743 783 3799 Dominum
815 3743 1080 3809 tentavit,
1115 3741 1389 3814 superbia
1427 3741 1797 3815 intelligitur.
1848 3742 1992 3798 Cum

342 3849 478 3906 ergo
511 3832 779 3887 diabolus
810 3831 1124 3888 Dominum
1149 3831 1207 3886 in
1233 3831 1702 3899 montctentavit,
1723 3832 1993 3887 daturin-

340 3920 544 3993 telligi,
578 3919 718 3992 quia
743 3936 845 3976 eos
878 3937 1025 3993 quos
1055 3919 1287 3992 decipit,
1322 3919 1381 3974 in
1412 3919 1749 3992 superbiam
1781 3920 1995 3977 mentis

343 4009 563 4082 erigere
600 4010 827 4076 suadet,
882 4010 951 4064 de
1003 4025 1115 4080 quo
1160 4025 1263 4081 per
1309 4009 1546 4065 beatum
1595 4008 1703 4065 Job
1753 4009 1993 4068 dicitur:

343 4122 371 4148 ‹‹
406 4097 592 4154 Omne
636 4097 891 4154 sublime
938 4098 1117 4166 videt,
1164 4102 1221 4153 et
1254 4097 1379 4170 ipse
1427 4114 1525 4153 rex
1571 4115 1749 4169 super
1793 4115 2001 4156 omnes

342 4187 494 4244 ﬁlios
525 4186 812 4261 superbiae
844 4188 958 4259 (Job
984 4192 1119 4255 xu).
1153 4209 1181 4236 ››
1212 4189 1281 4241 Et
1307 4185 1650 4259 Apostolus:
1697 4212 1723 4237 ‹‹
1760 4187 1995 4244 Initium

340 4264 534 4333 omnis
564 4275 787 4346 peccati
819 4276 1100 4350 superbia
1130 4280 1217 4331 est
1250 4275 1435 4349 (Ereti.
1464 4276 1549 4347 x):
1587 4262 1796 4348 n'quia
1842 4278 1999 4333 sicut

340 4365 611 4423 diabolus
644 4383 747 4440 per
775 4365 1113 4439 superbiam
1130 4365 1355 4421 deccelo
1370 4364 1596 4434 cecidit,
1614 4366 1696 4421 sic
1710 4383 1999 4438 quoscun-

343 4472 456 4527 que
484 4454 722 4527 decipit,
756 4472 860 4527 per
885 4455 1222 4528 superbiam
1253 4471 1490 4526 peccare
1534 4455 1690 4509 facit.
1741 4455 1995 4512 Gloriam

2120 556 2233 610 me,
2267 563 2294 589 ››
2330 538 2632 596 falsidicus
2671 540 3051 597 convincitur.
3084 542 3281 613 Neque
3328 539 3527 596 omnia
3580 556 3767 612 regna

2119 629 2346 705 mundi,
2379 628 2466 685 vel
2498 629 2743 702 gloriam
2777 646 2977 686 eorum
3008 633 3353 702 potestatem
3380 628 3556 684 habet
3580 626 3767 684 dandi

2118 719 2210 774 cui
2242 718 2381 787 vult,
2417 719 2650 791 quando
2682 736 2787 776 nec
2814 718 3212 776 substantiam
3245 717 3397 775 beati
3426 718 3536 775 Job
3553 716 3767 773 lmdcre

2118 825 2298 865 ausus
2330 813 2439 877 est,
2472 812 3031 881 antequam-esseta
3089 813 3202 864 Deo
3255 807 3599 880 permissus,
3632 805 3766 879 ipso

2118 896 2347 953 diabolo
2379 897 2605 954 dicente
2634 897 2907 953 Domino:
2942 921 2971 949 «
3002 896 3161 953 Mitte
3205 914 3448 952 manum
3488 901 3674 967 tuam,
3708 898 3770 951 et

2117 971 2292 1059 tange
2320 991 2532 1043 cuncta
2578 1004 2706 1059 quae
2747 986 3023 1060 possidet,
3074 985 3186 1042 nisi
3212 985 3286 1042 .in
3334 985 3764 1042 't‘aciem'bene-

2114 1076 2325 1132 dixerit
2355 1074 2459 1131 tibi
2493 1078 2638 1147 (Job.
2671 1088 2729 1148 ι).
2764 1099 2792 1125 ››
2826 1076 2987 1143 Quod
3033 1092 3103 1131 ex
3148 1091 3214 1132 eo
3264 1074 3430 1131 facile
3460 1074 3635 1130 etiam
3663 1090 3762 1129 co-

2112 1164 2452 1239 gnoscimus
2477 1164 2617 1237 quia
2630 1168 2865 1222 sanctos
2891 1165 3042 1221 viros
3056 1164 3117 1220 in
3138 1163 3513 1238 possessione
3527 1162 3766 1236 argenti

2113 1260 2171 1311 ot
2198 1254 2325 1310 auri
2342 1255 2666 1327 praedivites
2684 1253 2866 1310 fuisse
2886 1253 3158 1327 legimus,
3181 1253 3339 1325 quod
3369 1251 3608 1311 omnino
3641 1268 3761 1307 non

2113 1348 2327 1410 essent,
2361 1344 2410 1399 si
2442 1342 2499 1398 in
2526 1347 2819 1421 potestate
2865 1342 3080 1398 diaboli
3122 1341 3525 1414 omniaregna
3552 1340 3765 1395 mundi

2114 1434 2379 1489 fuissent.
2405 1432 2551 1498 Quia
2596 1450 2728 1488 vero
2775 1432 2989 1499 omnis,
3016 1431 3117 1503 qui
3175 1428 3475 1486 diabolum
3528 1430 3760 1494 adorat,

2112 1523 2276 1596 prius
2307 1540 2406 1595 per
2419 1538 2773 1578 consensum
2797 1537 2984 1593 pravae
3017 1519 3371 1592 Operationis
3391 1538 3424 1576 a
3444 1525 3765 1590 conspectu

2113 1612 2213 1668 Dei
2246 1612 2421 1680 cadit,
2457 1628 2592 1667 voce
2623 1610 2838 1666 dicitur
2883 1609 3121 1677 diaboli,
3146 1608 3196 1666 si
3238 1610 3453 1665 cadens
3484 1609 3765 1663 adorave-

2112 1703 2192 1758 ris
2225 1719 2337 1757 me.
2387 1723 2414 1751 »
2468 1700 2576 1756 Ubi
2627 1698 3143 1765 considerandum,
3213 1698 3352 1771 quia
3408 1696 3575 1770 prius
3620 1697 3770 1753 dixit

2112 1793 2336 1858 cadere,
2370 1794 2431 1845 et
2456 1794 2587 1862 post
2617 1790 2880 1845 adorare.
2923 1786 3090 1843 Cadit
3109 1787 3268 1844 enim
3300 1786 3495 1853 homo,
3522 1786 3763 1859 quando

2112 1896 2348 1954 peccare
2376 1878 2685 1937 consentit.
2717 1876 2895 1943 Quasi
2915 1893 3045 1932 vero
3066 1880 3203 1949 post
3230 1893 3437 1931 casum
3454 1874 3764 1931 diabolum

2111 1969 2334 2037 adorat,
2369 1968 2602 2041 quando
2636 1967 2764 2039 ipsa
2782 1969 3020 2038 peccata
3051 1982 3222 2037 opere
3267 1968 3581 2039 perpetrat,
3608 1963 3765 2019 sicut

2110 2060 2182 2114 de
2209 2059 2396 2115 avaris
2420 2074 2521 2130 per
2541 2054 2885 2128 Apostolum
2907 2054 3124 2110 dicitur
3150 2071 3162 2109 :
3200 2079 3227 2105 ‹‹
3249 2055 3317 2110 Et
3336 2053 3598 2120 avaritia,
3631 2070 3762 2125 quae

2111 2146 2401 2203 idolorum
2432 2149 2520 2202 est
2548 2144 2801 2200 servitus
2825 2144 3035 2216 (Ephes.
3059 2148 3179 2211 v).»
3213 2144 3283 2199 Et
3309 2143 3379 2199 de
3408 2142 3623 2198 talibus
3656 2159 3764 2215 per

2106 2236 2482 2293 Psalmistam
2512 2233 2743 2290 dicitur:
2778 2256 2803 2284 α
2840 2232 2924 2288 lbi
2952 2231 3414 2304 ceciderunt,qui
3442 2236 3763 2304 operantur

2106 2325 2517 2397 iniquitatem:
2570 2321 2797 2395 expulsi
2848 2326 3008 2386 sunt,
3064 2337 3167 2377 nec
3226 2324 3544 2393 potuerunt
3601 2324 3760 2376 stare

2108 2416 2276 2487 (Psal.
2310 2420 2500 2482 xxxv.)
2535 2435 2562 2462 υ
2595 2412 2706 2468 Sed
2755 2411 3037 2483 queritur
3079 2427 3259 2483 quare
3289 2410 3473 2466 sancti
3508 2427 3756 2483 evange-

2105 2505 2271 2567 lista),
2308 2502 2616 2557 Matthasus
2647 2499 2870 2555 scilicet
2919 2504 2976 2555 et
3008 2500 3215 2567 Lucas,
3256 2499 3315 2553 in
3363 2498 3759 2570 descriptione

2105 2579 2496 2650 tentationum
2529 2589 2862 2645 discordare
2910 2588 3202 2655 videntur,
3236 2578 3489 2644 maxime
3533 2604 3665 2643 cum
3693 2587 3753 2642 in

2104 2685 2295 2756 prima
2324 2679 2760 2747 concordent,et
2789 2677 2847 2732 in
2873 2677 3131 2734 secunda
3150 2682 3206 2732 ct
3228 2677 3285 2731 in
3318 2677 3488 2732 tertia
3518 2676 3753 2731 dissen-

2104 2773 2253 2828 tiant
2269 2770 2484 2837 ‘IQuam
2504 2768 2661 2824 enim
2684 2766 2995 2823 Matthaaus
3027 2766 3224 2839 posuit
3253 2766 3601 2835 secundam,
3634 2765 3753 2819 Lu-

2103 2879 2202 2918 cas
2234 2859 2488 2925 tertiam,
2518 2861 2574 2913 et
2604 2873 2783 2928 quam
2810 2855 2996 2912 Lucas
3027 2854 3282 2922 tertiam,
3316 2853 3624 2910 Matthaeus
3654 2869 3755 2908 se-

2103 2951 2377 3008 cundam.
2410 2947 2494 3003 Ad
2527 2946 2684 3019 quod
2717 2943 3358 3017 respondendum,quia
3389 2948 3641 3015 uterque
3664 2959 3757 2999 ve~

2102 3041 2332 3096 ritatem
2365 3036 2622 3108 scripsit,
2655 3034 2935 3107 quoniam
2970 3035 3157 3090 Lucas
3186 3032 3453 3088 ordinem
3468 3032 3646 3101 (sicut
3676 3031 3754 3086 ad

2099 3130 2356 3185 litteram
2387 3128 2546 3182 factae
2581 3122 2992 3199 sunt)servavit
3012 3122 3174 3195 :quia
3194 3121 3387 3195 prima
3405 3121 3461 3175 in
3496 3121 3753 3189 deserto,

2105 3217 2362 3275 secunda
2392 3215 2450 3269 in
2478 3216 2693 3278 monte,
2726 3212 2896 3268 tertia
2929 3211 2987 3266 in
3020 3212 3251 3267 civitate
3284 3213 3435 3267 facta
3463 3214 3570 3266 est.
3603 3213 3755 3265 Mat-

2104 3307 2292 3363 thaeus
2322 3320 2454 3359 vero
2476 3300 2754 3358 subtilius
2775 3301 3039 3361 ordinem
3064 3300 3605 3371 tentationum,quo
3623 3299 3754 3354 dia-

2103 3393 2541 3466 bolusprimum
2565 3390 2863 3446 hominem
2896 3389 2957 3445 in
2989 3390 3263 3462 paradiso
3283 3390 3528 3461 decepit,
3563 3388 3758 3444 consi-

2103 3482 2340 3540 deravit.
2378 3478 2592 3537 Tribus
2614 3478 2829 3552 quippe
2865 3478 3057 3534 modis
3086 3477 3358 3535 diabolus
3389 3478 3448 3532 in
3475 3477 3755 3551 paradiso

2103 3573 2362 3646 primum
2393 3568 2691 3625 hominem
2714 3567 3013 3623 tentavit:
3048 3566 3187 3639 quia
3232 3564 3759 3639 hunc‘gulayvana.

2102 3661 2311 3736 gloria,
2336 3663 2394 3716 et
2423 3656 2662 3714 avaritia
2708 3656 2950 3713 tentavit
3003 3656 3160 3722 (Gen.
3194 3656 3296 3729 tu).
3334 3655 3482 3712 Gula
3532 3654 3758 3727 quippe

2101 3750 2362 3817 tentavit,
2387 3747 2525 3820 quia
2568 3745 2767 3802 cibum
2817 3745 3056 3801 vetitum
3098 3746 3428 3801 comederct
3457 3743 3756 3816 persuasit

2102 3857 2251 3896 vana
2281 3836 2626 3912 gloria,cum
2652 3834 2829 3890 dixit:
2852 3858 2878 3884 ‹‹
2903 3834 3077 3889 Eritis
3098 3833 3249 3889 sicut
3271 3833 3350 3888 dii
3376 3850 3388 3890 :
3423 3856 3451 3884 ››
3485 3832 3757 3904 avaritia,

2104 3923 2576 3997 cumsubjunxit
2600 3941 2651 3978 ει(
2684 3924 2942 3979 Scieutes
2974 3924 3195 3979 bonum
3228 3927 3285 3977 et
3314 3921 3756 3978 malum.»Ava-

2106 4018 2239 4073 ritia
2264 4015 2422 4072 enim
2452 4031 2564 4070 non
2593 4012 2784 4069 solum
2805 4012 2865 4067 in
2896 4012 3214 4084 cupiditate
3245 4011 3503 4083 pecuniae
3532 4013 3757 4078 est,sed

2105 4107 2281 4162 etiam
2314 4104 2374 4159 in
2404 4102 2724 4159 ambitione
2748 4101 3157 4169 honoris,dum
3192 4100 3344 4155 ultra
3366 4104 3642 4161 naturam
3664 4100 3757 4156 vel

2105 4210 2443 4251 mensuram
2472 4207 2641 4247 suam
2670 4189 2855 4246 honor
2876 4189 3172 4245 indebitus
3202 4189 3758 4261 quenritur,sicutdo

2106 4282 2404 4356 unigenito
2424 4280 2568 4337 Filio
2592 4279 2716 4346 Dei,
2749 4279 2849 4351 qui
2883 4279 3033 4334 hanc
3065 4283 3334 4351 appetere
3366 4276 3573 4345 noluit,
3602 4277 3756 4333 Pau-

2105 4374 2197 4428 lus
2228 4368 2527 4444 apostolus
2550 4367 2732 4423 dixit:
2767 4390 2794 4417 ‹‹
2828 4368 2953 4423 Non
2995 4368 3262 4440 rapinam
3313 4366 3632 4422 arbitratus
3665 4370 3760 4423 est

2104 4478 2233 4518 esse
2256 4477 2319 4515 se
2342 4456 2623 4529 aequalem
2646 4461 2759 4512 Deo
2779 4457 3040 4528 (Philipp.
3078 4455 3319 4517 11).»Sed
3350 4454 3491 4528 quia
3520 4454 3615 4511 his
3649 4454 3760 4510 tri-

346 4544 553 4599 mundi
578 4544 720 4599 dicit
751 4561 983 4611 aurum,
1020 4547 1357 4633 argentum,
1382 4542 1921 4633 lapidespretiosos,
1938 4549 1996 4601 et
2024 4569 2070 4633 Β
2106 4551 2215 4606 bus
2238 4547 2431 4603 modis
2443 4545 2713 4601 diabolus
2733 4544 3034 4600 hominem
3057 4545 3114 4600 in
3140 4543 3409 4617 paradiso
3432 4537 3760 4615 prostrave-

345 4636 552 4687 czetera
582 4633 858 4689 amabilia
885 4632 1117 4699 mundi,
1148 4632 1208 4687 in
1241 4630 1458 4704 quibus
1492 4632 1743 4688 maxime
1783 4634 1986 4689 mundi
2025 4630 2058 4633 “
2094 4643 2204 4705 rat,
2236 4638 2571 4692 tentaturus
2602 4633 3019 4702 Dominum,ad
3050 4636 3332 4689 consueta
3361 4649 3528 4688 arma
3555 4648 3756 4688 recur-

345 4714 643 4778 amatores'
667 4720 1013 4794 gloriantur.
1046 4722 1170 4777 Non
1205 4721 1535 4793 putandum
1566 4725 1862 4777 estautcm
1878 4739 1999 4779 om-

345 4809 443 4865 nia
474 4826 653 4883 regna
683 4811 889 4865 mundi
919 4814 975 4865 et
1004 4809 1250 4882 gloriam
1278 4825 1478 4864 eorum
1523 4809 1698 4865 simul
1751 4811 1994 4868 Domino

345 4899 652 4955 ostendere
682 4899 943 4972 potuisse
975 4899 1046 4955 ab
1080 4898 1215 4967 alio,
1266 4897 1378 4953 nisi
1410 4915 1445 4952 a
1476 4896 1695 4970 seipso;
1744 4901 1846 4955 sed
1895 4901 1995 4973 qui

347 4986 545 5042 omnia
564 4987 784 5043 creavit
815 5005 917 5061 per
944 4986 1341 5052 Divinitatem,
1396 4985 1520 5058 ipse
1566 4987 1783 5053 omnia,
1828 4988 1997 5058 juxta

347 5075 502 5146 quod
535 5074 738 5143 voluit,
770 5076 947 5132 simul
978 5076 1121 5132 vidit
1149 5092 1254 5148 per
1282 5075 1740 5131 humanitatem:
1766 5077 1886 5133 sive
1915 5083 1998 5134 to-

346 5173 497 5228 tum,
527 5162 608 5218 ita
638 5169 701 5218 ut
727 5169 835 5230 est,
869 5165 989 5220 sive
1018 5165 1078 5219 in
1110 5164 1399 5237 sphaeram
1430 5163 1759 5234 collectum,
1795 5170 1862 5222 ut
1889 5168 1997 5225 sci-

347 5250 485 5306 licet
516 5250 690 5323 (sicut
719 5270 898 5324 supra
918 5254 1045 5324 jam
1077 5251 1351 5316 diximus)
1382 5253 1612 5309 diabolo
1644 5254 1882 5310 daretur
1901 5273 1994 5311 oc-

349 5339 506 5395 casio
538 5339 822 5396 tentandi.
854 5340 967 5396 Nec
1012 5340 1250 5409 mirum,
1297 5340 1348 5397 si
1386 5341 1625 5399 Domius
1670 5343 1758 5399 sic
1806 5347 1994 5401 totum

348 5429 638 5485 mundum
670 5429 1002 5503 prospicere
1034 5428 1240 5503 potuit,
1293 5430 1392 5502 qui
1423 5431 1600 5487 etiam
1640 5432 1995 5504 quibusdam

349 5515 568 5571 sanctis
600 5515 706 5573 hoc
736 5516 793 5574 in
829 5534 1071 5573 munere
1118 5517 1407 5589 praestitit,
1445 5523 1507 5574 ut
1555 5536 1689 5576 eum
1720 5520 1778 5577 in
1811 5523 1996 5596 sphae-

348 5621 476 5666 ram
504 5604 810 5667 collectum
840 5606 1034 5666 videre
1059 5609 1319 5687 possent.
1351 5610 1414 5664 In
1435 5624 1502 5665 eo
1534 5624 1667 5668 vero
1700 5612 1854 5691 quod
1888 5614 1988 5675 ait:

2107 4726 2202 4793 rit,
2229 4724 2439 4780 iisdem
2465 4721 2681 4794 jaculis
2711 4726 2930 4794 putans
2960 4738 3096 4777 eum
3128 4738 3190 4777 se
3220 4737 3393 4793 posse
3426 4719 3756 4785 vulnerare,

2107 4815 2325 4887 quibus
2354 4811 2611 4885 primum
2642 4811 2941 4867 hominem
2980 4814 3324 4883 peremerat.
3357 4809 3507 4865 Gula
3534 4810 3760 4882 quippe

2104 4919 2239 4959 eum
2285 4900 2549 4965 tentavit,
2582 4917 2718 4955 cum
2750 4899 2929 4955 dixit:
2964 4921 2993 4948 ι(
3016 4897 3301 4955 SiFilius
3330 4897 3432 4954 Dei
3464 4915 3547 4964 es,
3589 4898 3759 4955 dicut

2100 4991 2327 5065 lapides
2355 4989 2454 5047 isti
2477 5007 2658 5063 panes
2678 4990 2874 5044 ﬁant.»
2911 4987 3074 5043 Vana
3094 4987 3299 5060 gloria,
3331 5004 3465 5043 cum
3496 4986 3581 5042 ait
3606 5003 3657 5042 ει(
3691 4986 3758 5042 Si

2109 5080 2292 5137 Filius
2323 5078 2420 5135 Dei
2469 5094 2553 5148 es,
2604 5078 2773 5133 mitte
2819 5081 2873 5133 te
2928 5077 3224 5133 deorsum.
3247 5075 3582 5141 ».Avaritia,
3614 5091 3755 5130 cum

2104 5167 2408 5241 subjunxit
2432 5184 2480 5221 ;‹‹
2518 5168 2643 5222 Haec
2667 5165 2872 5223 "omnia
2892 5165 2995 5220 tibi
3026 5165 3198 5232 dabo,
3230 5163 3755 5237 siprocidensvad-

2104 5257 2359 5314 oraveris
2389 5272 2503 5312 me.
2538 5278 2566 5305 »
2601 5255 2711 5311 Sed
2744 5254 3048 5319 Dominus,
3080 5253 3180 5326 qui
3204 5269 3391 5326 genus
3421 5252 3754 5309 humanum

2104 5348 2174 5403 de
2202 5347 2330 5418 ejus
2357 5347 2643 5417 potestate
2671 5342 2916 5399 liberare
2941 5341 3408 5410 venerat,eodem
3422 5340 3594 5398 aditu
3625 5342 3756 5414 ejus

2104 5434 2456 5492 tentationes
2469 5430 2858 5504 exclusit,quo
2876 5432 3137 5504 primum
3156 5430 3459 5487 hominem
3478 5434 3757 5489 setenerc

2106 5521 2478 5597 putabat.Ubi
2513 5518 3004 5576 considerandum
3032 5519 3201 5576 nobis
3219 5519 3474 5592 est,quia
3502 5518 3755 5592 non,qui

2105 5616 2176 5675 de
2208 5611 2387 5688 stirpe
2417 5608 2593 5689 primi
2623 5608 2880 5669 hominis
2901 5626 3109 5668 sumus
3137 5608 3397 5681 creati,et
3416 5625 3520 5690 per
3548 5623 3757 5671 secun-
