4028 6176
197 318 289 379 ρο,
1389 312 1740 375 ιιοΜιωίΕ
1785 311 1884 372 DE
1928 312 2325 374 'l‘EMPOltE.
3444 322 3575 382 202

194 449 317 511 dum
340 448 627 504 hominem
655 446 961 521 redempti,
995 446 1089 503 his
1122 447 1313 503 tribus
1352 446 1542 503 modis
1582 450 1806 502 tentare
1836 446 1893 512 Α
1923 463 2038 517 qua
2095 447 2395 519 Scriptura
2448 445 2732 504 translata
2787 452 2897 516 est,
2952 422 3350 523 attendamub:
3406 456 3563 526 apud

191 555 289 594 non
316 540 516 605 cessat,
545 536 797 592 maxime
828 536 957 592 istis
977 537 1183 593 diebus
1198 536 1810 609 quadragesiinm,quo
1921 534 2149 591 Graecos
2178 535 2430 591 servitus
2447 536 2676 592 duobus
2702 536 2893 593 modis
2917 536 3159 595 dicitur:
3181 539 3394 597 dicitur
3410 543 3569 609 enim

186 632 419 683 nostram
451 625 787 699 religionem
820 626 1146 683 studiosius
1164 643 1302 699 erga
1316 624 1777 682 amoremDeitei

1985 624 2137 687 τρεία,
2184 624 2400 680 dicitur
2429 630 2487 681 et
2536 625 2747 674 δουλεία·
2781 628 2891 683 Sed
2941 626 3144 691 λατρεία
3173 628 3274 685 illa
3323 630 3576 689 servitus

183 732 292 772 vere
318 715 481 771 videt.
516 715 662 773 Gula
688 714 874 789 igitur
907 733 1016 772 nos
1048 720 1256 782 tentat,
1307 733 1442 771 cum
1484 714 1574 770 vel
1605 714 1810 769 horam
1920 717 2009 767 est
2037 730 2164 786 quae
2192 712 2302 769 soli
2334 714 2449 770 Deo
2479 715 2725 771 debetur
2755 734 2859 789 per
2906 716 3199 773 culturam
3250 722 3307 791 et
3332 734 3571 775 venera-

182 803 529 861 constitutam
579 804 924 860 antecedere
969 806 1307 877 persuadet,
1362 802 1449 860 vel
1499 804 1571 858 ad
1604 802 1809 857 horam
1919 799 2161 865 tionem,
2192 818 2311 873 qua
2341 804 2564 858 auctori
2593 810 2652 861 et
2682 806 2971 865 conditori
3002 807 3289 863 omnium.
3322 806 3485 863 Unde
3516 812 3577 877 et

187 891 532 948 constitutam
565 909 745 964 super
775 910 1112 953 mensuram
1144 894 1523 960 edendum,et
1539 890 1775 948 delicias

1985 887 2318 952 ῖωλολαιτρείας
2358 908 2570 947 nomen
2620 893 3009 965 compositum
3064 898 3153 967 est
3194 911 3263 951 ex
3294 894 3487 951 εΰωλος
3518 899 3576 953 et

183 981 251 1037 vel
278 981 563 1053 superflua
595 981 866 1057 convivia
895 983 1157 1055 suggerit
1185 981 1474 1038 exhibere.
1527 981 1635 1037 Sed
1670 980 1716 1037 si
1750 980 1808 1034 in
1918 974 2119 1040 λατρεία
2148 994 2161 1024 τ
2189 995 2254 1034 co
2298 980 2451 1052 quod
2503 981 2784 1038 honorem
2814 987 2871 1038 et
2918 984 3255 1041 servitutem
3299 984 3409 1042 soli
3457 990 3579 1049 Deo

182 1070 267 1125 hac
291 1074 445 1141 parte
475 1086 583 1126 nos
623 1074 829 1127 cautos
878 1071 1184 1141 invenerit,
1234 1070 1419 1126 tenlat
1462 1087 1567 1142 per
1619 1069 1807 1125 avari-
1920 1065 2197 1136 debitam,
2232 1066 2502 1126 homines
2545 1069 2711 1125 stulti
2761 1070 2933 1128 idolis
2963 1072 3187 1129 deferre
3233 1072 3570 1142 voluerunt;

182 1160 316 1225 tiam,
347 1163 406 1214 ut
434 1159 660 1215 scilicet
680 1160 835 1233 quod
849 1157 1498 1231 corporisubtrahimus
1516 1157 1808 1231 perabsti-
1920 1154 2115 1203 δουλεία
2145 1161 2340 1212 autem
2374 1156 2474 1213 illa
2505 1160 2753 1216 servitus
2799 1160 3016 1216 dicitur
3042 1178 3187 1233 .quaa
3239 1162 3591 1235 communis,

182 1247 423 1313 nentiam,
459 1265 573 1303 non
609 1248 962 1321 pauperibus
993 1266 1308 1321 erogemus
1339 1248 1805 1320 perlargitatem,
1919 1250 2028 1313 est,
2061 1252 2118 1300 et
2146 1246 2392 1301 invicem
2428 1263 2461 1301 a
2488 1247 2761 1305 fidelibus
2788 1248 3134 1305 exhibenda.
3168 1249 3333 1305 Unde
3362 1255 3420 1306 et
3450 1268 3571 1323 ser-

184 1337 265 1397 sed
292 1337 456 1392 nobis
485 1336 548 1391 in
579 1342 881 1408 posterum
915 1354 1276 1395 reservemus
1290 1335 1804 1408 percupiditatem.
1917 1350 2026 1389 vus
2061 1333 2229 1389 δοῦλος
2261 1335 2415 1407 apud
2446 1352 2544 1390 eos
2576 1337 2924 1413 appellatur,
2944 1338 3379 1415 Jubemurergo
3401 1345 3455 1394 et
3472 1356 3574 1411 per

181 1426 226 1480 Si
253 1441 369 1481 vero
397 1442 502 1481 nec
537 1424 601 1481 in
632 1425 742 1482 hoc
773 1443 1125 1482 consensum
1156 1426 1208 1480 ei
1229 1423 1809 1496 praebuerimus.ten-
1918 1422 2262 1479 charitatem
2296 1424 2509 1480 servire
2540 1424 2808 1495 invicem,
2862 1428 3019 1498 quod
3071 1427 3325 1499 pertinet
3349 1428 3421 1484 ad
3463 1427 3573 1477 δου-

183 1518 247 1569 tat
274 1531 367 1589 per
391 1531 606 1570 vanam
638 1513 909 1587 gloriam,
943 1519 1005 1570 ut
1036 1516 1093 1569 in
1143 1530 1210 1570 eo
1243 1512 1397 1587 quod
1436 1514 1805 1584 jejunamus,
1918 1510 2060 1558 λείαν
2091 1518 2148 1568 et
2171 1513 2456 1584 jubemur
2486 1513 2697 1573 iterum
2730 1515 2841 1570 soli
2873 1521 2984 1570 Deo
3017 1515 3412 1589 servire,quod
3442 1534 3572 1590 per-

176 1603 245 1659 vel
272 1603 545 1676 largiores
577 1603 979 1676 eleemosynas
1011 1604 1351 1669 tribuimus,
1372 1600 1808 1658 laudemhomi-
1918 1601 2064 1657 tinet
2112 1603 2184 1658 ad
2213 1601 2465 1667 λατρείαν.
2496 1609 2561 1658 ut
2589 1604 2717 1674 ejus
2766 1604 3047 1659 honorem
3100 1604 3247 1661 nulli
3294 1609 3572 1678 creaturis

178 1710 293 1749 num
321 1693 507 1765 magis
532 1710 716 1767 quam
746 1693 847 1748 Dei
879 1710 1233 1765 quaeramus.
1278 1692 1390 1749 Sed
1440 1709 1546 1748 uos
1583 1690 1810 1747 Domini
1918 1690 2271 1746 deferamus.
2303 1691 2463 1755 Quod
2496 1691 2651 1746 enim
2685 1692 2767 1747 ait
2797 1691 3138 1763 Apostolus:
3173 1716 3197 1742 ι
3232 1694 3411 1761 Servi,
3443 1694 3575 1765 obe-

173 1782 401 1854 exemplo
433 1782 734 1848 instructi,
766 1782 1072 1838 vincamus
1092 1780 1242 1854 gulae
1256 1781 1578 1853 appetitum
1596 1780 1810 1851 perab-
1844 1818 1889 1882 Β
1920 1777 2042 1833 dite
2090 1779 2345 1835 dominis
2394 1780 2729 1836 carnalibus
2781 1781 2998 1853 (Ephes.
3026 1780 3127 1852 v1),
3162 1803 3191 1831 ››
3244 1783 3316 1837 ad
3348 1781 3572 1845 δουλείαν

168 1870 505 1938 stinentiam;
542 1870 1261 1943 avaritiaeperlargitatem
1285 1887 1473 1936 ;vame
1495 1868 1694 1941 glosia:
1710 1886 1811 1937 per
1848 1867 1889 1882 "
1920 1867 2203 1939 pertinet;
2238 1869 2392 1939 quod
2424 1886 2559 1924 vero
2590 1869 2647 1924 in
2681 1869 2793 1927 alio
2825 1870 2951 1925 loco
2982 1871 3097 1925 ait:
3132 1895 3159 1925 ‹‹
3192 1870 3308 1926 Nos
3361 1888 3572 1928 sumus

169 1959 565 2028 humilitatem;
594 1960 768 2031 juxta
795 1960 951 2032 quod
978 1977 1083 2015 nos
1115 1958 1593 2015 beatusJoaunes
1608 1958 1809 2013 admo-
1919 1956 2305 2025 circumcisio,
2339 1957 2548 2029 spiritu
2581 1959 2696 2014 Deo
2726 1959 3046 2016 servientes
3073 1960 3422 2033 (PhilipJu),
3449 1983 3476 2010 ››
3498 1952 3573 2017 ad

170 2053 266 2115 net,
294 2049 520 2113 dicens:
548 2061 589 2099 '«
625 2048 835 2115 Filioli,
869 2049 1049 2105 nolite
1092 2048 1335 2121 diligere
1366 2047 1683 2114 mundum,
1710 2064 1809 2102 ne—
1917 2043 2149 2109 λατρείαν
2182 2045 2465 2117 pertinet:
2503 2048 2657 2101 unde
2688 2053 2742 2103 et
2781 2048 2987 2104 eodem
3037 2047 3162 2104 loco
3213 2050 3368 2122 apud
3418 2049 3574 2106 Grai-

169 2154 264 2209 que
287 2155 351 2193 ea
378 2155 507 2211 quae
553 2139 619 2194 in
652 2138 874 2195 mundo
928 2144 1096 2195 sunt:
1145 2137 1284 2209 quia
1332 2153 1506 2193 omne
1555 2136 1713 2207 quod
1746 2136 1808 2190 in
1917 2151 2017 2191 cos
2046 2134 2364 2198 λατρεύοντες
2396 2135 2680 2209 scriptum
2712 2143 2819 2192 est.

169 2225 363 2283 mundo
391 2231 500 2297 est,
533 2226 1030 2299 concupiscentia
1057 2225 1251 2282 carnis
1288 2229 1396 2292 est,
1429 2229 1488 2280 et
1534 2224 1807 2296 concupi-
1991 2248 2017 2274 «
2052 2223 2609 2296 Tuncreliquiteum
2626 2224 3232 2299 diabolus.»Reliquit
3247 2243 3573 2301 cumquem

170 2316 365 2371 scentia
391 2314 728 2382 oculorum,
763 2321 820 2372 et
848 2314 1492 2387 superbiavitazilloan.
1524 2317 1596 2378 ιι).
1620 2314 1807 2370 »Con-
1920 2330 2223 2384 nunquam
2254 2313 2468 2368 tenuit:
2505 2314 2643 2385 quia
2665 2322 2979 2387 superatus
3011 2320 3303 2384 atentato,
3337 2322 3573 2389 atenta-

174 2404 536 2476 cupiscentia,
570 2403 838 2461 videlicet
867 2404 1342 2477 carnis,pertinet
1363 2404 1432 2459 ad
1447 2402 1809 2476 gulamzam.
1917 2401 2073 2457 tione
2099 2401 2368 2458 cessavit.
2403 2403 2513 2459 Sed
2548 2403 2817 2475 quamvis
2843 2405 2914 2459 ab
2964 2421 3030 2460 eo
3060 2411 3381 2478 superatus
3430 2410 3570 2462 tunc

170 2494 291 2548 bitio
320 2492 521 2549 saeculi
571 2492 644 2548 ad
687 2492 1026 2560 avaritiam;
1087 2492 1562 2566 concupiscentia
1612 2491 1806 2546 oculo-
1920 2489 2242 2558 recesserit,
2277 2496 2540 2571 tempore
2572 2493 2865 2563 passionis
2914 2494 2987 2549 ad
3018 2511 3152 2555 eum
3196 2493 3373 2563 venit,
3419 2493 3573 2550 sicut

169 2599 275 2636 rum
305 2582 373 2637 ad
398 2598 617 2637 vanam
647 2579 919 2653 gloriam.
955 2582 1115 2651 Quod
1149 2598 1284 2653 ergo
1303 2580 1599 2637 histribus
1618 2585 1805 2636 teuta-
1917 2578 2040 2650 ipse
2071 2579 2241 2635 dicit:
2277 2603 2304 2629 «
2338 2579 2507 2636 Venit
2535 2582 2609 2636 ad
2644 2599 2735 2637 me
2766 2582 3038 2655 princeps
3060 2583 3239 2654 hujus
3261 2584 3489 2654 mundi,
3511 2588 3571 2641 et

168 2673 424 2739 tionibus,
460 2670 1489 2743 inquibusaDominosuperatusest
1510 2669 1803 2738 diabolus,
1916 2668 1976 2722 in
2009 2685 2102 2723 me
2134 2686 2247 2723 non
2281 2668 2454 2724 habet
2483 2668 2806 2741 quidquam
2839 2674 3017 2739 (Joan.
3050 2672 3185 2743 xw).
3218 2692 3244 2723 ι»
3287 2672 3448 2728 Unde
3478 2691 3569 2730 co-

169 2761 391 2817 maxime
421 2777 619 2833 genus
649 2760 981 2815 humanum
1014 2759 1294 2814 aDomini
1324 2758 1808 2816 voluntaterctra-
1916 2757 2275 2830 gnoscimus,
2310 2757 2450 2829 quia
2477 2758 2757 2829 antiquus
2807 2758 2993 2814 hostis
3039 2760 3303 2831 superari
3354 2767 3564 2833 potest,

172 2852 338 2915 halur,
371 2849 471 2906 illa
503 2847 789 2923 parabole
816 2848 1110 2921 Evangelii
1142 2849 1523 2909 indicattLuc.
1546 2865 1656 2917 xw,
1683 2849 1802 2916 ubi,
1915 2846 2014 2902 sed
2047 2846 2346 2917 quiescere
2373 2846 2576 2902 nescit.
2613 2847 2677 2902 Et
2704 2864 2770 2903 eo
2801 2864 2836 2903 a
2863 2847 3182 2903 tentatione
3229 2851 3561 2905 recedente:

172 2939 253 3010 qui
280 2940 344 2995 ad
374 2956 609 2995 omnem
641 2937 869 2994 invitati
897 2939 1093 2994 venire
1114 2942 1547 3004 recusaverunt,
1572 2944 1689 2991 tres
1710 2954 1804 2993 ex-
1920 2958 1947 2985 «
1979 2936 2120 2990 Ecce
2146 2933 2339 3007 angeli
2358 2940 2749 3005 accesserunt,
2782 2941 2839 2992 et
2856 2936 3355 2994 ministrabantei.
3383 2961 3411 2988 υ
3434 2938 3565 2994 Pul-

174 3029 480 3086 eusationes
565 3028 954 3100 protulerunt.
1026 3027 1256 3083 Primus
1319 3026 1498 3081 dixit:
1533 3048 1560 3075 «
1594 3025 1804 3081 Villam
1914 3023 2198 3079 cherrime
2231 3028 2425 3078 autem
2459 3024 2518 3078 in
2547 3023 2923 3081 conclusione
2939 3025 3563 3105 hujusleetionisutra-

178 3117 292 3187 emi,
324 3124 378 3174 et
408 3134 655 3174 necesse
685 3117 873 3187 habeo
903 3116 1080 3181 exire,
1107 3122 1165 3172 et
1191 3115 1387 3171 videre
1416 3114 1599 3169 illam.
1648 3113 1807 3168 Alter
1846 3186 1849 3187 ν
1915 3129 2028 3184 que
2052 3110 2286 3180 ,Uomini
2320 3117 2529 3168 natura
2558 3113 2727 3169 nobis
2744 3115 3099 3183 declaratur,
3117 3115 3314 3171 divina
3342 3115 3565 3175 scilicet

171 3186 317 3263 dixit:
349 3206 505 3279 Juga
531 3186 856 3263 boumremi
889 3205 1169 3277 quinque,
1202 3207 1259 3260 et
1287 3222 1353 3261 eo
1400 3203 1643 3275 probare
1675 3201 1793 3257 illa.
1827 3186 1869 3253 C
1908 3203 1964 3255 et
1994 3201 2272 3266 humana,
2305 3199 2354 3257 si
2387 3204 2582 3256 tamen
2613 3200 2765 3257 hanc
2795 3219 2929 3259 cum
2965 3203 3132 3259 Luca:
3160 3204 3457 3277 Evangelii
3490 3204 3565 3260 le-

173 3295 376 3351 Tertius
407 3312 651 3368 quoque
681 3293 794 3349 ait:
828 3293 1074 3349 Uxorem
1103 3292 1259 3357 duxi,
1290 3298 1347 3349 et
1376 3293 1504 3348 ideo
1536 3309 1650 3347 non
1675 3308 1807 3363 pos~
1918 3289 2107 3345 ctione
2138 3290 2527 3347 conferamus.
2545 3291 2819 3364 Legimus
2833 3292 3061 3347 enimin
3078 3293 3389 3367 Luca(Luc.
3405 3294 3566 3365 xxu),

172 3400 285 3439 sum
309 3384 527 3441 venire.
563 3406 593 3434 »
628 3383 760 3439 Ideo
793 3388 849 3439 et
882 3399 986 3439 nos
1018 3382 1365 3438 calliditates
1387 3381 1601 3437 diaboli
1616 3381 1812 3454 praevi-
1919 3376 2057 3449 quia
2086 3395 2220 3433 cum
2246 3377 2500 3435 instante
2530 3378 2820 3452 passionis
2849 3384 3109 3452 tempore
3130 3380 3415 3437 Dominus
3436 3397 3568 3454 pro-

174 3473 375 3539 dentes,
417 3491 529 3546 per
574 3489 742 3528 arma
778 3470 1028 3543 justitize
1058 3489 1091 3527 a
1139 3472 1358 3527 dextris
1402 3476 1460 3527 et
1488 3488 1523 3525 a
1553 3469 1810 3526 sinistris
1918 3466 2093 3522 lixius
2123 3472 2332 3534 oraret,
2365 3468 2727 3524 descendens
2758 3469 3002 3542 angelus
3033 3470 3267 3529 Domini
3299 3472 3370 3526 de
3400 3470 3567 3542 cmlo,

172 3560 286 3627 tuti,
315 3577 380 3616 ex
401 3560 553 3616 totis
584 3559 996 3616 conaminihus
1022 3576 1348 3631 repugnare
1372 3559 1735 3614 studeamus.
1919 3556 2282 3611 confortabat
2311 3573 2466 3612 eum.
2502 3558 2564 3614 In
2597 3558 2946 3614 documento
2976 3576 3112 3632 ergo
3139 3560 3449 3633 utriusque
3471 3578 3570 3617 na-

231 3673 256 3698 α
288 3650 447 3705 Tunc
481 3649 573 3706 ait
601 3636 686 3704 illi
715 3648 919 3704 Jesus:
954 3648 1134 3715 Vade,
1184 3649 1419 3703 Satana.
1456 3670 1484 3697 »
1534 3647 1810 3704 Nonnulli
1920 3650 2064 3700 tura:
2096 3644 2253 3701 hunc
2283 3650 2341 3701 et
2378 3646 2623 3720 angelus
2671 3648 3058 3717 confortabat,
3088 3654 3146 3705 et
3192 3648 3328 3705 huic
3377 3648 3570 3722 angeli

171 3743 361 3809 putant
386 3738 664 3794 eamdem
687 3737 1039 3793 sententiam
1054 3737 1291 3792 audisse
1304 3736 1604 3792 diabolum
1632 3754 1810 3808 quam
1921 3733 2358 3790 ministrabant.
2393 3735 2538 3800 Quia
2568 3736 2723 3792 enim
2758 3741 2909 3792 Deus
2938 3742 3045 3805 est,
3080 3738 3495 3796 ministrabant
3516 3738 3570 3794 ei

170 3831 216 3879 et
240 3826 435 3883 Petrus
467 3824 718 3896 audivit,
749 3825 851 3881 sed
883 3824 1136 3880 multum
1157 3823 1311 3880 lnter
1326 3824 1809 3881 sediverszesunt.
1922 3822 2139 3895 angeli:
2173 3823 2313 3894 quia
2342 3824 2516 3880 homo
2536 3842 2705 3880 verus
2722 3831 2829 3894 est,
2850 3826 3214 3883 confortabat
3228 3843 3361 3882 eum
3392 3842 3567 3900 ange-

173 3912 317 3972 Petro
344 3916 503 3972 enim
537 3914 875 3986 ignoranter
906 3914 1248 3986 mysterium
1279 3912 1572 3986 passionis
1591 3918 1814 3969 contra-
1920 3910 2048 3966 lus:
2085 3910 2361 3982 quoniam
2394 3913 2465 3980 ei,
2498 3912 2597 3984 qui
2627 3912 2955 3971 minuratus
2984 3920 3073 3970 est
3094 3914 3269 3986 paulo
3282 3916 3480 3972 minus
3496 3906 3568 3989 ab

173 4003 361 4060 dicenti
392 4005 628 4061 dictum
657 4006 780 4059 est:
815 4001 973 4058 Vade
1002 4008 1157 4059 retro
1174 4006 1533 4069 me,Satana,
1558 4002 1815 4073 quodest
1922 3999 2149 4073 angelis
2178 3999 2239 4054 in
2270 4000 2656 4070 humanitate,
2689 4001 2887 4058 omnia
2910 4002 3325 4079 subiectasunt
3344 4005 3454 4060 sub
3475 4021 3570 4076 pe-

173 4091 367 4149 dicare:
400 4094 686 4165 Sequere,
718 4091 779 4146 id
809 4095 901 4147 est
930 4089 1164 4147 imitare
1192 4106 1306 4158 me,
1339 4092 1442 4163 qui
1483 4089 1814 4146 contrarius
1922 4087 2095 4143 dibus
2123 4088 2250 4159 ejus
2283 4090 3093 4162 perdivinitatem.0uantum
3109 4093 3392 4149 autemad
3413 4092 3568 4148 litte-

172 4193 223 4234 es
245 4179 537 4237 voluntati
569 4196 732 4235 meae.
768 4178 1012 4236 Diabolo
1042 4184 1239 4235 autem
1269 4178 1637 4248 nondicitur,
1670 4179 1815 4235 vade
1922 4193 2049 4231 ram
2081 4177 2354 4249 pertinet,
2391 4178 2584 4233 ferunt
2599 4178 2657 4233 hi
2690 4180 2864 4250 quiin
2881 4179 3293 4237 transmarinis
3305 4180 3571 4251 partibus

174 4270 303 4324 retro
330 4286 443 4335 me,
477 4267 586 4324 sed
615 4266 906 4335 absolute,
938 4267 1101 4335 vade,
1135 4268 1370 4333 Sanata,
1405 4271 1472 4322 ut
1500 4267 1816 4323 subaudia-
1923 4269 2082 4333 sunt,
2130 4266 2285 4336 quod
2337 4265 2537 4322 nullus
2585 4283 2757 4323 mons
2790 4272 2908 4322 tam
2954 4266 3219 4325 excelsus
3267 4268 3346 4324 sit
3392 4282 3571 4339 quam

174 4356 255 4410 tur
277 4356 333 4412 in
362 4357 689 4413 infernum.
724 4380 752 4407 ‹‹
777 4354 1073 4428 Scriptum
1115 4360 1205 4410 est
1256 4354 1446 4411 enim:
1498 4355 1814 4411 Dominum
1924 4352 2226 4425 Olympus,
2259 4354 2430 4424 cujus
2459 4369 2740 4409 cacumen
2768 4355 2861 4425 (us
2886 4355 3178 4426 asserunt)
3192 4370 3369 4426 super
3388 4354 3577 4413 nubes

179 4465 201 4489 ‹‹
234 4444 402 4502 Deum
430 4451 610 4501 tuum
642 4444 935 4511 adorabis,
967 4449 1026 4501 et
1054 4443 1141 4499 illi
1175 4442 1532 4500 soliservies.
1560 4466 1588 4493 »
1616 4445 1687 4499 Et
1704 4444 1815 4500 hoc
1924 4444 2033 4507 est,
2066 4444 2122 4496 et
2151 4457 2256 4496 nec
2287 4441 2368 4496 ibi
2396 4440 2594 4513 pluvia
2626 4458 2731 4498 nec
2746 4442 3151 4516 imbertangit,
3165 4442 3575 4519 Traditautem

179 4532 564 4589 testimonium
597 4531 777 4594 (sicut
802 4538 862 4589 et
904 4530 1229 4607 superiora)
1262 4532 1321 4588 in
1368 4532 1814 4588 Deuteronomio
1844 4551 1891 4617 Ι)
1924 4528 2131 4617 beatus
2157 4530 2551 4617 Augustinus,
2580 4530 2682 4602 qui
2714 4530 2947 4588 fuerant
2973 4529 3471 4604 fortissimiatque
3491 4548 3578 4588 ro-

180 4620 443 4693 scriptum
475 4626 590 4678 est.
622 4621 732 4678 Ubi
765 4621 1261 4678 considerandum
1302 4621 1473 4678 nobis
1519 4625 1629 4690 est,
1677 4620 1816 4692 quia
1849 4615 1870 4617 ί
1924 4615 2383 4689 bustissimi,qui
2415 4617 2634 4675 aestatis
2663 4623 2922 4692 tempore
2944 4618 3404 4677 ascenderuntin
3417 4635 3572 4693 eum,

184 4721 301 4764 cum
331 4708 567 4767 dicente
598 4708 859 4766 diabolo:
894 4733 923 4761 ‹‹
956 4709 1086 4765 Haec
1118 4710 1318 4766 omnia
1347 4708 1454 4766 tibi
1485 4710 1655 4776 dabo,
1673 4707 1718 4766 si
1735 4726 1825 4764 ca-
1933 4706 2241 4780 spongiam
2272 4723 2473 4764 secum
2504 4707 2577 4763 ad
2607 4724 2777 4764 nares
2791 4708 3061 4779 ferentes,
3076 4725 3303 4766 necnon
3326 4700 3576 4765 farinam

189 4816 212 4842 ιι
241 4796 731 4862 densadoraveris
750 4814 919 4863 me,»
934 4797 1220 4855 Dominus
1234 4798 1562 4869 respondit:
1584 4821 1611 4847 «
1636 4798 1827 4853 Domi-
1932 4794 2021 4851 vel
2052 4795 2330 4865 cinerem,
2381 4800 2439 4852 et
2473 4796 2735 4854 fecerunt
2780 4797 3174 4855 characterem
3227 4797 3485 4869 aliquem
3516 4795 3577 4852 in

184 4902 207 4929 α
238 4899 368 4943 num
399 4885 589 4942 Deum
616 4889 786 4941 tuum
818 4885 1115 4951 adorabis,
1151 4908 1180 4935 »
1202 4884 1459 4941 ostendit
1480 4884 1825 4957 quiadiabo-
1936 4884 2125 4940 farina
2175 4883 2266 4940 vel
2316 4885 2527 4951 cinere,
2580 4890 3048 4959 revertentesque
3098 4903 3252 4942 anno
3308 4872 3577 4958 sequenti

183 4966 264 5026 lus
289 4971 455 5041 illum
490 4972 660 5045 quasi
690 4970 876 5029 Deum
907 4977 965 5030 et
994 4975 1322 5030 Creatorem
1354 4988 1533 5028 suum
1584 4972 1827 5029 adorare
1935 4972 2149 5028 iterum
2202 4974 2594 5029 ascenderunt
2630 4973 2768 5030 illuc
2814 4980 2871 5030 et
2897 4975 2979 5030 ita
3026 4975 3391 5041 invenerunt,
3425 4974 3582 5030 sicut

187 5055 465 5126 debuerat,
500 5078 617 5117 non
650 5078 714 5118 se
744 5061 817 5117 ad
851 5062 1237 5129 adorandum,
1273 5060 1373 5133 qui
1397 5062 1823 5126 eratcreatura,
1933 5059 2317 5132 reliquerunt.
2352 5061 2419 5114 Et
2446 5062 2505 5115 in
2539 5061 2647 5117 hoc
2677 5062 3085 5117 manifestatur
3113 5063 3252 5136 quia
3282 5079 3579 5136 supernu-

185 5146 411 5204 tentare.
434 5149 548 5205 Sed
581 5149 882 5222 quaeritur,
898 5165 1032 5204 cum
1052 5149 1334 5205 Dominus
1348 5147 1532 5203 dicat:
1559 5147 1690 5205 «illi
1722 5145 1831 5204 soli
1939 5150 2043 5205 hes
2073 5152 2181 5216 est,
2213 5151 2270 5203 et
2300 5164 2411 5205 nec.
2436 5147 2515 5202 ibi
2547 5148 2751 5217 imber,
2786 5165 2889 5204 nec
2921 5149 3138 5222 pluvia,
3157 5168 3346 5225 neque
3372 5155 3582 5207 ventus

190 5254 211 5278 ιι
240 5236 466 5304 servies,
499 5259 528 5288 ››
560 5254 743 5310 quare
773 5236 1080 5311 apostolus
1111 5236 1328 5293 Paulus
1342 5235 1498 5291 dicat
1515 5253 1619 5308 per
1648 5236 1835 5292 chari-
1941 5236 2063 5293 ﬂat.
2097 5235 2492 5310 Spiritualiter
2518 5254 2671 5301 vero,
2703 5253 2806 5309 per
2832 5244 3094 5296 montem
3124 5241 3418 5298 excelsum
3459 5240 3585 5312 ipse

188 5321 361 5378 tatem
382 5325 599 5381 servire
628 5325 901 5393 invicem.
933 5325 1232 5388 Quomodo
1264 5338 1401 5395 ergo
1440 5322 1687 5377 Domino
1723 5324 1809 5378 sol
1943 5324 3583 5401 diabolusintelligitur,dequoalibiscriptumest:«Vul-

192 5410 394 5466 servire
424 5413 778 5486 praecipitur,
794 5430 928 5470 cum
945 5412 1245 5473 servitium
1262 5425 1574 5466 commune
1590 5410 1836 5467 dicitur?
1946 5418 2186 5468 neratus
2213 5417 2302 5467 est
2333 5430 2366 5467 a
2414 5417 2611 5467 monte
2656 5413 2818 5485 Tyri;
2844 5437 2873 5467 ››
2908 5422 2967 5473 et
3013 5417 3321 5490 propheta:
3374 5440 3402 5468 ‹‹
3434 5416 3588 5480 Ουοετ

192 5492 476 5557 Quomodo
501 5507 696 5559 autem
729 5505 1053 5575 utrumque
1083 5498 1448 5557 contrarium
1482 5514 1598 5555 non
1630 5500 1726 5570 sit,
1754 5503 1837 5559 fa-
1948 5502 2122 5559 modo
2153 5500 2410 5557 cecidisti
2442 5501 2513 5557 de
2535 5501 2697 5571 ccelo,
2718 5503 2967 5578 Lucifer,
2982 5507 3081 5581 qui
3100 5524 3272 5569 mane
3286 5504 3589 5579 oriebaris,

191 5584 285 5642 cile
306 5592 674 5663 agnoscimus
707 5591 753 5650 si
790 5590 1210 5669 proprietatem
1243 5585 1421 5648 Graeci
1440 5589 1753 5667 sermonis,
1772 5607 1841 5648 ex
1950 5590 2051 5671 qui
2083 5590 2141 5649 in
2173 5590 2344 5649 corde
2364 5594 2466 5651 tuo
2491 5591 2721 5653 dixisti:
2756 5596 2820 5654 In
2839 5594 3593 5667 coelumaseendam,super

500 5719 761 5823 Piraei.
811 5719 1078 5789 CXVIII.
3237 5728 3269 5791 7
