4028 6176
349 330 469 397 203
915 329 1323 391 HAYMONIS
1370 329 1468 388 Il.\
1484 325 1912 388 LBERSTAT.
1960 323 2018 383 ΕῘ

2141 320 2203 380 C.
2253 316 2424 381 OPP.
2474 317 2672 378 PARS
2717 317 2898 377 ll.—
2928 309 3197 373 HOMlL.
3643 303 3764 364 204

346 472 506 526 astra
535 436 659 522 caeli
688 464 984 522 aedificabo
1016 463 1227 520 solium
1259 461 1495 519 meum?
1520 484 1547 511 »
1584 461 1714 533 (lsa.
1754 460 1901 526 xm.)
1933 456 2001 511 Et
2028 461 2080 525 Α
2112 454 2305 509 haedos
2340 456 2533 507 autem
2566 469 2599 507 a
2630 447 2906 518 sinistris,
2940 446 3048 503 hoc
3079 447 3168 501 est
3188 443 3518 517 peccatores
3538 436 3599 495 in
3630 455 3769 512 sup-

346 558 496 615 bene
527 553 764 629 quidem
798 571 902 627 per
931 556 1188 609 montem
1203 550 1473 608 diabolus
1487 545 2002 621 designatur,quia
2110 543 2303 617 pliciis
2332 542 2585 598 aeternis.
3550 540 3559 547 ‘

348 616 564 703 omnes
585 661 724 701 suos
751 616 1032 714 sequaces
1064 643 1133 696 ad
1170 641 1376 701 altiora
1394 616 1913 711 provocat,scilicet
1930 635 2001 690 ad
2114 616 2117 617 ν
2185 658 2212 683 ‹‹
2242 634 2315 689 Et
2347 632 2498 687 dicet
2528 633 2646 685 Rex
2674 629 2768 685 his
2802 626 2899 700 qui
2935 644 2968 681 a
2999 622 3215 679 dextris
3248 621 3378 693 ejus
3407 620 3607 676 erunt:
3652 616 3771 672 Ve-

348 733 713 808 superbiam.
752 704 973 802 De-quo
1007 731 1212 786 beatus
1263 729 1371 784 Job
1395 704 1709 799 doquitur:
1758 747 1785 774 «
1821 724 2005 780 Omne
2116 744 2145 773 «
2177 723 2316 788 nite,
2351 719 2640 777 benedicti
2663 711 3588 786 Patrismei,possideteparatum
3606 704 3777 763 vobis

350 823 603 882 sublime
633 821 809 888 videt,
842 799 898 874 et
928 820 1053 892 ipse
1102 824 1191 875 est
1222 834 1319 873 rex
1377 833 1554 888 super
1610 831 1814 870 omnes
1854 812 2005 868 filios
2114 835 2143 863 «
2172 828 2415 884 regnum
2452 827 2484 865 a
2515 806 2934 865 constitutione
2966 801 3199 858 mundi.
3237 821 3264 848 ››
3283 799 3615 855 Secundum
3638 813 3782 869 prae-

352 913 638 987 superbiae
668 911 806 985 (Job.
840 885 970 981 xu):
1005 931 1033 959 »
1067 908 1161 963 Sic
1211 885 1470 962 econtra‘
1496 903 1672 960 etiam
1723 902 2004 958 Dominus
2115 900 2421 958 scientiam
2456 905 2511 955 et
2543 894 3113 971 praedestinationem
3146 889 3242 946 Dei
3272 885 3782 944 hocdebemusin-

353 1020 495 1061 suos
527 1003 598 1059 ad
631 1000 1025 1057 humilitatem
1059 1012 1290 1069 semper
1313 993 1840 1068 provocat,dicens:
1867 991 2003 1045 «D1-

354 1092 498 1150 scite
526 1109 560 1148 a
591 1106 706 1155 me,
741 1089 880 1162 quia
910 1087 1070 1143 mitis
1102 1103 1233 1142 sum
1258 1078 1753 1139 elhumiliscorde
1786 1079 2005 1149 (Matth.

354 1181 457 1252 x1).
490 1203 519 1231 ››
545 1212 613 1220 -
640 1198 669 1230 α
701 1179 770 1235 Et
798 1176 1043 1250 gloriam
1079 1191 1302 1231 eorum.
1334 1196 1362 1223 »
1394 1170 1649 1226 Gloriam
1684 1169 1886 1224 mundi
1919 1168 2011 1223 di-

358 1270 437 1328 eit
458 1287 693 1335 aurum,
721 1270 1051 1341 argentum,
1082 1268 1275 1321 vestes
1304 1266 1361 1318 et
1392 1260 1617 1334 lapides
1632 1259 1938 1333 pretiosos,
1957 1261 2011 1313 et

358 1362 566 1414 cmtera
596 1354 874 1415 amabilia
894 1355 981 1412 vel
1011 1353 1350 1411 transitoria
1382 1350 1609 1406 mundi.
1641 1348 1804 1405 Alius
1834 1349 2016 1404 Evan-

357 1447 567 1522 gelista
596 1446 756 1513 dicit,
789 1446 943 1517 quod
976 1445 1033 1499 in
1068 1445 1362 1497 momento
1392 1437 2015 1495 etictuoculiostendit

359 1536 446 1593 illi
479 1536 696 1593 omnia.
729 1536 799 1591 Et
827 1535 994 1599 bene,
1024 1532 1162 1605 quia
1189 1530 1387 1585 omnia
1416 1546 1548 1600 qua:
1578 1528 1847 1582 videntur
1894 1542 2014 1582 mo-

366 1628 679 1682 mentanea
706 1628 764 1679 et
794 1621 1137 1678 transitoria
1184 1623 1322 1675 sunt
1369 1617 1521 1673 sicut
1566 1616 1850 1689 scriptum
1896 1619 2013 1671 est:

366 1739 395 1767 ‹‹
429 1715 496 1771 Et
544 1713 803 1768 mundus
850 1709 1083 1775 transit,
1136 1713 1191 1765 et
1239 1706 1714 1779 concupiscentia
1761 1706 1908 1776 ejus,
1963 1709 2019 1759 et

370 1802 568 1861 omnia
623 1800 851 1857 vanitas
904 1801 952 1870 (Ι
1004 1801 1142 1855 Ιοαη
1171 1802 1247 1867 n).
1281 1821 1309 1848 »
1359 1796 1525 1852 Alius
1573 1811 1828 1868 namque
1877 1794 2019 1850 dicit

367 1892 521 1964 quod
554 1889 636 1945 ait
682 1887 930 1945 Domino
976 1887 1276 1949 diabolus:
1334 1908 1361 1935 α
1394 1885 1605 1941 Omnia
1652 1901 1780 1959 quae
1828 1883 2019 1939 cernis

366 1996 498 2035 mea
529 1982 687 2046 sunt,
720 1983 779 2034 et
806 1977 905 2050 qui
938 1976 1172 2032 voluero
1204 1976 1275 2031 do
1297 1993 1383 2032 ea.
1408 1975 1496 2031 Tu
1512 1977 1708 2031 autem
1741 1972 2020 2029 sicadens

367 2067 698 2125 adoraveris
738 2084 852 2136 me,
885 2070 1057 2123 erunt
1085 2070 1186 2122 tua
1225 2064 1424 2121 omnia
1471 2064 1683 2122 (Matth.
1718 2064 1814 2126 Iv).
1853 2084 1880 2111 »
1912 2063 2019 2117 Fe-

368 2155 517 2214 fellit
545 2156 834 2225 diabolus,
869 2160 926 2213 et
954 2156 1062 2212 hoc
1076 2152 1581 2228 perarrogantiam
1596 2151 1760 2223 dixit,
1789 2168 1903 2206 non
1920 2165 2024 2223 per
2054 2140 2069 2147 ”

369 2245 714 2321 potentiam.
745 2246 914 2302 Absit
941 2245 1051 2301 hoc
1082 2245 1154 2300 ad
1183 2243 1629 2315 intelligendum
1675 2244 1740 2297 ut
1785 2241 1914 2311 ejus
1945 2239 2024 2294 sit

370 2336 679 2394 universus
711 2334 989 2390 mundus.
1017 2333 1215 2404 Neque
1245 2332 1402 2387 enim
1434 2335 1626 2403 potest
1659 2332 1775 2385 fore
1824 2333 1889 2383 ut
1921 2327 2019 2395 sit,

370 2426 473 2483 sed
506 2423 669 2482 illius
698 2428 788 2480 est
816 2422 915 2496 qui
962 2426 1171 2478 cuncta
1218 2437 1287 2477 ex
1328 2420 1511 2475 nihilo
1556 2418 1788 2475 creavit.
1841 2417 2025 2489 Cujus

372 2529 628 2586 namque
658 2514 737 2569 sit
768 2511 1054 2585 Propheta
1084 2509 1362 2575 declarat,
1396 2510 1625 2565 dicens:
1647 2530 1675 2558 ‹‹
1696 2507 2026 2562 Dominiest

372 2607 530 2660 terra
556 2605 614 2658 et
641 2599 1005 2676 plenitudine
1036 2600 1187 2672 ejus,
1221 2598 1379 2654 orbis
1396 2602 1685 2652 terrarum
1699 2594 2026 2652 etuniversi

376 2692 476 2766 qui
508 2692 776 2748 habitant
804 2690 864 2745 in
894 2707 961 2746 eo
992 2689 1171 2753 (Psal.
1206 2689 1376 2751 χχιιι).
1414 2709 1441 2738 ››

942 2842 1247 2898 HOMILIA
1283 2840 1467 2904 XXIX.

719 2950 882 2990 suam
921 2948 1179 2987 saeuum
1220 2946 1358 2986 ros'r
1395 2931 1688 2986 Invocavz't.

452 3050 699 3120 (Mans.
726 3058 885 3122 xw.)
921 3072 948 3099 ‹‹
981 3046 1045 3102 In
1077 3046 1470 3117 illotempore,
1502 3043 1826 3100 dixitJesus
1856 3044 2031 3100 disci-

2116 990 2401 1064 telligere.
2440 993 2727 1060 Regnum,
2759 983 2974 1057 inquit,
3006 980 3163 1054 quod
3190 977 3355 1034 vobis
3376 976 3573 1050 paravi
3595 990 3783 1030 acon-

2123 1079 2435 1138 stitutione
2467 1076 2696 1144 mundi,
2727 1073 2932 1129 venite'
2951 1076 3007 1127 et
3034 1068 3351 1143 possidete.
3398 1064 3784 1138 Omnipotens

2120 1174 2273 1225 Deus
2307 1167 2506 1223 electis
2537 1165 2661 1223 suis
2694 1163 2918 1238 paravit
2968 1175 3235 1233 regnum,
3269 1160 3327 1213 et
3357 1156 3516 1228 ipsos
3565 1153 3782 1209 electos

2121 1254 2299 1331 regno
2332 1256 2573 1331 paravit.

2196 1371 2222 1398 ‹‹
2256 1348 2421 1402 Tunc
2453 1341 2944 1417 respOndebuntei
2967 1338 3138 1412 justi,
3172 1336 3463 1392 dicentes:
3515 1331 3781 1395 Domine,

2124 1462 2151 1486 ‹‹
2187 1437 2422 1510 quando
2449 1440 2503 1490 te
2535 1433 2793 1489 vidimus
2824 1430 3180 1487 esurientem
3215 1429 3271 1481 et
3302 1422 3593 1497 pavimus,
3618 1445 3646 1469 ››
3670 1425 3781 1475 etc.

2123 1508 2275 1582 Justi
2308 1524 2397 1580 vel
2429 1540 2532 1596 pro
2575 1527 2795 1579 terrore
2838 1524 2895 1575 et
2937 1515 3342 1592 magnitudine
3388 1510 3619 1568 Domini
3671 1508 3788 1563 ista

2125 1616 2470 1688 loquuntur,
2503 1612 2591 1668 vel
2625 1615 2866 1684 propter
2888 1606 3353 1681 magnitudinem
3374 1597 3793 1657 remuneratio-

2127 1705 2241 1761 nis.
2275 1703 2485 1759 Omnia
2515 1700 2728 1757 etenim
2762 1700 2915 1756 bona
2947 1715 3073 1770 quae
3104 1694 3164 1751 in
3196 1689 3547 1749 hoc'saaeulo
3580 1704 3792 1763 gerun-

2129 1800 2244 1863 tur,
2281 1793 2352 1848 ad
2381 1790 2856 1865 magnitudinem
2883 1787 3043 1842 illius
3073 1784 3269 1859 gloriae
3291 1779 3541 1855 imparia
3561 1776 3795 1848 esseju-

2127 1884 2364 1939 dieantu
2377 1899 2420 1936 r.

2201 1974 2434 2026 «Amen
2466 1970 2597 2025 dico
2628 1967 2814 2035 vobis,
2849 1963 3111 2037 quandiu
3168 1958 3387 2017 fecistis
3437 1956 3537 2012 uni
3593 1956 3665 2010 de
3693 1953 3791 2010 his

2130 2086 2157 2113 «
2193 2059 2472 2116 fratribus
2502 2056 2649 2114 meis
2682 2054 2968 2120 minimis,
3004 2051 3152 2107 mihi
3200 2048 3440 2105 fecistis.
3476 2070 3503 2095 »
3535 2045 3699 2100 Licet
3728 2042 3790 2097 in

2130 2150 2407 2207 omnibus
2430 2146 2787 2221 pauperibus
2813 2143 3077 2199 Christus
3095 2138 3498 2212 recipiatur,et
3524 2133 3585 2188 in
3598 2130 3791 2211 omni-

2131 2240 2242 2295 bus
2273 2237 2353 2293 illi
2388 2219 2752 2306 eleemosyna
2786 2232 3089 2306 largiatur,
3119 2233 3316 2284 tamen
3348 2227 3407 2281 in
3438 2225 3546 2280 hoc
3577 2219 3795 2277 saeculo

2134 2326 2264 2384 illos
2285 2325 2618 2400 specialiter
2630 2324 2918 2396 designat,
2934 2320 3035 2394 qui
3050 2336 3166 2375 non
3181 2332 3440 2389 corpore,
3463 2312 3562 2369 sed
3579 2310 3796 2400 spiritu

2134 2399 2421 2490 pauperes
2452 2418 2619 2471 sunt:
2656 2413 2757 2486 qui
2789 2429 2897 2467 sua
2926 2426 3030 2483 pro
3064 2414 3177 2464 Deo
3209 2406 3591 2478 reliquerunt,
3636 2399 3801 2456 sicut

2136 2508 2373 2563 fuerunt
2402 2503 2648 2577 apostoli
2675 2506 2733 2558 et
2764 2501 3090 2577 imitatores
3139 2512 3364 2564 eorum,
3417 2508 3595 2564 super
3640 2504 3800 2562 quos

2135 2595 2419 2652 Dominus
2434 2610 2646 2648 manus
2658 2608 2797 2647 suas
2809 2588 3013 2645 extend
3023 2582 3591 2656 ens,dicebat:chce
3607 2582 3807 2634 mater

2137 2701 2267 2741 mea
2296 2688 2353 2739 et
2385 2683 2591 2738 fratres
2623 2678 2737 2735 mei
2761 2678 2985 2750 (Matth.
3016 2680 3144 2746 xu).
3182 2697 3208 2724 ››

2214 2800 2235 2828 ιι
2272 2776 2337 2831 Et
2366 2774 2536 2829 ibunt
2564 2772 2623 2827 hi
2658 2771 2717 2825 in
2754 2756 3799 2842 suppliciumaeternum,justiautem

2140 2890 2166 2918 «
2202 2866 2262 2921 in
2292 2865 2471 2920 vitam
2504 2865 2802 2918 aeternam.
2838 2882 2865 2908 ››
2898 2857 3060 2914 Sicut
3079 2854 3233 2911 enim
3264 2851 3321 2908 in
3355 2847 3597 2907 scientia
3626 2845 3724 2901 Dei
3741 2848 3805 2902 et

2140 2952 2648 3029 praedestinatione
2681 2949 2837 3005 illius
2869 2948 3258 3021 praeparatum
3295 2945 3383 2997 est
3414 2936 3795 3029 sanctisreg:

2141 3062 2284 3101 num
2300 3039 2759 3099 aconstitutione
2790 3035 3017 3103 mundi,
3048 3035 3131 3090 ita
3161 3032 3335 3089 etiam
3367 3045 3544 3103 pcnna:
3576 3023 3795 3081 inferni

383 3164 415 3195 ‹‹
448 3142 603 3216 palis
634 3142 787 3198 suis:
823 3155 957 3196 cum
1017 3137 1239 3194 venerit
1264 3136 1444 3192 ‘ﬁlius
1492 3134 1749 3191 hominis
1791 3134 1849 3190 in
1895 3135 2032 3191 sede
2067 3206 2101 3216 Α
2143 3114 3799 3203 diaboloctangelisejuspraeparataeessedicuntur.Frus-

390 3252 418 3287 α
443 3230 770 3304 majestatis
800 3246 940 3297 suae,
975 3232 1032 3283 et
1061 3236 1266 3283 omnes
1298 3224 1487 3298 angeli
1518 3227 1646 3296 ejus
1694 3241 1828 3280 cum
1877 3240 1963 3279 eo.
2001 3245 2029 3272 »
2061 3206 2103 3271 C
2144 3228 2381 3294 tracrgo
2403 3216 2753 3291 dogmatizat
2770 3216 3047 3288 Origenes
3073 3209 3372 3269 diabolum
3394 3211 3449 3263 et
3475 3219 3681 3261 omnes
3702 3218 3803 3257 re-

381 3323 519 3379 Post
538 3300 791 3375 biduum
824 3316 1048 3374 Pascha
1079 3316 1359 3372 facturus.
1393 3313 1633 3386 pulchre
1681 3312 1943 3384 praedicit
1973 3300 2034 3368 se

379 3415 441 3466 in
473 3410 780 3479 majestate
809 3406 879 3462 ad
905 3404 1295 3474 judicandum
1330 3418 1517 3475 genus
1548 3400 1872 3456 humanum
1908 3417 2034 3455 ven-

382 3502 613 3554 turum:
645 3496 796 3562 ideo,
832 3498 896 3547 ut
926 3509 1074 3564 quos
1104 3486 2030 3561 contumeliatcrrebatsupplicii,

383 3582 715 3641 sublevaret
760 3581 941 3637 etiam
1000 3579 1184 3653 gloria
1235 3578 1420 3650 regni.
1477 3578 1545 3633 Et
1576 3576 1817 3649 pulchre
1876 3576 2032 3633 ﬁlius

382 3670 641 3730 hominis
672 3671 727 3726 in
764 3670 1072 3741 majestate
1104 3666 1319 3723 dicitur
1356 3683 1486 3722 esse
1537 3669 1840 3732 venturus,
1893 3666 2049 3738 quia

383 3788 411 3815 «
445 3762 618 3818 Pater
649 3777 764 3817 non
787 3758 1019 3831 judicat
1046 3755 1544 3830 quemquam,sed
1559 3755 2028 3827 omnejudicium

382 3851 545 3909 dedit
575 3849 717 3906 Filio
745 3850 919 3923 (Joan.
952 3859 1028 3917 V).
1066 3870 1094 3897 ››
1125 3847 1197 3902 Et
1228 3849 1286 3900 in
1301 3838 1691 3917 judiciu,sola
1713 3845 1899 3901 forma
1925 3844 2029 3899 filii

379 3938 638 3997 hominis
670 3936 991 4011 apparebit.
1026 3959 1054 3987 ‹‹
1086 3936 1248 3991 Tunc
1266 3934 2029 4006 sedebitsupersedemma-

381 4052 411 4080 «
436 4026 673 4101 jestatis
706 4044 844 4083 sua.
881 4048 909 4074 ››
942 4025 1149 4080 Seden'.
1182 4022 1506 4096 majestatis
1537 4022 1635 4078 Dei
1659 4021 1746 4077 vel
1788 4023 2029 4094 nubem,

376 4118 438 4174 in
469 4134 587 4190 qua
615 4118 684 4173 ad
699 4114 874 4173 ccelos
886 4113 1166 4178 ascendit,
1180 4130 1314 4169 cum
1332 4129 1448 4185 qua
1467 4111 1643 4167 etiam
1658 4111 1729 4166 ad
1734 4110 2025 4182 judicium

378 4208 769 4264 descensurus
800 4208 910 4271 est,
942 4200 1265 4275 intelligere
1282 4200 1592 4256 debemus:
1612 4198 1699 4255 vel
1726 4200 1901 4255 etiam
1922 4218 2025 4256 an-

374 4295 537 4370 gelos
556 4298 614 4352 et
624 4298 858 4351 sanctos
871 4290 1161 4362 homines,
1181 4289 1394 4363 quibus
1408 4288 2023 4362 praesidensjudicium

369 4385 433 4443 in
464 4385 602 4442 orbe
634 4381 898 4457 agitabit,

447 4496 475 4525 ‹‹
506 4474 578 4529 Et
607 4470 1120 4544 congregabantur
1149 4472 1281 4525 ante
1310 4483 1444 4524 eum
1476 4484 1680 4524 omnes
1711 4469 1932 4539 gentes,
1966 4468 2023 4521 et

372 4559 727 4633 «separabit
756 4575 855 4615 eos
885 4559 957 4614 ab
987 4557 1256 4623 invicem,
1308 4557 1459 4613 sicut
1506 4561 1708 4629 pastor
1754 4558 2020 4627 segregat
2056 4579 2101 4643 Ι)

378 4669 400 4698 ι
433 4664 567 4704 oves
598 4648 670 4703 ab
712 4644 916 4702 haedis.
953 4672 974 4699 ι
1012 4647 1075 4702 In
1105 4644 1529 4718 significatione
1546 4644 1859 4699 electorum
1892 4660 2025 4698 oves
2092 4693 2098 4699 .

370 4740 809 4811 prteponuntur,
825 4733 1460 4809 propterinnocentiam
1472 4731 1670 4787 .Electi
1683 4735 1876 4787 autem
1890 4722 2023 4786 eves

371 4827 666 4892 dicuntur,
698 4824 837 4897 quia
865 4823 1187 4879 imitatores
1219 4820 1377 4877 illius
1399 4825 1539 4876 sunt
1564 4821 1635 4876 de
1651 4837 1766 4892 quo
1784 4820 2020 4875 dicitur:
2049 4856 2062 4874 ι

373 4936 401 4963 ‹‹
436 4914 599 4969 Sicut
625 4913 749 4969 ovis
779 4913 848 4968 ad
882 4911 1235 4968 occisionem
1267 4909 1479 4966 ductus
1520 4913 1608 4964 est
1656 4909 1782 4977 (lsa.
1817 4914 1955 4975 Lm).
1995 4930 2023 4958 »

375 5001 625 5073 Reprobi
651 5017 786 5056 vero
817 5001 878 5055 in
913 4998 1339 5072 significatione
1368 4998 1667 5053 haedorum
1702 4998 2021 5070 ponuntur,

373 5089 528 5160 quod
561 5088 846 5144 lascivum
878 5091 935 5143 et
963 5088 1234 5161 petulans
1267 5086 1483 5142 animal
1515 5089 1623 5154 est,
1679 5088 1736 5140 et
1765 5084 1919 5156 quod
1964 5085 2024 5139 in

372 5176 565 5233 Veteri
596 5174 970 5233 Testamento
1003 5175 1256 5249 peccatis
1287 5175 1481 5248 populi
1516 5175 1885 5230 oli'erebatur.

445 5288 473 5316 «
497 5265 565 5320 Et
595 5269 814 5321 statuet
844 5280 977 5319 oves
1009 5282 1042 5320 a
1071 5265 1308 5330 dextris,
1340 5265 1538 5319 haedos
1587 5267 1782 5318 autem
1815 5279 1849 5317 a
1881 5260 2022 5317 sini-

374 5354 603 5411 «stris'
632 5376 661 5405 ››
691 5353 859 5427 Apud
890 5357 1069 5409 Deum
1101 5370 1214 5407 non
1247 5353 1547 5408 estdextra
1561 5350 2017 5424 nequesinistra:

373 5444 473 5501 sed
504 5460 606 5517 per
633 5443 929 5499 dexteram
959 5440 1302 5512 magnitudo
1334 5440 1550 5513 gloriae,
1575 5458 1677 5513 per
1718 5440 2019 5496 sinistram

372 5532 717 5621 magnitudo
748 5529 1018 5603 supplicii
1043 5527 1405 5601 designatur.
1435 5530 1662 5587 Statuet
1693 5545 1828 5601 ergo
1842 5544 2021 5585 ovesa

373 5617 592 5689 daturis
624 5620 767 5695 suis,
802 5619 910 5679 hoc
940 5624 1030 5679 est
1059 5617 1272 5680 electos
1306 5617 1364 5675 in
1382 5617 2015 5693 magnitudinegloriae:

2145 3292 2359 3384 probos
2373 3312 2506 3381 post
2518 3306 2776 3378 spatium
2792 3303 2951 3361 mille
2965 3312 3251 3359 annorum
3267 3300 3337 3355 de
3363 3297 3587 3352 inferno
3606 3292 3806 3348 exitu-

2144 3383 2322 3465 ros,et
2335 3398 2401 3453 ad
2418 3394 2662 3469 gloriam
2676 3393 2801 3449 vitze
2817 3398 3039 3449 aeternae
3055 3386 3507 3450 transferendos,
3530 3383 3805 3438 cum‘Do-

2144 3483 2818 3543 minusdicatzulbunthi
2838 3483 2893 3538 in
2910 3480 3269 3554 supplicium
3283 3470 3807 3532 mternum.»Sicut

2141 3577 2298 3634 enim
2331 3575 2518 3649 gloria
2549 3591 2727 3646 quam
2780 3571 2969 3628 sancti
3017 3570 3077 3625 in
3109 3568 3202 3624 die
3250 3563 3457 3639 judicii
3509 3559 3809 3632 accipient

2142 3665 2488 3723 mternaliter
2518 3663 2629 3721 erit
2660 3667 2716 3717 et
2747 3661 2872 3718 sine
2895 3658 3165 3727 termino,
3186 3658 3267 3713 ita
3297 3649 3807 3723 siuedubiopaena

2141 3756 2376 3813 dabitur
2407 3750 2756 3810 aaternaliter
2786 3749 3070 3824 reprobis.

2708 3937 3013 3997 IIOMILIA
3058 3934 3216 3991 XXX.

2513 4064 2680 4104 rsum
2716 4062 2916 4101 TERTIA
2955 4059 3089 4099 pos'r
3125 4038 3431 4109 lnvocavit.

2205 4202 2449 4275 (Manu.
2478 4198 2619 4270 xm).
2654 4221 2680 4247 ι(
2715 4196 2779 4252 In
2812 4194 2909 4251 illo
2928 4197 3213 4266 tempore,
3237 4206 3371 4246 cum
3400 4182 3801 4275 intrassetde-

2136 4314 2164 4343 «
2197 4307 2299 4348 sus
2328 4269 2816 4360 Hierosolymam,
2848 4284 3140 4339 commota
3169 4283 3257 4336 est
3288 4277 3561 4334 universa
3591 4269 3802 4328 civitas

2133 4402 2161 4431 ‹‹
2196 4380 2431 4436 dicens:
2466 4373 2606 4443 Quis
2637 4378 2725 4431 est
2754 4371 2886 4428 hic?
2912 4394 2940 4422 »
2954 4374 3009 4427 et
3023 4369 3595 4442 reliqua.1ngressus
3608 4361 3809 4428 fuerat

2134 4468 2414 4525 Dominus
2445 4462 2771 4522 Jerusalem
2804 4477 2939 4517 cum
2955 4454 3600 4532 frequentiaturbarum
3613 4449 3805 4521 ,hym-

2133 4544 2240 4613 nes
2262 4559 2318 4612 et
2339 4555 2544 4611 laudes
2575 4551 2626 4608 ei
2658 4548 3093 4607 decantantium
3112 4545 3342 4619 :lvidens
3363 4536 3803 4621 ergopopulus,

2136 4646 2239 4718 qui
2272 4645 2341 4700 ad
2375 4641 2743 4698 festivitatem
2778 4638 3154 4703 conﬂuxerat,
3189 4632 3499 4690 Dominum
3533 4642 3672 4682 cum
3695 4625 3806 4679 fre-

2135 4716 2375 4806 quentia
2403 4729 2710 4797 turbarum
2740 4719 3483 4784 advenisseinJerusalem,
3502 4716 3806 4771 commota

2133 4803 2245 4890 est,
2276 4819 2509 4875 dicens:
2540 4816 2680 4882 Quis
2712 4820 2801 4872 est
2828 4812 2967 4869 hic?
2998 4810 3162 4878 Quod
3193 4814 3388 4865 autem
3419 4803 3593 4890 dixit:
3633 4815 3800 4890 com-

2136 4912 2295 4965 mota
2322 4911 2413 4963 est
2444 4905 2719 4961 universa
2747 4901 2970 4969 civitas,
3003 4894 3422 4969 metonymicos
3454 4895 3544 4946 est
3568 4885 3804 4942 intelli-

2133 4997 2412 5070 gendum,
2421 5011 2522 5067 per
2534 4992 2839 5049 continens
2855 4988 2913 5044 id
2934 4987 3090 5059 quod
3106 4984 3441 5041 continetur
3451 4975 3796 5070 ostendens.

2132 5061 2242 5141 hoc
2271 5087 2380 5152 est,
2413 5061 2516 5156 per
2547 5080 2861 5145 civitatem,
2895 5074 3176 5149 populum
3192 5071 3580 5134 habitantem,
3614 5061 3802 5119 inter-

2134 5176 2344 5247 rogant
2371 5174 2568 5227 autem
2601 5168 2895 5224 dicentes:
2931 5164 3072 5231 Quis
3103 5164 3192 5218 est
3218 5158 3352 5216 hic?

2205 5245 2231 5313 .1
2265 5259 2469 5333 Populi
2497 5262 2717 5324 autem,
2756 5277 2783 5304 »
2815 5254 2873 5308 id
2905 5245 3469 5324 estvulgaresturbaa
3501 5253 3785 5333 quaa_cum

2133 5328 2377 5406 Domino
2426 5345 2866 5420 gradiebantur,
2920 5338 2955 5391 ‹‹“
2981 5341 3283 5396 dixerunt:
3332 5334 3438 5391 Hic
3487 5335 3576 5420 est
3605 5328 3798 5420 ~Jesus

2131 5437 2414 5512 propheta
2433 5418 2478 5490 Oa
2508 5431 2790 5490 Nazareth
2822 5427 3175 5486 Galilaeam
3199 5425 3422 5482 minore
3442 5418 3798 5512 incipientes

2131 5505 2202 5583 ad
2236 5505 2427 5596 majus
2459 5520 2812 5596 pertendunt
2842 5534 3012 5576 suam
3047 5513 3515 5589 responsionem.
3563 5505 3670 5562 llic
3700 5505 3797 5560 est

2129 5592 2364 5691 (inquit)
2395 5592 2566 5672 Jesus
2593 5608 2895 5688 propheta.
2928 5607 3057 5665 Non
3090 5604 3297 5663 dicunt
3324 5597 3646 5671 Christum,
3687 5592 3795 5652 sed
