4028 6176
220 352 309 410 205

1422 348 1779 412 ΗΟΜΙΙᾹΑΞ
1824 346 1928 407 DE
1969 347 2367 409 'l‘EMPOllE.

3472 334 3596 414 eoo

213 481 547 555 prophetam,
580 482 747 555 quasi
799 482 991 539 adhuc
1039 483 1237 539 minus
1282 482 1596 556 sapientes,
1631 484 1688 535 et
1720 496 1834 535 non
1864 479 1919 547 Α
1955 479 2216 536 fraudem
2248 498 2351 554 per
2380 498 2556 555 quam
2590 484 2919 556 potuissent
2950 484 3230 558 populum
3253 486 3592 558 exspoliare.

210 571 434 644 perfecte
462 570 523 626 in
548 589 683 628 eum
706 573 1029 640 credentes,
1046 572 1145 629 sed
1170 588 1284 627 non
1309 571 1583 627 errabant
1603 585 1671 624 ex
1693 572 1834 624 toto.

207 660 329 715 Nam
358 664 416 715 et
439 659 565 732 ipse
588 677 691 732 per
711 660 945 733 Moysen
970 660 1255 733 propheta
1276 661 1463 714 fuerat
1482 656 1833 731 appellatus,

202 747 404 805 dicente
436 748 635 821 Moyse
660 765 672 802 :
700 771 728 798 ‹‹
753 748 1101 821 Prophetam
1127 746 1438 803 suscitabit
1461 746 1627 801 vobis
1649 745 1840 800 Domi-

201 852 291 893 nus
318 836 474 893 Deus
502 840 694 892 vester
740 854 808 892 ex
856 837 1137 893 fratribus
1184 836 1351 903 meis,
1403 840 1685 908 tanquam
1720 850 1833 902 me,

199 926 369 997 ipsum
400 924 657 981 audietis
676 927 851 993 (Deut.
873 924 1016 997 xm).
1038 948 1066 975 »
1096 926 1164 981 Et
1195 925 1320 996 ipse
1350 924 1527 979 etiam
1561 941 1622 979 se
1645 921 1837 996 appel-

198 1015 316 1070 laVit
366 1014 735 1087 prophetam,
770 1014 970 1070 dicens
1004 1012 1081 1069 :'«
1118 1014 1241 1069 Non
1275 1016 1364 1068 est
1396 1012 1678 1085 propheta
1709 1013 1834 1068 sine

193 1103 413 1164 honore,
441 1102 553 1157 nisi
584 1102 645 1157 in
677 1103 866 1175 patria
898 1120 1005 1158 sua
1036 1102 1250 1175 (.tlatth.
1279 1102 1423 1173 xm).
1450 1124 1479 1151 »
1509 1102 1610 1157 Et:
1645 1123 1672 1151 «
1708 1101 1832 1156 Non

191 1192 431 1264 oportuit
482 1192 830 1264 prophetam
881 1191 1069 1264 perire
1116 1195 1277 1249 extra
1319 1190 1645 1247 Jerusalem
1679 1191 1829 1257 (Luc.

188 1282 311 1353 xm).
348 1304 376 1331 ››
410 1282 460 1337 Α
489 1281 774 1337 Nazareth
824 1279 1067 1336 Galilzeaa
1120 1280 1339 1337 dicitur
1386 1297 1536 1347 esse,
1582 1280 1721 1352 quia
1749 1278 1831 1334 ibi

187 1369 432 1425 nutritus
461 1373 550 1425 est
583 1374 895 1442 postquam
926 1373 998 1426 de
1028 1370 1271 1441 Egypto
1301 1368 1490 1425 rediit.
1514 1367 1833 1441 Allegorice

185 1463 364 1514 autem
383 1458 712 1517 Jerusalem
733 1458 1025 1532 significat
1037 1475 1103 1514 su
1115 1474 1333 1513 mmam
1347 1457 1629 1512 visionem
1648 1456 1830 1529 pacis,

183 1545 465 1603 caelestem
496 1545 768 1602 videlicet
796 1547 1070 1620 patriam.
1097 1546 1241 1602 Cum
1272 1563 1409 1619 ergo
1439 1546 1717 1602 intrasset
1741 1545 1835 1601 Je-

183 1652 273 1692 sus
301 1633 658 1706 Jerusalem,
691 1634 745 1690 id
782 1640 874 1691 est
904 1650 1039 1691 cum
1095 1652 1200 1707 per
1227 1634 1590 1691 ascensionis
1617 1638 1832 1708 myste-

182 1724 322 1780 rium
352 1727 689 1796 penetraret
719 1721 914 1791 coelos,
943 1727 1274 1779 commotus
1306 1728 1393 1779 est
1423 1721 1708 1778 exercitus
1740 1721 1833 1778 su-

182 1829 487 1886 percarum
518 1810 802 1867 virtutum
836 1812 895 1867 in
925 1811 1173 1867 adventu
1209 1810 1391 1877 illius,
1412 1810 1613 1866 dicens
1642 1827 1655 1866 :
1690 1810 1830 1876 Quis
1861 1847 1911 1913 Β

182 1906 259 1958 est
286 1900 432 1958 hie?
466 1903 629 1967 Quod
654 1918 657 1923 '
679 1900 992 1957 Psalmista
1036 1900 1293 1972 apertius
1341 1899 1596 1972 exponit,
1631 1899 1833 1955 dicens

183 2008 244 2045 ex
270 2007 523 2063 persona
567 1989 966 2064 angelicarum
998 1988 1281 2045 virtutum
1318 2005 1331 2044 :
1370 2013 1395 2039 ‹‹
1431 1989 1572 2054 Quis
1602 1992 1691 2045 est
1722 1988 1831 2044 iste

184 2096 271 2135 rex
296 2078 499 2152 gloria
518 2078 549 2135 ?
580 2102 607 2129 ›ι
640 2080 710 2135 Et
740 2079 1164 2152 respondentes
1192 2076 1275 2133 illi
1303 2066 1402 2150 qui
1425 2095 1558 2133 cum
1582 2077 1830 2133 Domino

184 2168 612 2240 gradiebantur,
642 2167 916 2224 dixerunt
950 2185 963 2221 :
1000 2190 1027 2217 ‹‹
1062 2167 1348 2222 Dominus
1386 2167 1672 2222 virtutum
1706 2166 1830 2239 ipse

183 2261 260 2311 est
290 2272 388 2312 rex
419 2254 617 2329 gloriae
643 2257 816 2325 (Psal.
840 2257 1027 2324 χχιιι).
1060 2278 1087 2305 ››
1119 2256 1282 2322 Quod
1313 2254 1516 2321 Isaias,
1541 2253 1678 2310 licet
1697 2254 1829 2311 aliis

184 2345 380 2413 verbis,
415 2350 615 2400 tamen
649 2346 851 2400 eadem
887 2344 1317 2418 significatione
1349 2343 1712 2416 pronuntiat,
1748 2343 1831 2399 di-

190 2450 310 2490 cens
339 2435 464 2506 (Isa.
499 2438 692 2503 LX111):
718 2457 746 2484 ‹‹
783 2433 922 2501 Quis
953 2434 1179 2496 eaiste
1210 2433 1310 2506 qui
1341 2432 1500 2489 venit
1530 2433 1600 2488 de
1625 2433 1826 2500 Edom,

190 2524 372 2579 tinctis
401 2523 663 2579 vestibus
713 2523 785 2578 de
836 2523 1065 2577 Bosra?
1099 2546 1120 2571 ι
1156 2523 1227 2577 Et
1274 2522 1473 2576 statim
1526 2522 1831 2592 subjunxit

194 2629 252 2667 ex
276 2611 647 2685 responsione
678 2611 1044 2684 angelorum,
1086 2610 1187 2683 qui
1220 2610 1536 2666 Dominum
1581 2611 1828 2665 comita-

194 2700 387 2756 bantur
418 2716 432 2754 :
468 2722 495 2749 ‹‹
530 2704 648 2756 Iste
678 2700 975 2756 formosus
1007 2700 1066 2755 in
1121 2699 1270 2756 stola
1301 2716 1429 2763 sua,
1462 2699 1737 2773 gradiens
1767 2699 1825 2754 in

195 2787 550 2849 multitudine
583 2788 948 2845 fortitudinis
979 2806 1119 2844 suae.
1159 2811 1187 2838 ››

253 2901 279 2927 «ι
308 2877 373 2932 Et
398 2877 636 2933 intravit
664 2876 837 2933 Jesus
869 2877 925 2933 in
958 2875 1250 2950 templum
1283 2876 1407 2944 Dei,
1432 2898 1459 2926 ι)
1489 2880 1548 2933 et
1579 2876 1823 2949 reliqua.

194 2963 342 3020 Dedit
367 2954 535 3022 nobis
569 2965 851 3022 Dominus
883 2966 1235 3039 exemplum,
1261 2963 1329 3019 ut
1358 2965 1827 3037 quotiescunque

193 3052 244 3108 in
271 3054 463 3110 urbem
491 3054 581 3110 vel
614 3055 673 3109 in
699 3054 896 3110 villam
932 3040 1344 3128 procedamus,
1368 3054 1627 3126 primum
1650 3071 1827 3110 causa

193 3142 447 3199 orationis
461 3143 705 3198 domum
730 3142 827 3198 Dei
851 3147 1209 3215 expetamus,
1225 3159 1291 3198 ac
1310 3142 1584 3214 deinceps
1605 3158 1674 3198 ea
1694 3159 1824 3215 quae

1946 569 2016 623 Et
2046 586 2149 642 pro
2173 570 2589 628 nummulariis
2610 578 2932 645 posuerunt
2955 574 3306 647 colybystas,
3322 575 3418 646 qui
3441 574 3598 648 coly-

1945 657 2094 729 bias,
2112 658 2167 713 id
2191 665 2279 716 est
2300 664 2626 733 tragemata
2647 661 2732 717 vel
2754 662 2890 718 vilia
2919 661 3274 737 munuscula
3294 662 3600 735 exigebant

1945 761 1979 799 a
2009 746 2222 818 populo
2256 747 2347 803 cui
2371 747 2827 819 fmnerabantur,
2849 755 2913 806 ut
2934 752 3089 824 quod
3116 751 3175 806 in
3199 750 3460 805 nummis
3481 766 3597 805 non

1942 833 2156 890 licebat
2186 837 2469 908 accipere,
2502 837 2708 893 saltem
2743 839 2801 894 in
2845 839 2963 895 illis
3018 841 3192 896 rebus
3236 839 3600 911 accepissent

1944 939 2071 995 qua:
2095 924 2355 981 nummis
2379 931 2742 982 coemuntur.
2762 927 2934 983 Verbi
2956 929 3164 1000 gratia,
3185 928 3399 983 frixum
3421 927 3593 994 cicer,

1943 1027 2117 1067 unam
2154 1030 2411 1086 passam,
2439 1030 2612 1086 poma
2643 1016 2853 1072 diversi
2884 1016 3113 1090 generis
3145 1021 3201 1071 et
3230 1021 3436 1073 caetera
3465 1033 3593 1088 quae

1942 1101 2204 1156 nummis
2236 1104 2670 1172 coemebantur,
2704 1104 3036 1161 istiusmodi
3069 1106 3370 1162 inveniens
3402 1105 3591 1161 Domi-

1941 1206 2055 1245 nus
2087 1191 2143 1245 in
2178 1190 2418 1264 templo,
2443 1192 2615 1264 ejecit
2638 1210 2861 1250 omnes.
2896 1194 3007 1249 Sed
3030 1194 3170 1267 quid
3193 1198 3409 1267 ageret,
3431 1195 3477 1249 si
3506 1194 3591 1249 in-

1937 1278 2191 1335 venisset
2220 1279 2299 1335 ibi
2330 1279 2715 1348 luxuriantes,
2747 1281 3011 1338 ebrietati
3041 1288 3333 1349 vacantes,
3352 1283 3588 1355 quando

1939 1384 2007 1423 ea
2036 1384 2163 1440 qua:
2192 1366 2252 1423 in
2283 1368 2501 1441 templo
2523 1369 2755 1425 Domini
2779 1370 3170 1428 otl‘erebantur
3189 1371 3400 1443 ejecit?
3425 1370 3586 1438 Quod

1939 1460 2134 1512 autem
2159 1456 2301 1512 dicit
2326 1458 2395 1513 de
2418 1458 2634 1531 templo
2656 1458 2915 1530 ejeeisse,
2941 1477 3053 1515 non
3079 1461 3360 1517 debemus
3383 1464 3589 1532 putare

1939 1544 2094 1616 quod
2127 1544 2281 1599 intra
2301 1549 2415 1600 tem
2426 1545 2587 1618 plum
2615 1545 2748 1601 talia
2770 1552 3129 1621 gererentur,
3152 1550 3252 1605 sed
3275 1549 3335 1605 in
3356 1546 3590 1637 portici-

1940 1633 2051 1689 bus
2081 1650 2208 1706 quaa
2252 1635 2488 1707 templis
2533 1635 2924 1693 adhaerebant.
2961 1659 2988 1687 «
3022 1641 3089 1692 Et
3119 1633 3424 1695 cathedras
3452 1654 3588 1694 ven-

1939 1746 1967 1772 ‹‹
2002 1723 2267 1778 dentium
2318 1722 2622 1780 columbas
2653 1725 2874 1780 evertit.
2912 1748 2939 1775 ››
2972 1725 3266 1782 Columbae
3299 1744 3411 1782 non
3443 1726 3588 1782 resi-

1940 1810 2078 1866 dent
2109 1810 2166 1866 in
2203 1810 2516 1882 cathedris,
2540 1813 2638 1867 sed
2670 1812 2866 1884 potius
2899 1813 2957 1868 in
2989 1814 3283 1881 eaveis,ut
3303 1814 3587 1870 Dominus

1940 1898 2345 1956 columbarum
2378 1900 2687 1956 cathedras
2717 1905 3034 1958 everteret:
3070 1903 3191 1971 sed,
3225 1902 3378 1959 sicut
3407 1902 3588 1977 aliqui

1938 1989 2160 2055 velunt,
2178 1988 2505 2044 venditores
2527 1989 2864 2045 earumdem
2889 1990 3298 2048 columbarum
3319 1992 3377 2047 in
3400 1992 3592 2047 cathe-

1939 2077 2062 2132 dris
2093 2076 2444 2133 residebant.
2471 2078 2630 2141 Quod
2650 2083 2845 2135 tamen
2878 2079 3121 2136 minime
3150 2081 3430 2152 procedit,
3452 2080 3591 2152 quia

1938 2164 2216 2222 cathedra
2238 2183 2349 2221 non
2375 2170 2463 2221 est
2480 2167 2927 2239 negotiatorum,
2945 2170 3044 2224 sed
3068 2169 3265 2242 potius
3287 2170 3589 2242 magistro-

1939 2272 2070 2310 rum
2103 2258 2160 2309 et
2187 2255 2705 2327 doctorum.‘Quod
2738 2259 2932 2313 autem
2964 2257 3249 2313 Dominus
3281 2258 3589 2314 cathedras

1936 2344 2313 2400 vendentium
2349 2343 2652 2400 columbas
2683 2346 2976 2415 evertit,et
2997 2362 3231 2402 mensas
3253 2347 3589 2403 nummula-

1939 2432 2158 2489 riorum
2191 2432 2496 2501 destruxit,
2529 2437 2585 2489 et
2615 2438 2875 2489 ementes
2907 2438 2962 2489 et
3005 2435 3323 2492 vendentes
3374 2439 3594 2508 pariter

1937 2522 2007 2576 de
2038 2520 2258 2593 templo
2288 2522 2620 2576 Judzeorum
2653 2522 3017 2593 ejecit,aliud
3041 2522 3474 2595 gerendo,aliud
3500 2540 3594 2596 ge-

1936 2611 2183 2666 rendum
2232 2627 2361 2665 esse
2389 2610 2727 2667 insinuavit.
2768 2611 3100 2667 Vendentes
3148 2617 3205 2667 et
3235 2617 3498 2668 ementes
3528 2611 3588 2668 in

1935 2698 2192 2754 Ecclesia
2222 2702 2359 2753 sunt
2389 2698 2488 2770 qui
2523 2714 2719 2754 sacros
2742 2699 2976 2755 ordines
2998 2699 3083 2754 vel
3107 2700 3177 2755 ad
3200 2698 3453 2771 pretium
3475 2700 3587 2755 lar-

1935 2786 2196 2859 giuntur,
2238 2786 2321 2841 vel
2372 2786 2443 2841 ad
2491 2785 2740 2859 pretium
2790 2787 3139 2860 percipiunt.
3191 2788 3402 2845 Mensae
3452 2805 3585 2844 vero

1935 2874 2467 2930 nummulariorum
2483 2874 2913 2948 appellantural
2925 2874 3070 2931 taria
3081 2875 3179 2931 Dei
3190 2880 3447 2949 ,propter
3457 2894 3585 2932 ava-

1934 2963 2130 3019 ritiam
2154 2964 2548 3031 sacerdotum,
2565 2963 2661 3035 qui
2687 2965 2757 3019 ad
2777 2963 2885 3020 hoc
2909 2964 3194 3020 assistunt
3213 2964 3403 3033 altari,
3420 2970 3484 3031 ut
3499 2964 3585 3021 lu-

1933 3068 2098 3108 crum
2124 3052 2260 3107 inde
2280 3054 2575 3107 terrenum
2604 3053 2928 3124 acquirant.
2955 3053 3118 3109 Sicut
3136 3069 3272 3126 ergo
3302 3055 3582 3111 Dominus

1933 3146 2074 3197 tunc
2105 3139 2383 3212 temporis
2412 3140 2730 3196 vendentes
2749 3144 2806 3196 et
2827 3145 3084 3197 ementes
3105 3143 3323 3215 pariter
3346 3144 3417 3199 de
3439 3149 3581 3199 tem-

196 3232 397 3302 agenda
424 3232 596 3288 nobis
626 3236 768 3287 sunt
797 3213 938 3286 cum
964 3231 1063 3287 Dei
1095 3231 1387 3302 adjutorio
1412 3213 1823 3304 exsequamur.
1856 3213 1900 3281 C
1937 3229 2031 3302 plo
2070 3227 2352 3301 corporali
2400 3228 2555 3301 quod
2604 3232 2727 3305 θεαὶ
2778 3229 2837 3284 in
2883 3213 3233 3297 Jerusalem,
3266 3231 3471 3303 ejecit;
3499 3232 3584 3288 ita

194 3318 254 3374 Et
270 3319 561 3394 ingressus
581 3321 643 3377 in
665 3320 974 3393 templum,
998 3343 1026 3369 ‹‹
1054 3320 1322 3391 ejiciebat
1342 3336 1548 3376 omnes
1576 3321 1829 3376 venden-

196 3428 220 3455 ει
246 3413 327 3462 tes
368 3414 424 3464 et
459 3411 725 3465 ementes
774 3408 835 3464 in
884 3408 1123 3481 templo.
1162 3430 1190 3457 ››
1224 3408 1625 3481 Repetendum
1674 3413 1762 3464 est
1792 3426 1826 3466 a

191 3498 592 3555 consuetudine
643 3498 1003 3561 Judaeorum.
1037 3496 1137 3570 qui
1177 3502 1345 3553 erant
1390 3498 1707 3553 vendentes
1737 3496 1825 3553 vel

188 3590 446 3643 ementes.
482 3586 1102 3660 Prmeipiebatietenim
1135 3586 1226 3642 lex
1255 3587 1435 3655 (Deut.
1468 3586 1584 3658 xvx)
1614 3589 1679 3641 ut
1708 3603 1829 3642 om-

188 3673 271 3739 nis
296 3675 545 3749 populus
571 3674 732 3749 regni
763 3674 1104 3731 Judzeorum
1139 3678 1447 3748 appareret
1473 3674 1533 3730 in
1564 3691 1717 3730 anno
1740 3677 1831 3730 ter

187 3763 240 3817 in
270 3770 577 3836 conspectu
608 3763 863 3830 Domini,
896 3768 1074 3835 atque
1106 3763 1542 3820 confluentibus
1572 3764 1643 3819 ad
1676 3768 1826 3818 tem-

186 3851 338 3924 plum
366 3853 617 3917 dabatur
647 3856 1025 3925 praeeeptum.
1057 3874 1084 3902 ‹‹
1107 3853 1231 3907 Non
1266 3852 1576 3924 apparebis
1608 3852 1667 3907 in
1691 3868 1826 3908 con-

187 3945 374 4011 spectu
411 3941 511 3996 Dei
555 3957 775 3996 vacuus
801 3939 996 4011 (Exod.
1017 3941 1132 4011 xv).
1162 3963 1190 3988 »
1221 3940 1284 3994 In
1315 3939 1414 3995 illo
1444 3956 1582 4012 ergo
1611 3939 1828 4012 templo

190 4028 692 4100 augustissimo,ad
709 4029 861 4100 quod
879 4032 1069 4084 totum
1089 4028 1684 4101 regnumJudaeorum
1697 4044 1832 4084 con-

193 4115 413 4185 ﬂuebat,
427 4116 626 4172 multa:
642 4115 890 4171 victimas
912 4115 1326 4184 offerebantur,
1345 4116 1520 4171 boves
1540 4114 1827 4183 videlicet,

193 4204 406 4275 arietes,
428 4222 564 4263 oves
583 4209 642 4260 et
661 4221 868 4277 caprae,
883 4209 941 4261 et
965 4220 1252 4278 passeres.
1274 4204 1380 4260 Sed
1407 4203 1547 4277 quia
1567 4203 1737 4259 multi
1761 4204 1831 4259 de

193 4290 511 4371 longinquis
534 4293 872 4366 regionibus
894 4292 1401 4365 superveniebant,
1418 4292 1517 4363 qui
1540 4308 1740 4349 secum
1756 4291 1835 4347 vi-

196 4381 392 4444 ctimas
410 4370 468 4438 et
489 4380 781 4438 sacriﬁcia
801 4381 1088 4437 adducere
1110 4397 1224 4436 non
1246 4379 1836 4453 poterant,habebant

194 4475 530 4542 preparatas
552 4469 886 4526 sacerdotes
905 4469 1177 4529 victimas
1200 4468 1408 4525 diversi
1431 4468 1683 4541 generis,
1702 4484 1835 4540 qua:

195 4555 254 4611 in
282 4574 447 4614 usum
476 4556 902 4617 sacriﬁciorum
947 4562 1113 4614 erant
1142 4560 1299 4629 apta,
1332 4560 1398 4612 ut
1433 4555 1731 4613 venientes
1760 4557 1831 4612 ad

198 4645 468 4718 templum
498 4644 732 4704 Domini
764 4644 1118 4701 sacriﬁcium
1149 4649 1428 4701 emerent.
1445 4645 1514 4699 Et
1541 4643 1625 4698 ita
1650 4643 1836 4699 adha-

199 4732 350 4789 rebat
365 4734 580 4809 duplex
594 4734 1009 4806 compendium
1032 4733 1256 4790 Scribis
1275 4737 1333 4788 et
1354 4732 1835 4789 Phariszeis.Nam

199 4823 255 4885 et
275 4822 518 4894 pretium
545 4839 745 4881 rerum
767 4838 1008 4877 suarum
1034 4821 1484 4893 accipiebant,et
1508 4820 1663 4892 quod
1685 4835 1839 4875 eme-

202 4905 381 4985 batur,
411 4911 641 4989 iterum,
677 4910 738 4966 in
790 4926 931 4966 suos
980 4926 1128 4967 usus
1167 4909 1527 4980 redigebant.
1559 4908 1669 4965 Sed
1702 4907 1840 4981 quia

204 4993 450 5054 fraudem
496 5015 705 5055 eorum
756 4996 1100 5054 excludebat
1127 4995 1328 5069 inopia
1356 5012 1703 5068 pauperum,
1736 4994 1836 5068 qui

206 5098 314 5140 non
324 5086 509 5143 solum
519 5086 657 5142 victi
665 5103 789 5142 mas
804 5103 920 5141 non
934 5085 1354 5150 habebant,sed
1367 5084 1542 5140 etiam
1556 5100 1659 5139 nec
1671 5100 1840 5157 pecu-

208 5170 328 5228 nias
348 5176 557 5247 quibus
580 5179 843 5231 emerent
862 5174 921 5229 id
944 5175 1096 5246 quod
1121 5172 1516 5229 necessarium
1536 5172 1841 5244 erat,cogi-

210 5262 460 5318 taverunt
486 5264 758 5325 fraudem
781 5262 1073 5335 quomodo
1099 5263 1353 5333 praedam
1386 5264 1621 5333 agerent
1650 5260 1719 5326 de
1742 5276 1842 5332 po-

210 5346 360 5425 pulo,
386 5356 441 5407 et
468 5352 527 5425 in
562 5350 782 5423 templo
816 5354 1136 5422 posuerunt
1165 5346 1616 5415 nummularios,
1635 5351 1702 5402 ut
1732 5347 1845 5407 sin-

210 5435 353 5505 gulis
379 5439 779 5513 indigentibus
809 5438 1068 5511 pecuniae
1102 5439 1540 5494 fmnerarentur.
1563 5436 1675 5491 Sed
1707 5436 1846 5507 quia

208 5519 296 5581 lex
323 5528 661 5599 prohibebat
691 5544 955 5595 usuram,
988 5533 1046 5584 et
1066 5526 1315 5599 pecunia
1343 5524 1507 5581 illata
1534 5522 1678 5579 nihil
1709 5539 1842 5595 pro-

209 5610 367 5697 desse
411 5621 634 5697 poterat
685 5616 812 5675 sine
859 5632 1061 5686 usura,
1094 5613 1470 5673 commentati
1501 5616 1641 5671 sunt
1669 5611 1842 5673 aliam

1934 3319 2111 3375 etiam
2142 3334 2297 3372 nunc
2331 3316 2591 3389 quotidie
2620 3318 2690 3372 de
2715 3318 2931 3391 templo
2964 3318 3390 3391 spirituali,boc
3405 3325 3494 3377 est
3512 3322 3585 3377 de

1936 3410 2139 3463 sancta
2169 3405 2445 3473 Ecclesia,
2467 3406 2783 3462 vendentes
2813 3410 2870 3461 et
2899 3410 3159 3463 ementes
3186 3409 3375 3479 ejecit,
3408 3409 3467 3465 id
3498 3413 3587 3465 est

1935 3499 1992 3551 et
2020 3512 2118 3551 eos
2149 3494 2249 3566 qui
2280 3511 2383 3567 per
2411 3493 2690 3566 pecunias
2711 3495 2930 3567 gradus
2949 3495 3251 3568 dignitatis
3271 3486 3585 3570 accipiunt,

1934 3582 2023 3640 vel
2057 3583 2155 3656 qui
2188 3583 2422 3638 eosdem
2455 3582 2675 3654 gradus
2705 3583 2775 3637 ad
2826 3582 3078 3655 pretium
3123 3583 3496 3658 largiuntur:
3530 3590 3589 3642 et

1937 3672 1985 3729 si
2020 3690 2134 3728 non
2168 3689 2200 3726 a
2230 3671 2501 3743 presenti
2531 3671 2806 3739 Ecclesia,
2853 3670 3060 3728 saltem
3105 3690 3139 3728 a
3169 3673 3366 3730 futura
3394 3674 3583 3730 elimi-

1936 3764 2172 3817 nantur.
2197 3783 2227 3810 «
2260 3758 2327 3816 Et
2357 3759 2664 3815 cathedras
2692 3759 3069 3816 vendentium
3093 3760 3398 3818 columbas
3424 3778 3582 3818 ever-

1934 3849 2024 3905 tit.
2045 3871 2073 3900 »
2095 3848 2201 3904 Per
2217 3847 2519 3927 columbas
2535 3848 2756 3904 donum
2780 3848 3035 3921 Spiritus
3055 3850 3241 3905 sancti
3260 3850 3584 3924 intelligere

1936 3938 2241 4003 debemus,
2273 3941 2509 4008 propter
2539 3937 2694 4007 quod
2726 3935 2786 3992 in
2836 3937 3028 4017 specie
3076 3937 3256 4010 hujus
3306 3937 3581 3996 animalis

1938 4042 2116 4098 super
2143 4023 2457 4087 Dominum
2480 4023 2839 4095 baptizatum
2863 4024 3117 4097 Spiritus
3144 4031 3385 4084 sanctus
3406 4046 3587 4102 appa-

1937 4114 2074 4169 ruit.
2098 4112 2259 4176 Quod
2281 4128 2418 4184 ergo
2439 4111 2724 4167 Dominus
2746 4116 2885 4168 tunc
2912 4114 3191 4185 temporis
3212 4119 3592 4189 corporaliter

1939 4202 2076 4274 egit,
2096 4200 2205 4255 hoc
2227 4199 2539 4272 significat,
2559 4199 2714 4272 quod
2737 4198 3083 4273 dignitatem
3107 4206 3163 4256 et
3193 4203 3590 4264 ministerium

1940 4288 2178 4345 illorum
2210 4288 2621 4343 destructurus
2666 4292 2839 4352 esset,
2891 4287 2988 4358 qui
3041 4289 3290 4360 gratiam
3338 4292 3592 4365 Spiritus

1941 4375 2150 4444 sancti,
2165 4392 2291 4446 quae
2310 4372 2562 4428 maxime
2580 4373 3123 4446 perimpositionem
3148 4393 3360 4433 manus
3373 4379 3593 4451 episco-

1943 4479 2152 4537 porum
2169 4461 2437 4534 largitur,
2451 4459 2563 4516 nisi
2581 4464 2815 4533 accepto
2842 4461 3079 4533 praemio
3100 4481 3214 4519 non
3237 4464 3590 4539 largiuntur.

2016 4575 2045 4603 ‹‹
2079 4551 2374 4622 Scriptum
2406 4552 2530 4606 est:
2558 4549 2780 4605 Domus
2801 4565 2933 4605 mea
2953 4550 3164 4607 domus
3195 4552 3475 4612 orationis
3494 4573 3593 4614 vo-

1945 4664 1972 4691 ‹‹
1991 4638 2254 4695 .eabitur.
2273 4659 2300 4687 ››
2320 4636 2537 4693 Idcirco
2558 4636 2714 4693 enim
2739 4636 2872 4709 quis
2905 4637 3064 4695 adire
3092 4640 3263 4697 debet
3281 4643 3593 4716 templum,

1945 4734 2013 4784 ut
2041 4740 2249 4801 puram
2280 4729 2337 4781 et
2355 4726 2716 4798 frequentem
2742 4724 3061 4783 orationem
3077 4726 3160 4783 ibi
3178 4736 3461 4788 exerceat.
3482 4732 3595 4789 Sed

1942 4820 2086 4872 tunc
2112 4816 2171 4869 in
2216 4812 2558 4886 speluncam
2607 4811 2901 4869 latronum
2950 4816 3330 4887 convertitur,
3362 4820 3597 4892 quando

1946 4901 2193 4977 quilibet
2222 4918 2293 4957 ex
2321 4917 2485 4957 sacro
2514 4900 2840 4957 ministerio
2872 4900 3103 4959 lucrum
3135 4903 3247 4960 sibi
3269 4906 3597 4980 temporale

1947 4990 2247 5063 acquirere
2278 4989 2586 5045 desiderat.
2622 4987 3017 5061 Spiritualiter
3065 4995 3263 5049 autem
3309 4994 3600 5069 templum

1947 5080 2048 5136 Dei
2082 5094 2249 5135 mens
2295 5077 2763 5148 uniuscujusque
2806 5076 2998 5134 fidelis
3043 5084 3149 5136 est.
3191 5080 3353 5139 Unde
3385 5084 3602 5153 Paulus

1951 5166 2253 5241 apostolus
2285 5164 2463 5220 dicit:
2490 5184 2518 5215 ‹‹
2548 5162 2860 5235 Templum
2892 5165 2993 5222 Dei
3023 5173 3296 5227 sanctum
3325 5177 3415 5229 est
3445 5172 3602 5245 quod

1950 5258 2091 5314 estis
2119 5272 2221 5311 vos
2253 5255 2300 5326 (ι
2326 5257 2449 5310 Cor.
2471 5252 2576 5323 III).
2603 5274 2631 5301 »
2654 5252 2765 5308 Sed
2798 5253 2904 5309 hoc
2934 5255 3224 5328 templum
3255 5260 3354 5316 Dei
3386 5260 3447 5317 in
3469 5277 3602 5336 spe-

1950 5345 2187 5401 luncam
2218 5340 2464 5397 latronis
2495 5340 2872 5408 convertitur,
2926 5345 3162 5414 quando
3192 5345 3252 5402 in
3306 5348 3605 5406 mentibus

1953 5432 2168 5489 nostris
2189 5429 2456 5486 laesiones
2475 5428 2758 5501 proximis
2781 5430 2996 5488 nostris
3017 5435 3437 5507 excogitamus.
3453 5436 3609 5505 Dum

1952 5522 2108 5578 enim
2141 5517 2385 5576 sollicite
2415 5517 2747 5591 cogitamus
2778 5518 2837 5574 in
2860 5521 3136 5578 cordibus
3157 5522 3477 5594 nostris,ut
3502 5539 3609 5581 no-

1952 5624 2080 5688 cere
2110 5606 2428 5681 valeamus,
2462 5605 2718 5667 latrones
2747 5605 2807 5679 in
2851 5612 3046 5669 mente
3093 5615 3298 5671 nostra
3347 5609 3515 5688 quasi
3542 5609 3643 5688 tn‘
