4028 6176
373 372 490 435 907

373 506 657 582 spelunca
682 504 960 577 resident,
993 503 1093 578 qui
1133 503 1204 560 de
1248 498 1733 576 praetereuntibus
1763 493 2017 567 praedam
2051 489 2103 557 Α

376 598 579 672 agunt.

447 765 477 792 «
506 741 578 796 Et
607 741 979 797 accesserunt
1010 737 1083 793 ad
1116 752 1249 791 eum
1281 733 1413 789 caeci
1446 737 1501 787 et
1553 727 1746 786 claudi
1778 726 1835 781 in
1870 731 2023 780 tem-

374 853 403 881 ‹‹
437 829 554 901 pio,
586 834 644 885 et
671 828 899 884 sanavit
926 844 1044 883 eos.
1066 847 1093 877 »
1121 825 1255 881 Post
1275 824 1489 894 ejectos
1512 818 1643 874 illos
1665 816 1764 889 qui
1796 816 1856 870 in
1877 818 2026 869 tem-

375 918 473 992 plo
521 918 623 975 Dei
673 917 877 973 illicita
915 916 1280 977 exercebant,
1313 910 1539 966 curavit
1568 924 1751 964 caecos
1781 910 1837 960 et
1866 904 2026 959 clau-

379 1010 505 1078 dos,
540 1011 606 1062 ut
634 1010 831 1079 aperte
859 1006 1191 1077 designaret
1222 1000 1377 1075 quod
1408 999 1562 1055 sicut
1612 996 1693 1051 illi
1728 1012 1837 1049 sua
1866 992 2027 1047 cmci-

378 1101 497 1153 tate
535 1101 594 1153 et
622 1093 923 1151 debilitate
953 1091 1213 1165 corporis
1242 1090 1624 1151 sanabantur,
1655 1086 1737 1140 ita
1765 1084 1940 1139 etiam
1973 1086 2030 1138 et
2072 1158 2079 1165 ι

379 1186 484 1249 illi,
519 1185 568 1241 si
599 1182 856 1240 converti
884 1180 1120 1249 vellent,
1141 1197 1175 1234 a
1195 1195 1303 1235 sua
1332 1175 1625 1249 spirituali
1653 1174 1906 1229 caecitate
1928 1188 2030 1226 cu-

382 1274 551 1331 randi
582 1277 796 1329 essent.

459 1455 481 1484 ι
517 1434 794 1490 Videntes
812 1435 1010 1488 autem
1033 1427 1327 1502 principes
1350 1424 1719 1482 sacerdotum
1753 1426 1808 1477 et
1830 1420 2031 1476 scribae

383 1547 412 1575 ‹‹
432 1522 725 1579 mirabilia
739 1522 868 1594 ejus
881 1537 1006 1592 quae
1026 1518 1182 1585 fecit,
1203 1539 1231 1565 »
1249 1522 1306 1572 et
1320 1513 1847 1586 reliqua.Quaarunt
1864 1508 2033 1564 multi

382 1613 541 1687 quod
562 1610 913 1668 miraculum
938 1607 1181 1683 Domini
1213 1604 1537 1661 maximum
1571 1601 1856 1655 habeatur
1885 1598 2036 1653 inter

382 1686 582 1759 omnia
601 1701 771 1774 signa
792 1700 841 1771 ej
853 1716 940 1764 us,
961 1703 1018 1753 et
1038 1695 1278 1769 quidam
1304 1695 1615 1765 praeferunt
1638 1686 2034 1745 resuscitatio-

384 1805 519 1845 nem
550 1787 771 1851 Lazari,
787 1785 1029 1858 quidam
1055 1781 1547 1836 illuminationem
1571 1777 1703 1832 cazei
1729 1776 1871 1843 nati,
1888 1791 2032 1830 non-

936 370 1341 431 HAYMDNIS
1386 361 1922 427 llALBEliSTAT.
1971 355 2207 417 EPISC.
2260 354 2429 416 OPP.
2478 353 2676 415 PARS
2723 353 2797 412 ll.
2832 385 2909 394 —
2940 349 3208 411 HOMIL.

3656 342 3775 404 208

2691 511 2998 569 HOMILIA
3034 508 3222 566 XXXI.

2490 664 2653 703 ream
2693 662 2917 709 QUARTA
2955 661 3095 700 POST
3130 643 3423 700 Invocavit.

2207 811 2450 883 (Manu.
2480 814 2605 878 xu.)
2642 832 2669 859 «
2703 811 2767 863 in
2798 807 2896 863 illo
2918 807 3583 878 tempore,accesserunt
3601 802 3672 858 ad
3694 802 3787 858 Je-

2139 922 2166 951 «
2198 916 2330 955 sum
2363 898 2577 953 Scriba:
2608 903 2662 952 et
2684 894 3291 962 Pbarisaei,dicentes:
3317 889 3789 965 Magister,volu-

2139 1010 2166 1037 ‹‹
2201 1004 2333 1043 mus
2365 1004 2399 1042 a
2425 991 2483 1042 te
2515 987 2751 1059 signum
2776 985 2990 1050 videre,
3009 1006 3036 1031 »
3058 988 3117 1039 et
3135 982 3380 1053 reliqua.
3397 981 3491 1036 Sic
3513 979 3790 1052 petebant

2137 1094 2172 1132 a
2200 1076 2450 1131 Domino
2478 1075 2649 1149 signa
2677 1074 2748 1129 de
2780 1072 2923 1128 coelo
2955 1072 3169 1137 videre,
3191 1070 3361 1144 quasi
3390 1086 3505 1125 non
3540 1067 3791 1125 fuissent

2139 1166 2309 1237 signa
2329 1181 2396 1219 ea
2418 1180 2545 1236 quae
2562 1163 2847 1219 Dominus
2865 1161 3137 1234 superius
3153 1159 3385 1215 fecerat.
3402 1159 3513 1215 Sed
3530 1175 3791 1230 quaeren-

2139 1255 2281 1309 dum
2304 1258 2393 1309 est
2412 1252 2611 1325 qualia
2633 1253 2803 1324 signa
2826 1250 3197 1325 postulabant
3214 1265 3249 1304 a
3265 1249 3509 1303 Domino
3533 1246 3793 1303 ﬁeri.Vet

2139 1342 2516 1414 postulabant
2547 1347 2613 1395 ut
2640 1342 2700 1395 in
2732 1356 2956 1396 morem
2988 1337 3123 1394 Eliae
3149 1338 3344 1411 ignem
3366 1339 3438 1392 de
3457 1336 3598 1391 coelo
3621 1352 3794 1393 ruere

2141 1433 2373 1496 faceret,
2409 1428 2560 1486 sicut
2589 1429 2833 1501 contigit
2858 1446 2925 1485 eo
2956 1434 3237 1500 tempore,
3272 1426 3507 1498 quando
3536 1427 3693 1501 ignis
3719 1426 3796 1482 de

2142 1520 2284 1577 coelo
2317 1520 2639 1584 descendit,
2673 1525 2732 1574 et
2760 1517 3049 1590 percussit
3088 1515 3626 1589 quinquagenarias
3654 1531 3795 1571 eum

2143 1610 2573 1681 quinquaginta
2602 1606 2744 1663 suis.
2774 1606 2875 1663 Vel
2906 1606 3080 1662 etiam
3115 1604 3489 1677 postulabant
3510 1608 3593 1667 ut,
3618 1602 3798 1659 sicuti

2142 1702 2404 1771 tempore
2434 1696 2746 1761 Samuelis,
2777 1696 2974 1750 aestivo
3005 1700 3284 1767 tempore,
3317 1698 3519 1749 contra
3546 1708 3798 1771 consue-

2142 1787 2408 1843 tudinem
2430 1786 2590 1841 illius
2609 1790 2797 1851 terrae,
2812 1784 3110 1855 mugirent
3128 1783 3406 1849 tonitrua,
3422 1764 3799 1838 coruscarent

385 1874 946 1955 nulliimutationem
978 1887 1145 1943 aquae
1175 1869 1234 1924 in
1264 1868 1489 1934 vinum,
1518 1864 1778 1955 plerique
1800 1863 2036 1955 transii-
2068 1858 2116 1927 B
2148 1876 2400 1947 fmgum,
2436 1876 2656 1929 imbres
2707 1878 2945 1929 ruerent
2987 1874 3036 1940 (Ι
3064 1875 3189 1944 Reg.
3222 1874 3343 1942 xu).
3380 1872 3490 1928 Sed
3540 1872 3680 1944 quia
3727 1886 3801 1928 ea

386 1954 753 2039 gurationem
786 1961 945 2016 illius
977 1959 1036 2015 in
1060 1964 1256 2015 monte
1279 1973 1473 2012 coram
1499 1953 1804 2026 discipulis
1828 1970 1841 2008 :
1871 1953 2039 2007 beato

388 2058 587 2110 autem
620 2051 966 2122 llieronym‘o
986 2048 1217 2103 videtur
1246 2047 1358 2101 hoc
1390 2043 1749 2116 praecipuum
1774 2045 1832 2097 et
1858 2039 2042 2096 maxi-

388 2140 552 2199 mum
583 2157 710 2197 esse
740 2137 1007 2194 omnium
1039 2132 1781 2205 miraculorum.Magnum
1808 2130 1964 2185 enim
1988 2132 2044 2184 et

389 2226 711 2288 maximum
734 2228 843 2284 hoc
865 2224 1217 2284 miraculum
1238 2224 1369 2291 fuit,
1388 2228 1451 2277 ut
1474 2240 1628 2278 unus
1650 2222 1847 2288 homo,
1865 2224 1921 2274 et
1943 2216 2042 2290 qui

391 2322 534 2377 adeo
554 2324 695 2375 tunc
717 2316 998 2389 temporis
1014 2314 1145 2371 vilis
1162 2318 1305 2383 erat,
1321 2316 1388 2367 ut
1410 2310 1671 2383 cruciligi
1690 2306 2047 2382 posset,uni-

388 2426 622 2467 versum
640 2407 956 2463 exercitum
977 2406 1047 2460 de
1065 2403 1226 2460 omni
1252 2418 1428 2475 regno
1450 2400 1787 2455 Judeeorum
1812 2398 1881 2451 ad
1905 2401 2047 2451 tem-

391 2490 557 2574 plum
588 2498 1000 2561 conﬂuentem,
1035 2495 1187 2549 facto
1231 2490 1458 2564 ﬂagello
1489 2490 1559 2545 de
1590 2486 1904 2554 resticulis,
1939 2486 2045 2574 lla-

394 2588 664 2671 gellando
697 2586 766 2642 de
797 2583 1014 2657 templo
1037 2582 1289 2653 ejiceret,
1311 2580 1463 2653 quod
1491 2579 1818 2634 immensus
1840 2573 2050 2671 exerci-

395 2661 493 2735 tus
526 2678 714 2734 facere
747 2690 861 2730 non
885 2676 1130 2746 poterat.
1151 2672 1219 2726 Et
1241 2670 1299 2725 in
1325 2669 1432 2724 hoc
1458 2668 1607 2723 facto
1629 2665 1906 2738 splendor
1928 2661 2051 2735 qui-

397 2758 534 2824 dam
557 2766 820 2823 sidereus
841 2759 1161 2818 divinitatis
1184 2758 1450 2814 radiabat
1470 2757 1528 2810 in
1550 2755 1715 2810 vultu
1734 2752 1912 2820 illius,
1935 2769 2049 2823 quo

398 2854 713 2931 perterriti,
733 2869 849 2907 non
879 2849 1175 2906 habebant
1200 2846 1505 2902 audaciam
1530 2841 1837 2899 resistendi
1867 2841 2052 2897 Domi-

402 2930 496 3001 no.
529 2944 638 2998 Sed
675 2938 947 2996 Pharisaei
982 2952 1193 2991 manus
1224 2934 1282 2988 in
1328 2933 1644 2988 Dominum
1678 2930 1907 2986 mittere
1936 2947 2051 2986 non

410 3028 711 3096 aude‘ntes,
753 3023 1048 3083 conterriti
1093 3022 1395 3079 divinitate
1440 3020 1619 3088 illius,
1654 3037 1829 3093 opera
1856 3022 2051 3075 tamen
2098 3034 2102 3039 ‘

408 3123 537 3194 ejus
567 3112 1100 3184 calumniabantur,
1128 3113 1385 3169 dicentes
1419 3128 1431 3166 :

483 3305 511 3335 «
541 3280 722 3338 Audis
752 3278 891 3351 quid
924 3274 1022 3331 isti
1053 3272 1302 3330 dicunt?
1327 3291 1354 3324 ιι
1393 3274 1471 3328 Ac
1504 3272 1553 3327 si
1585 3271 1843 3326 dicerent
1874 3286 1886 3324 :
1924 3268 2051 3324 Haec

408 3364 541 3430 laus
571 3386 683 3425 non
717 3364 983 3424 convenit
1010 3363 1254 3429 homini,
1276 3361 1378 3416 sed
1411 3359 1519 3415 soli
1550 3360 1686 3415 Deo.
1720 3359 1837 3414 Hoc
1869 3358 2059 3412 dicen-

406 3466 516 3529 tes,
536 3475 652 3514 non
683 3454 967 3530 putabant
989 3469 1122 3507 eum
1150 3450 1358 3507 Filium
1384 3448 1483 3504 Dei
1511 3464 1657 3503 esse.
1675 3446 1783 3502 Sed
1812 3462 2059 3518 pensan-

409 3552 553 3607 dum
581 3550 691 3617 est,
713 3560 845 3601 cum
879 3544 1096 3614 quanto
1127 3537 1382 3612 periculo
1415 3535 1669 3610 episcopi
1702 3535 1923 3591 favores
1955 3535 2060 3591 ho-

411 3638 641 3695 minum
667 3631 1123 3705 recipiunt,cum
1156 3627 1265 3683 hoc
1295 3643 1397 3698 pro
1428 3624 1672 3682 crimine
1703 3623 2061 3696 impingeba-

409 3728 526 3793 tu‘r,
552 3724 709 3799 quod
740 3721 840 3779 Dei
875 3718 1054 3777 Filius
1084 3717 1157 3772 ab
1178 3714 1517 3772 hominibus
1539 3714 1911 3770 laudabatur.
1929 3708 2060 3780 Qui-

410 3817 522 3874 bUS
552 3802 634 3870 ita
675 3809 960 3867 Dominus
1004 3813 1182 3862 suum
1215 3803 1560 3876 temperavit
1593 3818 1962 3874 responsum,
1995 3804 2062 3857 ut

411 3914 518 3962 nec
548 3890 767 3958 diceret
797 3896 954 3970 quod
986 3894 1070 3949 illi
1100 3893 1373 3950 volebant
1404 3891 1606 3948 audire
1632 3908 1645 3946 :
1683 3888 2061 3946 BenefaciUnt

410 3990 818 4049 testimonium
840 3987 910 4041 de
934 4000 1026 4040 me
1048 3980 1421 4056 perhibentes
1441 3999 1454 4036 :
1475 3984 1577 4035 aut
1599 3980 1774 4036 etiam
1795 3996 1808 4034 :
1828 3978 2061 4049 Errant,

413 4077 699 4154 ignoscite
727 4074 882 4131 aetati
911 4072 1171 4141 illorum,
1203 4070 1304 4126 sed
1335 4070 1493 4126 dicta
1521 4085 1836 4141 puerorum
1868 4084 1937 4123 ex
1967 4066 2060 4124 di-

414 4156 524 4226 etis
546 4162 958 4240 prcpbetarum
977 4159 1331 4227 corroborat,
1346 4159 1548 4213 dicens
1568 4173 1581 4212 :
1602 4180 1629 4206 «
1649 4157 1961 4228 Nunquam
1984 4155 2061 4212 le-

414 4276 445 4310 ‹‹
477 4255 683 4332 gistis:
722 4252 869 4320 Quia
897 4263 965 4306 ex
994 4258 1093 4305 ore
1124 4245 1440 4303 infantium
1473 4249 1529 4302 et
1559 4243 1899 4301 lactentium
1925 4252 2061 4315 per-

413 4368 443 4399 ‹‹
476 4344 613 4403 fecit
628 4340 926 4407 laudem,»
951 4336 1186 4411 quando
1207 4334 1381 4391 corda
1400 4337 1456 4390 et
1476 4351 1576 4389 ora
1593 4333 1900 4389 turbarum
1924 4332 2062 4388 sim-

413 4430 653 4508 plicium
686 4428 757 4489 ad
789 4430 964 4485 ﬁdem
994 4424 1224 4483 Domini
1257 4422 1566 4480 accendit?

2150 1964 2661 2021 calumniabantur
2680 1980 2806 2034 qua:
2832 1962 3092 2035 quotidie
3113 1978 3308 2017 coram
3332 1962 3457 2017 suis
3486 1961 3670 2017 oculis
3691 1961 3801 2017 De-

2152 2055 2378 2110 minum
2403 2055 2589 2109 facere
2606 2053 2898 2119 videbant,
2915 2051 3100 2106 multo
3124 2051 3312 2123 magis
3335 2050 3453 2107 haec
3474 2050 3803 2107 calumnia-

2151 2149 2374 2209 rentur,
2408 2142 2456 2198 si
2490 2142 2890 2214 contigissent.
2925 2141 3190 2196 Dicerent
3217 2140 3373 2196 enim
3406 2156 3520 2196 non
3550 2157 3619 2196 ex
3645 2135 3806 2213 pote-

2153 2239 2303 2290 state
2334 2231 2565 2287 Domini
2595 2231 2704 2286 hoc
2733 2230 2984 2299 evenire,
3003 2231 3099 2286 sed
3125 2247 3193 2285 ex
3222 2230 3468 2287 diversis
3498 2230 3807 2302 qualitati—

2154 2324 2265 2378 bus
2296 2321 2447 2375 aeris
2478 2320 2783 2376 accidisse.
2812 2319 2936 2383 Vel,
2969 2320 3124 2374 sicut
3147 2319 3403 2375 Joannes
3432 2319 3813 2394 Evangeiista

2155 2412 2298 2466 dicit
2328 2410 2534 2480 (Matth.
2568 2409 2691 2480 xu),
2726 2409 3002 2479 petebant
3030 2424 3167 2463 eum
3200 2413 3265 2463 ut
3295 2425 3512 2464 manna
3541 2410 3612 2465 de
3660 2408 3811 2465 creto

2157 2500 2380 2572 plueret
2410 2497 2514 2563 eis,
2548 2499 2703 2553 sicut
2731 2498 3029 2569 quondam
3064 2497 3276 2553 fecerat
3304 2497 3571 2569 patribus
3599 2511 3810 2554 eorum

2159 2589 2219 2643 in
2249 2590 2505 2655 deserto,
2537 2594 2601 2641 ut
2631 2586 2756 2644 sine
2785 2586 2982 2642 labore
3020 2591 3079 2642 et
3107 2587 3447 2659 fatigatione
3475 2586 3667 2643 vivere
3698 2603 3812 2661 po-

2158 2678 2429 2733 tuissent.

2232 2808 2260 2834 ‹‹
2296 2783 2601 2840 Generatio
2651 2782 2807 2839 mala
2854 2787 2911 2839 et
2956 2782 3239 2839 adultera.
3289 2807 3310 2835 ι
3363 2783 3813 2843 Generationem

2162 2875 2377 2931 malam
2410 2870 2691 2946 pupulum
2721 2872 3052 2928 Iudaeorum
3078 2877 3314 2946 propter
3333 2878 3734 2948 contemptum
3752 2880 3818 2933 et

2163 2962 2691 3038 prazvaricationem
2724 2966 2909 3018 vocat.
2942 2962 3375 3019 Praevaricatrix
3405 2964 3557 3019 enim
3593 2962 3821 3020 divino-

2163 3071 2291 3110 rum
2327 3056 2747 3125 praeceptorum
2774 3052 2883 3107 fuit
2907 3055 2963 3107 et
2985 3050 3283 3109 adultera:
3308 3053 3448 3126 quia
3469 3052 3663 3110 relicto
3687 3072 3823 3128 pre»

2162 3144 2287 3217 prio
2318 3141 2590 3210 viro,hoc
2618 3146 2708 3197 est
2737 3140 3064 3208 Dco,idolis
3091 3141 3353 3215 gentium
3381 3158 3443 3198 se
3474 3142 3822 3219 miscuerat.

2081 3226 2125 3295 (ἶ
2164 3256 2194 3285 ‹‹
2228 3232 2471 3303 Signum
2507 3231 2736 3302 quaerit,
2774 3253 2801 3281 n
2839 3230 2948 3286 hoc
2977 3235 3068 3286 est
3110 3230 3343 3304 signum
3389 3232 3462 3288 de
3504 3230 3666 3301 ccelo,
3698 3257 3726 3284 ‹‹
3760 3235 3828 3290 et

2167 3345 2195 3373 ‹‹
2230 3321 2463 3393 signum
2496 3335 2611 3374 non
2645 3319 2883 3374 dabitur
2911 3319 2983 3387 ei,
3027 3318 3137 3375 nisi
3189 3320 3425 3393 signum
3470 3320 3631 3378 Jonm
3675 3338 3828 3395 pro-

2167 3433 2196 3461 ‹‹
2220 3409 2427 3482 phetze.
2457 3431 2483 3457 η
2506 3406 2792 3474 Quaeritis,
2814 3407 3028 3481 inquit,
3048 3408 3286 3481 signum
3309 3426 3343 3465 a
3363 3425 3455 3464 me
3475 3409 3690 3477 videre,
3714 3412 3827 3468 sed

2168 3515 2281 3554 non
2314 3496 2549 3553 dabitur
2574 3496 2738 3552 vobis
2771 3496 3008 3568 signum
3041 3497 3365 3554 divinitatis
3392 3512 3533 3554 mea:
3555 3500 3629 3556 de
3644 3498 3824 3568 cmlo,

2168 3588 2267 3643 sed
2301 3586 2495 3659 potius
2524 3585 2911 3641 humanitatis
2943 3601 3085 3641 meae
3115 3585 3187 3642 de
3209 3584 3455 3643 inferno.

2240 3718 2267 3745 ‹‹
2300 3693 2460 3748 Sicut
2489 3692 2644 3747 enim
2678 3690 2788 3747 fuit
2817 3689 2996 3747 Jonas
3025 3690 3083 3746 in
3115 3696 3314 3748 ventre
3345 3693 3453 3748 ceti
3483 3692 3669 3751 tribus
3699 3693 3829 3752 die-

2172 3804 2199 3834 «
2230 3783 2343 3838 bus
2371 3785 2428 3837 et
2456 3780 2645 3836 tribus
2676 3779 2968 3848 noctibus,
3003 3780 3087 3836 sic
3116 3780 3228 3836 erit
3255 3780 3437 3838 Filius
3468 3780 3726 3840 hominis
3756 3784 3826 3840 in

2175 3888 2197 3920 α
2230 3870 2400 3926 corde
2427 3872 2592 3925 terra:
2627 3867 2819 3924 tribus
2866 3867 3074 3924 diebus
3121 3871 3176 3923 et
3219 3868 3407 3924 tribus
3458 3869 3750 3927 noctibus.
3794 3895 3831 3922 ι)

2169 3959 2315 4015 Nota
2344 3961 2433 4014 est
2460 3956 2706 4012 historia
2734 3956 2806 4012 de
2835 3956 2985 4012 Jona
3014 3957 3153 4043 ({cn.
3187 3959 3250 4027 ι),
3283 3954 3441 4030 quod
3485 3973 3620 4013 cum
3654 3960 3827 4034 fuge-

2170 4050 2256 4104 ret
2283 4064 2317 4102 a
2344 4046 2490 4102 facie
2521 4044 2751 4101 Domini
2787 4044 2846 4100 in
2877 4043 3098 4112 Tarsis,
3130 4044 3254 4101 ceto
3276 4045 3547 4101 sorbente
3577 4045 3826 4104 devora-

2167 4141 2264 4192 tus
2294 4139 2404 4200 est,
2423 4138 2481 4202 et
2502 4133 2611 4188 fuit
2636 4132 2716 4187 ibi
2745 4130 2937 4189 tribus
2967 4132 3176 4189 diebus
3202 4137 3260 4189 et
3289 4132 3481 4190 tribus
3508 4134 3784 4191 noctibus
3806 4150 3827 4192 :

2167 4224 2277 4279 hoc
2305 4223 2454 4279 facto
2483 4219 2824 4294 signiﬁcans
2857 4224 3103 4277 mortem
3133 4218 3390 4289 Domini,
3422 4222 3525 4294 qui
3551 4221 3729 4279 latuit
3759 4221 3829 4280 in

2169 4312 2339 4368 corde
2368 4314 2553 4377 terrae,
2573 4309 2683 4365 hoc
2703 4312 2794 4365 est
2813 4308 2872 4364 in
2895 4306 3386 4383 sepulcro,tribus
3406 4304 3617 4366 diebus
3635 4313 3697 4366 et
3714 4309 3829 4367 tri-

2169 4400 2280 4457 bus
2300 4398 2589 4456 noctibus.
2604 4397 2716 4453 Sed
2739 4397 3021 4470 quaeritur
3039 4413 3145 4453 cur
3162 4397 3447 4454 Dominus
3466 4395 3524 4452 in
3544 4397 3827 4470 θεριιίοω

2166 4488 2356 4544 tribus
2379 4486 2586 4543 diebus
2605 4488 2661 4541 et
2675 4484 3152 4541 tribusnoetibus
3164 4485 3425 4557 jacuisse
3441 4484 3827 4556 dicitur,cum

486 4610 514 4645 ‹‹
547 4578 617 4649 Et
645 4589 862 4647 relictis
892 4586 1028 4653 illis,
1065 4604 1092 4634 ››
1121 4583 1180 4639 id
1211 4585 1319 4650 est,
1355 4580 1574 4638 relictis
1617 4579 2062 4658 contumacibus
2090 4590 2137 4659 D
2170 4579 2398 4633 constat
2417 4586 2551 4630 eum
2573 4572 2655 4629 ibi
2679 4589 2811 4659 non
2814 4576 2901 4630 tot
2920 4572 3125 4630 diebus
3148 4578 3206 4630 et
3221 4572 3490 4630 noctibus
3504 4591 3574 4631 ex
3591 4574 3826 4650 integro

413 4684 472 4739 et
500 4675 1023 4737 calumniatoribus
1056 4673 1200 4738 suis,
1234 4694 1263 4722 ‹‹
1297 4667 1442 4725 abiit
1479 4667 1633 4724 foras
1665 4669 1827 4723 extra
1855 4666 2064 4722 civita-

414 4791 444 4822 α
477 4760 596 4826 tem
627 4768 686 4823 in
715 4763 1078 4822 Bethaniam.
1115 4783 1142 4809 »
1174 4760 1282 4815 Per
1320 4757 1475 4830 quod
1507 4754 1877 4829 signiﬁcabat
1907 4752 2061 4827 quod

413 4858 648 4916 audiens
681 4854 754 4912 ob
796 4850 1103 4926 perﬁdiam
1148 4863 1317 4904 suam
1351 4846 1507 4901 esset
1537 4842 1870 4910 relicturus,
1902 4844 1960 4898 et
1990 4840 2063 4897 ad

414 4945 675 5020 gentium
708 4940 955 5015 populos
982 4936 1513 5009 transmigraturus
1546 4948 1560 4986 :
1597 4931 1737 5020 quia
1784 4927 2067 4985 Bethania

412 5017 601 5092 demus
619 5026 1388 5098 obedi'entt'rinterpretatur.
1404 5021 1475 5075 Et
1489 5020 1615 5091 jam
1638 5017 1730 5072 hic
1753 5019 2064 5089 paupertas

413 5106 733 5179 BiiVat‘oris
744 5114 1003 5172 notanda
1016 5116 1124 5173 est,
1143 5110 1238 5181 qui
1256 5113 1429 5164 tanta:
1443 5104 1803 5179 paupertatis
1819 5103 2061 5172 exstitit,

415 5208 481 5266 tit
509 5211 567 5264 in
598 5204 720 5264 tam
750 5210 967 5274 magna
997 5199 1227 5253 civitate
1258 5195 1553 5252 neminem
1586 5190 1869 5248 inveniret
1894 5191 2064 5262 cujus

412 5296 671 5371 hospitio
685 5292 990 5348 frueretur.
1008 5286 1069 5341 in
1086 5290 1314 5340 tantum
1329 5283 1486 5338 enim
1507 5280 1648 5336 nulli
1666 5278 1939 5335 adulatus
1951 5282 2062 5344 est,

414 5386 481 5442 'n’t
499 5367 607 5439 nec
627 5378 882 5452 hospitio
907 5374 1159 5446 alicujus
1179 5374 1466 5427 frueretur
1489 5388 1502 5425 :
1527 5369 1629 5425 sed
1652 5367 1859 5424 diebus
1878 5367 2066 5423 venie.

413 5472 516 5529 ea
558 5470 621 5526 in
662 5466 979 5530 civitatem,
1011 5466 1069 5518 et
1103 5459 1570 5533 praedicationem
1599 5457 1679 5513 ibi
1708 5456 2059 5529 peragebat;

412 5560 581 5617 nacte
610 5560 744 5614 vero
776 5552 1170 5610 revertebatur
1196 5548 1255 5603 in
1289 5547 1652 5617 Bethaniam,
1676 5549 1733 5601 et
1762 5545 2065 5602 fruebatur

413 5646 497 5715 ibi
525 5643 782 5721 hospitio
812 5640 1010 5701 Lucri
1042 5643 1098 5698 et
1126 5652 1392 5695 sororum
1424 5636 1574 5709 ejus.

2171 4663 2460 4719 mansisse
2479 4662 2507 4718 ?
2533 4646 2834 4735 Siquide‘m
2882 4666 3058 4719 sexta.
3092 4660 3235 4718 feria
3264 4662 3407 4718 hora
3435 4664 3598 4718 sexta
3627 4646 3824 4721 cruvci-

2172 4751 2323 4807 fixus
2350 4754 2457 4817 est,
2482 4767 2635 4806 nona
2653 4755 2849 4806 autem
2872 4749 3069 4806 emisit
3088 4748 3358 4822 spiritum
3383 4766 3397 4805 ε
3419 4764 3661 4822 vespere
3688 4754 3829 4823 post

2171 4852 2445 4896 occasum
2475 4836 2616 4894 solis
2646 4838 2946 4911 depositus
2974 4840 3063 4893 est
3093 4836 3166 4893 de
3204 4853 3393 4903 cruce,
3412 4840 3468 4893 et
3497 4830 3827 4894 collocatus

2171 4927 2232 4983 in
2262 4926 2620 4999 sepulcrum,
2653 4930 2712 4981 et
2737 4940 2849 4980 non
2882 4924 2959 4981 ibi
2984 4920 3172 4995 jacuit
3200 4923 3311 4981 nisi
3344 4922 3588 4997 triginta
3634 4930 3694 4981 et
3721 4938 3829 4981 sex

2171 5015 2354 5071 horis.
2375 5014 2486 5070 Sed
2517 5013 2577 5069 in
2607 5012 2717 5070 hoc
2747 5012 2873 5069 loco
2906 5011 3107 5085 regula
3134 5011 3443 5086 Scriptum
3465 5010 3829 5070 attendenda

2172 5104 2280 5171 est,
2315 5102 2455 5173 quia
2486 5101 2819 5173 frequenter
2846 5117 2880 5156 a
2910 5101 3074 5173 parte
3120 5102 3311 5157 totum
3356 5100 3825 5157 demonstratur.

2170 5189 2332 5246 Sicut
2345 5189 2499 5245 enim
2520 5188 2841 5260 accipimus
2862 5192 3085 5244 sextam
3108 5188 3310 5245 feriam
3333 5202 3465 5245 cum
3490 5193 3660 5245 nocte
3682 5198 3832 5262 pra

2171 5277 2508 5344 cedenti,ita
2527 5280 2753 5331 noctem
2773 5276 3139 5332 Dominicam
3160 5292 3294 5333 cum
3316 5277 3581 5350 seqttenti
3605 5276 3829 5334 ὤρθε-

2171 5365 2430 5421 cundum
2461 5364 2612 5419 hanc
2634 5363 2918 5420 rationem
2938 5367 3057 5420 tres
3080 5363 3206 5422 dies
3227 5370 3284 5421 et
3304 5370 3502 5422 noctes
3522 5364 3828 5422 invenitur

2172 5452 2461 5509 mansisse
2481 5450 2764 5507 Dominus
2786 5452 2846 5507 in
2870 5453 3158 5525 sepulcro,
3181 5454 3329 5510 Nam
3351 5470 3503 5526 saepe
3524 5451 3705 5510 talem
3738 5452 3828 5510 lo-

2171 5541 2459 5597 cutionem
2481 5538 2813 5597 invenimus
2832 5541 2889 5596 in
2908 5541 3322 5615 Scripturis,et
3339 5541 3513 5599 etiam
3534 5541 3591 5597 in
3615 5546 3826 5599 nostra

2170 5630 2467 5691 communi
2491 5628 2801 5704 locutione,
2816 5629 2967 5688 sicut
2982 5630 3237 5689 diximus
3254 5629 3557 5688 mulierem
3580 5633 3825 5706 partum
