4028 6176
232 334 332 399 209

1444 331 1798 396 IIOMILLE
1841 330 1942 392 DE
1986 330 2385 394 TEMPOIIE.

3492 332 3614 399 210

226 474 437 548 portare
467 470 669 528 decem
699 469 1025 540 mensibus,
1042 486 1177 528 cum
1208 472 1441 526 constat
1460 483 1667 524 novem
1688 482 1849 524 men-
1880 465 1936 533 Α
1968 465 2314 524 immundus
2345 465 2588 541 spiritus
2610 466 2726 525 exit
2747 466 2819 526 ab
2840 465 3099 541 homine,
3113 469 3348 543 quando
3366 458 3612 546 regens-

226 562 373 623 sibus
420 562 655 617 tantum
706 560 873 629 ferre,
907 564 964 616 et
1010 557 1320 632 incipiente
1364 557 1589 615 decimo
1620 559 1853 630 partum

222 651 419 727 egredi.
1438 662 1447 669 '

281 737 926 796 «ViriautemNinivitae
947 743 1192 813 surgent
1210 737 1268 793 in
1282 737 1507 809 judicio
1531 753 1662 792 cum
1683 752 1857 808 gene-

219 855 242 881 α
270 829 492 888 ratione
522 829 655 895 ista,
685 831 742 884 et
770 827 1247 883 condemnabunt
1275 843 1425 892 eam,
1463 848 1489 874 »
1522 829 1579 882 et
1606 824 1850 898 reliqua.

216 920 342 978 Cum
357 915 745 975 dicunturviri
761 915 1023 974 Ninivitae
1040 933 1276 989 surgere
1292 915 1588 987 injudicio
1603 932 1670 970 cu
1681 932 1735 970 n1
1750 931 1854 985 ge-

216 1005 634 1073 nerationeilla,
650 1009 879 1062 constat
890 1009 1088 1078 aperte
1101 1005 1256 1078 quod
1270 1004 1327 1059 in
1333 1004 1559 1076 judicio
1570 1006 1697 1059 tam
1708 1000 1848 1059 boni

217 1113 383 1172 quam
414 1094 649 1168 reprobi
677 1110 840 1167 teque
872 1093 1254 1150 resurrecturi
1276 1096 1477 1150 sunt.«
1497 1094 1568 1149 Et
1588 1092 1858 1148 condem-

217 1189 439 1250 nabunt
486 1201 639 1252 eam,
677 1206 704 1234 ››
736 1200 854 1240 non
904 1186 1211 1255 potestate,
1247 1183 1347 1238 sed
1397 1180 1853 1254 comparatione,

217 1272 766 1351 quiapcenitentiam
786 1270 1099 1345 cgeruntin
1123 1270 1532 1343 praedicatione
1544 1270 1726 1327 Jonas.
1745 1288 1774 1323 ‹‹
1788 1269 1857 1323 Et

217 1391 241 1417 α
271 1381 406 1423 ecce
435 1362 754 1437 plusquam
795 1362 944 1419 Jona
970 1360 1085 1415 hic.
1122 1384 1149 1409 »
1182 1360 1306 1425 Hic,
1340 1375 1444 1415 nec
1488 1374 1701 1415 nomen
1750 1373 1856 1413 nec

211 1469 555 1529 pronomen,
582 1452 682 1508 sed
702 1450 896 1524 potius
924 1449 1267 1506 adverbium
1295 1448 1428 1505 loci.
1462 1445 1855 1519 Eece,inquit,

208 1545 359 1605 inter
378 1559 482 1598 vos
512 1556 645 1597 sum
674 1556 802 1613 ego,
821 1538 921 1612 qui
943 1539 1132 1610 major
1152 1554 1283 1594 sum
1306 1538 1474 1604 Jona,
1494 1534 1856 1607 etideojudi-

205 1633 361 1693 cium
394 1631 551 1691 inter
579 1646 681 1689 vos
710 1628 1059 1684 exercebunt
1090 1625 1384 1681 Ninivitae:
1405 1625 1544 1698 quia
1563 1624 1742 1681 Jonas
1761 1624 1860 1680 tri-

204 1723 316 1781 duo
337 1718 755 1778 tantummodo
785 1717 869 1773 eis
901 1715 1254 1789 praedicavit,
1284 1732 1389 1787 ego
1418 1731 1552 1770 vero
1584 1714 1737 1787 apud
1757 1729 1860 1769 vos

205 1810 398 1868 multo
431 1818 692 1881 tempore
723 1805 973 1880 praedico
1008 1822 1020 1861 :
1051 1805 1233 1862 Jonas
1279 1802 1613 1876 praedicavit
1658 1801 1862 1858 alienae

207 1901 388 1976 genti,
409 1900 521 1955 hoc
537 1901 627 1955 est
640 1894 921 1967 Assyriis,
944 1911 1050 1968 ego
1061 1910 1195 1951 vero
1220 1892 1436 1948 Judaeis
1453 1890 1667 1964 populo
1682 1907 1863 1964 quon—

210 1990 341 2047 dam
373 1987 477 2047 Dei
517 1987 735 2043 :Jonas
766 1984 995 2041 nullum
1031 1980 1380 2046 miraculum
1417 1980 1568 2046 fecit,
1594 1997 1699 2053 ego
1730 1996 1863 2035 vero

216 2077 399 2136 multa
428 2076 600 2150 signa
631 2076 691 2131 in
719 2074 885 2131 vobis
915 2076 1189 2145 operatus
1226 2088 1383 2135 sum.

286 2166 557 2239 «Regina
571 2163 769 2220 Austri
793 2167 994 2236 surget
1016 2161 1071 2217 in
1089 2160 1316 2234 judicio
1338 2176 1473 2215 cum
1495 2156 1868 2233 generatione

221 2281 246 2306 «
281 2256 415 2323 ista,
446 2258 505 2310 et
533 2251 949 2309 condemnabit
978 2267 1128 2306 eam.
1152 2271 1173 2299 ι
1212 2247 1434 2321 Regina
1463 2246 1678 2313 Austri,
1702 2246 1760 2301 id
1780 2249 1871 2302 est

225 2346 394 2413 Saba,
410 2361 541 2417 quae
553 2341 714 2399 venit
734 2358 768 2397 a
798 2341 1014 2397 finibus
1035 2344 1200 2396 terrae
1223 2337 1571 2410 sapientiam
1595 2334 1870 2403 Solomis,

228 2431 638 2492 condemnabit
684 2430 1118 2504 generationem
1167 2427 1509 2495 istam,non
1563 2429 1871 2498 potestate,

232 2526 324 2587 sed
339 2518 1003 2597 comparatione.Merito
1017 2534 1154 2590 ergo
1166 2515 1575 2573 condemnabit
1593 2514 1871 2571 saevitiam

232 2613 556 2674 Judaeorum
617 2607 777 2683 quia,
826 2606 1091 2663 videlicet
1138 2606 1285 2678 ipsa,
1334 2605 1490 2659 venit
1553 2622 1655 2677 per
1720 2602 1872 2658 mul-

232 2706 317 2760 tas
337 2698 709 2758 difficultates
731 2702 897 2753 terrae
918 2700 973 2753 et
994 2694 1174 2751 maris
1197 2695 1264 2750 ad
1283 2693 1632 2749 audiendam
1647 2691 1875 2765 sapien-

235 2792 366 2848 tiam
396 2787 749 2846 Salomonis.
781 2786 965 2847 Judaei
1007 2801 1138 2841 vero
1184 2787 1529 2857 praesentem
1576 2781 1873 2837 Christum

236 2880 378 2938 inter
405 2895 466 2936 se
498 2877 803 2943 habentes,
836 2874 1161 2931 doctrinam
1197 2871 1352 2927 illius
1398 2871 1601 2928 audire
1632 2887 1876 2942 respue-

236 2958 385 3026 runt.
414 2969 477 3025 In
511 2968 627 3024 fide
654 2965 870 3021 etenim
902 2962 1293 3019 Ninivitarum
1337 2964 1394 3017 et
1441 2960 1595 3017 Saba
1640 2959 1872 3032 reginae,

238 3059 531 3132 pracfe'tur
561 3056 707 3111 fides
737 3052 998 3127 gentium
1032 3051 1246 3124 populo
1284 3049 1624 3106 Israelitico.

308 3168 328 3195 ι
361 3146 505 3203 Cum
539 3147 738 3201 autem
768 3142 1112 3197 immundus
1142 3138 1386 3210 spiritus
1417 3136 1617 3194 exierit
1644 3137 1716 3191 ab
1745 3135 1876 3191 'ho—

240 3259 267 3286 ‹‹
291 3234 463 3301 mine,
495 3231 763 3288 ambulat
793 3248 895 3303 per
917 3229 1045 3285 loca
1075 3227 1258 3291 arida,
1292 3243 1557 3300 quaerens
1588 3224 1871 3298 requiem,
1907 3210 1949 3277 C

239 3348 266 3376 α
292 3329 353 3382 et
378 3340 493 3381 non
526 3320 766 3381 invenit.
786 3342 811 3368 »
829 3318 1063 3375 Duobus
1087 3316 1276 3374 modis
1303 3316 1547 3389 intelligi
1571 3319 1876 3388 potest,ta-

240 3429 365 3475 men
412 3412 483 3468 ad
532 3409 768 3466 Judaeos
820 3407 1049 3480 proprie
1100 3405 1354 3479 pertinet
1402 3405 1522 3461 haec
1562 3403 1872 3461 sententia.

239 3499 464 3557 Undeet
481 3488 856 3563 Dominus'in
892 3491 1267 3550 conclusione
1300 3491 1458 3547 illius
1486 3492 1567 3546 ita
1595 3489 1874 3563 loquitur:

239 3588 389 3653 «Sic
418 3587 531 3646 erit
554 3588 613 3642 et
630 3582 990 3659 generationi
1010 3582 1148 3638 huic
1170 3581 1459 3654 pessimae.
1485 3603 1511 3629 »
1531 3581 1880 3636 Immundus

242 3676 447 3735 etenim
496 3673 745 3747 spiritus
775 3672 1054 3730 aJudaeis
1104 3676 1246 3728 tunc
1294 3669 1486 3738 exivit,
1515 3670 1749 3743 quando
1805 3670 1879 3726 ad

244 3769 491 3821 montem
539 3763 681 3819 Sina
726 3760 915 3836 legem
978 3762 1073 3818 Dei
1134 3758 1508 3832 accipientes,
1561 3758 1878 3816 dixerunt:

244 3876 272 3903 κ
302 3857 668 3926 Quaecunque
709 3849 919 3906 dixerit
964 3849 1131 3905 nobis
1189 3847 1491 3915 Dominus,
1526 3847 1794 3913 facimus,
1828 3850 1884 3903 et

244 3944 573 4001 obedientes
616 3941 666 3997 ei
717 3939 938 3996 erimus
983 3938 1177 4007 (Exod.
1210 3937 1380 4008 xxw).
1418 3959 1446 3987 ››
1479 3935 1687 3992 Exiens
1727 3936 1883 3992 enim

247 4026 1084 4105 malignusspiritusaJudaeis,
1099 4025 1416 4082 ambulavit
1439 4042 1541 4096 per
1558 4024 1685 4080 loca
1698 4024 1884 4092 arida,

248 4119 351 4177 hoc
373 4126 459 4178 est
490 4137 593 4193 per
623 4117 799 4179 corda
818 4114 1127 4190 gentilium
1159 4114 1318 4169 nullo
1351 4131 1477 4170 rore
1501 4112 1627 4169 cmli
1651 4113 1882 4168 infecta.

251 4209 353 4265 Sed
383 4209 459 4265 ibi
492 4206 756 4280 requiem
789 4221 903 4260 non
935 4203 1157 4258 invenit
1185 4202 1324 4274 quia
1342 4200 1611 4258 videlicet
1630 4218 1731 4274 per
1748 4219 1887 4273 prae-

250 4298 590 4357 dicationem
629 4292 1025 4369 apostolorum
1058 4295 1117 4347 et
1147 4290 1422 4363 baptismi
1473 4290 1721 4365 gratiam
1754 4289 1887 4346 inde

250 4391 335 4443 est
362 4385 661 4460 expulsus.

316 4500 343 4525 κ
366 4478 527 4533 Tunc
572 4473 717 4529 dicit
751 4490 763 4528 :
798 4472 1076 4527 Revertar
1103 4468 1165 4524 in
1207 4469 1449 4525 domum
1508 4484 1702 4524 meam
1734 4469 1887 4525 unde

1966 560 2129 614 ratur
2148 574 2215 613 ex
2247 574 2401 630 aqua
2429 560 2485 615 et
2516 557 2737 632 Spiritu
2772 563 2994 617 sancto.
3017 581 3045 611 ‹‹
3075 559 3352 619 Ambulat
3364 577 3466 632 per
3487 561 3614 620 loca

1965 647 2195 715 arida,»
2216 663 2318 719 per
2337 647 2799 706 cordavidelicet
2823 649 3106 712 ﬁdelium.
3124 667 3249 723 quae
3271 649 3437 706 arida
3450 654 3613 718 sunt,

1964 735 2023 792 id
2038 739 2125 792 est
2139 736 2210 792 ab
2227 735 2383 792 omni
2405 737 2890 810 concupiscentia:
2904 738 3063 794 ﬂuxu
3076 738 3283 795 aliena.
3302 741 3617 806 «Quaereris

1963 826 2247 898 requiem,
2265 830 2322 881 et
2353 844 2467 881 non
2501 826 2786 896 invenit,»
2809 828 2949 900 quia
2968 826 3232 885 videlicet
3261 826 3482 884 bellum
3500 828 3616 893 ele-

1965 918 2192 971 ctorum
2235 920 2436 971 contra
2485 916 2662 972 sentit
2696 933 2707 971 :
2742 940 2770 967 ‹‹
2803 918 2968 973 Tunc
3020 917 3162 973 dicit
3196 918 3508 975 :Revertar
3555 918 3613 975 in

1966 1004 2209 1061 domum
2240 1021 2432 1060 meam
2466 1005 2619 1061 unde
2650 1004 2818 1074 exivi,
2842 1028 2869 1055 »
2893 1006 3003 1063 hoc
3033 1010 3149 1063 est:
3173 1010 3430 1080 repetam
3443 1005 3612 1071 illum

1965 1109 2141 1165 quem
2172 1097 2432 1165 tempore
2454 1093 2733 1166 baptismi
2748 1092 2976 1167 reliqui.
2994 1118 3022 1145 ‹‹
3037 1096 3108 1151 Et
3121 1095 3616 1165 veniens,invenit

1965 1181 2158 1253 scepis
2191 1182 2554 1249 mandatam,
2593 1205 2620 1232 ››
2650 1182 2761 1238 hoc
2791 1186 2881 1239 est
2908 1184 3200 1257 baptismo
3222 1184 3612 1257 purificatam,

1967 1294 1995 1320 ‹‹
2029 1275 2087 1326 et
2115 1274 2435 1338 vacantem,
2474 1293 2500 1320 »
2533 1271 2641 1327 hoc
2671 1276 2759 1328 est
2778 1289 3021 1328 vacuam
3050 1290 3085 1328 a
3114 1273 3284 1329 bonis
3316 1273 3612 1346 operibus,

1967 1382 1993 1410 ‹‹
2029 1363 2085 1415 et
2114 1364 2403 1426 ornatam,
2440 1382 2466 1409 η
2498 1377 2601 1431 per
2629 1361 2982 1434 hypocrisin,
3003 1360 3111 1418 hoc
3132 1366 3222 1418 est
3247 1379 3349 1434 per
3377 1361 3614 1419 simula-

1966 1449 2251 1506 tionem.«
2275 1452 2434 1504 Tunc
2464 1449 2621 1505 vadit
2651 1454 2707 1505 et
2735 1449 2985 1507 assumit
3013 1455 3237 1523 septem
3268 1450 3415 1507 alios
3440 1450 3614 1524 spiri-

1968 1543 2066 1595 tus
2098 1537 2428 1610 ncquiores,
2464 1554 2549 1602 se,
2581 1542 2637 1593 et
2666 1538 2951 1595 intrantes
2980 1539 3251 1596 habitant
3269 1539 3368 1595 ibi.
3404 1562 3433 1591 »
3453 1539 3617 1597 Sicut

1967 1627 2339 1699 septenarius
2372 1638 2656 1682 numerus
2687 1630 2954 1683 sacratus
2983 1631 3073 1683 est
3102 1627 3349 1696 Christo,
3380 1632 3617 1702 propter

1970 1718 2193 1788 septem
2250 1715 2406 1771 dona
2456 1714 2710 1787 Spiritus
2760 1715 2968 1783 sancti,
3021 1733 3146 1788 quae
3198 1720 3619 1775 commemorat

1974 1805 2156 1861 lsaias
2186 1821 2364 1876 super
2397 1804 2707 1860 Dominum
2740 1804 3094 1877 requievisse
3126 1822 3139 1860 :
3166 1805 3247 1861 ita
3276 1806 3452 1868 etiam
3492 1805 3619 1862 dia-

1974 1893 2103 1950 bolo
2135 1892 2243 1951 iste
2274 1908 2558 1949 numerus
2588 1896 2963 1950 consecratus
2992 1898 3100 1962 est,
3118 1898 3351 1968 propter
3369 1892 3620 1968 plenitu-

1974 1982 2171 2057 dinem
2217 1981 2479 2038 omnium
2518 1981 2812 2039 vitiOrum.
2845 1982 3156 2056 Siquidem
3206 1986 3428 2056 septem
3484 1986 3624 2039 sunt

1975 2070 2321 2146 principalia
2349 2069 2787 2138 vitia,octavum
2838 2076 2927 2128 est
2966 2072 3261 2144 superbia,
3294 2090 3398 2145 per
3443 2089 3621 2145 quam

1976 2161 2102 2233 ipse
2162 2159 2431 2216 diabolus
2495 2159 2723 2216 cecidit.
2776 2160 3038 2217 Primum
3108 2165 3198 2218 est
3242 2170 3622 2235 γαστριμαργία,

1979 2250 2130 2322 quod
2148 2248 2719 2322 interpretaturgulae
2730 2250 3256 2323 concuspiscentia;
3273 2251 3620 2323 secundum,

1981 2338 2322 2407 fornicatio;
2367 2338 2599 2395 tertium
2652 2346 2964 2412 φιλαργυρία,
2999 2340 3054 2396 id
3107 2343 3197 2397 cst
3241 2340 3505 2409 avaritia,
3535 2338 3622 2397 vel

1982 2445 2147 2484 amor
2176 2427 2545 2497 divitiarum;
2569 2433 2867 2500 quartum,
2891 2428 2979 2486 ira
3004 2447 3017 2498 ;
3047 2429 3342 2503 quintum,
3363 2429 3623 2501 tristitia;

1982 2524 2237 2585 sextum,
2270 2519 2489 2587 acedia,
2524 2536 2652 2591 quae
2694 2523 2783 2575 est
2829 2519 3089 2577 anxietas
3133 2510 3347 2577 mentis
3393 2520 3483 2577 vel
3528 2523 3626 2577 tae-

1982 2609 2189 2677 dium;
2222 2607 2560 2680 septimum,
2593 2617 2855 2678 κενοδοξία,
2890 2609 2947 2665 id
3004 2614 3093 2665 est
3143 2628 3292 2667 vana
3337 2609 3523 2684 gloria
3574 2614 3632 2666 et

1982 2697 2224 2753 inanitis
2251 2716 2263 2766 ;
2296 2697 3067 2770 octavum,superbia,quod
3091 2702 3181 2755 est
3204 2698 3329 2771 ipse
3359 2698 3630 2756 diabolus

1984 2787 2082 2859 qui
2116 2804 2219 2860 per
2232 2785 2565 2859 superbiam
2595 2787 2666 2841 de
2696 2784 2839 2842 coelo
2865 2785 3087 2859 lapsus.
3109 2808 3130 2835 α
3166 2774 3236 2843 Et
3266 2787 3415 2843 ﬁunt
3446 2787 3633 2844 novis-

1985 2899 2013 2927 ‹‹
2047 2876 2198 2932 sima
2218 2874 2477 2931 hominis
2509 2874 2670 2930 illius
2693 2877 2892 2948 pejora
2923 2875 3236 2949 prioribus.
3272 2898 3301 2928 »
3332 2862 3631 2942 Quia'me-

1983 2964 2102 3020 lius
2132 2969 2287 3022 esset
2315 2964 2468 3019 viam
2499 2963 2758 3021 veritatis
2780 2982 2895 3020 non
2914 2981 3284 3037 cognoscere,
3305 2983 3483 3039 quam
3497 2968 3634 3040 post

1985 3053 2344 3126 agnitionem
2376 3056 2693 3108 retrorsum
2717 3053 3045 3109 ire.Melius
3076 3054 3283 3111 fuisset
3309 3055 3473 3111 Judze
3504 3072 3635 3127 pro-

1986 3142 2161 3198 ditori
2195 3141 2492 3197 Christum
2524 3158 2638 3196 non
2671 3142 2858 3213 sequi,
2892 3158 3071 3213 quam
3102 3146 3235 3213 post
3273 3142 3630 3215 agnitionem

1985 3229 2471 3306 pro.lere.Melius
2502 3229 2709 3285 fuisset
2736 3228 2958 3289 Simoni
2983 3247 3097 3286 non
3127 3230 3429 3304 baptizari,
3449 3248 3628 3303 quam

1985 3324 2118 3395 post
2147 3318 2508 3392 baptismum
2546 3318 2603 3373 in
2633 3317 2909 3391 laqueum
2941 3319 3339 3376 damnationis
3369 3320 3627 3376 interire.

1985 3408 2131 3474 Quia
2158 3406 2423 3464 videlicet
2451 3424 2586 3463 cum
2619 3407 2811 3464 omnis
2840 3408 3013 3463 bomo
3034 3407 3327 3480 pessimus
3348 3408 3425 3465 sit
3439 3407 3633 3480 quivi-

1986 3498 2083 3555 tiis
2114 3498 2310 3564 servit,
2329 3495 2426 3551 ille
2455 3500 2650 3552 tamen
2685 3496 2978 3569 pessimus
2998 3496 3389 3570 pessimorum
3407 3500 3515 3568 est,
3530 3496 3633 3570 qui

1988 3605 2121 3643 cum
2151 3585 2425 3642 omnibus
2453 3585 2609 3641 vitiis
2639 3585 3092 3652 servit,virtutes
3121 3591 3316 3643 tamen
3336 3585 3552 3643 habere
3572 3603 3634 3643 se

1989 3674 2230 3733 simulat
2259 3692 2360 3748 per
2388 3672 2744 3748 hypocrisin.

2063 3789 2089 3815 ‹‹
2123 3765 2325 3820 Adhuc
2355 3780 2421 3819 eo
2454 3762 2726 3836 loquente
2756 3764 2828 3819 ad
2862 3765 3086 3833 turbas,
3120 3781 3252 3822 ecce
3281 3769 3471 3833 mater
3507 3766 3636 3838 ejus

1993 3876 2021 3903 ‹‹
2055 3856 2112 3909 ct
2144 3853 2350 3908 fratres
2380 3852 2616 3907 stabant
2634 3851 2798 3919 foris,
2830 3858 3156 3925 quaerentes
3185 3853 3346 3927 loqui
3378 3854 3491 3910 ei.»
3529 3853 3636 3911 Oc-

1992 3947 2243 4016 cupatus
2271 3944 2395 3997 erat
2423 3940 2708 3996 Dominus
2731 3941 3012 3997 miracula
3029 3942 3455 4010 faciendo,etin
3470 3958 3642 4016 opere

1993 4035 2049 4088 et
2080 4031 2137 4086 in
2171 4029 2436 4085 doctrina
2465 4029 2749 4102 populum
2780 4031 3122 4099 exercendo,
3150 4029 3251 4087 illo
3282 4036 3479 4087 autem
3502 4050 3643 4105 prae-

1994 4120 2223 4175 dicante
2255 4123 2311 4174 et
2339 4117 2571 4173 Judaeos
2602 4118 3010 4189 redarguente,
3044 4124 3232 4174 mater
3272 4121 3401 4191 ejus
3440 4123 3498 4176 et
3527 4120 3639 4175 fra-

1994 4212 2113 4263 tres
2144 4211 2430 4263 steterunt
2461 4206 2620 4262 foris.

2069 4320 2094 4346 α
2131 4294 2284 4351 Dixit
2314 4299 2509 4350 autem
2540 4294 2591 4348 ei
2623 4292 2902 4365 quidam:
2938 4295 3082 4349 Ecce
3112 4297 3298 4350 mater
3328 4297 3428 4350 tua
3457 4295 3640 4350 etfra~

1998 4410 2025 4438 ‹‹
2059 4389 2178 4441 tres
2208 4383 2314 4438 tui.
2334 4405 2360 4432 ››
2392 4382 2636 4438 Videtur
2666 4382 2777 4437 iste
2804 4381 2905 4454 qui
2935 4382 3043 4437 hoc
3073 4382 3320 4438 Domino
3351 4382 3644 4438 nuntiavit

1997 4493 2114 4533 non
2147 4471 2399 4545 simplici
2430 4471 2625 4526 animo
2655 4470 2764 4526 hoc
2796 4470 3118 4539 nuntiasse,
3151 4471 3253 4527 sed
3282 4471 3478 4543 potius
3514 4475 3642 4527 ten-

250 4586 277 4614 α
303 4565 464 4622 exivi.
498 4587 528 4615 δ)
566 4564 684 4619 Hoc
712 4565 802 4618 est
833 4576 848 4616 :
881 4562 1142 4633 repetam
1163 4558 1397 4614 Judanas
1431 4574 1579 4630 quos
1604 4560 1777 4612 antea
1799 4556 1885 4611 ἀί·
1920 4581 1966 4644 Ι)
1997 4564 2159 4621 tandi
2188 4560 2523 4628 calliditate,
2558 4564 2753 4615 utrum
2778 4559 3061 4637 Dominus
3102 4559 3287 4616 amori
3335 4559 3643 4633 parentele

249 4654 396 4710 misi.
418 4678 437 4702 ιι
457 4655 529 4711 Et
560 4648 1056 4717 veniens,invenit
1083 4664 1212 4705 eam
1245 4646 1440 4718 scopis
1471 4646 1838 4713 mandatam,
1861 4666 1886 4693 ››

248 4741 353 4799 hoc
388 4748 497 4816 est,
546 4759 650 4815 per
705 4737 1176 4803 circumsionem,
1228 4740 1285 4791 et
1331 4738 1663 4800 vacantem,
1709 4756 1737 4784 ››
1777 4733 1887 4789 hoc

248 4831 587 4890 estabonis
635 4827 913 4900 operibus
960 4828 1310 4892 cessantem,
1342 4846 1368 4873 ‹‹
1425 4827 1483 4879 et
1531 4828 1799 4880 ornatam
1839 4846 1886 4877 ο.

247 4920 658 4977 traditionibus
689 4915 1024 4972 Scribarum
1059 4930 1126 4970 ac
1158 4911 1605 4971 Pharisaeorum.

320 5011 519 5066 «Tunc
548 5004 708 5061 vadit
736 5008 795 5060 et
825 5002 1077 5060 assumit
1103 5005 1324 5074 septem
1356 4999 1500 5056 alios
1525 5000 1766 5072 spiritus
1793 5017 1894 5056 ne-

248 5120 274 5147 κ
306 5097 540 5170 quiores
582 5111 667 5160 se,
701 5097 760 5149 et
805 5093 1094 5148 intrantes
1146 5090 1417 5147 habitant
1464 5088 1566 5154 ibi,
1603 5112 1629 5138 ››
1658 5089 1765 5145 hoc
1806 5094 1899 5146 est

253 5184 675 5257 plenitudinem
707 5183 1041 5238 daemonum
1073 5183 1129 5236 et
1158 5179 1450 5235 vitiorum.
1471 5204 1497 5228 ‹‹
1525 5179 1595 5233 Et
1626 5179 1773 5233 ﬁunt
1797 5195 1897 5235 no-

254 5274 547 5332 «vissima
599 5271 859 5328 hominis
898 5269 1057 5325 illius
1107 5269 1306 5341 pejora
1356 5267 1667 5339 prioribus.
1705 5268 1901 5335 nuuia

253 5364 471 5436 pejores
502 5367 645 5418 sunt
675 5362 849 5417 modo
875 5358 1057 5415 Judaei
1092 5358 1148 5412 in
1181 5358 1494 5431 synagogis
1516 5360 1641 5413 suis
1670 5357 1900 5413 Christo

251 5452 942 5527 blasphemantes,quam
973 5447 1113 5503 olim
1145 5451 1349 5521 gentes
1379 5451 1545 5501 erant
1566 5447 1625 5501 in
1660 5451 1900 5521 Egypto

247 5540 401 5598 idola
432 5537 1111 5598 adorantes.Possumus
1141 5540 1339 5591 tamen
1368 5534 1521 5590 hanc
1552 5541 1901 5593 sententiam

248 5631 463 5689 referre
493 5630 567 5687 ad
599 5642 1082 5699 unumquemque
1109 5628 1489 5698 peccatorcm.
1512 5625 1900 5701 Tu.;cctcniin

2000 4656 2361 4727 praeponeret
2391 4648 2861 4722 praedicationem
2893 4647 3211 4722 Evangelii,
3243 4666 3316 4705 an
3346 4667 3484 4723 non.
3531 4650 3643 4707 Sed

1997 4743 2121 4814 ipse
2150 4738 2487 4811 intelligens
2500 4738 2659 4795 illius
2672 4737 3083 4811 cogitationem
3099 4742 3154 4794 et
3169 4737 3511 4812 nequitiam,
3529 4755 3644 4794 non

2002 4828 2256 4904 praetulit
2287 4827 2552 4900 religioni
2584 4843 2865 4893 amorem,
2899 4826 2998 4899 qui
3023 4826 3393 4899 junctionem
3440 4842 3647 4895 carna-

2002 4919 2115 4976 lem
2147 4916 2426 4985 laudavit,
2458 4916 2559 4973 sed
2592 4914 2739 4970 dixit
2768 4931 2781 4970 :

2080 5028 2107 5057 ‹‹
2139 5006 2271 5070 Quae
2302 5009 2391 5062 est
2420 5008 2607 5060 mater
2637 5019 2768 5059 mea
2798 5007 2856 5058 et
2894 5003 3102 5059 fratres
3133 5003 3287 5061 mei?
3321 5026 3349 5053 »
3382 5004 3512 5061 Haec
3559 5004 3651 5061 di-

2006 5096 2209 5162 cendo,
2244 5112 2359 5150 non
2392 5090 2623 5166 negavit
2650 5092 2879 5147 beatam
2908 5091 3151 5148 Mariam
3178 5097 3429 5149 matrem
3480 5110 3651 5150 suam

2007 5202 2155 5250 esse,
2192 5183 2291 5239 sed
2326 5182 2503 5255 (sicut
2530 5178 2806 5251 diximus)
2832 5180 3089 5252 praetulit
3118 5180 3381 5238 divinum
3410 5183 3653 5242 verbum

2010 5271 2227 5330 carnali
2260 5272 2387 5340 conj
2399 5268 2678 5325 unctioni.
2692 5269 2839 5324 Nam
2863 5273 3110 5326 matrem
3129 5287 3297 5327 suam
3312 5288 3524 5345 negare
3537 5287 3653 5327 non

2012 5364 2254 5435 poterat,
2288 5359 2386 5431 qui
2420 5357 2587 5413 nobis
2626 5356 2887 5430 praecipit
2926 5363 3200 5431 parentes
3243 5363 3474 5416 nostros
3522 5358 3654 5415 dili-

2011 5467 2164 5523 gere,
2200 5448 2397 5503 dicens
2430 5462 2443 5500 :
2477 5469 2497 5495 κ
2532 5446 2765 5501 Honora
2809 5450 3036 5517 patrem
3080 5450 3252 5503 tuum
3300 5450 3358 5504 et
3405 5451 3654 5511 matrem

2015 5540 2191 5611 (Deut.
2220 5555 2253 5593 v
2279 5542 2292 5591 ξ
2327 5535 2507 5591 Matth.
2540 5537 2655 5602 xv).
2687 5557 2713 5584 ››

2085 5653 2111 5677 ‹‹
2148 5626 2217 5682 Et
2248 5624 2562 5682 extendens
2595 5640 2838 5680 manum
2866 5623 2928 5681 in
2949 5623 3270 5697 discipulos
3298 5639 3439 5680 suos
3469 5620 3651 5677 dixit:
