4028 6176
346 360 459 425 2H

905 362 1314 427 HAYMONIS
1359 355 1903 422 HALBERSTAT.
1950 347 2194 413 EPISC.
2238 349 2412 411 OPP.
2457 350 2658 411 PARS
2704 349 2881 412 II.—
2914 345 3181 411 HOMlL.

3625 328 3746 406 2m!

350 517 379 547 α
409 495 554 554 Ecce
584 499 771 552 mater
799 512 930 554 mea
959 500 1017 553 et
1045 466 1252 552 fratres
1281 490 1415 562 mei,
1436 515 1456 542 ι
1481 491 1710 548 Fratres
1730 484 1985 551 Domini,
2016 481 2071 550 Α
2100 480 2413 555 perveniat,
2448 486 2504 537 et
2530 481 2662 539 vide
2693 485 2912 555 quanta
2942 479 3021 539 sit
3048 477 3213 535 ﬁdes.
3266 478 3414 553 Ergo
3443 479 3502 534 et
3531 476 3602 534 ad
3635 477 3747 534 Ju-

343 585 446 659 qui
481 584 538 640 in
570 585 879 661 Evangelio
911 584 1303 659 appellantur,
1328 599 1445 639 non
1475 581 1756 636 debemus
1785 573 1994 632 intelli-

339 690 475 749 gere
504 673 657 731 ﬁlios
687 674 900 747 Joseph
932 675 1003 730 de
1036 674 1219 730 altera
1250 688 1446 739 uxore,
1468 674 1532 725 ut
1552 666 1793 741 quidam
1817 664 1994 720 haere-

340 763 439 820 tici
455 763 1076 837 opinantur,quoniam
1091 763 1244 819 sicut
1256 761 1425 816 beata
1442 754 1996 828 Mariainvirginita-

342 852 757 926 tepermansit,
773 852 856 907 ita
875 855 933 908 et
956 852 1163 907 beatus
1184 848 1398 921 Joseph
1420 843 1770 920 virginitatis
1790 858 1993 916 perpe-

343 945 461 999 tuis
472 945 670 997 custos
682 939 808 996 fuit.
824 941 931 996 Sed
949 940 1153 995 fratres
1171 936 1393 995 Domini
1409 934 1511 990 ﬁlii
1524 933 1712 988 Mariae
1728 933 1994 987 materte-

350 1048 426 1086 ra:
452 1031 581 1103 ejus
611 1028 1040 1102 intelliguntur,
1054 1028 1328 1094 Jacobus,
1344 1029 1401 1080 et
1419 1025 1769 1090 Joannes,et
1788 1019 1990 1076 Judas.

351 1119 612 1184 Quatuor
640 1117 933 1190 siquidem
951 1116 1142 1173 modis
1160 1117 1440 1171 dicuntur
1458 1114 1692 1168 fratres:
1710 1107 1997 1183 germani-

350 1205 740 1273 tate‘carnali,
773 1206 925 1262 sicut
953 1205 1132 1261 Jacob
1163 1209 1220 1259 et
1248 1204 1401 1259 Esau
1428 1220 1441 1269 ;
1474 1201 1588 1257 alio
1638 1199 1829 1263 modo,
1863 1214 1995 1270 pro-

351 1296 680 1369 pinquitate
709 1295 923 1362 carnis,
945 1294 1096 1350 sicut
1118 1293 1313 1349 Laban
1338 1290 1666 1364 appellabat
1685 1288 1865 1345 Jacob
1890 1287 1997 1341 fra-

350 1389 521 1452 trem,
556 1384 695 1456 quia
724 1381 1049 1438 avunculus
1079 1398 1222 1439 suus
1252 1385 1396 1437 erat.
1423 1380 1493 1435 Et
1523 1379 1673 1435 sicut
1702 1376 1996 1433 Abraham

346 1473 608 1546 loquitur
636 1473 708 1530 ad
741 1471 963 1527 Loth:«
997 1471 1079 1526 Ne
1106 1487 1303 1542 quaeso
1334 1469 1413 1525 sit
1433 1467 1699 1542 jurgium
1732 1467 1885 1522 inter
1905 1481 1998 1520 me

349 1568 408 1619 et
435 1566 512 1631 te,
528 1566 585 1618 et
606 1564 872 1634 pastores
895 1576 1056 1616 meos
1074 1562 1405 1632 etpastores
1436 1557 1811 1625 tuos,fratres
1840 1553 1996 1610 enim

351 1669 561 1707 sumus
592 1650 901 1723 (Gen.xm).
924 1672 946 1701 ι
966 1648 1090 1704 Non
1122 1647 1277 1703 enim
1312 1647 1456 1703 Loth
1485 1647 1661 1702 frater
1688 1649 1811 1700 erat
1825 1643 1999 1698 Abra.

350 1741 512 1809 ham,
546 1741 647 1796 sed
680 1737 874 1811 potius
906 1754 1085 1809 nepos
1115 1738 1265 1808 ejus.
1297 1736 1490 1792 Tertio
1522 1735 1692 1790 modo
1724 1733 2002 1790 dicuntur

352 1831 561 1886 fratres
606 1831 842 1920 propter
886 1826 1078 1898 gentis
1110 1826 1430 1920 unitatem,
1463 1825 1559 1920 de.
1579 1823 1803 1920 eadem.
1827 1826 2000 1920 gente
2030 1856 2078 1920 Β

348 1919 619 1977 videlicet
647 1915 956 1983 nati,sicut
976 1929 1068 1971 est
1088 1913 1232 1969 iliud
1263 1913 1321 1968 in
1355 1912 1635 1969 Genesim
1669 1911 1726 1967 Si
1756 1910 2000 1985 elegeris

352 2023 544 2081 regem
580 2022 756 2079 super
783 2004 945 2073 te,de
975 2002 1254 2059 fratribus
1275 2002 1393 2058 tuis
1412 2001 1565 2076 elige
1591 2014 2001 2073 quemcunque

352 2095 625 2163 volueris;
646 2093 797 2149 nhoc
819 2095 908 2147 est
930 2092 998 2147 de
1020 2096 1191 2166 gente
1212 2094 1567 2157 tua.Quarto
1582 2090 1773 2157 modo,
1790 2089 1999 2145 affectu

352 2190 411 2243 et
440 2182 841 2257 pietate,sicut
869 2197 1072 2236 omnes
1103 2179 1203 2253 qui
1232 2179 1292 2235 in
1325 2179 1555 2235 Christo
1577 2177 1893 2243 credimus,
1914 2176 2001 2232 di-

353 2274 544 2331 cimur
572 2273 801 2327 fratres.
837 2269 965 2325 Uno
997 2269 1210 2325 etenim
1241 2286 1311 2325 ιχ
1341 2268 1433 2323 his
1485 2267 1678 2322 modis
1726 2266 2005 2321 dicuntur

352 2363 562 2418 fratres
589 2357 838 2428 Domini,
871 2355 1309 2430 propinquitate
1339 2355 1563 2411 scilicet
1593 2354 1788 2409 carnis
1820 2353 2001 2409 illius.

357 2448 751 2523 Spiritualiter
777 2446 1129 2520 praedicante
1154 2444 1404 2500 Domino
1450 2443 1642 2499 turbis
1691 2446 1910 2497 matres
1949 2446 2007 2498 et

361 2540 568 2597 fratres
595 2535 755 2592 illius
783 2535 924 2590 foris
953 2534 1208 2600 stabant,
1225 2535 1283 2588 et
1313 2532 1486 2587 modo
1513 2530 1797 2587 Dominus
1828 2531 1884 2585 in
1906 2532 2008 2586 Ec-

362 2625 540 2687 clesia
568 2626 737 2683 docet
763 2626 966 2697 gentes
999 2638 1012 2676 :
1048 2625 1237 2677 mater
1263 2637 1397 2676 vero
1428 2619 1585 2675 illius
1614 2623 1672 2674 et
1703 2618 2006 2686 fratres,id

363 2719 455 2772 est
483 2715 814 2788 Synagoga,
834 2711 977 2769 foris
999 2713 1177 2777 stant,
1199 2709 1308 2765 hoc
1338 2713 1427 2765 est
1457 2727 1491 2764 a
1510 2708 1787 2765 societate
1817 2706 2008 2764 Eccle-

364 2804 464 2860 siaa
494 2801 668 2858 alieni
698 2800 971 2856 existunt.
990 2799 1103 2854 Sed
1134 2803 1190 2854 et
1218 2798 1331 2870 ipsi
1363 2815 1496 2853 cum
1527 2798 1598 2852 ad
1629 2797 1869 2852 domum
1893 2797 2007 2852 Do-

366 2891 509 2948 mini
542 2887 902 2955 intraverint,
927 2905 1042 2943 non
1074 2887 1446 2960 negabuntur
1475 2886 1547 2941 ab
1573 2884 1777 2954 eo,sed
1802 2883 2011 2957 imple-

370 2980 530 3034 bitur
560 2978 619 3033 in
649 2976 734 3033 eis
762 2975 917 3049 quod
952 2974 1234 3031 Dominus
1265 2973 1439 3045 dixit;
1467 2996 1495 3023 «
1521 2973 2015 3045 Quicunquefece-

371 3067 447 3123 rit
475 3065 833 3124 voluntatem
858 3063 1049 3120 Patris
1079 3062 1191 3118 mei
1207 3061 1304 3135 qui
1324 3060 1381 3117 in
1402 3062 1563 3119 cmlis
1583 3065 1691 3129 est,
1708 3062 1831 3134 ipse
1846 3078 2012 3117 meus

2100 573 2254 631 deos
2286 570 2367 627 ait
2400 587 2412 626 :
2448 595 2474 622 ‹‹
2511 572 2569 628 Si
2605 569 2940 627 manseritis
2970 570 3030 625 in
3056 569 3232 624 verbo
3282 584 3431 636 meo,
3468 590 3495 617 ››
3528 567 3586 623 in
3619 584 3737 640 quo

2101 660 2456 727 credidistis,
2488 664 2527 711 «'
2548 678 2679 718 vere
2708 659 2979 733 discipuli
3012 658 3124 715 mei
3156 657 3339 714 eritis.
3373 678 3402 706 n
3431 657 3751 729 Subiunxit

2101 767 2352 822 quoque,
2373 772 2401 800 «
2431 753 2488 807 et
2519 748 2882 824 cognoscetis
2911 748 3236 804 veritatem.
3266 769 3287 797 ι
3311 745 3416 812 Qui
3450 746 3753 819 cognoscit

2100 839 2424 906 veritatem,
2458 839 2759 913 cognoscit
2787 838 2971 894 Deum
2999 854 3011 891 :
3047 836 3187 910 quia
3214 835 3367 891 Deus
3392 836 3606 891 veritas
3634 840 3757 905 est,

2103 928 2328 984 dicente
2358 928 2484 1001 ipso
2518 927 2792 984 Domino:
2829 951 2855 976 ‹‹
2884 928 3002 999 Ego
3033 943 3166 982 sum
3198 923 3536 990 via,veritas
3564 924 3753 980 etvita

2104 1019 2276 1085 (Joan.
2311 1017 2443 1089 xw).
2483 1040 2502 1065 ι
2539 1016 2861 1073 Credamus
2888 1032 3024 1088 ergo
3079 1019 3142 1069 ut
3186 1020 3612 1086 cognoscamus
3650 1030 3755 1069 ve-

2104 1107 2334 1161 ritatem
2355 1122 2367 1159 :
2388 1104 2528 1178 quia
2558 1105 2684 1161 sine
2708 1105 2820 1160 ﬁde
2850 1104 2920 1160 ad
2946 1103 3337 1176 cognitionem
3354 1102 3611 1158 veritatis
3626 1101 3753 1157 nul-

2105 1193 2198 1249 lus
2229 1194 2526 1266 pervenire
2562 1194 2794 1266 poterit.
2827 1192 2973 1258 Quid
3005 1194 3096 1247 est
3125 1190 3281 1263 quod
3314 1188 3603 1262 cognituri
3650 1206 3753 1246 su-

2105 1284 2281 1339 mus?
2310 1282 2451 1339 illud
2482 1283 2634 1355 quod
2663 1299 2765 1337 nec
2786 1281 2990 1338 oculus
3020 1280 3298 1345 vidit,nec
3319 1277 3481 1334 auris
3502 1279 3749 1347 audivit,

2106 1389 2214 1427 nec
2243 1372 2302 1427 in
2336 1389 2434 1428 cor
2461 1371 2721 1428 hominis
2752 1369 3032 1426 ascendit.
3070 1368 3216 1433 Quid
3248 1368 3404 1424 enim
3455 1371 3544 1423 est
3581 1368 3753 1438 ﬁdes,

2107 1460 2218 1517 nisi
2252 1462 2486 1517 credere
2515 1461 2669 1533 quod
2698 1477 2809 1516 non
2843 1459 3041 1515 vides?
3073 1458 3241 1515 Fides
3273 1472 3409 1531 ergo
3457 1461 3548 1513 est
3595 1458 3753 1529 quod

2107 1568 2223 1606 non
2250 1550 2409 1606 vides
2440 1550 2673 1605 credere
2706 1565 2720 1604 ε
2754 1548 2985 1614 veritas,
3019 1547 3173 1620 quod
3207 1544 3503 1602 credidisti
3534 1546 3752 1602 videre.

2107 1641 2254 1707 Quid
2286 1651 2375 1695 est
2407 1639 2560 1712 quod
2594 1638 2789 1694 videre
2817 1637 2987 1693 nobis
3019 1634 3578 1710 promittiter?Dicit
3597 1634 3757 1691 enim

2113 1729 2392 1786 Dominus
2424 1728 2481 1783 in
2516 1726 2629 1783 alio
2654 1727 2802 1793 loco,
2836 1725 2977 1799 quid
3019 1728 3173 1781 esset
3221 1724 3374 1797 quod
3422 1723 3600 1779 visuri
3640 1725 3755 1779 eri-

2108 1817 2379 1884 mus,ubi
2410 1817 2569 1872 aitza
2600 1816 2704 1881 Qui
2733 1821 2929 1871 autem
2963 1814 3157 1886 diligit
3189 1811 3757 1887 me,diligeturaPa-

2110 1914 2196 1963 tre
2229 1922 2391 1962 meo:
2417 1909 2473 1963 et
2492 1922 2596 1979 ego
2627 1904 2866 1978 diligam
2898 1908 3129 1970 eum,.et
3158 1902 3545 1959 manifestaho
3567 1903 3618 1958 ei
3640 1920 3761 1959 me-

2109 1997 2326 2069 ipsum.
2361 1994 2565 2067 (Ibid).
2594 2016 2621 2043 »
2656 1994 2783 2049 Haec
2813 1997 2901 2048 est
2934 1991 3264 2066 promissio,
3282 1991 3404 2047 haec
3429 1995 3518 2048 est
3533 2007 3760 2048 merces

2110 2086 2267 2152 ﬁdei,
2282 2103 2409 2157 qua:
2443 2101 2545 2157 per
2565 2082 2937 2140 dilectionem
2960 2086 3260 2154 operatur,
3276 2081 3398 2137 haec
3420 2081 3760 2137 estsatietas

2112 2191 2286 2248 quam
2322 2172 2633 2229 Psalmista
2683 2172 2922 2244 optavit,
2957 2170 3156 2226 dicens
3192 2188 3204 2225 :
3239 2193 3266 2220 «
3302 2170 3570 2227 Satiabor
3619 2185 3760 2225 cum

2112 2263 2588 2321 manifestabitur
2614 2262 2801 2336 gloria
2842 2265 2944 2317 tua
2975 2261 3148 2333 (Psal.
3180 2265 3318 2328 xvr).
3357 2281 3385 2309 ››
3415 2259 3459 2315 Ο
3491 2258 3759 2327 Domine,

2113 2354 2288 2425 digne
2318 2352 2407 2407 fac
2438 2368 2545 2407 nos
2574 2367 2772 2406 amare
2802 2355 2879 2417 te,
2909 2353 2965 2405 et
2997 2366 3113 2405 non
3144 2365 3341 2404 amare
3372 2347 3765 2414 sazculum,ut

2113 2440 2412 2497 valeamus
2428 2441 2500 2495 ad
2514 2438 2675 2495 illam
2689 2439 3016 2495 libertatem
3032 2437 3352 2511 pervenire,
3367 2430 3438 2493 ad
3463 2452 3638 2510 quam
3656 2453 3766 2510 per

2114 2529 2508 2602 cognitionem
2521 2528 2780 2584 veritatis
2794 2527 3088 2600 pervenitu
3100 2544 3145 2592 r,
3165 2527 3235 2581 de
3246 2543 3361 2599 qua
3377 2526 3761 2598 subiunxisti,

2117 2618 2316 2673 dicens
2349 2634 2360 2672 :
2400 2639 2427 2669 ‹‹
2462 2618 2527 2672 Et
2546 2617 2763 2672 veritas
2790 2616 3065 2672 liberabit
3094 2632 3215 2671 vos.
3251 2637 3277 2664 »
3311 2614 3459 2681 Quid
3505 2618 3597 2671 est
3624 2638 3651 2665 ‹‹
3686 2615 3764 2671 1i-

2116 2706 2344 2763 berabit
2371 2707 2556 2763 vos?»
2590 2705 2804 2762 liberos
2834 2704 3269 2777 facit.Denique
3289 2703 3473 2759 Judaei
3496 2703 3765 2761 carnales

2118 2797 2510 2853 etsecundum
2535 2812 2768 2852 carnem
2789 2795 3275 2867 judicantes.non
3294 2794 3353 2849 hi
3376 2793 3473 2866 qui
3501 2794 3766 2850 credide-

2124 2891 2272 2954 rant,
2297 2885 2395 2941 sed
2419 2884 2517 2941 illa
2531 2886 2730 2950 turba;
2755 2884 2852 2956 qui
2876 2900 2988 2939 non
3004 2884 3341 2952 credebant,
3356 2883 3633 2954 injuriam
3649 2882 3765 2939 sibi

2120 2975 2331 3031 factam
2368 2971 3049 3047 putaverunt,quiadixit
3067 2971 3227 3027 eis:«
3263 2971 3770 3028 veritasliberabit

2119 3082 2244 3131 vos,
2281 3087 2307 3114 ››
2339 3069 2394 3119 et
2423 3062 2708 3135 indignati
2743 3062 2883 3118 sunt
2910 3077 3106 3117 servos
3138 3077 3200 3117 se
3225 3077 3352 3116 esse
3381 3060 3765 3134 signiﬁcatos.

369 3156 566 3220 frater,
600 3169 764 3209 soror
793 3156 850 3208 et
880 3155 1067 3208 mater
1103 3154 1210 3208 est.
1244 3172 1273 3202 »
1307 3151 1693 3218 Quaerendum
1741 3168 1875 3207 vero
1924 3153 2013 3206 est
2058 3222 2081 3223 η
2124 3176 2152 3204 ‹‹
2184 3154 2253 3208 Et
2280 3170 2410 3208 vero
2441 3152 2589 3208 servi
2622 3155 2853 3206 erant.»
2885 3151 2996 3206 Sed
3029 3149 3297 3223 exposuit
3325 3148 3763 3218 Dominusillis,
3794 3178 3800 3182 -

366 3242 658 3319 quomodo
684 3240 901 3314 aliquis
932 3245 1120 3296 mater
1149 3240 1379 3297 Domini
1414 3240 1598 3311 possit
1625 3238 1797 3294 efﬁci.
1815 3239 2013 3293 Frater
2041 3222 2084 3291 C
2124 3258 2251 3313 quia
2276 3240 2352 3296 sit
2366 3240 2639 3311 servitus,
2653 3245 2711 3295 et
2730 3258 2858 3311 quae
2880 3238 2959 3295 sit
2975 3222 3174 3294 futura
3191 3238 3431 3295 libertas
3449 3239 3768 3311 quamipse

364 3332 523 3388 enim
554 3335 611 3387 et
635 3346 799 3386 soror
828 3329 988 3383 illius
1009 3333 1099 3383 est
1130 3328 1465 3399 quicunque
1511 3327 1868 3381 voluntatem
1904 3326 2006 3380 Pa-

363 3420 471 3476 tris
501 3417 805 3474 fecerit.Et
824 3420 1062 3488 propter
1086 3431 1291 3472 sexum
1325 3419 1640 3485 utrumque
1660 3413 1875 3469 mirum
1892 3430 2008 3470 non

363 3511 470 3571 est,
488 3497 588 3561 sed
617 3504 743 3575 ipse
774 3508 960 3559 mater
986 3502 1116 3573 ejus
1145 3502 1414 3569 efﬁcitur,
1432 3501 1531 3573 qui
1562 3501 1801 3555 verbum
1837 3500 2006 3557 Deiin

364 3593 536 3651 corde
565 3590 898 3647 auditorum
917 3605 1159 3645 suorum
1191 3589 1398 3661 gignit.
1414 3588 1832 3660 Unusquisque
1848 3589 2007 3645 enim

364 3679 575 3746 ﬁdelis,
595 3677 854 3751 quandiu
885 3675 1188 3743 imbuitur,
1208 3676 1364 3732 ﬁlius
1396 3681 1511 3733 est:
1547 3693 1680 3732 cum
1710 3694 1845 3733 vero
1862 3677 2007 3734 alios

364 3768 598 3828 imbuit.
625 3770 809 3825 mater
837 3765 1168 3822 est.Paulus
1199 3782 1454 3838 namque
1472 3764 1786 3839 Apostolus
1800 3771 2007 3822 mater-

365 3874 509 3915 num
540 3856 811 3912 affectum
842 3853 993 3910 circa
1023 3853 1318 3911 auditores
1337 3871 1476 3910 suos
1498 3853 1884 3926 impendebat.
1904 3856 2007 3928 qui

364 3946 671 4002 dicebatzu
706 3942 895 3999 Filioli
925 3943 1060 4009 mei,
1094 3960 1242 4014 quos
1271 3943 1480 3999 iterum
1516 3944 1795 4015 parturio,
1824 3945 2006 4002 donec

362 4035 648 4091 formetur
675 4030 939 4088 Christus
969 4031 1028 4085 in
1056 4030 1221 4089 vobis
1248 4032 1393 4101 (Gal.
1424 4035 1521 4102 ιν).

900 4172 1198 4229 HOMILIA
1235 4172 1450 4229 XXXII.

714 4278 880 4317 psam
917 4278 1127 4325 QUINTA
1167 4277 1299 4318 pos'r
1336 4264 1633 4318 Invocavit.

428 4388 618 4462 (JOAN.
652 4390 796 4456 vm.)
831 4409 859 4438 ιι
892 4386 955 4441 In
988 4385 1086 4442 illo
1119 4392 1413 4459 tempore:
1448 4387 1687 4443 Dicebat
1723 4388 1895 4445 Jesus
1928 4391 1999 4446 ad

361 4503 382 4528 ι
418 4495 518 4535 eos
549 4477 649 4550 qui
678 4475 1049 4531 crediderunt
1067 4472 1126 4529 in
1145 4492 1277 4529 eum
1292 4492 1361 4530 ex
1380 4474 1702 4531 Judaeis:Si
1722 4494 2002 4533 vosman-

2117 3327 2756 3401 promittit.Nihilonim
2769 3328 2928 3384 aliud
2959 3332 3049 3385 est
3077 3327 3766 3384 dicerezcetveritaslibe-

2117 3416 2269 3472 rabit
2279 3433 2403 3483 vos,
2414 3440 2439 3465 υ
2455 3416 2568 3473 nisi
2581 3416 2793 3473 liberos
2805 3434 2904 3473 vos
2919 3416 3270 3473 facietzsicut
3283 3416 3426 3472 nihil
3440 3412 3766 3484 est,salvat,

2117 3505 2226 3561 nisi
2244 3505 2432 3562 salvos
2445 3506 2633 3561 faciet.
2653 3505 2999 3562 Audivimus
3011 3523 3148 3580 ergo
3172 3506 3313 3578 quid
3338 3505 3519 3561 libera
3546 3505 3766 3561 veritas

2115 3595 2281 3653 dixit.
2314 3595 2625 3651 audiamus
2656 3595 2795 3666 quid
2828 3595 3078 3666 superba
3110 3595 3335 3650 falsitas
3358 3594 3729 3666 respondeat.
3759 3612 3771 3625 ο

2187 3706 2214 3734 α
2247 3682 2527 3739 Dixerunt
2555 3701 2692 3756 ergo
2722 3683 2909 3739 Judaei
2928 3701 2941 3738 :
2959 3683 3167 3739 Semen
3192 3683 3439 3739 Abrahae
3456 3686 3768 3750 sumus,et

2119 3795 2147 3827 α
2178 3773 2397 3830 nemini
2421 3772 2763 3828 servivimus
2786 3788 3049 3845 unquam
3074 3791 3087 3840 ;
3111 3772 3404 3845 quomodo
3453 3775 3517 3826 tu
3564 3770 3716 3828 dicis
3750 3788 3763 3828 :

2119 3862 2369 3919 «Liberi
2411 3861 2619 3919 eritis?
2671 3886 2697 3912 ››
2750 3863 2871 3917 Non
2923 3860 3080 3917 enim
3143 3860 3368 3917 dixerat
3432 3860 3767 3917 Dominus:

2115 3976 2143 4003 ‹‹
2175 3952 2341 4009 liberi
2372 3951 2554 4016 eritis,
2574 3973 2601 4001 ››
2629 3952 2762 4006 sed:
2793 3977 2813 4000 σι
2849 3951 3061 4006 veritas
3091 3950 3491 4006 liberabitvos.
3518 3973 3546 4000 »
3566 3951 3633 4005 ln
3646 3967 3768 4022 quo

2112 4045 2308 4097 tamen
2338 4041 2512 4095 verbo
2545 4038 2629 4093 illi
2661 4037 2809 4094 nihil
2833 4038 3434 4105 atindintellexerunt,
3454 4037 3769 4095 nisiliberé

2110 4134 2291 4185 tatem
2323 4126 2616 4183 carnalem
2652 4143 2664 4180 :
2697 4133 2756 4180 et
2783 4126 3119 4182 extulerunt
3148 4143 3210 4183 se
3231 4126 3386 4198 quod
3430 4143 3633 4182 semen
3670 4143 3763 4183 es-

2112 4223 2243 4273 sent
2271 4216 2535 4280 Abrahae,
2565 4220 2623 4270 et
2652 4215 2951 4269 dixerunt:
2971 4237 2998 4264 «
3022 4221 3230 4270 Semen
3248 4213 3492 4271 Abrahae
3523 4228 3761 4282 sumus,

2111 4311 2169 4361 et
2199 4303 2418 4359 nemini
2452 4300 2797 4359 servivimus
2829 4316 3159 4375 unquam.»
3189 4303 3560 4366 Quomodotu
3574 4302 3758 4359 dicis:

2112 4392 2299 4448 Liberi
2340 4390 2542 4446 eritis?
2569 4391 2612 4446 Ο
2645 4407 2796 4445 vana
2855 4390 3151 4461 superbia,
3184 4406 3217 4445 o
3248 4390 3394 4447 falsa
3441 4392 3760 4462 jactantia,

2109 4480 2402 4552 quomodo
2414 4494 2612 4534 verum
2628 4478 2848 4533 dixisti:
2864 4479 3025 4534 Nemi
3037 4478 3094 4532 ni
3106 4478 3449 4534 servivimus
3462 4479 3768 4550 unquam?

355 4564 595 4621 «seritis
625 4562 883 4651 ingverbo
913 4579 1110 4626 meo,»
1124 4566 1181 4617 et
1212 4562 1454 4634 reliqua.
1480 4563 1613 4619 Ideo
1635 4566 1992 4635 manseritis,
2023 4586 2073 4651 Β
2107 4567 2322 4641 Joseph
2337 4566 3765 4639 nonneestvenundatus?prophetaesanctinonne

356 4651 498 4726 quia
515 4649 781 4729 doctrina
800 4650 1049 4723 spiritali
1072 4650 1287 4705 initiati
1310 4650 1472 4716 estis,
1489 4652 1628 4723 quia
1646 4653 1864 4708 esseibi
1880 4671 1992 4709 cce-

352 4738 546 4814 pistis.
580 4738 640 4795 Si
670 4738 1025 4807 manseritis,
1059 4739 1166 4794 hoc
1192 4743 1281 4794 est
1310 4738 1369 4793 in
1398 4739 1530 4805 ﬁde,
1566 4757 1692 4812 quae
1725 4741 1783 4795 in
1831 4743 1993 4799 vobis

352 4845 482 4885 esse
525 4826 897 4883 credentibus
945 4826 1137 4900 erepit,
1186 4843 1301 4899 quo
1368 4828 1717 4899 pervenistis
1781 4830 1989 4897 videte,

351 4914 523 4988 quale
553 4920 643 4971 est
674 4914 930 4985 initium,
954 4921 1146 4987 etquo
1177 4914 1460 4987 perducit.
1490 4917 1747 4973 Amastis
1776 4919 1991 4976 funda-

352 5007 637 5069 mentum,
670 5002 903 5059 culmeu
954 5004 1254 5070 attendite,
1285 5009 1344 5058 et
1385 5021 1453 5058 ex
1505 5002 1617 5059 ista
1658 5006 1991 5064 humilitate

349 5088 526 5147 aliam
544 5088 950 5147 celsitudinem
963 5092 1219 5163 quaerite.
1241 5092 1408 5147 Fides
1422 5091 1578 5146 enim
1595 5093 1989 5152 humilitatem

346 5178 541 5237 habet.
557 5177 819 5250 Cognitio
850 5184 906 5234 et
926 5179 1356 5247 immortalitas,
1378 5184 1435 5236 et
1457 5181 1751 5238 aeternitas
1766 5200 1879 5239 non
1893 5184 1991 5241 ha-

346 5268 445 5324 bet
482 5264 896 5334 humilitatem,
930 5267 1030 5322 sed
1080 5284 1148 5323 ex
1194 5266 1540 5324 celsitudine
1589 5270 1937 5328 erectionem
1972 5290 1984 5329 :

345 5354 571 5411 nullam
622 5352 1023 5435 defectionem,
1078 5355 1176 5411 sed
1229 5360 1503 5413 aeternam
1557 5358 1984 5417 stabilitatem:

344 5441 687 5500 nullam‘ab
736 5441 972 5499 inimico
1023 5444 1530 5515 expugnationem,
1566 5446 1793 5504 nullum
1846 5451 1987 5506 deﬁ-

342 5530 535 5589 ciendi
568 5531 858 5588 timorem.
874 5530 1154 5606 Magnum
1184 5538 1272 5587 est
1292 5533 1447 5604 quod
1470 5532 1675 5609 incipit
1691 5556 1723 5593 a
1737 5539 1868 5609 ﬁde,
1884 5542 1984 5597 sed

344 5619 535 5694 magis
567 5637 682 5693 quo
713 5620 1048 5693 pervenitur
1075 5638 1179 5694 per
1216 5620 1411 5677 ﬁdem.
1445 5624 1599 5679 Audi
1649 5625 1828 5697 igitur
1872 5646 1987 5700 quo

2103 4661 2242 4713 sunt
2266 4655 2428 4711 ducit
2448 4655 2505 4709 in
2528 4653 2959 4726 captivitatem?
2981 4653 3240 4725 Denique
3268 4654 3613 4711 nonnneille
3631 4655 3765 4727 ipse

2102 4747 2229 4817 ejus
2259 4743 2646 4817 populus,qui
2680 4744 2738 4798 in
2768 4743 3011 4816 Egypto
3041 4742 3254 4799 lateres
3287 4742 3531 4799 faciebat
3560 4746 3759 4815 operi-

2103 4835 2213 4890 bus
2242 4833 2427 4898 duris,
2463 4848 2577 4887 non
2610 4831 2819 4887 saltem
2852 4831 2911 4886 in
2942 4835 3182 4903 argento
3222 4835 3280 4886 et
3336 4848 3497 4898 auro,
3529 4832 3632 4887 sed
3694 4832 3756 4888 in

2104 4922 2226 4978 luto
2257 4919 2594 4977 serviebat?
2620 4920 2679 4975 Si
2712 4918 2937 4974 nemini
2984 4917 3245 4975 servistis
3294 4935 3579 4991 unquam,
3604 4937 3638 4976 ο
3671 4919 3763 4976 in-

2099 5010 2271 5083 grati,
2287 5008 2427 5080 quid
2456 5009 2618 5064 vobis
2649 5007 2885 5063 assidue
2900 5008 3253 5080 impmperat
3267 5007 3439 5071 Deus,
3455 5010 3758 5080 quomodo

2099 5116 2201 5155 vos
2233 5099 2304 5154 de
2333 5098 2509 5152 domo
2564 5096 2865 5152 servitutis
2912 5095 3213 5153 liberavit?
3239 5113 3314 5151 an
3363 5097 3510 5151 forte
3553 5101 3756 5168 patres

2098 5185 2272 5242 vestri
2300 5184 2629 5240 servierunt
2649 5185 2676 5239 ‘i
2695 5184 2813 5240 Vos
2843 5189 3039 5240 autem
3071 5184 3169 5256 qui
3200 5181 3507 5256 loquimini
3542 5201 3556 5239 :
3590 5184 3751 5240 Nulli

2098 5273 2444 5331 servivimus
2482 5287 2747 5344 unquam
2784 5290 2797 5328 :
2833 5272 2883 5328 si
2924 5271 3069 5328 nulli
3117 5270 3433 5328 servivistis
3483 5287 3752 5343 unquam

2098 5362 2393 5436 quomodo
2416 5376 2552 5433 ergo
2576 5359 2892 5415 solvebatis
2913 5360 3198 5418 tributum
3225 5358 3506 5416 Romanis
3524 5360 3552 5413 ?
3583 5360 3753 5417 Unde

2098 5459 2153 5508 et
2180 5450 2290 5525 ipsi
2320 5448 2546 5505 veritati
2581 5447 2854 5519 laqueum
2877 5449 3043 5521 quasi
3057 5447 3343 5520 captionis
3365 5445 3755 5520 posuistis,ut

2097 5538 2368 5596 diceretis
2400 5538 2548 5609 (Luc.
2581 5536 2674 5607 xx)
2709 5552 2721 5590 :
2758 5558 2785 5585 «
2822 5536 2978 5592 Licet
3009 5537 3249 5593 reddere
3298 5535 3587 5592 tributum
3620 5537 3775 5593 Cae-.

2098 5628 2213 5685 sari
2227 5627 2252 5682 ?
2266 5650 2294 5676 ››
2309 5625 2433 5681 utsi
2445 5623 2687 5681 dixisset
2706 5640 2718 5680 :
2734 5623 2887 5693 licet,
2907 5624 3180 5682 teneretis
3193 5641 3330 5682 eum
3343 5623 3512 5695 quasi
3525 5624 3752 5682 malam
