4028 6176
225 328 333 399 213

1446 332 1803 396 ΗΟΜΙΙΛᾸΞ
1844 334 1944 398 DE
1988 337 2386 404 TEMPORE.

3509 348 3631 414 2M

222 469 469 542 optasset
496 462 824 556 libertatem
856 464 1365 556 seminiAbrahce:
1393 466 1441 523 si
1475 471 1671 526 autem
1694 470 1865 527 dixis-
1891 471 1949 540 Α
1978 471 2191 531 clcsia:
2227 480 2460 534 maneat
2490 476 2549 535 in
2581 496 2819 555 corpore
2862 479 3070 556 capitis
3101 478 3212 554 sui,
3246 486 3311 540 ut
3340 482 3419 541 sit
3447 482 3628 554 illius,

220 561 325 615 set:
360 574 477 613 non
508 555 664 624 licet,
698 555 1211 613 calumniaremini
1258 556 1415 629 apud
1464 575 1628 632 reges
1672 564 1859 629 terrae,

218 648 361 723 quod
381 645 715 721 prohiberet
731 646 966 720 regibus
983 646 1205 702 tributa
1220 647 1487 720 persolvi.
1508 649 1605 705 Dei
1616 651 1725 706 nde
1737 669 1866 724 pro-

215 739 322 795 lato
353 754 598 794 nummo
641 736 771 792 victi
813 735 976 804 estis,
1014 739 1071 792 et
1100 736 1356 808 captioni
1383 742 1585 794 vestrae
1618 757 1718 797 vos
1750 740 1861 813 ipsi

213 828 345 886 estis
362 825 1038 900 respondereeompulsi,
1058 825 1138 881 ibi
1152 826 1310 882 enim
1323 827 1485 883 vobis
1503 827 1723 884 dictum
1742 835 1859 886 est:

212 941 237 969 α
261 918 503 975 Reddite
532 914 744 972 Caesari
776 933 905 989 quae
937 915 1180 971 Caesaris
1203 921 1363 983 sunt,
1387 921 1445 973 et
1470 919 1581 975 Deo
1605 936 1734 991 qua:
1756 919 1859 975 Dei

211 1011 340 1065 sunt
356 1007 566 1080 (Matth.
585 1008 746 1074 xxu),
764 1028 790 1053 ››
809 1021 941 1061 cum
964 1021 1066 1060 vos
1082 1003 1193 1076 ipsi
1212 1005 1685 1078 respondissetis,
1705 1009 1860 1081 quod

210 1114 487 1154 nummus
507 1095 683 1151 habet
699 1092 1013 1167 imaginem
1033 1092 1297 1149 Caesaris.
1319 1092 1460 1162 Quia
1480 1095 1631 1151 sicut
1653 1096 1861 1169 quaerit

206 1188 390 1245 Casar
407 1187 469 1242 in
491 1184 730 1241 denario
750 1183 1065 1257 imaginem
1081 1199 1273 1252 suam,
1296 1183 1379 1239 sic
1402 1188 1550 1241 Deus
1570 1186 1777 1258 quaerit
1799 1187 1858 1244 in

204 1275 437 1334 homine
462 1291 653 1331 suam.
677 1273 793 1329 Nec
815 1271 1068 1329 alienum
1093 1273 1232 1345 quid
1257 1273 1463 1345 quaerit
1485 1275 1638 1331 Deus
1660 1276 1731 1332 ab
1758 1276 1858 1333 ho-

205 1367 377 1433 mine,
401 1364 505 1421 sed
530 1363 688 1436 quod
710 1361 971 1417 condidit
991 1360 1050 1416 in
1070 1361 1327 1417 homine.
1350 1361 1482 1418 Ideo
1504 1363 1661 1421 Deus
1682 1365 1856 1423 homo

201 1457 385 1513 factus
405 1457 519 1521 est,
543 1456 611 1508 ut
630 1451 690 1506 in
721 1450 958 1507 homine
981 1450 1322 1507 reformaret
1342 1453 1499 1524 quod
1530 1453 1589 1508 in
1619 1454 1856 1512 homine

198 1543 484 1603 formavit.
512 1544 662 1616 Ergo
685 1540 1124 1608 mentientibus,
1148 1541 1296 1596 etde
1314 1559 1461 1598 vana
1483 1542 1745 1600 libertate
1768 1548 1856 1600 tu-

197 1634 514 1701 mentibus,
549 1631 690 1705 quid
724 1629 1123 1703 respondisset
1174 1628 1454 1686 Dominus
1497 1632 1716 1688 Judzeis
1747 1651 1853 1690 au-

194 1726 448 1782 diamus.

1975 580 2089 619 non
2123 581 2345 621 servus.
2381 566 2576 641 Longe
2606 569 2763 627 aliud
2795 575 2883 629 est
2912 589 3169 645 peccare,
3203 571 3358 630 aliud
3393 588 3629 633 manere

1973 651 2034 708 in
2057 659 2315 726 peccato.
2341 656 2445 722 Qui
2469 662 2667 714 manet
2687 658 2746 714 in
2771 666 3025 732 peccato,
3050 679 3251 719 servus
3268 668 3358 720 est
3377 664 3629 737 peccati:

1973 741 2072 814 qui
2108 743 2255 816 fugit
2285 762 2319 799 a
2369 751 2625 818 peccato,
2678 766 2880 805 servus
2930 750 3039 806 erit
3079 751 3344 824 justitiaa.
3397 754 3633 811 Terruit

1972 829 2190 904 itaque,
2218 836 2273 889 et
2296 851 2459 906 spem
2484 836 2672 891 dedit:
2706 837 2933 906 terruit,
2956 839 3038 896 'ne
3068 845 3369 913 peccatum
3405 859 3630 900 amare-

1971 936 2106 975 mus
2132 937 2144 975 :
2180 938 2344 993 spem
2378 922 2557 992 dedit,
2593 942 2663 980 ne
2687 926 2758 981 de
2787 928 3006 999 peccati
3032 928 3320 985 solutione
3345 930 3636 988 diffidere-

1971 1026 2123 1065 mus.
2155 1033 2181 1059 ‹‹
2217 1009 2422 1067 Omnis
2452 1011 2689 1084 (inquit)
2732 1015 2834 1087 qui
2867 1016 3005 1072 facit
3053 1022 3380 1090 peccatum,
3429 1037 3633 1083 servus

1970 1100 2059 1153 est
2088 1098 2331 1170 peccati.
2380 1102 2591 1158 Servus
2636 1107 2832 1159 autem
2865 1122 2979 1160 non
3027 1111 3224 1162 manet
3255 1106 3314 1163 in
3365 1108 3538 1165 domo
3568 1108 3629 1174 in

1969 1190 2272 1243 aeternum.
2299 1212 2325 1237 ››
2349 1190 2485 1255 Quae
2507 1207 2644 1263 ergo
2668 1191 2837 1248 nobis
2860 1210 2993 1266 spes
3015 1198 3124 1264 est,
3155 1195 3253 1268 qui
3280 1213 3397 1252 non
3418 1214 3629 1255 sumus

1969 1275 2040 1331 de
2072 1276 2355 1347 peccato?
2381 1278 2533 1333 Audi
2564 1296 2729 1352 spem
2764 1285 2922 1337 tuam
2951 1297 2964 1339 :

2041 1388 2066 1414 ‹‹
2106 1363 2286 1422 Filius
2334 1371 2531 1422 manet
2580 1366 2638 1422 in
2684 1369 2858 1424 domo
2918 1370 2977 1426 in
3025 1375 3329 1428 aeternum.
3382 1373 3442 1430 Si
3474 1388 3626 1450 ergo

1966 1476 1993 1503 ‹‹
2019 1452 2200 1509 Filius
2222 1472 2322 1512 vos
2342 1454 2690 1525 liberaverit,
2716 1462 2853 1512 tunc
2876 1476 3004 1515 vere
3032 1460 3198 1517 liberi
3225 1462 3411 1519 eritis.
3438 1486 3464 1512 ››
3494 1464 3626 1521 Haec

1965 1559 2102 1615 spes
2136 1547 2351 1611 nostra,
2386 1544 2612 1610 fratres,
2652 1550 2716 1601 ut
2747 1563 2780 1601 a
2806 1545 2989 1604 libero
3016 1548 3357 1620 liberemur,
3388 1556 3447 1608 et
3478 1552 3628 1627 libe-

1964 1632 2147 1686 rando
2181 1648 2377 1688 servos
2409 1650 2514 1689 nos
2540 1633 2728 1690 faciat.
2764 1636 2919 1691 Servi
2944 1636 3097 1692 enim
3122 1656 3356 1696 eramus
3386 1641 3617 1714 cupidi-

1959 1719 2119 1789 tatis,
2154 1719 2320 1776 liberi
2344 1721 2635 1778 efficimur
2654 1721 2803 1779 servi
2826 1724 3147 1782 charilatis.
3164 1727 3360 1784 Prima
3379 1728 3621 1787 libertas

258 1840 285 1866 ε(
317 1816 511 1871 Amen
557 1827 729 1868 amen
768 1808 897 1866 dico
928 1807 1116 1880 vobis,
1150 1808 1289 1881 quia
1319 1809 1512 1865 omnis
1559 1810 1660 1882 qui
1711 1812 1847 1868 facit
1880 1844 1930 1910 Β
1961 1812 2050 1863 est
2080 1826 2192 1864 non
2228 1826 2568 1881 permanere
2599 1809 2657 1865 in
2699 1817 2955 1884 peccato,
2984 1813 3197 1870 servire
3227 1816 3496 1886 justitiaa,
3528 1819 3623 1874 di-

191 1930 216 1958 «
248 1908 582 1980 peccatum,
616 1917 820 1957 servus
851 1902 938 1954 est
959 1899 1203 1971 peccati.
1226 1924 1253 1949 υ
1286 1899 1426 1964 Quis
1448 1900 1698 1970 non_sub
1720 1901 1851 1957 istis

189 1995 376 2052 verbis
395 1990 835 2057 contremiscat,
860 1987 908 2045 si
936 1988 1129 2044 omnis
1154 1987 1328 2045 homo
1350 1992 1637 2061 peccator,
1658 1991 1853 2049 omnis

189 2087 364 2143 homo
379 2099 587 2141 servus
608 2079 870 2154 peccati?
893 2079 1004 2134 Sed
1029 2078 1087 2132 in
1106 2076 1200 2134 his
1213 2077 1494 2134 attentius
1515 2079 1849 2151 audiamus,

191 2174 439 2250 qualiter
468 2172 790 2228 liberemur
810 2169 879 2225 de
898 2168 1010 2224 hac
1031 2166 1327 2223 servitute.
1358 2169 1662 2224 Terrorem
1686 2170 1850 2226 incn-

191 2266 277 2335 tit,
324 2265 428 2323 sed
480 2260 837 2319 medicinam
886 2257 1146 2315 adhibet.
1198 2256 1347 2314 Nam
1397 2255 1478 2313 ait
1528 2258 1846 2317 Dominus:

202 2381 228 2412 ι
253 2359 434 2413 Amen
467 2368 639 2409 amen
687 2350 815 2406 dico
858 2347 1045 2403 vobis.
1084 2369 1112 2395 ››
1152 2346 1299 2410 Quid
1332 2350 1419 2402 est
1450 2365 1620 2403 amen
1656 2366 1847 2420 amen,

202 2446 308 2504 nisi
337 2460 538 2500 verum
580 2441 708 2496 dico
744 2437 949 2495 vobis?
996 2436 1160 2504 Quod
1191 2435 1431 2492 verbum
1465 2454 1570 2492 nec
1616 2436 1852 2495 Graecus

204 2537 501 2608 intcepres,
525 2547 632 2587 nec
655 2529 900 2586 Latinus
923 2543 1105 2583 ausus
1131 2528 1221 2582 est
1241 2524 1299 2580 in
1333 2524 1507 2581 aliam
1534 2526 1850 2585 transferre

202 2624 478 2698 linguam,
525 2625 591 2677 ut
637 2620 918 2675 honorem
967 2615 1210 2671 haberet
1241 2613 1567 2681 velamento
1600 2620 1847 2686 secreto,

208 2710 526 2775 testificatio
546 2707 809 2777 veritatis
830 2706 889 2761 in
911 2704 1161 2767 Christo.
1184 2702 1412 2759 Veritas
1439 2702 1607 2759 dicit:
1633 2703 1848 2761 Verum

208 2819 394 2859 verum
426 2800 555 2857 dico
585 2779 771 2863 vobis,
794 2793 1139 2868 ingeminat,
1163 2790 1407 2864 replicat
1439 2791 1677 2848 verbum
1708 2793 1851 2849 veri-

210 2892 361 2971 tatis,
393 2895 460 2945 ut
493 2886 772 2944 excitaret
805 2883 1180 2948 dormientes,
1205 2879 1484 2971 intentos
1502 2879 1715 2937 faceret
1743 2899 1849 2938 au-

211 2968 439 3048 dientes,
472 2994 579 3033 nec
618 2974 1090 3031 contemneretur
1119 2968 1220 3041 qui
1250 2968 1366 3024 ait:
1400 2992 1427 3018 «
1459 2969 1640 3024 Amen
1675 2986 1845 3026 amen

213 3068 328 3125 dico
353 3066 537 3132 vobis,
573 3062 712 3137 quia
755 3059 947 3119 omnis
979 3058 1079 3131 qui
1110 3056 1247 3114 facit
1277 3060 1601 3130 peccatum,
1642 3075 1846 3115 servus

212 3162 293 3213 est
318 3154 548 3231 peccati.
578 3176 605 3203 ››
631 3152 676 3208 Ο
700 3148 1052 3206 miserabilis
1074 3145 1324 3203 servitus
1346 3146 1561 3202 servire
1588 3151 1841 3218 peccato,

215 3246 406 3302 servire
421 3242 670 3309 diabolo,
690 3239 789 3313 qui
808 3236 1028 3312 peccati
1046 3240 1134 3294 est
1150 3240 1372 3292 auctor.
1394 3236 1554 3307 Saepe
1576 3234 1844 3292 homines

216 3334 384 3390 malos
413 3331 683 3390 dominos
716 3329 968 3402 fugiunt,
1001 3343 1073 3383 ne
1104 3326 1358 3381 serviant
1390 3323 1584 3391 malis,
1632 3327 1687 3379 et
1728 3342 1843 3380 non

214 3423 424 3497 fugiunt
449 3423 758 3497 peccatum
785 3415 799 3472 l
826 3416 1050 3481 Quanto
1074 3413 1302 3470 facilius
1324 3416 1478 3469 esset
1501 3413 1695 3486 fugere
1717 3431 1847 3486 pec.

212 3519 408 3579 catum,
430 3516 489 3567 et
508 3508 723 3567 servire
744 3505 971 3561 homini
993 3503 1175 3559 libera
1207 3501 1560 3558 conscientia
1588 3500 1599 3555 Ξ
1625 3502 1844 3559 Deinde

210 3618 394 3657 servus
422 3597 683 3657 hominis
705 3594 1025 3667 aliquando
1055 3591 1146 3648 sui
1169 3590 1390 3649 domini
1416 3589 1679 3662 imperiis
1714 3591 1842 3646 fati-

208 3694 385 3763 gatus,
414 3687 691 3762 fugiendo
724 3683 1071 3757 requiescit:
1127 3698 1330 3737 servus
1379 3683 1576 3735 autem
1625 3680 1845 3751 peccati

208 3794 313 3850 quo
336 3776 547 3851 fugiet?
568 3777 778 3831 Secum
801 3771 957 3828 enim
980 3769 1443 3827 retrahitvindex
1456 3768 1839 3837 conscientia;

208 3882 539 3940 quocunque
570 3860 805 3938 fugerit,
839 3878 954 3917 non
980 3858 1145 3933 fugit,
1171 3859 1270 3916 sed
1292 3856 1489 3930 ipsum
1520 3857 1673 3913 mala
1705 3875 1844 3913 con-

207 3955 434 4012 scientia
464 3951 754 4026 sequitur,
790 3949 908 4005 imo
940 3966 1055 4005 non
1088 3945 1302 4003 recedit
1345 3963 1378 4001 a
1406 3962 1486 4013 se,
1538 3950 1841 4018 peccatum

205 4043 346 4101 enim
366 4044 518 4117 quod
544 4041 679 4097 fecit
695 4039 855 4094 intus
875 4040 982 4095 est.
1002 4036 1159 4092 Fecit
1174 4038 1474 4107 peccatum
1501 4037 1561 4088 ut
1580 4032 1842 4107 aliquam

206 4130 547 4205 corporalem
598 4131 833 4202 caperet
860 4125 1256 4197 voluptatem:
1308 4121 1576 4193 voluptas
1608 4124 1839 4193 transit,

205 4227 488 4292 peceatum
523 4222 758 4276 manet:
790 4212 1212 4289 prmteritquod
1237 4211 1578 4280 delectabat,
1614 4229 1840 4269 reman-

205 4310 447 4383 sitquod
478 4311 707 4383 pugnat
748 4304 903 4375 mala
936 4301 1205 4365 servitus.
1246 4299 1576 4373 Aliquando
1608 4301 1843 4375 fugiunt

204 4397 456 4455 homines
492 4395 794 4469 improbos
834 4390 1125 4459 dominos,
1168 4388 1443 4462 fugiendo
1473 4388 1778 4461 quiescant
1809 4409 1844 4447 a

205 4489 481 4556 servitute,
517 4486 618 4543 sed
660 4481 955 4556 quomodo
984 4478 1068 4535 illi
1103 4478 1377 4534 servitute
1408 4478 1707 4545 carebunt,
1742 4479 1841 4551 qui

206 4576 394 4633 nolunt
422 4592 619 4632 carere
666 4569 964 4646 peccatis?
995 4572 1220 4635 Quanto
1254 4566 1479 4622 facilius
1510 4569 1619 4633 est,
1656 4566 1701 4622 si
1737 4568 1831 4622 de:
1872 4589 1917 4654 υ

205 4670 347 4721 serat
372 4665 547 4721 homo
576 4665 906 4735 peccatum,
940 4656 1241 4731 fugiatque
1273 4656 1354 4710 ad
1366 4653 1661 4711 Christum
1694 4672 1838 4710 verae

184 4751 471 4819 libertatis
494 4750 785 4808 vindicem
803 4753 978 4820 atque
999 4742 1325 4803 auctorem!
1347 4742 1743 4799 Liberatenim
1769 4745 1840 4801 ab

204 4839 302 4898 hac
330 4843 602 4899 servitute
635 4838 852 4912 peccati
883 4835 1044 4893 solus
1088 4833 1397 4902 Dominus,
1447 4831 1547 4905 qui
1595 4831 1695 4886 illa
1726 4850 1841 4888 non

204 4928 410 4987 habuit.
433 4929 539 4995 Qui
564 4927 729 4986 solus
750 4926 875 4983 sine
892 4928 1127 4999 peccato
1150 4923 1305 4979 venit
1328 4922 1386 4977 in
1411 4921 1721 4992 mundum,
1748 4921 1842 4978 ille

203 5019 349 5076 solus
368 5020 613 5077 liberare
637 5020 828 5091 potest
847 5016 918 5072 de
950 5017 1208 5089 peccato.
1242 5010 1350 5078 Qui
1380 5010 1534 5066 venit
1558 5009 1684 5067 sine
1715 5027 1840 5083 pec-

204 5114 339 5179 cato,
369 5110 555 5166 factus
586 5111 677 5163 est
697 5103 1049 5162 sacrificium
1080 5119 1184 5175 pro
1215 5104 1471 5174 peccato.
1508 5099 1653 5155 Cum
1703 5116 1840 5173 ergo

205 5198 378 5254 omnis
406 5196 506 5272 qui
531 5196 669 5254 facit
689 5197 995 5268 peccatum
1019 5208 1222 5248 servus
1245 5188 1322 5246 sit
1344 5186 1587 5262 peccati,
1613 5205 1740 5260 quae
1763 5188 1844 5244 sit

207 5302 325 5358 spes
356 5288 521 5344 nobis
551 5283 866 5355 libertatis,
899 5281 1118 5338 audite.

275 5395 294 5423 ι
324 5376 528 5433 Servus
559 5377 780 5440 autem,
814 5362 1025 5446 inquit,
1065 5388 1181 5426 non
1227 5372 1425 5425 manet
1472 5367 1527 5422 in
1562 5367 1732 5423 domo
1783 5367 1842 5423 in

209 5485 233 5509 «ι
263 5469 549 5521 aeternum.
582 5483 611 5517 π
646 5460 907 5520 Ecclesia
936 5464 1027 5516 est
1056 5460 1291 5528 domus,
1339 5474 1542 5515 servus
1586 5460 1674 5510 est
1714 5473 1844 5528 pec-

207 5554 362 5608 cator.
408 5555 535 5610 Non
586 5553 823 5609 maneat
877 5549 1053 5607 homo
1084 5547 1144 5604 in
1197 5552 1456 5621 peccato,
1492 5562 1562 5601 ne
1612 5544 1689 5599 sit
1719 5562 1845 5599 ser-

212 5655 304 5697 vus
333 5642 566 5715 peccati,
596 5645 660 5698 ut
683 5639 869 5715 possit
894 5656 1128 5697 manere
1150 5638 1210 5694 in
1231 5638 1425 5706 domo,
1459 5635 1518 5692 id
1548 5639 1631 5690 .s'.
1655 5633 1710 5687 in
1748 5634 1849 5689 Ec-

1963 1902 2127 1953 cente
2176 1903 2215 1952 A
2236 1898 2485 1970 postolo.
2521 1923 2546 1949 ‹‹
2582 1899 2724 1956 Cum
2757 1900 2911 1956 enim
2958 1902 3106 1957 servi
3136 1903 3346 1959 essetis
3376 1906 3620 1977 peccati,

1960 1984 2129 2041 liberi
2160 1985 2337 2044 eratis
2358 1987 2601 2060 justitite
2623 1989 2797 2059 (Rom.
2832 1990 2934 2062 v1.)
2970 2013 2997 2039 ››
3029 1991 3194 2047 Nunc
3219 1996 3414 2051 autem
3438 1993 3613 2051 habe-

1961 2075 2038 2131 tis
2072 2076 2323 2131 tructum
2347 2080 2603 2132 vestrum
2638 2077 2694 2132 in
2721 2078 3265 2148 sanctiﬁcationem,
3289 2081 3462 2138 finem
3485 2100 3620 2140 vero

1960 2164 2141 2220 vitam
2174 2168 2473 2220 zeternam.
2499 2165 2756 2222 Perfecta
2774 2184 2906 2223 vero
2929 2167 3174 2225 libertas
3194 2174 3283 2226 est
3313 2172 3429 2233 Deo
3452 2171 3623 2228 Chri-

1962 2259 2051 2310 sto
2083 2252 2319 2321 servire,
2344 2252 2510 2310 illum
2534 2254 2773 2328 diligere
2807 2256 2905 2329 qui
2926 2274 3055 2313 vere
3083 2275 3189 2314 nos
3208 2258 3494 2332 liberavit,
3516 2260 3620 2334 qui

1959 2358 2089 2399 vere
2109 2348 2198 2399 est
2237 2342 2415 2399 Filius
2443 2343 2568 2413 Dei,
2602 2346 2657 2399 et
2690 2345 3046 2402 Dominusin
3082 2347 3265 2404 forma
3297 2349 3468 2417 servi,
3503 2366 3620 2407 non

1961 2449 2185 2499 servus,
2205 2433 2306 2488 sed
2336 2431 2393 2486 in
2419 2432 2609 2488 forma
2628 2432 2778 2489 servi
2807 2434 3109 2492 Dominus.
3137 2436 3266 2492 Fuit
3289 2436 3503 2511 quippe
3525 2438 3627 2496 illa

1961 2520 2156 2576 carnis
2187 2521 2373 2577 forma
2405 2520 2663 2592 servilis;
2690 2522 2958 2595 quamvis
2981 2529 3136 2581 esset
3156 2525 3481 2583 similitudo
3503 2545 3623 2585 car-

1960 2610 2051 2665 nis
2084 2611 2328 2682 peccati,
2383 2627 2497 2665 non
2529 2616 2655 2665 erat
2702 2612 2943 2683 peccati,
2980 2612 3308 2671 libertatem
3345 2616 3621 2688 promisit

1959 2699 2330 2756 credentibus
2362 2698 2418 2753 in
2443 2714 2523 2754 se.
2543 2699 2730 2754 Judaei
2756 2718 2886 2756 vero
2914 2706 3195 2773 tanquam
3220 2704 3289 2760 de
3316 2721 3426 2760 sua
3448 2703 3620 2762 liber-

1958 2791 2075 2843 tate
2104 2786 2529 2859 superbientes,
2562 2788 2858 2861 dedignati
2891 2793 3030 2846 sunt
3062 2789 3185 2846 fieri
3235 2792 3428 2861 liberi,
3476 2810 3614 2850 cum

1956 2880 2155 2933 essent
2172 2876 2317 2931 servi
2342 2876 2585 2947 peccati.
2617 2877 2747 2933 Ideo
2771 2881 2967 2934 autem
2988 2894 3050 2934 se
3070 2877 3285 2937 liberos
3301 2898 3431 2938 esse
3451 2883 3610 2939 dixe-

1955 2968 2114 3032 runt,
2151 2964 2289 3036 quia
2318 2981 2516 3020 semen
2546 2964 2791 3022 Abrahae
2837 2971 3021 3024 erant.
3053 2969 3203 3032 Quid
3253 2986 3389 3044 ergo
3418 2970 3503 3027 eis
3534 2972 3609 3029 ad

1956 3052 2076 3108 haec
2110 3052 2407 3124 respondit
2435 3053 2743 3120 Dominus,
2777 3056 3122 3113 audiamus:
3504 3116 3515 3125 ,

2029 3165 2055 3190 ‹‹
2087 3139 2237 3207 Scio,
2271 3139 2479 3212 inquit,
2516 3141 2653 3212 quia
2685 3141 2785 3196 filii
2808 3144 3050 3200 Abraha:
3072 3145 3231 3213 estis,
3272 3147 3370 3202 sed
3397 3148 3607 3220 quaeri-

1955 3253 1982 3278 ‹‹
2020 3229 2094 3285 tis
2126 3246 2217 3284 me
2243 3228 2629 3284 interﬁcere.»
2650 3231 2913 3302 Agnosco
2944 3234 3137 3289 carnis
3159 3235 3466 3308 originem,
3490 3253 3608 3293 non

1953 3318 2145 3374 cordis
2177 3318 2380 3372 ﬁdem:
2408 3316 2510 3371 ﬁlii
2542 3318 2783 3374 Abrahae
2813 3321 2976 3391 estis,
3009 3322 3109 3377 sed
3143 3324 3467 3379 secundum
3489 3316 3611 3381 car-

1954 3424 2110 3469 nem,
2160 3405 2289 3461 ideo
2341 3406 2600 3478 quaeritis
2650 3423 2742 3462 me
2790 3409 3073 3465 occidere.
3126 3432 3155 3461 ‹‹
3188 3411 3390 3467 Sermo
3449 3412 3605 3470 enim

1959 3519 1979 3544 ι
2013 3512 2179 3551 meus
2200 3494 2439 3567 (inquit)
2456 3512 2571 3550 non
2596 3496 2751 3568 capit
2774 3496 2831 3551 in
2852 3498 3035 3568 vobis,
3055 3523 3075 3551 ι
3109 3499 3163 3554 id
3187 3503 3276 3555 est
3296 3516 3407 3555 non
3432 3500 3609 3559 habet

1953 3584 2144 3639 locum
2178 3584 2235 3639 in
2268 3583 2453 3639 vobis.
2489 3583 2547 3639 Si
2597 3601 2788 3641 sermo
2828 3603 2995 3643 meus
3026 3593 3320 3662 caperetur
3357 3607 3391 3645 a
3419 3591 3606 3659 vobis,

1954 3676 2183 3745 caperet
2201 3672 2401 3745 utique
2425 3690 2523 3728 vos
2564 3674 2710 3737 Quid
2729 3679 2819 3730 est
2839 3692 2996 3749 ergo,
3021 3695 3135 3733 non
3155 3677 3310 3751 capit
3328 3679 3385 3734 in
3404 3680 3608 3737 vobis?

1953 3761 2008 3816 id
2044 3765 2153 3830 est,
2178 3778 2290 3816 non
2322 3762 2475 3833 capit
2506 3779 2601 3817 cor
2635 3767 2915 3832 vestrum,
2948 3766 3087 3838 quia
3118 3784 3232 3823 non
3266 3768 3544 3841 recipitur
3572 3786 3608 3826 a

1952 3851 2120 3907 corde
2149 3856 2362 3906 vestro.
2413 3850 2674 3906 Audistis
2725 3857 2881 3909 certe
2928 3854 3243 3911 Dominum
3274 3855 3604 3915 dicentem:

1953 3964 1980 3990 ‹‹
2016 3938 2316 4012 δαίθ’(ιυὶθ
2347 3939 2447 3994 lilii
2478 3940 2721 3996 Abrahae
2753 3942 2914 4011 estis,
2950 3965 2977 3992 ››
3010 3942 3208 4001 audite
3239 3943 3379 4017 quid
3404 3949 3609 4018 postea

1953 4028 2107 4084 dicat
2129 4045 2142 4082 :

2025 4141 2051 4167 «
2086 4118 2204 4190 Ego
2225 4117 2377 4190 quod
2407 4116 2521 4172 vidi
2546 4119 2701 4192 apud
2739 4120 2967 4177 Patrem
3011 4138 3230 4191 meum,
3254 4121 3494 4195 loquor:
3549 4129 3608 4181 et

1954 4230 1980 4257 ‹‹
2014 4222 2134 4273 vos,
2170 4207 2324 4278 quod
2358 4206 2583 4264 vidistis
2612 4209 2764 4280 apud
2792 4213 3010 4281 patrem
3034 4214 3315 4279 vestrum,
3340 4211 3550 4268 facitis.
3577 4235 3600 4264 ι

1952 4295 2098 4362 Quid
2132 4299 2329 4351 autem
2359 4296 2602 4362 faciunt,
2636 4300 2692 4351 et
2724 4297 2863 4367 quid
2890 4297 2974 4352 eis
3006 4297 3188 4352 dixit?
3218 4297 3480 4369 qumritis
3512 4317 3607 4357 me

1951 4383 2249 4451 occidere;
2284 4381 2392 4437 hoc
2433 4384 2584 4455 apud
2635 4384 2930 4439 Abraham
2974 4402 3279 4458 nunquam
3308 4386 3602 4444 viderunt.
3652 4406 3655 4409 ‘

1948 4471 2130 4529 Dixit:
2161 4489 2330 4543 «qum
2350 4471 2464 4525 vidi
2486 4471 2638 4544 apud
2663 4472 2888 4528 Patrem
2911 4490 3106 4529 meum
3131 4474 3338 4547 loquor
3362 4476 3607 4534 «verita-

1950 4567 2064 4617 tem
2084 4561 2222 4627 vidi,
2246 4561 2541 4616 veritatem
2560 4560 2787 4633 loquor,
2807 4561 2945 4633 quia
2960 4552 3174 4619 veritas
3197 4581 3350 4620 sum.
3366 4564 3425 4621 Si
3448 4565 3606 4624 enim

1951 4649 2236 4706 Dominus
2268 4649 2567 4704 veritatem
2621 4649 2901 4722 loquitur,
2936 4651 3075 4723 quia
3102 4651 3228 4726 ipse
3258 4657 3347 4709 est
3394 4655 3606 4712 veritas

1952 4738 2163 4801 Patris,
2190 4755 2365 4811 quam
2390 4738 2533 4793 vidit
2552 4739 2706 4811 apud
2727 4739 2977 4808 Patrem,
2999 4758 3176 4813 seque
3193 4742 3409 4798 vidisse
3424 4741 3609 4814 loqui-

1950 4832 2068 4894 tur,
2119 4828 2243 4900 ipse
2291 4828 2447 4882 enim
2496 4828 2752 4884 Verbum
2799 4830 2954 4901 quod
2986 4830 3240 4889 Verbum
3295 4835 3421 4887 erat
3449 4832 3607 4905 apud

1952 4922 2165 4973 Deum:
2204 4915 2299 4972 isti
2335 4933 2471 4989 ergo
2505 4916 2726 4972 malum
2759 4918 2911 4990 quod
2950 4917 3187 4986 faciunt,
3222 4920 3375 4992 quod
3411 4918 3607 4976 Domi-

1952 5022 2064 5062 nus
2089 5006 2365 5078 objurgat
2386 5009 2443 5060 et
2480 5006 2737 5077 corripit,
2763 5006 2859 5062 ubi
2894 5006 3163 5063 viderunt
3192 5009 3344 5081 apud
3382 5013 3605 5082 patrem

1950 5094 2166 5152 suum?
2187 5094 2331 5149 Cum
2355 5094 2718 5149 audierimus
2742 5093 2800 5149 in
2828 5097 3324 5168 consequentibus
3347 5099 3609 5172 apertius

1952 5183 2196 5247 dictum,
2220 5181 2355 5254 quis
2372 5182 2445 5236 sit
2466 5197 2669 5236 eorum
2694 5187 2877 5254 pater,
2906 5185 3044 5238 tunc
3062 5183 3452 5259 intelligimus
3471 5204 3612 5260 qua-

1952 5272 2030 5328 lia
2062 5270 2313 5326 viderint
2350 5270 2504 5341 apud
2538 5268 2713 5326 talem
2746 5275 2990 5344 patrem.
3036 5273 3243 5331 Adhuc
3286 5276 3444 5332 enim
3493 5292 3609 5332 non

1954 5361 2215 5416 nominat
2248 5363 2474 5432 patrem
2500 5358 2784 5431 ipsorum.
2821 5361 2999 5417 Paulo
3024 5364 3295 5437 superius
3315 5363 3609 5423 Abraham

1955 5447 2451 5518 commemoravit,
2486 5449 2585 5504 sed
2611 5449 2803 5506 carnis
2826 5451 3133 5525 originem,
3160 5472 3273 5510 non
3296 5453 3421 5511 vitae
3444 5453 3612 5510 simi-

1954 5540 2288 5595 litudinem.
2324 5536 2597 5593 Dicturus
2628 5556 2785 5595 nunc
2814 5539 3063 5597 alterum
3094 5547 3319 5614 patrem
3351 5542 3611 5611 illorum,

1938 5607 2056 5702 iqui
2092 5644 2193 5682 nec
2226 5626 2430 5700 genuit
2460 5644 2579 5696 eos,
2615 5646 2719 5684 nec
2751 5630 2983 5699 creavit,
3008 5634 3072 5685 ut
3094 5630 3361 5688 homines
3392 5634 3607 5696 essent,
