4028 6176
375 333 501 423 ’215

943 357 1345 424 HAYMONIS
1392 357 1929 420 llALBERS'l‘A'l‘.
1977 356 2221 418 EPISC.
2271 358 2443 420 OPP.
2490 360 2691 421 PARS
2738 360 2814 422 II.
2847 396 2918 405 —
2954 360 3220 422 HOMlL.

3667 359 3787 421 216

374 498 483 554 sed
498 472 693 553 tamen
719 496 819 552 ﬁlii
838 500 1004 552 erant
1020 494 1240 567 ejus,in
1260 496 1546 566 quantum
1567 490 1703 547 mali
1720 493 2027 554 erant,non
2058 489 2112 556 Α
2142 494 2409 546 sanctum
2442 496 2499 547 ct
2515 492 2767 563 justum,
2801 492 3167 548 innocentem
3192 496 3421 548 tantum
3442 490 3632 548 virum
3655 491 3789 549 imi-

376 587 438 644 in
460 590 743 660 quantum
769 585 1037 642 homines
1058 589 1252 641 erant:
1272 584 1331 639 in
1352 586 1635 656 quantum
1656 579 1897 652 imitati,
1919 596 2034 636 non

374 678 446 733 'in
480 676 766 750 quahtum
795 675 991 731 creati.

459 791 487 818 ‹‹
519 766 964 838 Responderunt
1015 769 1072 820 et
1130 764 1401 820 dixerunt
1453 762 1501 818 ei
1544 780 1556 817 :
1620 761 1789 817 Peter
1840 763 2038 815 noster

391 879 420 908 «
450 856 741 912 Abraham
774 858 883 910 est.
915 876 941 902 η
975 852 1149 920 Quasi
1172 852 1391 925 aliquid
1422 852 1689 906 dicturus
1709 854 1866 906 esset
1897 866 2040 905 con-

364 949 480 1001 tra
500 945 808 1010 Abraham,
833 947 931 1000 aut
963 942 1131 1015 quasi
1151 942 1209 996 in
1234 941 1431 1013 aliquo
1459 941 1696 996 auderet
1728 939 2036 1012 reprehen-

388 1036 523 1091 dere
542 1034 855 1089 Abraham.
901 1034 1025 1087 Non
1050 1031 1186 1104 quia
1211 1029 1491 1085 Dominus
1521 1046 1637 1084 non
1667 1029 1919 1085 audebat
1947 1045 2037 1083 re-

388 1112 745 1197 prehendere
772 1121 1084 1187 Abraham,
1115 1121 1214 1176 sed
1264 1120 1403 1190 quia
1427 1118 1715 1174 Abraham
1750 1117 1885 1174 talis
1915 1122 2040 1173 erat

389 1213 488 1286 qui
518 1229 633 1267 non
655 1210 1175 1282 reprehenderetur
1195 1228 1228 1264 a
1257 1208 1524 1274 Domino,
1559 1209 1659 1263 sed
1691 1207 1882 1279 potius
1911 1207 2038 1263 lau-

387 1302 645 1357 daretur.
688 1301 903 1355 Tamen
936 1299 1033 1356 isti
1064 1299 1417 1354 videbantur
1444 1314 1577 1352 eum
1612 1312 1943 1369 provocare,
1976 1301 2042 1357 ut

387 1390 607 1461 aliquid
650 1388 790 1444 mali
831 1388 1048 1444 diceret
1080 1389 1148 1443 de
1179 1387 1494 1452 Abraham,
1543 1390 1598 1442 et
1629 1390 1783 1442 esset
1812 1375 2039 1442 occasio

378 1476 635 1534 faciendi
665 1479 819 1550 quod
866 1477 1221 1550 cogitabant.
1263 1499 1291 1525 ‹‹
1327 1476 1494 1531 Pater
1524 1478 1722 1531 noster
1748 1474 2039 1530 Abraham

366 1572 495 1625 'est.
524 1592 552 1618 »
584 1566 906 1623 Audiamus
941 1566 1232 1638 quomodo
1262 1566 1346 1621 eis
1378 1566 1690 1636 respondet
1734 1563 2038 1633 Dominus,

389 1674 525 1713 cum
557 1656 789 1712 illorum
821 1655 1196 1710 damnatione
1221 1653 1477 1709 laudavit
1504 1654 1797 1709 Abraham
1825 1670 1838 1707 :

463 1746 675 1802 «Dicit
708 1746 791 1801 eis
840 1744 1053 1800 Jesus:
1107 1742 1165 1798 Si
1221 1742 1323 1797 ﬁlii
1374 1742 1612 1798 Abrahae
1644 1743 1805 1809 estis,
1867 1758 2044 1814 opera

2140 579 2251 633 tari
2275 596 2389 634 non
2414 597 2753 651 possumus,
2773 587 2950 637 Deum
2968 581 3234 637 dicamus
3253 581 3477 637 Patrem
3499 586 3762 638 nostrum
3777 628 3792 649 ,

2142 667 2446 724 videamus
2478 669 2615 741 quid
2648 670 2816 726 nobis
2838 670 3102 726 dicturus
3134 674 3239 727 est.
3266 671 3541 743 Nunquid
3567 670 3796 727 falsitas

2142 757 2364 812 invenit
2394 760 2544 830 quod
2571 759 2827 815 diceret?
2843 759 3168 815 Audiamus
3186 760 3325 832 quid
3351 760 3566 827 dicant,
3591 761 3798 816 audia-

2144 861 2280 901 mus
2301 846 2437 919 quid
2464 847 2726 903 audiant.
2751 872 2778 897 κ
2815 847 3004 904 Unum
3029 848 3349 922 (inquiunt)
3373 849 3595 906 Patrem
3621 850 3800 907 habe-

2145 952 2280 991 mus
2310 935 2515 991 Deum.
2548 959 2574 986 »

2218 1048 2246 1075 ‹‹
2287 1026 2437 1081 Dixit
2465 1043 2600 1099 ergo
2649 1028 2858 1084 Jesus:
2912 1027 2970 1083 Si
3003 1027 3156 1083 Deus
3198 1027 3365 1083 Pater
3388 1032 3580 1085 vester
3623 1034 3801 1093 esset,

2152 1139 2172 1165 α
2208 1115 2530 1186 diligeretis
2552 1132 2645 1171 me
2668 1116 3012 1190 utique.Ego
3031 1116 3187 1172 enim
3210 1133 3279 1172 ex
3309 1117 3424 1173 Deo
3457 1119 3711 1190 processi
3745 1123 3804 1175 et

2148 1228 2176 1255 ‹‹
2210 1205 2358 1259 veni.
2394 1204 2592 1277 Neque
2624 1205 2780 1261 enim
2815 1223 2845 1260 a
2874 1205 3097 1277 meipso
3127 1206 3281 1272 veni,
3313 1208 3413 1261 sed
3447 1206 3542 1261 ille
3572 1224 3665 1262 me
3697 1209 3802 1263 mi-

2148 1316 2177 1344 ‹‹
2206 1294 2301 1349 sit.
2332 1315 2353 1342 ιδ
2389 1293 2593 1349 Dicitis
2624 1294 2807 1350 Deum
2842 1294 3090 1359 Patrem,
3116 1296 3413 1368 agnoscite
3442 1295 3530 1351 vel
3558 1297 3801 1352 fratrem

2146 1387 2425 1438 vestrum.
2453 1382 2553 1438 Hic
2576 1384 2765 1456 tetigit
2787 1384 2940 1455 quod
2967 1384 3182 1457 saepius
3204 1383 3352 1440 solet
3372 1385 3595 1441 dicere:
3624 1409 3650 1436 «ι
3674 1388 3802 1442 Non

2148 1489 2183 1527 a
2213 1472 2435 1545 meipso
2464 1473 2614 1540 veni,
2662 1474 2761 1528 sed
2794 1472 2891 1528 ille
2922 1490 3013 1529 me
3044 1472 3228 1537 misit,
3267 1488 3372 1547 ego
3423 1474 3577 1530 enim
3624 1494 3658 1532 a
3692 1482 3807 1532 Deo

2144 1560 2406 1632 processi
2438 1566 2494 1615 et
2523 1561 2671 1615 veni.
2701 1584 2713 1610 ›
2753 1561 2963 1617 Christi
2989 1579 3124 1635 ergo
3149 1562 3350 1618 missio
3371 1563 3697 1620 incarnatio
3717 1570 3809 1621 est

2149 1650 2296 1720 ejus.
2350 1650 2507 1715 Quod
2561 1667 2693 1704 vero
2736 1650 2807 1706 de
2850 1651 2966 1706 Deo
2997 1650 3164 1707 Patre
3213 1653 3499 1724 processit
3526 1653 3808 1724 Verbum,

2150 1742 2365 1792 aeterna
2396 1738 2687 1810 processio
2707 1744 2815 1809 est,
2838 1756 2953 1794 non
2986 1740 3211 1796 habens
3232 1746 3486 1813 tempus,
3510 1760 3613 1814 per
3631 1761 3810 1815 quem

393 1859 421 1885 «
454 1835 698 1928 Abrahae
722 1833 909 1888 facite.
925 1833 1089 1928 Nunc
1104 1836 1297 1928 autem
1316 1831 1575 1904 quaeritis
1592 1849 1682 1888 me
1696 1832 2038 1928 interficere,
2152 1826 2369 1928 factum
2404 1831 2494 1928 est
2641 1844 2768 1899 pus.
2792 1828 2938 1927 iiIi-go
2958 1828 3031 1928 ab
3047 1826 3728 1928 illo-processitutPeus
3754 1839 3815 1928 et

393 1948 421 1975 «
457 1920 776 1990 hominem,
804 1921 901 1993 qui
925 1921 1228 1977 veritatem
1252 1919 1483 1976 locutus
1504 1938 1636 1976 sum
1653 1921 1839 1985 vobis,
1864 1937 2042 1991 quam

393 2036 422 2064 ‹‹
456 2010 647 2067 audivi
682 2028 716 2065 a
747 2014 891 2077 Deo;
946 2010 1053 2066 hoc
1106 2010 1400 2066 Abraham
1452 2028 1566 2065 non
1617 2009 1767 2065 fecit.
1802 2032 1830 2059 ι)
1877 2010 2040 2077 Ecce,

391 2100 491 2157 ille
520 2099 815 2165 laudatus,
841 2099 939 2156 isti
971 2087 1249 2155 damnati.
1299 2100 1442 2155 Nam
1472 2098 1530 2154 hi
1564 2098 1901 2171 quaerebant
1933 2104 2044 2154 Do—

391 2191 617 2245 minum
649 2189 993 2255 interﬁcere,
1016 2189 1310 2244 Abraham
1344 2194 1534 2244 autem
1560 2206 1675 2244 non
1707 2192 1831 2244 erat
1856 2188 2044 2244 homi-

393 2278 541 2334 cide.
567 2279 689 2333 Non
733 2278 883 2344 dico,
916 2277 1128 2349 inquit,
1163 2294 1268 2351 ego
1300 2294 1432 2349 sum
1464 2277 1748 2333 Dominus
1778 2277 2043 2344 Abrahae,

392 2367 545 2440 quod
579 2370 634 2422 et
665 2367 712 2422 si
746 2367 1023 2433 dicerem,
1054 2383 1255 2421 verum
1289 2365 1538 2421 dicerem
1591 2356 1747 2435 (nam
1794 2366 1937 2420 dixit
1985 2365 2044 2418 in

393 2454 507 2511 alio
536 2455 662 2511 loco
688 2473 700 2510 :
731 2477 758 2504 «
790 2458 1118 2527 Antequam
1151 2455 1442 2510 Abraham
1479 2456 1659 2523 ﬁeret,
1691 2471 1796 2527 ego
1827 2472 1981 2520 sum,
2016 2476 2042 2503 »

394 2558 529 2600 cum
562 2542 727 2598 illum
750 2542 1008 2615 lapidare
1046 2543 1281 2613 vellent)
1311 2561 1325 2611 ;
1358 2545 1457 2599 sed
1490 2544 1618 2599 dico
1649 2544 1758 2599 hoc
1790 2543 2045 2609 interim,

393 2633 548 2706 quod
577 2631 804 2699 videtis,
830 2633 985 2698 quod
1010 2632 1290 2705 aspicitis.
1310 2632 1462 2705 quod
1489 2650 1580 2689 me
1598 2632 1784 2689 solum
1806 2631 2045 2705 putatis,

376 2720 618 2778 'scilicet
647 2722 800 2794 quod
840 2720 1017 2778 homo
1055 2738 1207 2778 sum.
1242 2721 1550 2778 Hominem
1590 2739 1726 2796 ergo
1758 2723 2048 2778 dicentem

392 2810 557 2867 vobis
580 2812 735 2883 quod
759 2811 978 2866 audivit
1000 2829 1034 2865 a
1066 2816 1198 2879 Deo,
1236 2827 1415 2884 quare.
1433 2811 1610 2866 vultis
1643 2828 1735 2866 me
1767 2810 2044 2879 occidere,

384 2899 510 2955 nisi
544 2900 681 2972 quia
701 2917 814 2955 non
840 2899 981 2955 estis
1011 2898 1113 2954 ﬁlii
1146 2899 1388 2954 Abrahae
1409 2900 1437 2955 ?
1468 2900 1537 2954 Et
1560 2902 1753 2955 tamen
1779 2900 2048 2970 superius

392 2987 509 3044 ait:
550 3010 572 3040 ι
598 2988 724 3043 Seio
746 2988 883 3060 quia
904 2987 1007 3043 ﬁlii
1039 2986 1282 3044 Abrahae
1308 2987 1473 3054 estis,
1500 3010 1525 3038 ir
1560 3005 1671 3043 non
1701 2992 1875 3059 negat
1892 3004 2050 3043 nunc

395 3094 596 3134 eorum
625 3076 1054 3147 originem,'sed
1089 3076 1239 3132 facta
1269 3078 1638 3133 condemnat.
1674 3077 1816 3134 Caro
1848 3095 2049 3133 eorum

388 3166 461 3223 ex
495 3166 593 3223 illo
623 3169 765 3232 erat,
793 3166 893 3222 sed
916 3165 1034 3221 vita
1057 3183 1171 3222 non
1204 3171 1347 3222 erat.
1383 3169 1530 3241 Ergo
1560 3166 1875 3224 Christiani
1914 3166 2048 3223 facti

2152 1914 2415 1986 aequalis,
2439 1920 2500 1969 ut
2520 1914 2699 1971 Filius
2718 1915 2948 1982 unicus,
2970 1922 3033 1971 nt
3047 1918 3302 1974 Verbum
3323 1919 3528 1975 Patris.
3546 1921 3721 1977 Venit
3733 1924 3810 1978 ad

2152 2021 2280 2069 nos,
2320 2026 2348 2053 ‹‹
2369 2005 2506 2074 quia
2537 2004 2790 2059 Verbum
2818 2022 2951 2061 caro
2973 2007 3190 2063 factum
3213 2012 3320 2075 est,
3346 2012 3410 2064 ut
3430 2009 3723 2067 habitaret
3750 2011 3814 2068 in

2152 2092 2323 2150 nobis
2356 2094 2528 2165 (Joan.
2565 2094 2622 2166 ι).
2661 2117 2687 2144 ››
2738 2095 3035 2153 Adventus
3084 2099 3212 2169 ejus
3250 2096 3589 2155 humanitas
3638 2102 3812 2173 ejus;

2153 2182 2382 2239 mansio
2413 2184 2559 2253 ejus,
2595 2183 2869 2239 divinitas
2900 2186 3048 2257 ejus.

2226 2294 2253 2320 ‹‹
2290 2273 2477 2337 Quare
2499 2271 2731 2344 (inquit)
2754 2272 3044 2346 loquelam
3072 2292 3259 2332 meam
3283 2294 3397 2333 non
3422 2280 3816 2350 cognoscitis?

2158 2381 2185 2409 ‹‹
2213 2360 2352 2432 quia
2380 2377 2493 2415 non
2530 2362 2777 2432 potestis
2804 2379 3152 2435 cognoscere
3175 2381 3503 2421 sermonem
3532 2383 3754 2424 meum.
3781 2392 3811 2419 ››

2155 2448 2289 2505 Ideo
2310 2467 2425 2504 non
2448 2454 2716 2521 poterant
2736 2468 3105 2524 cognoscere,
3130 2453 3268 2525 quia
3289 2470 3404 2510 non
3428 2459 3699 2528 poterant
3715 2475 3819 2514 au-

2155 2538 2297 2606 dire,
2327 2539 2425 2595 sed
2455 2540 2608 2595 unde
2629 2541 2829 2596 audire
2850 2558 2964 2596 non
2990 2547 3278 2614 poterant,
3303 2540 3413 2600 nisi
3440 2544 3816 2622 quiacorrigi

2157 2628 2443 2685 credendo
2475 2628 2798 2685 nolebant?
2824 2630 2889 2685 Et
2917 2631 3028 2687 hoc
3060 2631 3229 2688 inde:

2229 2741 2256 2767 ‹‹
2288 2717 2405 2774 Vos
2437 2735 2504 2773 ex
2538 2725 2699 2791 patre
2750 2720 2982 2775 diabolo
3013 2721 3230 2777 estis.»
3285 2724 3549 2789 Quandiu
3584 2728 3819 2797 patrem

2157 2807 2918 2879 commemoratis,quandiu
2938 2814 3163 2881 patrem
3179 2811 3621 2877 mutatis,modo
3638 2816 3823 2871 Abra-

2152 2895 2316 2964 ham,
2378 2897 2549 2969 modo
2598 2896 2804 2965 Deum,
2851 2899 3049 2954 audite
3079 2917 3114 2954 a
3148 2900 3290 2955 Filio
3337 2901 3453 2965 Dei,
3486 2904 3658 2974 cujus
3708 2904 3819 2960 ﬁlii

2158 2985 2322 3040 estis.
2350 3008 2377 3035 ‹‹
2414 2974 2449 3040 A
2480 2989 2643 3057 patre
2674 2986 2906 3043 diabolo
2936 2987 3100 3044 estis.
3129 3011 3156 3038 »
3180 2989 3333 3046 Deus
3362 2992 3566 3063 utique
3584 2998 3821 3049 creator

2158 3074 2419 3129 omnium
2435 3080 2834 3131 creaturarum
2849 3077 3394 3145 creavithominem,
3410 3082 3819 3152 quomodohic

2160 3164 2340 3218 dicit:
2391 3163 2509 3219 Vos
2539 3181 2573 3218 a
2602 3168 2766 3235 patre
2814 3165 3042 3221 diabolo
3074 3168 3236 3222 estis.
3288 3168 3579 3242 Quidquid
3613 3188 3647 3225 a
3695 3171 3817 3229 Deo

387 3261 531 3313 ‘sunt
548 3273 743 3311 semen
770 3254 1009 3311 Abrahae
1028 3256 1215 3327 gratia
1235 3235 1568 3321 Dei,non‘de
1590 3273 1761 3311 carne
1781 3256 2042 3311 Abrahre.

2159 3255 2418 3306 creatum
2443 3256 2551 3317 est,
2576 3253 2794 3308 bonum
2808 3258 2924 3322 est;
2946 3259 3003 3310 et
3019 3255 3213 3312 omnis
3231 3256 3503 3326 homo,in
3521 3264 3818 3331 quantum

387 3344 550 3401 'Facti
588 3345 670 3400 illi
704 3344 1053 3409 eohieredes,
1077 3344 1231 3398 Deus
1262 3343 1390 3397 illos
1421 3345 1874 3409 exhaereditavit,
1908 3344 2053 3400 istos

399 3433 714 3504 adOptavit.
742 3432 845 3488 Isti
875 3436 1016 3487 sunt
1046 3433 1117 3486 de
1139 3431 1356 3502 quibus
1386 3431 1444 3486 in
1469 3431 1582 3487 alio
1613 3431 1739 3488 loco
1770 3450 1803 3487 a
1830 3432 2053 3488 Joanne

403 3520 668 3590 Baptista
687 3521 911 3575 dictum
942 3525 1030 3575 est
1054 3536 1065 3573 :
1097 3543 1123 3569 ‹‹
1150 3520 1358 3575 Potens
1379 3524 1469 3576 est
1498 3525 1645 3575 Deus
1669 3521 1737 3575 de
1758 3519 2052 3592 lapidibus

389 3605 531 3662 'istis
555 3608 838 3663 suscitare
856 3607 1006 3664 ﬁlios
1018 3608 1261 3663 Abrahae
1286 3610 1436 3677 (Luc.
1456 3610 1560 3679 ιιι).
1580 3632 1606 3659 ››
1632 3609 1717 3664 llli
1734 3626 1869 3681 ergo
1882 3615 2054 3665 erunt

399 3694 503 3751 ﬁlii
525 3696 791 3761 Abrahae,
818 3696 919 3767 qui
951 3713 1126 3769 Opera
1146 3696 1389 3752 Abrahae
1409 3697 1733 3752 imitantur.
1758 3698 1888 3754 ldeo
1911 3700 2050 3756 sub-

389 3785 589 3864 junxit
606 3782 911 3851 Dominus,
929 3784 1157 3841 dicens:
1179 3785 1285 3841 «Si
1306 3784 1410 3840 ﬁlii
1432 3785 1671 3841 Abrahae
1689 3786 1851 3856 estis,
1877 3805 2053 3860 opera

390 3873 639 3929 ‘Abraha:
670 3874 863 3930 facite.
900 3895 928 3923 »
978 3874 1169 3929 Factis
1220 3875 1457 3946 probate
1506 3874 1891 3943 nobilitatem,
1934 3896 2049 3933 non

397 3962 611 4017 verbis.
638 3984 665 4011 «
690 3963 801 4017 Sed
830 3962 1090 4034 quaeritis
1118 3979 1209 4018 me
1234 3963 1579 4033 interﬁcere,
1602 3964 1922 4030 hominem,
1949 3967 2049 4037 qui

395 4050 698 4107 veritatem
741 4050 973 4107 locutus
1004 4067 1134 4107 sum
1165 4052 1351 4120 vobis,
1399 4069 1576 4125 quam
1623 4054 1818 4109 audivi
1850 4072 1884 4110 a
1916 4060 2047 4123 Deo;

393 4136 505 4195 hoc
533 4138 829 4195 Abraham
853 4156 969 4195 non
992 4139 1144 4196 fecit.
1168 4139 1282 4196 Vos
1321 4140 1512 4197 facitis
1543 4158 1717 4214 opera
1739 4143 1924 4216 patris
1954 4161 2048 4201 ve-

392 4228 521 4285 stri.
555 4251 583 4280 ››
617 4229 687 4285 Et
716 4229 857 4301 quia
886 4228 1078 4285 adhuc
1110 4246 1226 4286 non
1256 4229 1398 4285 dicit
1428 4228 1569 4301 quia
1610 4230 1720 4286 iste
1768 4237 1858 4287 est
1886 4236 2052 4305 pater

390 4317 648 4386 illorum,
668 4317 892 4374 videam
905 4335 971 4373 us
989 4319 1160 4373 modo
1182 4318 1266 4374 illi
1293 4318 1436 4390 quid
1459 4321 1903 4391 responderunt.
1934 4321 2049 4378 Oce-

388 4415 604 4479 perunt
632 4407 786 4463 enim
841 4411 1141 4478 utcunque
1193 4424 1563 4479 cognoscere,
1611 4426 1724 4463 non
1759 4410 1830 4465 de
1854 4410 2048 4467 carnis

393 4496 765 4571 generatione
786 4495 1100 4551 Dominum
1117 4495 1295 4566 loqui,
1313 4497 1413 4551 sed
1427 4498 1497 4552 de
1514 4496 1639 4551 vita:
1657 4496 2043 4555 institutione.

2161 3344 2426 3395 creatura
2456 3341 2555 3395 Dei
2589 3345 2697 3411 est,
2726 3341 2913 3399 bonus
2943 3349 3048 3400 est.
3082 3347 3377 3411 Quantum
3411 3364 3545 3404 vero
3575 3365 3637 3404 se
3668 3351 3819 3406 sub-

2152 3428 2286 3499 jicit
2317 3445 2420 3500 per
2448 3428 2697 3484 liberum
2726 3431 3038 3487 arbitrium
3061 3432 3314 3501 diabolo,
3334 3453 3366 3491 a
3393 3440 3555 3508 patre
3577 3437 3819 3496 diabolo

2160 3520 2267 3571 est.
2303 3518 2460 3572 Bona
2492 3523 2580 3572 est
2609 3519 2764 3574 enim
2795 3519 3053 3577 hominis
3083 3524 3314 3591 natura,
3344 3527 3443 3582 sed
3466 3527 3667 3583 vitiata
3686 3535 3824 3585 erat

2161 3623 2263 3678 per
2294 3606 2509 3662 malam
2532 3606 2913 3676 voluntatem,
2939 3617 2997 3667 et
3021 3611 3156 3669 inde
3174 3620 3347 3670 erata
3370 3620 3532 3688 patre
3553 3616 3816 3675 diabolo.

2158 3696 2320 3760 Quod
2355 3696 2487 3752 fecit
2530 3696 2686 3752 Deus
2717 3714 2831 3753 non
2880 3706 3073 3772 potest
3120 3718 3249 3758 esse
3297 3704 3540 3773 malum,
3586 3705 3635 3761 si
3687 3707 3822 3780 ipse

2154 3784 2333 3841 homo
2367 3803 2478 3840 non
2513 3784 2591 3841 sit
2614 3786 2723 3841 sibi
2748 3788 2860 3859 ipsi
2893 3787 3105 3845 malus.
3133 3791 3428 3866 Inde'crgo
3451 3794 3637 3850 Judaei
3669 3795 3823 3852 dicti

2154 3877 2298 3930 sunt
2319 3873 2421 3928 ﬁlii
2454 3874 2690 3942 diaboli,
2725 3893 2838 3932 non
2872 3879 3187 3951 nascendo,
3212 3882 3313 3936 sed
3336 3882 3637 3940 imitando.
3662 3885 3821 3941 Con-

2158 3963 2406 4018 suetudo
2433 3980 2564 4018 vero
2587 3970 2797 4019 sancta:
2822 3966 3135 4039 Scriptura:
3176 3975 3266 4025 est
3284 3987 3352 4027 ex
3372 3971 3697 4031 imitatione
3727 3975 3823 4032 vel

2158 4052 2585 4108 consuetudine
2616 4070 2857 4125 operum
2881 4055 3033 4131 ﬁlios
3054 4074 3206 4131 sazpe
3237 4060 3560 4129 nominare,
3586 4066 3652 4117 ut
3684 4067 3826 4121 Pro-

2156 4140 2333 4211 pheta
2361 4142 2432 4196 ad
2481 4141 2714 4197 Judaeos
2752 4142 2862 4198 ait:
2917 4168 2942 4194 «
2977 4150 3149 4202 Pater
3181 4151 3319 4204 tuus
3354 4149 3737 4208 Amorrhams
3764 4158 3824 4209 et

2158 4234 2344 4284 mater
2389 4234 2491 4284 tua
2521 4230 2750 4286 Cetbzea
2773 4234 2982 4304 (Ezech.
3015 4239 3190 4304 XXIX).
3221 4258 3250 4287 »
3297 4238 3618 4294 Amori-hei
3667 4257 3822 4314 gens

2156 4322 2279 4373 erat
2308 4317 2574 4390 quaedam
2609 4319 2761 4374 unde
2791 4321 3077 4395 originem
3104 4325 3293 4381 Judaei
3324 4343 3438 4382 non
3492 4329 3815 4386 ducebant.

2156 4406 2363 4461 Cetliaei
2397 4412 2453 4462 et
2479 4406 2590 4478 ipsi
2618 4413 2850 4480 gentem
2875 4428 3043 4467 suam
3067 4413 3385 4484 habebant,
3413 4416 3653 4473 omnino
3671 4418 3817 4475 alie-

2155 4511 2290 4549 nam
2320 4511 2354 4549 a
2409 4510 2618 4566 genere
2673 4496 3032 4557 Judaeorum.
3093 4503 3204 4558 Sed
3249 4504 3388 4576 quia
3434 4511 3599 4563 erant
3643 4508 3815 4580 impii

388 4582 462 4639 Et
509 4584 647 4655 quia
676 4585 1035 4641 consuetudo
1076 4584 1508 4656 Scripturarum
1539 4591 1627 4641 est
1656 4587 1854 4657 (quam
1890 4587 2044 4659 lege-
2076 4606 2123 4671 D
2154 4582 2469 4639 Amet-rhesi
2493 4588 2550 4639 et
2567 4584 2997 4652 Cetbtei,.lud:ei
3023 4595 3219 4647 autem
3244 4592 3454 4649 imitati
3475 4593 3821 4667 impietates

388 4672 554 4741 bant)
577 4672 1013 4730 fornicationem
1037 4672 1420 4747 spiritualiter
1439 4673 1752 4745 appellare,
1775 4690 1908 4729 cum
1928 4675 2039 4731 diis

388 4760 567 4816 mutis
590 4778 655 4816 ac
673 4762 836 4819 falsis
853 4762 1049 4820 anima
1066 4770 1347 4834 tanquam
1373 4760 1685 4833 prostituta
1706 4762 2035 4835 subjicitur,

385 4849 457 4905 ad
491 4849 602 4906 hoc
634 4853 1037 4924 respondetur,
1072 4853 1462 4922 dixeruntque
1490 4850 1540 4906 ei
1567 4867 1579 4904 :

456 4961 483 4990 «
518 4939 635 4995 Nos
668 4958 737 4996 ex
766 4941 1147 4997 fornicatione
1170 4957 1284 4995 non
1319 4955 1528 4995 sumus
1553 4939 1694 5006 nati,
1724 4955 1909 4995 unum
1936 4959 2037 5014 pa-

385 5049 413 5077 «
452 5032 600 5084 trem
631 5028 918 5085 habemus
950 5028 1154 5082 Deum.
1184 5050 1211 5077 »
1242 5028 1389 5083 Cum
1422 5028 1594 5083 toties
1619 5029 1938 5101 gioriantes
1969 5031 2040 5087 de

383 5116 677 5172 Abraham
711 5115 928 5188 repulsi
989 5119 1148 5181 sunt,
1201 5133 1355 5171 nunc
1390 5116 1691 5173 videamus
1747 5120 2039 5189 quomodo

382 5204 583 5276 repelli
619 5204 932 5259 noluerunt
959 5220 1058 5259 ore
1102 5203 1373 5259 veridico.
1407 5205 1553 5267 Quia
1582 5222 1715 5261 cum
1750 5214 1873 5262 erat
1904 5208 2037 5265 talis

378 5292 698 5357 Abraham,
716 5293 886 5364 cujus
903 5292 1122 5348 factum
1144 5310 1257 5348 non
1281 5291 1683 5362 imitabantur,
1703 5298 1760 5351 et
1782 5295 1852 5350 de
1873 5294 2033 5352 illius

379 5383 577 5435 tamen
612 5396 821 5451 genere
850 5379 1268 5453 gloriabantur,
1303 5385 1678 5438 mutaverunt
1706 5384 2034 5456 responsio-

381 5482 539 5529 nem,
575 5468 743 5523 credo
778 5468 1036 5525 dicentes
1068 5471 1220 5541 apud
1253 5470 1515 5543 seipsos:
1564 5472 2029 5546 Quotiescunque

378 5557 878 5615 nominaverimus
896 5558 1212 5625 Abraham,
1234 5559 1498 5617 dicturus
1519 5565 1607 5617 est
1624 5562 1818 5618 nobis:
1844 5562 2029 5626 Quare

380 5658 494 5701 non
516 5643 825 5703 imitamini
846 5665 1001 5716 eum,
1018 5649 1088 5706 de
1104 5647 1273 5719 cujus
1290 5664 1499 5719 genere
1519 5648 1890 5720 gloriamini?
1910 5651 2026 5708 Nos

2152 4688 2375 4740 eorum,
2410 4671 2750 4730 invenerant
2770 4676 2875 4730 ﬁlii
2906 4684 3200 4751 parentes,
3228 4699 3342 4737 non
3375 4684 3446 4739 de
3471 4685 3692 4755 quibus
3715 4705 3821 4743 na-

2147 4765 2469 4826 scerentur,
2494 4763 2592 4816 sed
2624 4780 2875 4834 quorum
2898 4783 3091 4824 mores
3112 4773 3390 4827 sectando
3416 4773 3635 4845 pariter
3652 4775 3823 4831 dam-

2148 4853 2445 4904 narentur.
2469 4850 2761 4913 Quzeritur
2786 4859 2980 4909 autem
3008 4856 3578 4933 fortasse,undeipse
3606 4862 3821 4920 diabo-

2145 4938 2240 4995 lus
2261 4942 2366 4994 est.
2392 4937 2529 4994 Inde
2548 4939 2768 5011 utique,
2790 4943 2944 4998 unde
2961 4949 3018 4999 et
3037 4947 3225 5002 ceteri
3250 4948 3463 5022 angeli.
3482 4950 3594 5006 Sed
3617 4954 3815 5010 caeteri

2146 5027 2204 5082 in
2246 5042 2355 5083 sua
2399 5027 2728 5085 obedientia
2767 5032 3170 5103 perstiterunt,
3205 5036 3303 5093 ille
3332 5039 3723 5097 inobediendo
3755 5048 3815 5100 et

2147 5115 2749 5190 superbiendolapsus
2763 5120 3391 5195 estangelus,etl‘actus
3403 5134 3493 5184 est
3508 5129 3808 5187 diabolus.

2142 5206 2249 5261 Sed
2278 5204 2449 5259 modo
2481 5205 2710 5261 audiret
2741 5210 2880 5280 quid
2922 5210 3077 5267 dicat
3106 5212 3430 5272 Dominus:
3482 5240 3509 5266 ‹‹
3542 5216 3660 5274 Vos
3690 5219 3810 5288 (in-

2143 5293 2294 5368 quit)
2325 5310 2357 5347 a
2390 5298 2551 5364 patre
2583 5293 2812 5351 diabolo
2839 5299 3002 5367 estis,
3033 5306 3089 5357 et
3110 5302 3402 5361 desideria
3420 5304 3604 5377 patris
3625 5308 3810 5364 vestri

2139 5386 2328 5440 facere
2356 5379 2549 5438 vultis.
2584 5384 2853 5447 Quaeritis
2875 5405 2968 5443 me
3012 5391 3292 5461 occidere,
3326 5394 3649 5463 hominem,
3704 5412 3812 5470 qui

2137 5471 2438 5528 veritatem
2472 5470 2633 5526 vobis
2655 5473 2803 5540 dico,
2832 5498 2858 5524 »
2882 5481 2939 5533 et
2959 5478 3057 5534 ille
3080 5478 3542 5551 invidithomini,
3572 5489 3631 5541 et
3652 5490 3810 5545 occi-

2138 5562 2225 5617 dit
2242 5558 2564 5615 hominem.
2585 5559 2864 5621 Diabolus
2887 5571 3083 5623 autem
3103 5585 3237 5625 cum
3251 5569 3533 5629 invideret
3549 5573 3809 5642 homini,

2137 5651 2464 5720 serpentem
2492 5645 2549 5702 in
2562 5649 2763 5721 dutus,
2779 5652 3009 5713 locutus
3027 5662 3114 5713 est
3130 5657 3380 5732 mulieri,
3400 5666 3458 5718 et
3469 5661 3537 5719 de
3555 5663 3808 5742 mulier,3
