3926 6170
173 369 268 431 221

1357 359 1709 423 ΗΟΜΙΙᾸᾸΕ
1755 361 1854 422 DE
1900 359 2063 422 ΤΕΜ
2079 362 2299 424 PORE.

3413 334 3539 426 Ξενὶ

172 500 316 557 niens
343 497 398 555 in
429 492 634 569 templo
664 511 841 568 quem
873 496 1178 551 sanaverat
1211 492 1510 560 Dominus,
1545 492 1625 550 ait
1655 491 1771 550 illi:
1805 494 1860 562 Α
1891 492 2199 563 videretur,
2235 511 2353 551 suae
2385 493 2677 568 passionis
2691 477 3541 574 etresurrectionisexemplum

227 613 252 640 α
281 589 410 644 Ecce
440 603 612 642 sanus
643 585 830 640 factus
856 601 938 650 es,
965 586 1090 655 jam
1124 582 1239 638 noli
1255 600 1510 655 peccare,
1531 601 1601 640 ne
1627 585 1779 640 dete-

168 703 189 726 «
219 677 328 733 rius
352 676 449 730 tibi
481 673 696 747 aliquid
727 674 1043 746 contingat.
1082 696 1108 721 ››
1131 673 1354 739 Quibus
1368 673 1557 729 verbis
1579 677 1777 746 aperte

166 768 491 823 monstratur
548 762 685 835 quia
734 767 970 834 pr0pter
1010 765 1245 832 peccata
1295 761 1626 834 languebat,
1673 779 1777 816 nec

167 856 256 913 nisi
285 853 537 910 dimissis
565 852 784 908 eisdem
819 855 1042 923 poterat
1065 851 1408 906 sanari.Sed
1422 850 1520 922 qui
1555 850 1777 906 l'orisab

167 943 492 1009 inﬁrmitate,
517 945 646 1012 ipse
675 942 853 996 etiam
870 939 1286 995 intussalvavit
1316 939 1596 994 ascelere.
1615 939 1777 995 Unde

165 1039 210 1090 et
233 1036 385 1088 caute
413 1029 779 1103 praemonuit,
809 1043 880 1083 ne
911 1028 1165 1100 amplius
1187 1028 1478 1100 peccando
1497 1027 1778 1100 gravioris

164 1122 251 1179 sibi
280 1119 620 1176 sententiam
639 1117 1036 1174 damnationis
1054 1117 1443 1173 contraheret.
1465 1118 1626 1182 Quod
1661 1135 1774 1172 non

162 1213 226 1267 ita
253 1211 542 1266 sciendum
573 1212 682 1273 est,
717 1207 885 1275 quasi
926 1205 1117 1263 omnis
1148 1206 1249 1278 qui
1298 1206 1653 1275 inﬁrmatur,
1703 1208 1777 1262 ob

163 1302 364 1374 peccata
391 1297 741 1353 inﬁrmetur.
779 1297 940 1368 Saepe
965 1294 1504 1360 infirmaturhomo,
1521 1313 1590 1350 ne
1604 1296 1780 1351 extol-

160 1391 286 1445 latur
313 1388 366 1443 in
398 1386 570 1442 donis
603 1386 728 1452 Dei,
761 1384 915 1440 sicut
942 1385 1009 1440 de
1025 1382 1198 1440 Paulo
1213 1383 1782 1457 apostololcgiturUI

162 1478 257 1532 Cor.
288 1479 400 1542 xu),
435 1490 592 1546 saepe
627 1478 688 1529 ut
719 1473 997 1546 probetur
1045 1472 1380 1539 tribulatur,
1435 1473 1586 1529 sicut
1625 1474 1779 1530 beati

159 1566 244 1621 Job
273 1563 548 1637 patientia
609 1561 891 1619 tribulata
947 1567 1002 1618 et
1035 1562 1276 1634 probata
1307 1566 1395 1617 est
1439 1562 1582 1632 (Job.
1618 1579 1655 1628 ι,
1691 1563 1776 1633 u):

158 1671 284 1725 saepe
315 1652 633 1708 inﬁrmitas
673 1669 777 1724 pro
825 1651 1204 1724 castigatione
1257 1651 1450 1706 datur.
1504 1650 1782 1724 l-‘lagellat

158 1743 290 1799 enim
319 1747 464 1798 Deus
495 1755 736 1797 omnem
767 1740 952 1795 ﬁlium
989 1757 1160 1812 quem
1209 1739 1412 1811 recipit
1454 1741 1605 1807 (ch.
1657 1741 1778 1811 xu).

154 1832 479 1897 Quibusdam
513 1829 977 1886 veroinﬁrmitas
993 1846 1094 1901 pro
1120 1828 1305 1901 gloria
1324 1828 1416 1884 Uei
1437 1830 1781 1894 datur,utde

155 1937 276 1976 caeco
305 1924 436 1976 nato
468 1919 558 1974 vel
594 1921 666 1974 de
715 1919 926 1974 Lazaro
963 1918 1179 1990 legitur
1220 1920 1396 1985 (Joan.
1430 1934 1507 1985 Ix,
1537 1922 1641 1986 x1):
1679 1935 1782 1974 no-

154 2012 216 2065 vit
245 2009 517 2065 Dominus
553 2025 662 2082 pro
695 2025 810 2080 quo
826 2007 1787 2080 quemlibetjubcatiniirmari,vel

153 2099 399 2155 dimittat.
432 2100 599 2170 Saepe
629 2097 855 2152 occulto
891 2097 944 2151 in
999 2095 1341 2152 hominibus
1391 2097 1510 2170 agit
1539 2097 1786 2168 judicio,

152 2189 231 2244 sed
258 2205 556 2259 nunquam
595 2186 836 2258 injuste.
870 2187 977 2240 Sed
993 2185 1291 2242 discamus
1306 2186 1514 2258 ﬂagelli
1535 2186 1787 2258 piissimi

109 2314 114 2322 -
151 2277 528 2348 Redemptoris
565 2275 748 2330 nostri
778 2273 1079 2330 humiliter
1100 2275 1790 2332 substerni.arbitrantes

149 2383 236 2420 nos
265 2366 456 2421 minus
492 2364 620 2437 pati
654 2380 831 2436 quam
866 2380 1184 2428 meremur,
1217 2379 1447 2434 semper
1478 2362 1635 2420 illius
1657 2382 1790 2420 scn-

148 2454 310 2509 tentiae
344 2470 663 2518 memores,
699 2453 838 2525 quia
867 2453 1074 2508 beatus
1105 2453 1278 2508 homo
1314 2451 1793 2524 quicorripilura

150 2543 365 2598 Domino
397 2544 588 2610 (Prov.
644 2547 747 2606 ni).
798 2541 867 2596 Et
899 2540 1021 2613 ipse
1055 2540 1114 2595 in
1165 2541 1538 2614 Apocalypsi:
1593 2565 1619 2591 «
1653 2543 1788 2616 Ego,

154 2631 335 2704 inquit,
370 2649 522 2703 quos
552 2647 709 2698 amo,
745 2647 948 2702 arguo,
984 2630 1244 2701 increpo,
1276 2635 1332 2685 et
1364 2631 1584 2703 castigo
1607 2632 1788 2703 (Apoc.

154 2721 239 2788 ui).
273 2744 296 2769 ››
331 2717 1145 2793 Longaevoautbmlanguenti
1167 2717 1795 2793 interiusexteriusque

155 2813 350 2873 sanato,
384 2809 438 2863 id
471 2814 568 2865 est
599 2811 656 2864 et
683 2825 714 2862 a
749 2811 908 2878 peste
940 2806 1369 2878 castigationis,
1400 2809 1791 2880 etapeccatis,

154 2898 344 2969 quibus
376 2898 500 2953 haec
534 2896 879 2953 merebatur
909 2900 1120 2964 erecto,
1153 2894 1337 2951 Judaai
1369 2913 1398 2952 e
1429 2902 1628 2952 contra
1644 2895 1794 2954 male

159 2988 291 3044 intus
309 2986 603 3060 languidi,
621 2985 878 3041 deterius
900 2985 1026 3057 jam
1059 2989 1334 3057 aegrotare
1353 2985 1656 3058 incipiunt,
1674 3004 1796 3059 per-

156 3076 426 3148 sequendo
458 3074 970 3141 videlicetJesum,
985 3073 1082 3146 qui
1099 3073 1218 3128 haec
1234 3073 1511 3130 faceretin
1527 3075 1792 3132 sabbato.

157 3164 652 3237 Persequebantur
681 3167 876 3219 autem
901 3179 1035 3217 eum
1069 3179 1180 3217 non
1197 3163 1361 3234 quasi
1378 3162 1522 3234 legis
1543 3163 1794 3219 auctori-

1885 584 2174 651 adhibuit,
2209 585 2412 641 dicens
2444 602 2506 640 se
2529 585 2944 658 Hierosolymis
2959 585 3146 643 multa
3158 605 3469 660 passurum
3485 593 3545 646 et

1886 673 1945 727 in
1977 672 2070 729 die
2091 672 2262 729 tertia
2279 679 2770 730 resurrecturum.
2785 676 2866 731 Ne
2879 681 3076 732 autem
3097 678 3543 736 resurrectionis

1887 761 2149 817 inaudita
2180 762 2364 835 gloria
2396 763 2755 820 incredibilis
2788 764 3100 832 videretur,
3134 767 3325 823 tribus
3341 766 3542 823 electis

1887 850 2190 922 discipulis
2223 869 2486 907 seorsum
2518 851 2766 921 eductis,
2801 855 3066 926 ejusdem
3098 855 3544 912 resurrectionis

1887 937 2134 994 formam
2170 939 2225 994 in
2260 957 2368 995 sua
2389 941 3196 1012 transtigurationeostendit.
3214 943 3282 998 Et
3302 943 3544 1015 pulchre

1888 1031 2234 1084 ostensurus
2279 1028 2587 1101 discipulis
2634 1029 2900 1100 ejusdem
2939 1031 3388 1088 resurrectionis
3428 1033 3543 1088 for-

1889 1133 2339 1180 mam,seorsum
2353 1117 2826 1190 eoseduxit,quia
2839 1117 2889 1173 si
2901 1121 2950 1192 ej
2963 1121 3162 1176 usdem
3179 1121 3550 1178 resurrectio-

1889 1205 1980 1261 nis
1994 1206 2307 1278 participes
2321 1222 2449 1261 esse
2462 1207 2997 1277 cupimus,aturbis
3015 1208 3408 1281 malignorum
3423 1210 3547 1282 spi-

1889 1296 2108 1351 rituum
2123 1295 2546 1351 ettumultibus
2571 1295 2766 1351 saeculi
2792 1296 3045 1368 separati
3070 1313 3198 1354 esse
3235 1299 3544 1365 debemus,

1887 1401 2120 1456 semper
2151 1385 2388 1456 quidem
2421 1390 2636 1449 mente,
2669 1384 2982 1456 aliquando
3013 1391 3070 1441 et
3108 1403 3371 1459 corpore.
3402 1389 3549 1454 Quia

1889 1475 2043 1529 sicut
2074 1475 2357 1530 bonorum
2392 1474 2640 1529 societas
2675 1473 2921 1529 multum
2958 1475 3145 1546 juvat,
3181 1475 3264 1531 sic
3293 1475 3548 1535 infimi-is

1891 1564 2187 1619 mentibus
2211 1563 2498 1619 malorum
2515 1563 2826 1618 concordia
2838 1563 3170 1636 frequenter
3201 1570 3387 1634 nocet,
3405 1570 3550 1624 teste

1892 1651 2203 1707 Psalmista
2235 1652 2336 1724 qui
2373 1652 2485 1707 ait:
2543 1675 2564 1701 «ι
2601 1651 2745 1706 Cum
2799 1658 2999 1708 sancto
3039 1659 3279 1711 sanctus
3323 1655 3460 1724 eris,
3493 1658 3550 1712 et

1891 1758 2026 1796 cum
2057 1741 2181 1796 viro
2236 1742 2549 1796 innocente
2597 1740 2879 1797 innocens
2927 1742 3072 1811 eris;
3105 1747 3319 1799 etcum
3367 1743 3549 1800 electo

1891 1829 2114 1885 electus
2172 1830 2308 1897 eris,
2361 1835 2418 1885 et
2470 1848 2604 1885 cum
2655 1845 2924 1902 perverso
2982 1833 3323 1902 perverteris
3380 1834 3547 1905 (Paul.

1898 1923 2049 1987 xvu).
2088 1943 2115 1969 ››
2147 1919 2308 1975 Unde
2342 1938 2446 1976 nos
2477 1919 2749 1975 Salomon
2781 1920 3058 1976 admonet
3087 1920 3318 1976 dicens:
3361 1945 3387 1971 ‹‹
3422 1921 3551 1978 Noli

1897 2025 2025 2064 esse
2056 2009 2283 2065 amicus
2313 2008 2536 2064 homini
2568 2008 2870 2075 iracundo,
2906 2026 3095 2081 neque
3124 2009 3388 2066 ambules
3417 2027 3552 2068 cum

1896 2097 2017 2153 viro
2049 2099 2289 2165 furioso,
2324 2115 2393 2153 ne
2425 2098 2570 2153 forte
2602 2097 2796 2153 discas
2826 2098 3066 2153 semitas
3084 2100 3234 2170 ejus,
3267 2102 3323 2153 et
3352 2111 3554 2155 sumas

1898 2185 2242 2242 scandalum
2274 2186 2481 2242 animae
2515 2192 2626 2241 tua:
2657 2189 2845 2253 (Prov.
2865 2190 3026 2255 xxii).
3067 2212 3087 2235 ι»
3113 2186 3358 2243 Pulchre
3378 2188 3554 2245 etiam

1899 2292 1998 2332 eos
2031 2275 2246 2347 quibus
2278 2292 2375 2331 cor
2405 2293 2578 2330 suum
2593 2274 2979 2331 clariﬁcatum
3001 2276 3280 2342 ostendit,
3314 2277 3374 2332 in
3395 2295 3558 2334 mon-

1899 2369 2015 2420 tem
2051 2363 2344 2420 excelsum
2379 2364 2599 2431 eduxit,
2635 2371 2697 2419 ut
2729 2382 2834 2420 nos
2867 2364 3096 2421 doceret
3142 2359 3450 2438 quiaiunc
3481 2367 3554 2424 ad

1900 2452 2061 2508 illam
2095 2452 2338 2526 gloriam
2373 2454 2579 2508 futura:
2610 2453 3060 2509 resurrectionis
3088 2453 3330 2510 feliciter
3359 2471 3556 2527 perve-

1903 2543 2027 2598 nire
2075 2541 2450 2606 merebimur,
2501 2541 2548 2596 si
2593 2548 2822 2597 terrena
2871 2542 3225 2613 deserentes,
3278 2543 3560 2600 sublimia

1902 2636 2077 2703 atque
2108 2630 2367 2686 cmlestia
2384 2629 2808 2699 desideramus,
2829 2631 3090 2687 dicentes
3108 2648 3243 2688 eum
3258 2633 3554 2704 Apostolo:

1903 2743 1931 2769 ‹‹
1965 2720 2176 2776 Nostra
2205 2725 2398 2775 autem
2431 2719 3387 2794 conversatioinceliseSt(Phitip.
3414 2722 3556 2793 m).»

1905 2809 2066 2864 Unde
2096 2809 2270 2864 etiam
2299 2807 2654 2864 Salvatorcm
2688 2813 3096 2881 exspectamus
3128 2809 3441 2865 Dominum
3461 2827 3558 2870 no-

1904 2903 2092 2954 strum
2123 2899 2325 2954 Jesum
2357 2898 2674 2954 Christum.
2700 2897 3022 2963 Quasicum
3039 2898 3284 2956 Domino
3299 2904 3555 2956 montem

1903 2987 2296 3052 ascendimus,
2331 3005 2465 3042 cum
2485 2986 2725 3060 fugitiva
2738 2987 2940 3041 mundi
2956 2987 3557 3058 gaudiacontemnen-

1905 3081 2013 3145 tes,
2046 3075 2338 3132 caelestem
2372 3075 2619 3147 patriam
2652 3075 3078 3141 desideramus,
3111 3075 3263 3130 sicut
3310 3076 3560 3133 faciebat

1906 3164 2218 3221 Psalmista
2247 3182 2381 3219 cum
2409 3163 2666 3219 dicebat:
2702 3187 2730 3213 ‹‹
2764 3164 2925 3219 Sicut
2945 3179 3149 3218 cervus
3181 3164 3471 3221 desiderat
3485 3166 3558 3222 ad

155 3233 336 3322 tatem,
361 3251 546 3309 simul
585 3255 641 3307 et
670 3250 876 3306 divinae
908 3233 1263 3324 operationis
1294 3233 1557 3323 exempla
1573 3252 1789 3310 secuti:
1825 3233 1868 3300 (ἶ
1907 3255 2094 3310 fontes
2126 3270 2434 3326 aquarum,
2471 3252 2552 3308 ita
2568 3251 3296 3308 desideratanimameaad
3312 3254 3560 3322 te,Deus

151 3343 268 3413 quia
296 3347 349 3398 et
378 3343 680 3399 Dominus
712 3358 812 3397 sex
838 3341 1048 3397 diebus
1099 3341 1303 3396 mundi
1349 3342 1600 3413 perfecta
1635 3359 1792 3398 crea-

153 3431 302 3498 tione,
337 3432 601 3505 septimo
632 3429 852 3502 quievit
882 3430 948 3485 sb
981 3429 1257 3485 omnibus
1284 3431 1559 3502 operibus
1577 3431 1795 3498 suis,et

151 3520 404 3592 populum
438 3538 545 3578 sex
581 3519 790 3575 diebus
820 3519 1069 3591 operari,
1104 3519 1354 3591 septimo
1370 3537 1570 3575 vocare
1589 3537 1794 3592 praece-

150 3609 300 3680 perit:
335 3627 451 3666 non
484 3607 906 3679 intelligentes,
942 3608 1077 3679 quia
1100 3608 1358 3663 carnalia
1389 3607 1532 3681 legis
1563 3609 1795 3665 decreta

151 3699 407 3770 paulatim
440 3701 619 3756 erant
649 3695 939 3769 spirituali
975 3697 1452 3769 interpretatione
1487 3699 1789 3767 mutanda,

153 3794 439 3860 apparente
469 3787 577 3844 illo
613 3787 711 3859 qui
747 3786 1556 3860 nentantumlegislator,sed
1589 3789 1792 3844 etﬁnis

151 3883 224 3932 est
253 3878 392 3952 legis
422 3877 722 3943 Christus,
759 3875 828 3930 ad
855 3875 1153 3948 justitiam
1171 3876 1328 3931 omni
1345 3877 1789 3948 credentiﬂiom.

153 3967 214 4035 ι).
241 3967 437 4039 Neque
469 3966 637 4022 enim
685 3965 1052 4020 advertentes
1099 3964 1239 4036 quia
1286 3964 1560 4022 Conditor
1589 3967 1648 4021 in
1699 3967 1790 4023 die

152 4055 392 4126 septima,
423 4072 549 4111 non
585 4054 657 4110 ab
686 4070 857 4126 opere
899 4054 1208 4109 mundana:
1258 4053 1701 4126 gubernationis
1733 4059 1790 4111 et

153 4142 352 4212 animae,
385 4144 511 4199 imo
546 4141 1026 4214 quotidianarum
1061 4147 1464 4198 creaturarum
1497 4144 1788 4200 substitu-

152 4230 301 4298 tione,
333 4234 435 4289 sed
467 4250 504 4288 a
533 4248 689 4287 nova
712 4236 1112 4287 creaturarum
1133 4231 1496 4288 institutione
1518 4220 1786 4288 cessavit.

151 4319 287 4384 Quod
313 4339 448 4378 vero
483 4320 706 4376 dicitur
735 4318 885 4392 (Gen.
921 4321 1007 4390 Il),
1043 4319 1328 4391 requievit
1369 4325 1522 4378 Deus
1572 4321 1664 4376 die
1697 4339 1786 4378 se-

151 4408 306 4478 ptimo
335 4412 406 4467 ab
439 4409 724 4468 omnibus
757 4408 1034 4480 operibus
1065 4408 1212 4477 suis,
1245 4409 1786 4484 itaintelligendum

151 4503 225 4552 est
249 4515 510 4556 cessasse
545 4503 726 4554 Deum
777 4515 811 4553 a
843 4515 1122 4553 novarum
1175 4499 1509 4556 conditione
1557 4504 1784 4556 creatu-

151 4600 320 4643 rarum
331 4631 342 4642 .

662 4710 970 4766 HOMlLlA
1008 4709 1245 4766 XXXIV.

574 4816 824 4855 SABBATO
863 4815 1002 4855 POS'l‘
1043 4799 1332 4854 Invocavit.

209 4940 440 5010 (Mam.
477 4946 633 5012 xvu.)
656 4965 682 4990 ‹‹
717 4941 778 4996 In
803 4941 901 4997 illo
933 4945 1222 5014 tempore:
1245 4943 1582 5014 Assumpsit
1610 4941 1784 4999 Jesus

151 5027 416 5098 «Petrum,
431 5029 1165 5100 etJacobum,etJoanuem
1185 5033 1419 5085 l'ratrem
1434 5030 1682 5101 ejus,»et
1696 5048 1783 5086 re-

153 5112 309 5187 liqua.
334 5119 805 5176 Dominusdesus
818 5118 1102 5188 Christus,
1120 5137 1221 5192 per
1233 5118 1703 5192 praedicationem
1719 5137 1785 5177 ac

153 5203 455 5263 doctrinam
481 5206 799 5280 Evangelii,
843 5224 957 5263 non
983 5207 1172 5263 solum
1187 5207 1460 5264 fidelibus
1482 5209 1787 5280 praesentis

152 5290 259 5348 vitae
285 5295 515 5352 labores
546 5296 979 5363 indixit-,verum
995 5296 1169 5352 etiam
1188 5297 1444 5354 futuram
1465 5297 1615 5354 beati
1626 5298 1787 5354 tudi-

155 5394 268 5437 nem
304 5386 653 5457 repromisit.
679 5385 840 5443 Unde
871 5402 1004 5442 cum
1037 5386 1310 5458 superius
1333 5385 1577 5442 dixisset
1600 5387 1785 5455 (Joan.

151 5468 255 5542 XII):
271 5495 295 5519 ιι
313 5475 418 5538 Qui
439 5475 698 5531 amatani
711 5484 864 5531 mam
880 5493 1072 5544 suam,
1091 5477 1453 5548 perdeteam,
1467 5481 1607 5531 nete.
1631 5499 1658 5526 «
1679 5478 1788 5543 Qui

153 5559 254 5614 odit
281 5563 536 5618 animam
555 5582 721 5620 suam
749 5565 929 5620 inhoc
948 5566 1189 5631 mundo,
1221 5564 1473 5620 invitam
1507 5569 1784 5622 aeternam

155 5651 387 5706 custodit
415 5669 566 5720 eam,
597 5675 625 5703 »
640 5670 710 5709 ne
723 5654 756 5709 d
767 5671 869 5710 ura
884 5657 940 5710 et
952 5670 1160 5727 aspera
1174 5653 1503 5726 persecutio
1517 5655 1784 5728 martyrii

1899 3345 2075 3412 (Psat.
2108 3347 2242 3411 xu).
2279 3366 2306 3392 ››
2339 3342 2452 3398 Nec
2487 3338 2628 3397 illud
2662 3341 2884 3413 absque
2919 3340 3388 3399 consideratione
3416 3361 3561 3415 prae-

1899 3432 2250 3488 tereundum
2281 3437 2387 3498 est,
2421 3432 2578 3502 quod
2609 3436 2740 3503 post
2770 3446 2870 3486 sex
2915 3429 3040 3486 dies
3069 3435 3128 3486 et
3157 3436 3288 3502 post
3335 3449 3403 3489 ea
3429 3449 3558 3504 qua

1902 3521 2175 3593 superius
2207 3525 2370 3593 gesta
2399 3523 2714 3576 nar-rantur
2741 3518 3050 3590 discipulis
3080 3536 3248 3576 suam
3297 3514 3555 3577 resurre4

1900 3611 2152 3666 ctionem
2185 3609 2511 3665 ostendisse
2542 3613 2920 3664 memoratur.
2957 3607 3102 3674 Quia
3120 3607 3275 3664 enim
3296 3627 3396 3665 sex
3418 3613 3563 3666 sunt

1901 3699 2027 3754 dies
2059 3700 2117 3753 in
2147 3698 2362 3770 quibus
2394 3697 2528 3754 licet
2557 3697 2805 3770 operari,
2827 3698 3096 3754 senarius
3114 3715 3264 3771 saepe
3282 3715 3561 3756 numerus

1900 3787 2206 3860 prmsentis
2235 3786 2362 3841 vitae
2393 3787 2652 3842 laborem
2689 3784 3000 3860 significat.
3020 3787 3090 3842 Et
3118 3787 3447 3860 quasi'post
3461 3805 3562 3844 sex

1901 3877 2026 3932 dies
2057 3875 2363 3949 discipulis
2397 3891 2565 3932 suam
2597 3874 2922 3930 claritatem
2949 3873 3224 3941 ostendit,
3255 3875 3396 3947 quia
3419 3893 3561 3949 prae-

1900 3966 2085 4022 sentis
2115 3966 2243 4021 vita:
2276 3965 2505 4021 labores
2528 3962 2692 4020 electi
2719 3964 2791 4020 ad
2805 3963 3050 4037 gloriam
3084 3964 3560 4022 futurmresurre-

1903 4054 2115 4110 ctionis
2148 4058 2288 4109 sunt
2317 4053 2674 4124 pervent'uri.
2725 4053 2874 4116 Quia
2913 4052 3066 4108 sicut
3105 4052 3419 4124 Apostolus
3449 4053 3557 4110 ait:

1903 4166 1930 4193 «
1967 4143 2026 4199 Si
2077 4141 2469 4214 compatimur
2510 4146 2568 4197 et
2615 4141 3110 4215 conregnabimus
3149 4143 3317 4210 (Rom,
3349 4144 3491 4206 vui):
3525 4164 3554 4193 »

1900 4236 1986 4288 et:
2022 4256 2049 4282 ‹‹
2084 4229 3219 4302 Sifuerimussociipassionum,erimus
3235 4233 3558 4284 etresurre-

1899 4321 2110 4378 ctionis
2142 4321 2210 4391 (Il
2241 4320 2362 4374 Cor.
2395 4324 2449 4384 ι).
2489 4321 2520 4366 ››“
2548 4319 2708 4382 Quod
2742 4335 2874 4374 vero
2902 4317 3150 4373 dicitur:

1969 4435 1996 4460 (ι
2029 4411 2098 4465 Et
2129 4406 2490 4481 reSplenduit
2520 4406 2696 4463 facies
2728 4407 2877 4478 ejus,
2910 4405 3060 4462 sicut
3075 4404 3556 4462 solzvestimenta

1898 4523 1925 4549 ‹‹
1962 4504 2158 4555 autem
2189 4498 2318 4570 ejus
2351 4496 2671 4551 facta-sunt
2701 4494 2835 4551 alba
2864 4494 3017 4550 sicut
3063 4494 3181 4550 nix.
3215 4516 3244 4544 »
3275 4493 3553 4565 Ejusdem

1815 4602 1863 4666 Β
1897 4585 2346 4645 resurrectionis
2381 4585 2568 4641 forma
2597 4582 3555 4656 demonstratur.Quiaergojuxta

1893 4679 2020 4747 ejus
2034 4671 3017 4749 promissionem,«fulgebuntjusti
3033 4671 3188 4727 sicut
3201 4671 3287 4729 sol
3302 4672 3361 4727 in
3373 4688 3553 4745 regno

1890 4765 2078 4823 Patris
2107 4765 2321 4828 (Matth.
2357 4766 2497 4829 xui),
2534 4787 2561 4813 ››
2595 4762 2653 4817 in
2672 4762 2986 4833 semetipso
3000 4759 3255 4816 ostendit
3283 4760 3438 4832 quod
3460 4760 3552 4815 fu-

1891 4859 2092 4911 turum
2124 4858 2356 4910 constat
2388 4853 2446 4909 in
2483 4851 2786 4909 membris.
2819 4849 3097 4922 Nunquid
3128 4848 3268 4905 solis
3316 4848 3552 4906 claritas

1893 4943 2138 5001 Domino
2165 4941 2315 4998 valet
2345 4940 2697 5014 comparari,
2729 4939 2815 4995 vel
2847 4943 3208 5004 sanctorum,
3233 4938 3304 4994 de
3334 4937 3551 5010 quibus

1893 5033 2034 5089 dicit
2062 5031 2406 5104 Apostolus:
2447 5055 2470 5079 α
2508 5029 2772 5085 Stellaab
2787 5027 3162 5083 stelladili‘ert
3192 5027 3552 5094 inclaritate,

1895 5121 1979 5177 sic
2037 5126 2094 5176 et
2148 5117 2494 5175 resurrectio
2553 5122 2920 5172 mortuorum
2954 5116 2999 5184 (l
3043 5117 3164 5173 Cor.
3215 5116 3329 5179 xv).
3376 5139 3403 5166 ››
3438 5117 3546 5174 Sed

1897 5210 2035 5283 quia
2065 5209 2123 5264 in
2143 5209 2316 5264 rebus
2329 5205 2662 5263 visibilibus
2676 5205 2821 5262 nihil
2839 5205 2958 5262 sole
2981 5205 3348 5278 splendidius
3371 5223 3548 5278 appa-

1896 5304 2002 5365 ret,
2033 5315 2137 5371 per
2165 5297 2490 5353 claritatem
2523 5295 2663 5351 solis
2694 5296 2902 5351 futuras
2931 5295 3057 5350 vita:
3085 5293 3552 5368 splendorsigui-

1895 5388 2103 5444 ﬁcatus
2135 5391 2242 5452 est,
2280 5385 2338 5440 in
2371 5401 2510 5456 qua,
2545 5383 3121 5456 sicutperDanielom
3145 5382 3377 5439 dicitur:
3398 5384 3547 5446 «Qui

1896 5477 2047 5532 docti
2081 5481 2238 5542 sunt,
2274 5473 2581 5546 fulgebunt
2611 5475 2759 5531 sicut
2797 5474 3071 5547 splendor
3100 5471 3477 5528 ﬁrmamenti:
3493 5477 3552 5527 et

1895 5566 1995 5638 qui
2027 5566 2095 5620 ad
2124 5563 2420 5639 justitiam
2453 5563 2730 5619 erudiunt
2767 5563 3003 5631 multos,
3055 5560 3224 5634 quasi
3270 5560 3450 5619 stellae
3486 5562 3543 5616 in

1899 5658 2208 5728 perpetuas
2239 5652 2590 5711 zeternitatcs
2607 5653 2764 5715 (Dan.
2797 5655 2912 5717 xu).
2947 5675 2974 5704 ››
2989 5651 3058 5708 Et
3087 5649 3365 5722 quoniam
3397 5645 3542 5705 nihil
