4028 6176
358 323 481 402 ’823

925 330 1330 393 HAYMONIS
1376 329 1912 391 HALBERSTA'I‘.
1961 328 2206 390 EPISC.
2255 330 2424 391 OPP.
2473 328 2670 391 PARS
2717 330 2793 391 ll.
2829 363 2905 374 ο-
2934 329 3204 392 HOMIL.

3648 331 3768 392 224

362 461 727 524 soleclarius
759 463 844 539 (ut
873 460 1149 534 diximus)
1162 462 1354 520 videre
1373 461 1660 530 novimus,
1685 479 1799 528 non
1820 459 2010 518 solum
2042 463 2095 529 Α
2126 460 2399 518 stamenti
2433 460 2631 518 fideles
2649 461 2718 518 de
2735 461 3225 520 Dominiadventu
3240 460 3518 529 sentiunt,
3535 461 3771 537 quando

363 553 616 621 Domini,
649 553 748 610 sed
780 553 958 611 etiam
991 558 1324 610 sanctorum
1355 553 1413 609 in
1448 552 1870 609 resurrectione
1892 551 2010 626 glo-

364 645 451 702 ria
482 644 622 701 solis
651 643 908 718 aspectui
941 649 1334 716 comparatur,
1359 643 1495 715 quia
1527 641 1742 700 clarius
1770 642 1888 698 sole
1907 641 2010 698 ali-

364 735 526 808 quid,
563 735 716 789 unde
743 734 1074 806 exemplum
1129 734 1366 788 daretur
1395 731 1756 798 hominibus,
1791 731 2012 786 nimine

363 823 552 897 potuit
583 823 857 879 invenire.
891 825 1048 879 Hanc
1074 828 1268 879 autem
1299 822 1675 878 clarificatam
1723 821 2010 878 Dominici

360 913 620 985 corporis
651 912 1012 984 majestatem
1025 958 1038 978 ,
1053 912 1202 967 hanc
1217 917 1552 967 sanctorum
1568 929 1810 984 corporu
1823 929 1875 966 m
1895 911 2010 966 cla-

362 1002 615 1068 ritatem,
651 1001 848 1058 nullus
884 1002 1170 1074 injudicio
1191 1002 1567 1073 reproborum
1594 1001 1787 1055 videro
1802 1006 2011 1073 putan-

359 1093 473 1147 dus
502 1096 610 1149 est.
645 1093 901 1148 Tantum
933 1091 1212 1146 videbunt
1239 1092 1294 1145 in
1309 1107 1481 1163 quem
1501 1089 2014 1158 transﬁxorunt,et

359 1181 639 1256 plangant
670 1196 732 1236 se
762 1197 940 1253 super
972 1197 1104 1234 eum
1139 1180 1546 1235 omncstribus
1575 1184 1754 1235 terrae.
1779 1181 1849 1234 At
1877 1196 2010 1235 cum

359 1275 595 1344 peracto
621 1269 844 1342 judicio
875 1268 1089 1326 sublati
1115 1269 1616 1341 fuerintimpii,ne
1648 1269 2014 1341 videantglo-

360 1361 504 1418 riam
545 1361 660 1428 Dei,
696 1365 831 1414 tunc
856 1360 1003 1426 justi
1055 1360 1128 1415 ad
1171 1357 1684 1430 contemplandum
1734 1363 2013 1430 perpetuo

357 1451 605 1524 gloriam
639 1448 797 1519 regni
829 1449 978 1517 ejus,
1003 1453 1063 1503 et
1101 1447 1205 1520 ipsi
1242 1465 1344 1520 pro
1367 1447 1604 1502 modulo
1627 1465 1733 1503 suo
1758 1446 2016 1502 incorru-

357 1538 576 1614 ptionis
605 1537 854 1612 gloriam
886 1536 1285 1610 transfigurati
1321 1536 1642 1594 intrabunt.
1679 1536 1842 1592 Unde
1876 1537 2015 1593 dicit

355 1627 704 1703 Apostolus:
745 1653 770 1678 α
803 1627 910 1692 Qui
943 1625 1283 1684 reformabit
1313 1643 1522 1697 corpus
1546 1625 1896 1682 humilitatis
1919 1643 2015 1681 no-

354 1723 511 1789 stris,
541 1717 970 1790 configuratum
1017 1715 1243 1786 corpori
1293 1714 1576 1771 claritatis
1611 1733 1728 1770 sua:
1779 1717 2008 1787 (Philip.

355 1810 458 1879 in).
497 1831 524 1856 »
559 1807 662 1863 Per
689 1805 1040 1861 vestimenta
1069 1821 1202 1859 vero
1235 1803 1485 1873 Domini,
1519 1822 1650 1876 quae
1685 1805 1835 1860 facta
1875 1810 2013 1860 sunt

354 1896 486 1956 alba
517 1895 668 1952 sicut
699 1893 1088 1963 nix,Ecclesia
1105 1892 1467 1966 designatur,
1487 1895 2006 1966 quamjuxtaApo-

356 1983 571 2044 stolum
603 1982 776 2056 elegit
807 1984 1018 2054 (Ephes.
1049 1983 1128 2050 v),
1162 1998 1276 2038 non
1325 1982 1638 2038 habentem
1691 1981 2006 2048 maculam,

353 2089 546 2146 neque
573 2089 803 2146 rugam,
840 2076 903 2127 ut
933 2072 1389 2130 essetmundaet
1416 2070 2010 2128 immaculalaincon-

355 2167 559 2234 spectu
591 2163 744 2234 ejus,
776 2161 926 2216 sicut
954 2177 1057 2234 per
1083 2161 1370 2218 Joannem
1405 2160 1461 2215 in
1494 2160 1837 2234 Apocalypsi
1858 2160 2008 2217 dici-

354 2255 480 2308 tur:
519 2249 711 2306 «Vidi
767 2249 1062 2306 civitatem
1109 2253 1374 2306 sanctam
1423 2248 1746 2307 Jerusalem
1797 2267 2006 2306 novam

353 2339 798 2398 descendentem
830 2339 902 2394 de
931 2337 1094 2404 cmlo,
1131 2342 1411 2410 tanquam
1429 2355 1704 2410 sponsam
1737 2343 2004 2394 ornatam

350 2427 473 2484 viro
499 2444 611 2484 suo
643 2427 806 2499 (Apoc
834 2426 971 2487 xxx).
1012 2449 1030 2474 η
1069 2425 1234 2482 Sicut
1263 2425 1416 2482 enim
1448 2427 1624 2482 vestis
1657 2427 1858 2483 multis
1893 2426 2005 2483 ﬁlis

352 2515 585 2582 texitur,
621 2515 709 2574 sic
760 2514 1017 2570 Ecclesia
1067 2513 1267 2571 multis
1317 2515 1629 2572 virtutibus
1675 2517 2002 2583 decoratur,

343 2605 516 2679 juxta
541 2603 688 2666 illud
720 2603 908 2662 Isaiae:
949 2603 1130 2658 «Vivo
1143 2621 1268 2677 ego,
1286 2603 1744 2672 dicitDominus,
1761 2606 2004 2679 quiahis

348 2695 627 2754 omnibus
657 2693 812 2750 velut
851 2698 1194 2752 ornamento
1225 2693 1489 2751 vestieris
1522 2696 1644 2757 (lea.
1667 2697 1838 2758 nux).
1879 2719 1904 2744 ››
1936 2697 2006 2750 Et

346 2783 690 2858 Apostolus:
730 2806 756 2834 ‹‹
789 2782 1081 2855 Quotquot
1111 2783 1267 2838 enim
1299 2783 1532 2856 (inquit)
1567 2784 1621 2839 in
1650 2783 1875 2841 Christo
1907 2785 2005 2840 ba-

350 2873 548 2948 ptizati
579 2873 740 2942 estis,
775 2873 1072 2929 Christum
1107 2873 1383 2928 induistis
1406 2873 1549 2942 (Gal.
1571 2873 1664 2945 III).
1700 2875 1860 2932 nHoc
1892 2879 2000 2941 est,

349 2963 451 3036 qui
483 2963 542 3018 in
573 2967 833 3035 tempore
867 2961 1478 3018 resurrectionisomni
1507 2961 1999 3036 labeiniquitatis,

347 3051 526 3110 simul
560 3056 616 3108 et
645 3053 718 3108 ab
748 3050 1293 3108 omnimortalitalis
1307 3051 1663 3110 obscuritate
1679 3053 2002 3110 castiﬁcan-

351 3145 468 3200 tur.
504 3141 864 3200 Vestimenta
894 3141 1049 3198 enim
1087 3140 1310 3198 Domini
1345 3140 1497 3199 laeta
1527 3148 1666 3200 sunt
1697 3143 1831 3200 alba
1851 3144 2004 3200 sicut

2119 551 2273 623 quod
2306 551 3239 625 illipraenuntiaveruntfuturum,
3270 551 3776 624 istipraenuntiant

2111 642 2238 713 jam
2272 643 2511 697 factum.
2545 642 2723 697 Aliter
2753 643 2928 698 etiam
2957 643 3328 716 perMoysen,
3350 641 3781 713 quimortisde-

2120 732 2304 787 bitum
2340 733 2554 788 nedum
2589 731 2851 799 exsolvit,
2885 733 3386 790 duossanctorum
3401 730 3634 788 ordines
3651 748 3780 804 pos-

2121 839 2331 878 sumus
2363 821 2646 894 accipere,
2677 825 2733 877 et
2765 821 2896 877 illos
2930 821 3170 886 scilicet,
3223 821 3323 893 qui
3356 819 3587 876 Domini
3638 820 3782 876 ulti-

2121 929 2282 967 mum
2313 912 2624 966 adventum
2643 911 2942 965 moriendo
2956 928 3059 982 per
3073 911 3307 982 Moysen
3323 915 3772 982 praecesserunt,

2120 1007 2177 1058 et
2208 999 2338 1057 illos
2370 1001 2467 1073 qui
2501 1004 2761 1072 tempore
2783 999 2990 1071 judicii
3027 998 3136 1053 vivi
3169 998 3223 1053 in
3255 999 3776 1056 carneinveniendi

2121 1095 2278 1148 sunt:
2317 1092 2464 1147 Bene
2495 1107 2631 1162 ergo
2661 1107 2796 1145 cum
2827 1107 2893 1145 eo
2911 1089 3013 1147 visi
3050 1089 3105 1143 in
3125 1089 3431 1160 majestate
3450 1106 3783 1146 memoren-

2121 1182 2237 1243 tur,
2275 1177 2413 1250 quia
2459 1181 2515 1233 et
2562 1176 2658 1233 isti
2691 1176 3044 1246 resuscitati,
3096 1181 3152 1233 et
3185 1175 3267 1231 illi
3316 1175 3634 1244 immutati,
3688 1195 3780 1234 ra-

2122 1268 2378 1340 pientur,
2412 1266 2471 1323 in
2506 1266 2762 1323 nubibus
2793 1265 3020 1322 obviam
3041 1265 3273 1321 Christo
3307 1264 3363 1320 in
3385 1283 3521 1321 aera
3547 1267 3594 1333 (I
3629 1269 3779 1322 Thes.

2121 1357 2213 1422 Iv),
2247 1360 2304 1412 et
2335 1356 2419 1412 sic
2453 1372 2684 1428 semper
2714 1373 2848 1412 cum
2882 1355 3127 1410 Domino
3159 1359 3350 1423 erunt,
3385 1357 3622 1428 quando
3667 1355 3776 1412 im-

2123 1445 2378 1519 plebitur
2408 1445 2719 1518 promissio
2753 1444 3004 1512 Domini,
3035 1444 3316 1500 dicentis:
3353 1468 3378 1494 ‹‹
3414 1443 3600 1512 Pater,
3623 1445 3779 1501 daut

2123 1535 2274 1592 sicut
2305 1551 2410 1608 ego
2440 1539 2496 1592 et
2527 1539 2586 1590 tu
2607 1551 2788 1590 unum
2805 1532 3375 1600 sumus,itaetistiin
3409 1534 3578 1589 nobis
3593 1551 3779 1590 unum

2123 1626 2243 1682 sint
2275 1630 2457 1694 (Joan.
2487 1637 2643 1692 xvu),
2682 1648 2707 1672 ››
2725 1641 2837 1678 non
2854 1623 3202 1696 aequalitate,
3219 1623 3318 1679 sed
3337 1623 3784 1696 participatione

2121 1715 2338 1788 gloriae.
2375 1715 2484 1769 Sed
2519 1713 2696 1785 hujus
2729 1712 2972 1768 visionis
2999 1711 3558 1784 elaritatequantum
3576 1717 3783 1770 Petrus

2121 1802 2422 1876 apostolus
2454 1803 2775 1858 delectatus
2806 1802 2902 1869 sit,
2941 1800 3354 1869 manifestavit,
3375 1818 3510 1858 cum
3540 1818 3780 1875 respon-

2120 1894 2264 1949 dens
2297 1892 2440 1947 dixit
2471 1893 2541 1947 ad
2573 1891 2811 1949 Jesum:

2192 2008 2218 2032 α
2253 1981 2512 2046 Domine,
2548 1981 2768 2037 bonum
2802 1984 2890 2036 est
2923 1997 3029 2038 nos
3059 1978 3154 2034 hic
3186 1996 3332 2036 esse.
3355 2002 3380 2027 ››
3404 1980 3782 2038 Ubiostendit

2120 2089 2422 2130 summum
2456 2071 2675 2128 bonum
2709 2075 2765 2126 et
2797 2069 3116 2142 principale
3147 2068 3204 2124 in
3258 2071 3453 2126 futura
3483 2070 3600 2126 vita
3639 2087 3777 2125 cum

2119 2160 2364 2218 Domino
2396 2177 2543 2226 esse,
2581 2177 2696 2215 non
2729 2159 2787 2216 in
2811 2158 3494 2232 praesentisazculo,quod
3512 2163 3694 2214 totum
3717 2159 3775 2214 in

2117 2250 2377 2324 maligno
2410 2248 2665 2322 positum
2697 2253 2805 2315 est,
2839 2253 2896 2304 et
2929 2247 3027 2304 ubi
3049 2248 3218 2318 juxta
3233 2247 3391 2304 Pauli
3423 2247 3778 2320 apostolivo-

2117 2357 2264 2407 cem,
2298 2339 2420 2396 dies
2452 2337 2589 2394 mali
2617 2341 2778 2394 sunt.
2813 2338 2929 2394 Hoc
2959 2337 3115 2394 enim
3146 2338 3366 2392 bonum
3390 2342 3672 2405 senserat,
3706 2343 3768 2394 et

2115 2429 2250 2486 huic
2284 2429 2561 2484 inhaerere
2595 2432 2706 2484 Deo
2738 2428 2956 2483 bonum
2979 2431 3086 2484 est.
3121 2427 3282 2492 Quod
3314 2431 3510 2482 autem
3556 2427 3628 2482 ab
3661 2426 3764 2482 illa

2113 2519 2334 2575 visione
2365 2518 2660 2574 discedere
2693 2516 2889 2584 nollet,
2919 2516 3455 2572 manifestavitcum
3471 2517 3760 2588 adjunxit:

2118 2631 2144 2659 ‹‹
2179 2609 2237 2665 Si
2270 2608 2377 2677 vis,
2410 2608 2693 2664 faciamus
2724 2607 2818 2663 hic
2849 2606 2961 2661 tria
2990 2604 3388 2673 tabernacula,
3415 2605 3515 2660 tibi
3549 2623 3760 2676 unum,

2114 2720 2143 2746 ‹‹
2177 2697 2358 2770 Moysi
2393 2714 2574 2753 unum
2610 2700 2667 2752 et
2695 2695 2829 2752 Elite
2862 2713 3066 2751 unum.
3101 2716 3128 2745 ››
3156 2695 3272 2750 Hoc
3299 2700 3496 2750 autem
3515 2693 3768 2762 dixit(ut

2114 2785 2264 2845 alius
2297 2785 2650 2859 evangelista
2681 2785 2874 2857 refert)
2908 2784 3174 2840 nesciens
3204 2783 3596 2854 quiddiceret,
3623 2784 3765 2856 quia

2112 2876 2372 2933 humana
2404 2879 2613 2932 natura
2641 2891 2776 2932 cum
2808 2873 2961 2929 ultra
2990 2873 3230 2929 modum
3262 2890 3379 2932 sua:
3430 2871 3765 2946 fragilitatis

2112 2966 2368 3035 ducitur,
2391 2964 2704 3038 aliquando
2717 2980 2883 3020 suam
2901 2963 3086 3035 ipsam
3105 2961 3759 3035 ignorantiamignorat.

2112 3054 2418 3111 Nesciebat
2447 3053 2585 3126 quid
2620 3053 2855 3121 diceret,
2891 3051 3122 3124 quando
3155 3051 3439 3108 inmterna
3469 3049 3762 3123 illagloria

2111 3143 2456 3216 temporalia
2485 3141 2861 3198 tabernacula
2911 3139 3236 3197 necessaria
3283 3139 3629 3197 aestimabat.
3672 3139 3758 3195 Ibi

345 3231 466 3299 nix,
500 3231 639 3305 quia
667 3231 923 3289 Ecclesia
953 3231 1010 3286 in
1045 3231 1244 3288 futura
1268 3232 1387 3289 vita
1417 3233 1487 3288 ad
1518 3231 1786 3304 gloriam,
1822 3251 1998 3305 quam
2032 3210 2074 3275 (ἶ
2113 3239 2268 3289 enim
2305 3231 2623 3288 matcrialis
2655 3229 3014 3286 tabernaculi
3046 3228 3400 3285 constructio
3433 3228 3765 3285 necessaria

345 3321 699 3380 oculus—non
710 3321 873 3389 vidit,
890 3338 993 3377 nec
1007 3322 1166 3377 auris
1181 3320 1421 3392 audivit,
1439 3321 1612 3376 necin
1629 3338 1727 3377 cor
1743 3321 2000 3377 hominis

347 3409 631 3478 ascendit,
663 3414 755 3466 est
784 3410 1237 3482 perventura,ad
1254 3426 1429 3481 quam
1454 3409 1749 3478 pervenire
1761 3409 2003 3481 optabat

351 3495 550 3564 David,
583 3514 714 3553 cum
749 3495 1004 3551 dicebat:
1036 3522 1061 3545 ‹‹
1099 3497 1341 3552 Lavabis
1375 3515 1466 3554 me
1497 3502 1554 3552 et
1584 3515 1761 3570 super
1809 3498 1999 3555 nivem

348 3583 660 3644 dealbabor
691 3585 862 3653 (Psal.
898 3585 968 3647 L).
996 3584 1200 3641 nUnde
1217 3586 1362 3641 bene
1377 3586 1666 3642 deiisdem
1685 3587 2000 3644 vestimen-

349 3673 426 3730 tis
459 3689 559 3746 per
589 3673 768 3732 alium
799 3673 1474 3747 evangelistam,scilieet
1489 3675 1996 3733 Marcumdicitur.

349 3788 376 3816 ι(
412 3761 560 3828 Quia
590 3762 736 3820 facta
770 3767 910 3820 sunt
934 3762 1185 3818 candida
1213 3761 1390 3818 nimis
1439 3762 1595 3818 velut
1633 3763 1751 3832 nix,
1803 3765 2001 3838 qualia

349 3851 492 3908 fullo
521 3869 636 3908 non
669 3856 860 3924 potest
909 3853 1093 3908 facere
1125 3869 1300 3924 super
1349 3857 1562 3908 terram
1593 3854 1774 3923 (Marc.
1830 3865 1930 3925 ix).
1970 3879 1996 3904 ››

348 3940 634 4006 Quoniam
666 3945 887 4012 quanta
917 3941 1116 3997 futura
1147 3941 1222 3997 sit
1252 3941 1436 4015 gloria
1481 3947 1842 4011 sanctorum,
1891 3961 1996 4000 nec

347 4030 569 4096 doctor,
603 4047 707 4085 nec
739 4031 1081 4102 praedicator
1110 4031 1355 4103 quilibet
1382 4031 1726 4104 spiritualis,
1762 4033 1818 4088 in
1852 4051 1996 4105 prae-

348 4118 496 4176 senti
528 4119 645 4178 vita
669 4119 792 4175 suis
824 4119 974 4176 valet
1004 4119 1230 4192 aperire
1246 4122 1638 4178 sermonibus.
1663 4123 1773 4178 Sed
1808 4139 1877 4178 ne
1900 4123 1998 4179 ali-

346 4226 464 4282 qua
494 4207 780 4264 dubitatio
812 4209 869 4263 in
921 4207 1320 4281 apostolorum
1376 4209 1648 4266 cordibus
1699 4228 1997 4268 remanere

344 4301 562 4375 posset,
594 4302 728 4370 post
757 4297 1335 4370 transﬁgurationcm
1379 4298 1660 4355 Dominici
1714 4300 1994 4372 corporis,

343 4385 534 4445 idonei
569 4391 750 4443 testes
769 4386 1140 4442 adhibentur.
1175 4387 1424 4443 Unde.et
1458 4389 1761 4444 subditur:

416 4500 444 4525 ‹‹
482 4475 621 4531 Ecce
653 4481 1052 4548 apparuerunt
1086 4475 1316 4548 Moyses
1348 4481 1406 4532 et
1433 4477 1590 4532 Elias
1641 4495 1774 4532 cum
1807 4495 1873 4533 eo
1905 4478 1994 4532 lo-

2111 3338 2225 3377 non
2259 3324 2367 3386 est,
2401 3319 2500 3375 ubi
2534 3336 2838 3376 summum
2869 3320 3087 3375 bonum
3115 3323 3170 3375 et
3192 3319 3516 3392 perfectum
3534 3317 3759 3373 Domini

2108 3409 2252 3466 visio
2283 3413 2390 3476 est,
2425 3409 2577 3464 sicut
2606 3426 2709 3482 per
2735 3408 3018 3465 Joannem
3052 3409 3122 3464 de
3149 3424 3402 3481 superna
3422 3407 3652 3466 civitate
3668 3407 3768 3463 Je-

2109 3497 2364 3554 rusalem
2396 3496 2610 3554 dicitur
2653 3513 2666 3554 :
2703 3519 2728 3546 ‹‹
2764 3498 2828 3554 Et
2859 3496 3145 3570 templum
3181 3514 3292 3552 non
3326 3496 3520 3553 vidiin
3541 3513 3627 3563 ea,
3651 3501 3762 3554 Do-

2110 3587 2308 3644 minus
2337 3587 2492 3642 enim
2529 3585 3272 3658 Dcustemplumilliusest,
3302 3590 3358 3641 et
3373 3587 3758 3659 agnus(.4poc.

2107 3688 2241 3750 xxi).
2276 3700 2301 3725 ‹‹
2334 3673 2532 3742 Quaiis
2583 3679 2777 3732 autem
2827 3674 3183 3731 constructio
3229 3675 3285 3729 in
3320 3691 3387 3731 ea
3436 3673 3631 3730 futura
3660 3675 3758 3744 sit,

2107 3765 2422 3823 Psalmista
2463 3764 2739 3831 declarat,
2791 3781 2924 3820 cum
2971 3762 3148 3820 dicit:
3185 3788 3211 3814 α
3256 3763 3578 3822 Jerusalem
3629 3780 3760 3836 qua:

2107 3855 2428 3914 aedificatur
2484 3859 2546 3908 ut
2595 3852 2819 3922 civitas,
2881 3854 3051 3926 cujus
3107 3852 3471 3926 participatio
3519 3853 3650 3925 ejus
3700 3853 3759 3907 in

2106 3944 2365 4017 idipsum
2399 3944 2567 3999 (Psal.
2615 3953 2779 4015 cm).
2818 3966 2843 3992 »
2874 3944 2942 3998 Et
2993 3942 3274 3998 Dominus
3323 3942 3380 3998 in
3413 3941 3757 4016 Evangelia:

2107 4055 2134 4083 «
2169 4033 2231 4088 In
2264 4034 2436 4088 domo
2465 4030 2651 4087 Patris
2680 4032 2789 4088 mei
2825 4032 3159 4088 mansiones
3193 4030 3388 4088 multa:
3408 4035 3545 4087 sunt
3576 4033 3757 4093 (lacn.

2106 4126 2241 4188 xw).
2283 4145 2302 4169 ι»
2341 4122 2532 4179 Unum
2560 4125 2757 4176 autem
2791 4121 3061 4194 idemque
3093 4120 3336 4177 sollicite
3377 4119 3761 4178 consideran-

2106 4212 2245 4268 dum
2280 4215 2389 4277 est,
2422 4211 2753 4282 quiajuxta
2785 4209 3108 4267 Psalmistae
3153 4226 3380 4266 vocem:
3415 4233 3441 4258 ‹‹
3476 4209 3603 4265 Non
3655 4209 3757 4266 ha-

2105 4301 2254 4358 bitat
2287 4317 2420 4355 cum
2453 4317 2518 4356 eo
2556 4299 2868 4372 malignus,
2902 4316 3087 4373 neque
3107 4297 3758 4371 permanebuntinjusti

2104 4394 2239 4446 ante
2269 4387 2468 4445 oculos
2501 4389 2629 4460 ejus
2658 4389 2834 4452 (Psal.
2864 4397 2940 4459 v).
2970 4408 2995 4439 υ
3033 4388 3193 4444 Unde
3225 4388 3759 4460 sicinterrogantes

2105 4477 2437 4541 Dominum,
2469 4493 2604 4533 cum
2635 4477 2924 4550 Propheta
2954 4477 3233 4532 dicimus:
3275 4499 3296 4528 ι
3332 4475 3593 4541 Domine,
3628 4474 3762 4548 quis

322 4573 378 4615 ’‹‹
409 4568 675 4637 quentes.
712 4564 960 4628 nQuales
975 4570 1168 4621 autem
1183 4565 1679 4638 apparuerint,vel
1705 4567 1843 4638 quid
1859 4583 1992 4622 cum
2029 4579 2070 4641 ῃ
2103 4565 2392 4621 habitabit
2422 4565 2479 4621 in
2515 4566 2890 4622 tabernaculo
2922 4566 3061 4622 tuo?
3086 4565 3334 4638 autquis
3363 4564 3761 4637 requiescetin

345 4669 411 4708 eo
443 4651 620 4708 locuti
649 4651 787 4720 sint,
823 4652 975 4708 alius
1003 4653 1249 4716 (scilicet
1268 4655 1473 4716 Lucas)
1497 4655 1850 4728 evangelista
1872 4673 1993 4710 ma-

345 4739 618 4796 nifestius
648 4739 924 4808 declarat,
973 4741 1201 4797 dicens:
1240 4765 1265 4791 ‹‹
1297 4745 1365 4796 Et
1408 4759 1538 4799 ecce
1581 4743 1687 4800 visi
1735 4748 1876 4799 sunt
1911 4743 1997 4801 lo-

344 4833 592 4902 quentes
623 4845 755 4886 cum
790 4846 857 4886 eo
880 4828 1116 4902 Moyses
1145 4833 1202 4886 et
1230 4829 1406 4900 Elias,
1423 4830 1714 4903 splendidi
1745 4833 1804 4887 in
1821 4833 1998 4906 maje-

344 4922 512 4982 state,
543 4917 925 4989 praedicantes
956 4920 1084 4991 ejus
1106 4919 1478 4975 excessumin
1507 4920 1993 4984 Jerusalem(Luc.

342 5006 436 5066 ιχ).
475 5027 500 5054 ι)
531 5005 638 5062 Ubi
660 5022 772 5076 .per
801 5006 1036 5080 Moysen
1068 5011 1124 5062 et
1154 5006 1360 5074 Etiam,
1397 5012 1454 5064 et
1481 5008 1626 5082 legis
1657 5015 1712 5064 et
1743 5011 1995 5082 propheo

341 5099 537 5149 tarum
570 5093 805 5150 oracula
838 5095 1242 5168 intelligimus,
1297 5097 1397 5169 qui
1427 5099 1820 5170 praedicabant
1866 5099 1994 5170 ejus

343 5198 648 5238 excessum
674 5181 732 5236 in
761 5182 1108 5249 Jerusalem,
1141 5185 1279 5257 quia
1307 5185 1395 5242 lex
1413 5191 1468 5243 et
1485 5187 1775 5259 prophetae
1807 5187 1997 5244 Domi-

344 5288 483 5326 num
521 5287 837 5343 passurum
870 5277 928 5328 et
947 5279 1416 5331 resurrecturum
1437 5272 1992 5349 praenuntiaverunt.

343 5359 473 5418 Sive
499 5358 692 5428 aliter,
725 5379 829 5434 per
849 5361 1093 5436 Moysen
1124 5367 1180 5419 et
1209 5363 1414 5434 Eliam,
1449 5370 1765 5440 utrumque
1794 5368 1993 5423 Testa-

343 5453 607 5506 mentum
633 5448 962 5523 intelligere
994 5469 1332 5523 possumus,
1355 5455 1535 5512 Vetus
1564 5457 1784 5512 scilicet
1813 5460 1869 5512 et
1888 5455 1994 5510 No-

341 5555 500 5593 vum.
534 5537 658 5594 Una
689 5555 824 5611 ergo
856 5556 990 5596 voce
1021 5540 1248 5613 Moyses
1278 5548 1333 5598 et
1366 5543 1516 5600 Elias
1548 5561 1849 5601 excessum
1887 5548 1992 5597 Do-

345 5625 488 5687 mini
522 5627 929 5699 prazdixerunt,
965 5627 1101 5701 quia
1118 5631 1389 5686 concordi
1419 5631 1529 5686 fide
1560 5631 1868 5702 utriusque
1888 5631 1993 5686 Te-

2105 4659 2302 4712 monte
2317 4659 2519 4712 sancto
2544 4660 2645 4712 tuo
2659 4655 2686 4711 ‘?
2703 4659 2908 4722 »(Psal.
2923 4662 3058 4718 xlv.)
3072 4654 3243 4712 Tales
3258 4672 3364 4710 nos
3375 4653 3763 4709 exhibeamus

2105 4746 2176 4801 de
2209 4745 2423 4817 quibus
2456 4747 2758 4803 subditur:
2793 4770 2820 4796 «
2845 4745 2962 4812 Qui
2982 4741 3762 4818 ingreditursinemaculaet

2105 4833 2696 4904 cperaturjustitiam
2743 4833 2914 4905 (Psal.
2950 4835 3085 4900 xw),
3137 4835 3192 4886 et
3235 4835 3442 4887 caetera
3487 4847 3616 4901 qua:
3659 4847 3760 4887 se-

2107 4922 2388 4991 quuntur.
2423 4921 2532 4977 Sed
2566 4923 2636 4978 de
2664 4919 3058 4978 tabernaculis
3088 4919 3301 4976 visibili
3319 4918 3759 4976 constructione

2110 5007 2272 5064 Petro
2303 5009 2624 5082 cogitante:

2177 5120 2202 5145 ‹‹
2234 5097 2438 5154 Adhuc
2468 5115 2533 5155 eo
2559 5099 2856 5172 loquente,
2889 5116 3018 5156 ecce
3035 5095 3758 5155 nubeslucidaobumbra-

2109 5208 2136 5235 ‹‹
2166 5185 2248 5240 vit
2276 5203 2397 5242 eos.
2436 5211 2462 5236 ››
2494 5187 2566 5244 Ut
2598 5189 2983 5262 intelligerent
3009 5187 3208 5244 electis
3237 5187 3292 5242 in
3328 5190 3542 5243 aeterna
3571 5185 3758 5242 taber-

2106 5274 2316 5330 nacula
2350 5262 2612 5347 receptis,
2650 5294 2760 5331 non
2796 5294 2922 5333 esse
2955 5276 3286 5334 necessaria
3315 5273 3640 5348 corporalia
3670 5278 3755 5330 ta-

2102 5363 2418 5422 bernacula
2450 5364 2548 5420 ubi
2577 5365 2636 5420 in
2666 5366 2839 5422 nubis
2870 5366 3317 5424 obumbratione
3330 5364 3758 5439 protectierunt

2103 5469 2136 5507 a
2157 5458 2441 5508 conventu
2457 5452 2931 5526 malignantium,
2947 5473 2980 5512 a
2993 5456 3368 5512 multitudine
3381 5452 3758 5527 operantium

2103 5541 2495 5612 iniquitatem,
2530 5543 3119 5618 quandoimplebitur
3137 5545 3293 5616 quod
3317 5542 3454 5598 alibi
3486 5539 3760 5614 perPsal~

2104 5628 2340 5688 mistam
2371 5629 2611 5690 dicitur:
2649 5655 2678 5685 ς(
2704 5633 3042 5692 Abscondes
3074 5650 3175 5690 eos
3204 5634 3265 5691 in
3287 5629 3629 5691 abscondito
3663 5629 3756 5685 fa-
