4028 6176
332 317 448 388 227

891 316 1296 378 HAYMONIS
1343 316 1879 378 HALBERSTAT.
1927 309 2170 374 EPISC.
2218 315 2387 374 OPP.
2434 315 2630 375 PARS
2678 314 2752 375 ll.
2787 347 2865 358 —
2901 310 3171 376 HOMIL.

3619 311 3745 372 228

333 465 448 502 non
483 446 885 519 exquisierunt
905 453 982 513 te,
1013 449 1084 504 ad
1118 455 1171 504 te
1201 455 1455 504 current.
1484 451 1659 504 Sidon
1695 451 1892 502 autem
1923 451 1982 501 et
2010 447 2062 514 Α
2094 450 2189 500 tur
2219 447 2706 502 dolum.Dec|inet
2735 450 2930 504 autem
2963 464 2998 503 a
3026 445 3262 510 malo,et
3295 444 3468 500 faciat
3500 445 3742 502 bonum:

329 533 463 608 ipsa
493 553 527 590 a
556 537 671 590 situ
705 537 791 592 vel
821 537 1101 608 qualitate
1140 538 1250 593 loci
1297 539 1530 603 dicitur,
1563 555 1630 592 eo
1688 536 1841 607 quod
1902 535 1981 589 ibi

315 625 652 688 multitudo
685 625 934 696 piscium
965 626 1252 699 capiatur.
1287 628 1434 686 Nam
1485 625 1784 681 Phoenices
1813 625 1980 679 sidon

329 715 523 785 pisces
555 713 869 785 appellant.
901 715 982 770 lbi
1017 715 1189 770 etiam
1215 713 1622 786 pretiosissimi
1655 714 1784 769 vitri
1817 713 1984 785 copia

329 801 569 871 reperiri
601 803 870 857 traditur.
905 804 1322 875 Interpretatur
1351 807 1545 860 autem
1568 802 1628 858 in
1661 806 1861 859 nostra
1876 801 1983 858 lin-

328 905 445 961 gua
477 892 696 946 inutilis
724 894 957 947 venatio.
992 892 1292 964 Signiﬁcat
1323 897 1377 947 et
1408 893 1534 964 ipsa
1557 908 1742 965 genus
1778 892 1982 948 huma-

329 995 470 1032 num
504 981 660 1050 quod
695 985 828 1036 ante
878 982 1343 1036 incarnationem
1409 981 1632 1036 Domini
1683 997 1717 1036 a
1748 979 1978 1036 diabolo

327 1065 613 1122 inutiliter
642 1068 977 1124 venabatur.
1005 1069 1167 1124 Sicut
1197 1070 1354 1125 enim
1386 1075 1626 1126 venator
1655 1087 1788 1124 cum
1816 1086 1980 1140 rapa-

326 1153 580 1211 cissimis
610 1156 853 1222 canibus
899 1159 1142 1213 bestiam
1196 1160 1585 1230 persequitur,
1620 1160 1747 1228 ejus
1773 1175 1976 1215 carnes

326 1245 570 1316 cupiens
600 1244 891 1303 lacerare:
927 1247 1010 1301 sic
1043 1246 1314 1302 diabolus
1351 1252 1483 1302 ante
1513 1246 1972 1302 incarnationem

327 1335 454 1405 ejus
485 1350 673 1409 genus
705 1334 1033 1390 humanum
1093 1336 1570 1408 persequebatur,
1606 1340 1669 1390 ut
1715 1337 1972 1392 animam

323 1422 510 1494 ipsius
541 1425 611 1477 ad
647 1411 946 1479 interitum
981 1425 1184 1480 mortis
1231 1425 1609 1495 pertraheret.
1642 1425 1750 1478 Sed
1787 1425 1975 1479 Domi-

325 1529 436 1566 nus
468 1510 612 1566 ﬁnes
643 1511 874 1566 Sidonis
908 1511 1416 1584 appropinquavit,
1452 1515 1516 1567 ut
1546 1529 1732 1583 genus
1764 1514 1971 1569 huma-

325 1616 464 1654 num
498 1599 568 1655 de
590 1599 778 1653 inutili
807 1602 1107 1654 venatione
1129 1600 1342 1654 diaboli
1365 1602 1432 1655 ad
1460 1601 1658 1656 utilem
1682 1603 1974 1673 pertrahe-

323 1695 429 1756 ret,
466 1705 567 1760 per
596 1705 696 1742 eos
729 1690 949 1743 scilicet
980 1694 1305 1756 venatores,
1356 1691 1427 1744 de
1458 1691 1673 1762 quibus
1704 1708 1807 1762 per
1834 1693 1972 1747 Pro-

321 1778 557 1850 phetam
585 1777 837 1832 dicitur:
873 1777 1135 1832 «Mittam
1170 1776 1488 1848 piscatores
1521 1783 1764 1843 meos,et
1787 1779 1967 1852 pisca.
2002 1813 2048 1878 Β

322 1866 544 1921 buntur
593 1883 728 1922 eos:
791 1869 1114 1930 venatores,
1175 1872 1231 1920 et
1286 1867 1654 1922 venabuntur
1701 1869 1772 1923 de
1810 1869 1970 1924 omni

321 1960 521 2011 monte
550 1961 608 2011 et
638 1956 708 2010 de
740 1954 901 2010 omni
931 1954 1075 2011 colle
1123 1957 1254 2028 (Jer.
1287 1956 1468 2028 xvm).
1503 1977 1532 2007 »
1582 1956 1728 2012 Cum
1774 1965 1970 2013 autem

320 2043 850 2109 Dominus,relictis
882 2043 1100 2099 Scribis
1137 2050 1193 2098 et
1225 2045 1628 2112 Pharismis,in
1662 2045 1807 2102 ﬁnes
1837 2048 1970 2120 Tyri

320 2139 377 2189 et
407 2134 640 2188 Sidonis
671 2133 930 2199 secessit,
964 2134 1090 2204 ipso
1125 2132 1403 2189 nimirum
1439 2135 1554 2188 situ
1587 2136 1847 2207 corporis
1880 2138 1973 2192 de-

320 2223 910 2279 monstravitludzeos
932 2227 1168 2295 propter
1189 2222 1493 2295 perﬁdiam
1529 2223 1967 2297 relinquendos,

319 2315 376 2366 et
405 2317 608 2384 gentes
642 2313 712 2366 ad
745 2313 920 2367 ﬁdem
953 2312 1432 2382 vocandas,juxta
1466 2313 1607 2368 illud
1639 2315 1790 2386 quod
1826 2315 1970 2387 ipsis

318 2401 538 2457 Judaeis
569 2419 685 2456 non
719 2401 1092 2458 credentibus
1125 2400 1259 2456 alibi
1291 2402 1404 2456 ait:
1427 2425 1454 2450 ‹‹
1490 2405 1794 2459 Aut'eretur
1815 2422 1848 2459 a
1873 2421 1968 2459 vo-

319 2490 411 2544 bis
445 2507 689 2561 regnum
726 2489 841 2555 Dei,
875 2495 933 2544 et
973 2488 1211 2544 dabitur
1261 2491 1420 2562 genti
1481 2491 1711 2546 facienti
1744 2493 1968 2549 fructus

319 2581 447 2652 ejus
477 2580 688 2648 (Matth.
736 2579 874 2648 xxx),
913 2600 940 2626 »
999 2580 1152 2649 quod
1209 2579 1475 2650 protinus
1534 2583 1964 2650 manifestatur,

319 2685 454 2724 cum
486 2668 848 2724 subinfertur
872 2683 921 2720 :«
951 2668 1021 2721 Et
1039 2683 1171 2722 ecce
1194 2668 1404 2724 mulier
1423 2669 1748 2725 Chauanaaa
1780 2688 1813 2726 a
1844 2672 1970 2726 ﬁni-

320 2759 432 2815 bus
460 2757 575 2814 illis
604 2772 856 2829 egressa.
893 2777 920 2804 ιι
956 2755 1164 2810 Mulier
1211 2773 1346 2829 ergo
1375 2757 1722 2822 Chananaea.
1757 2761 1969 2816 mulier

319 2846 653 2921 gentilis,de
682 2844 862 2918 stirpe
894 2843 1205 2918 Cham,quj
1241 2845 1710 2904 maledictionem
1743 2865 1966 2920 prome-

320 2934 461 3001 ruit,
495 2940 641 3000 orta,
673 2951 849 3006 quam
878 2933 1052 2989 etiam
1085 2934 1236 2990 alius
1265 2935 1619 3008 evangelista
1644 2943 1839 3011 (Marc.
1867 2939 1964 3008 vn)

323 3021 831 3096 Syrophmnissam
888 3022 1160 3094 appellat,
1195 3027 1325 3096 post
1373 3023 1686 3080 Dominum
1728 3026 1961 3094 clamat,

320 3112 458 3185 quia
490 3127 603 3166 non
633 3115 869 3167 venerat
902 3113 1023 3185 ipse
1053 3129 1254 3168 vocare
1277 3114 1598 3184 justos,sed
1633 3122 1964 3187 peccatores

2093 535 2354 606 inquirat
2384 553 2608 608 pacem,
2641 540 2698 590 et
2743 541 3028 607 sequatur
3074 551 3201 591 eam
3237 535 3408 607 (Psal.
3463 537 3680 602 XXXIII).
3720 558 3746 586 ι)

2093 624 2206 680 Sed
2233 625 2371 696 quid
2396 625 2611 681 clamat
2630 625 2961 681 audiamus:
2993 624 3303 681 «Miserere
3324 623 3459 685 mei,
3480 623 3743 689 Domine,

2094 713 2198 768 Fili
2236 712 2434 767 David.
2472 736 2498 763 ›ι
2528 714 2591 768 In
2625 713 2842 785 quibus
2871 711 3339 783 verbis,b-reviter
3370 711 3738 784 quidem,sed

2089 801 2359 874 pleniter,
2394 801 2752 857 Catholicam
2785 802 2956 857 ﬁdem
2987 800 3448 873 comprehendit.
3476 801 3619 856 Nam
3654 801 3740 858 sic

2090 891 2274 946 Deum
2307 891 2553 946 credidit
2583 895 2648 945 ut
2680 890 2978 948 hominem
3012 907 3126 946 non
3162 895 3420 962 negaret,
3437 890 3520 946 sic
3552 890 3744 947 homi-

2089 995 2223 1034 nem
2257 980 2568 1034 conﬁtetur
2598 983 2662 1033 ut
2683 979 2956 1034 eumdem
2978 994 3180 1036 verum
3204 978 3387 1034 Deum
3412 978 3746 1034 credat.Ve-

2088 1085 2219 1123 rum
2251 1068 2408 1122 enim
2461 1068 2642 1123 Deum
2702 1067 2970 1131 credidit,
3007 1083 3138 1122 cum
3181 1066 3366 1122 dixit:
3399 1090 3425 1115 ‹‹
3469 1066 3746 1124 Miserere

2087 1158 2222 1213 mei.
2257 1179 2284 1206 ››
2318 1157 2531 1212 Verum
2565 1155 2885 1221 hominem,
2919 1171 3054 1212 cum
3087 1154 3389 1226 adjunait:
3427 1179 3453 1205 ‹‹
3491 1155 3594 1209 Fili
3631 1161 3742 1210 Da-

2084 1246 2197 1301 vid.
2230 1269 2257 1296 n
2285 1246 2495 1302 Filium
2533 1245 2709 1302 David
2740 1244 3072 1316 vocat,quia
3101 1244 3172 1300 de
3201 1243 3381 1316 stirpe
3402 1243 3580 1299 David
3602 1244 3728 1300 Sal-

2082 1341 2246 1391 vator
2275 1340 2474 1390 noster
2505 1349 2740 1389 carnem
2773 1333 3116 1406 assumpsit,
3149 1331 3376 1388 dicente
3419 1333 3692 1404 Apostolo
3721 1350 3735 1387 :

2083 1447 2108 1470 η
2142 1423 2246 1487 Qui
2281 1425 2468 1478 factus
2490 1428 2580 1478 est
2608 1423 2656 1478 ei
2691 1439 2758 1477 ex
2791 1422 3012 1478 semine
3044 1422 3222 1477 David
3255 1421 3577 1476 secundum
3611 1439 3730 1476 car-

2081 1530 2214 1568 nem
2249 1514 2419 1584 (Rom.
2455 1513 2514 1572 ι).
2549 1535 2576 1562 ››
2610 1513 2680 1566 Et
2709 1511 3026 1583 propheta:
3060 1533 3086 1559 «
3123 1512 3266 1566 Ecce
3311 1511 3438 1566 dies
3467 1511 3737 1576 veniunt,

2080 1602 2224 1656 dicit
2257 1601 2618 1664 Dominus,et
2643 1601 2940 1656 suscitabo
2967 1599 3137 1654 David
3163 1599 3731 1671 germenjustum,et

2080 1690 2348 1762 regnabit
2397 1706 2493 1745 rex
2551 1694 2610 1745 et
2667 1689 2902 1762 sapiens
2951 1689 3062 1743 erit
3105 1690 3236 1760 (Jer.
3297 1689 3476 1758 xxm).
3520 1710 3549 1738 »
3581 1688 3728 1743 Cum

2079 1781 2235 1838 enim
2272 1784 2458 1834 mater
2487 1796 2590 1851 pro
2623 1778 2742 1833 ﬁlia
2774 1778 3082 1833 Dominum
3113 1776 3720 1850 supplicavit,dicens:

2082 1892 2109 1918 «
2145 1869 2289 1923 Filia
2318 1885 2450 1924 mea
2479 1885 2513 1924 a
2542 1867 2828 1922 daemonio
2862 1870 3160 1932 vexatur,»
3179 1865 3576 1922 manifestavit
3595 1866 3736 1937 quia

2082 1957 2165 2012 illi
2195 1957 2295 2029 qui
2331 1957 2494 2028 prius
2523 1973 2591 2011 ex
2639 1956 2913 2029 gentibus
2968 1955 3360 2022 crediderunt,
3389 1970 3492 2027 pro
3522 1953 3734 2012 libera-

2078 2046 2234 2101 tione
2265 2062 2488 2105 eorum.
2518 2046 2616 2118 qui
2643 2044 2835 2100 adhuc
2865 2044 2923 2099 in
2955 2060 3146 2100 errore
3171 2043 3738 2114 detinebantur,pre-

2077 2151 2174 2190 ces
2207 2135 2279 2189 ad
2313 2135 2623 2190 Dominum
2682 2134 2975 2189 fuderunt.
3029 2133 3192 2188 Sicut
3249 2131 3403 2188 enim
3457 2133 3733 2204 superius

2081 2224 2356 2290 diximus,
2395 2228 2581 2278 mater
2612 2221 2924 2280 Ecclesiam
2961 2221 3329 2293 signiﬁcavit,
3353 2219 3470 2276 ﬁlia
3498 2237 3733 2292 quoque

2079 2313 2205 2382 eius
2231 2329 2710 2384 unamquamque
2748 2311 3129 2384 peccatricem
3172 2309 3564 2382 przeﬁguravit
3603 2311 3732 2365 ani-

2079 2401 2399 2464 mam.Quze
2423 2400 2573 2456 male
2603 2418 2637 2456 a
2665 2398 2950 2455 daemonio
2983 2398 3484 2470 vexatur,quando
3507 2397 3732 2470 integro

2077 2507 2317 2562 corpore
2347 2489 2504 2546 vitiis
2534 2494 2590 2545 et
2649 2488 2996 2544 criminibus
3038 2488 3320 2558 subjacet,
3355 2485 3553 2558 qualia
3590 2491 3732 2542 sunt

2077 2579 2452 2643 adulterium,
2488 2571 2732 2645 furtum,
2769 2577 3178 2644 homicidium,
3234 2576 3461 2646 rapina,
3493 2574 3728 2632 sacrile-

2075 2669 2238 2740 gium
2269 2673 2325 2724 et
2356 2668 2447 2722 his
2480 2667 2714 2722 similia.
2752 2665 2991 2737 Rogavit
3027 2681 3166 2737 ergo
3217 2669 3404 2719 mater
3450 2681 3551 2736 pro
3582 2662 3724 2728 (ilia,

2075 2758 2216 2828 quia
2230 2756 2615 2827 Ecclesia,pro
2649 2756 3002 2810 correctione
3035 2770 3233 2809 eorum
3263 2753 3365 2824 qui
3393 2751 3644 2826 peccatis
3668 2759 3726 2806 et

2072 2845 2229 2902 vitiis
2257 2847 2583 2916 subjacent,
2617 2843 2864 2900 sollicite
2894 2842 3177 2916 invigilat,
3213 2841 3526 2913 aliquando
3581 2859 3723 2897 sua-
3753 2890 3758 2894 .

2073 2934 2607 3006 dendo,aliquando
2629 2933 3006 3003 exhortando,
3031 2931 3345 3004 aliquando
3375 2945 3508 2986 eam
3523 2930 3722 2986 acrius

2073 3021 2768 3095 increpando,aliquando
2795 3021 3076 3078 orationis
3106 3035 3274 3092 opem
3307 3018 3717 3091 impendenda.

2073 3112 2188 3168 Nec
2219 3111 2408 3170 solum
2444 3109 2708 3184 magistri
2731 3110 2841 3166 sibi
2877 3108 3160 3180 subjectis
3181 3107 3596 3164 correctionem
3619 3107 3723 3164 im-

319 3178 392 3256 ad
424 3178 1105 3272 pcenitentiamﬁilzircm).
1138 3178 1662 3274 Allegoriceautem
1689 3204 1808 3260 haec
1843 3223 1966 3260 mu-
1997 3178 2040 3243 (ἶ
2078 3201 2325 3272 pendere
2353 3178 2590 3265 debent,
2625 3199 2724 3254 sed
2758 3197 2931 3254 etiam
2964 3178 3305 3264 orationem,
3341 3200 3406 3251 ut
3436 3212 3584 3268 quos
3603 3212 3723 3250 non

320 3289 426 3344 lier
455 3290 780 3344 Chananzea
827 3296 1030 3362 typum
1063 3291 1331 3346 Ecclesiae
1386 3296 1543 3347 tenet
1580 3309 1648 3349 ex
1691 3295 1964 3364 gentibus

321 3377 590 3436 collectae.
618 3378 826 3434 Mulier
857 3396 1092 3450 quoque
1122 3380 1388 3435 Ecclesiae
1420 3387 1813 3453 comparatur,
1849 3401 1963 3439 non

321 3472 554 3541 propter
585 3466 1014 3532 mollitiem,sed
1048 3473 1282 3540 propter
1304 3470 1771 3540 coniunctionem
1791 3473 1896 3529 viri
1909 3478 1967 3529 et

322 3557 739 3632 fecunditatem
773 3554 1107 3628 prolis’,qua3
1139 3564 1274 3612 ante
1293 3557 1600 3613 adventum
1628 3561 1857 3615 Domini
1883 3562 1967 3617 in-

321 3643 570 3700 fecunda
598 3648 654 3697 et
684 3642 900 3698 sterilis
934 3644 1380 3714 permansit,sed
1408 3645 1652 3702 Domino
1675 3649 1962 3718 veniente,

323 3733 636 3803 conjuncta
657 3732 766 3786 sibi
793 3731 1408 3803 Ecclesia,spirituales
1429 3734 1580 3790 ﬁlios
1602 3736 1839 3809 gignere
1862 3756 1968 3792 cm-

325 3821 430 3895 pit,
461 3820 701 3892 impleta
731 3819 1034 3892 prophetia
1082 3837 1209 3892 quas
1241 3821 1359 3877 ait:
1397 3846 1423 3871 «
1468 3823 1701 3893 Laetare,
1752 3827 1969 3886 sterilis

326 3927 452 3982 quae
484 3926 599 3964 non
631 3909 788 3981 paris
818 3910 943 3979 (Isa.
980 3911 1112 3971 LIV).
1146 3932 1174 3958 »
1209 3909 1336 3965 Haec
1367 3915 1456 3966 est
1501 3911 1658 3968 enim
1718 3913 1817 3971 illa
1846 3933 1970 3971 mu-

326 3998 432 4053 lier
460 3999 529 4052 de
560 4013 678 4068 qua
726 4014 830 4070 per
886 3996 1258 4054 Salomonem
1313 3999 1564 4066 dicitur:
1602 4022 1630 4051 «
1662 4002 1965 4060 Mulierem

327 4083 534 4142 fortem
566 4085 698 4157 quis
728 4085 1028 4141 inveniet?
1053 4087 1251 4158 procul
1283 4092 1339 4142 et
1386 4088 1456 4143 de
1498 4088 1721 4146 ultimis
1753 4092 1968 4150 ﬁnibus

328 4173 577 4248 pretium
610 4174 737 4243 ejus
765 4175 1124 4242 (Pronum).
1162 4197 1188 4222 ››
1221 4175 1300 4230 De
1331 4192 1447 4248 qua
1478 4177 1652 4233 etiam
1689 4181 1969 4237 Dominus

329 4262 573 4334 ﬁgurate
603 4261 660 4316 in
694 4261 1000 4334 Evangelio
1032 4261 1290 4334 loquitur
1315 4279 1328 4318 :
1350 4264 1584 4322 «Simile
1615 4271 1704 4322 est
1726 4285 1968 4340 regnum

329 4345 605 4409 scelerum
629 4350 1092 4423 fermento,quod
1113 4355 1414 4422 acceptum
1439 4353 1650 4409 mulier
1666 4355 1973 4414 abscondit

327 4439 387 4495 in
418 4439 614 4496 farinae
646 4437 788 4494 satis
819 4438 1028 4505 tribus,
1061 4439 1243 4494 donec
1286 4439 1735 4496 fermentaretur
1781 4447 1969 4501 totum

2075 3294 2322 3362 possunt
2352 3288 2723 3345 sermonibus
2763 3285 3069 3358 corrigere,
3103 3285 3310 3342 saltem
3360 3283 3723 3340 orationibus

2076 3376 2712 3450 possintjuvare,velut
2727 3375 2974 3431 faciebat
2996 3373 3306 3446 Apostolus
3318 3371 3416 3444 qui
3445 3388 3724 3443 quorum-

2075 3467 2210 3523 dam
2243 3465 2666 3538 discipulorum
2700 3463 3135 3537 lapsum,suum
3167 3460 3720 3534 reputans,dicebat:

2076 3581 2103 3608 «
2138 3557 2278 3621 Quis
2308 3554 2658 3618 inﬁrmatur,
2694 3558 2752 3609 et
2781 3569 2886 3624 ego
2920 3569 3033 3607 non
3064 3550 3330 3606 inﬁrmor
3349 3549 3424 3616 (11
3451 3547 3724 3617 Corum)?“

2075 3645 2144 3699 Et
2175 3644 2424 3700 iterum:
2465 3666 2486 3690 ε
2526 3641 2731 3707 Filioli,
2764 3657 2912 3713 quos
2971 3639 3182 3694 iterum
3229 3636 3510 3710 parturio,
3535 3637 3724 3692 donec

2077 3733 2357 3787 formetur
2387 3730 2656 3785 Christus
2687 3729 2743 3783 in
2774 3728 2941 3784 vobis
2974 3728 3118 3788 (Gal.
3153 3729 3249 3796 ιν).
3288 3748 3315 3776 ››

2150 3842 2176 3871 ‹‹
2209 3819 2314 3882 Qui
2349 3835 2463 3874 non
2495 3817 2793 3889 respondit
2823 3817 2872 3871 ei
2904 3815 3169 3871 verbum.
3207 3836 3234 3862 ››
3268 3813 3392 3868 Non
3416 3816 3506 3868 est
3530 3811 3642 3866 hoc
3659 3827 3728 3867 ex

2076 3906 2386 3980 supercilio
2417 3905 2753 3961 Scribarum
2785 3909 2842 3958 et
2873 3903 3322 3966 Pharisaeorum,
3346 3900 3498 3972 quod
3535 3900 3728 3955 Domi-

2077 4013 2190 4052 nus
2220 3994 2449 4050 mulieri
2482 3993 2758 4049 clamanti
2790 4009 2904 4047 non
2935 3989 3257 4062 respondit.
3293 3989 3395 4044 sed
3421 3987 3615 4042 varias
3649 3988 3724 4043 ob

2078 4101 2288 4141 causas
2315 4083 2364 4139 ei
2397 4082 2653 4154 primum
2683 4080 3031 4152 respondere
3060 4076 3310 4144 distulit,
3342 4076 3439 4132 cui
3468 4078 3725 4147 postmo-

2077 4175 2218 4230 dum
2252 4189 2366 4227 non
2399 4170 2591 4226 solum
2643 4184 2990 4241 responsum
3037 4166 3216 4233 dedit,
3251 4165 3354 4221 sed
3412 4162 3587 4218 etiam
3621 4162 3729 4218 hoc

2077 4262 2231 4334 quod
2268 4261 2498 4332 petebat
2529 4259 2777 4329 benigne
2806 4256 3032 4311 tribuit.
3068 4254 3280 4321 Primo,
3309 4257 3373 4307 ut
3398 4250 3732 4307 constantia

2078 4349 2342 4406 mulieris
2374 4347 2735 4419 probaretur,
2769 4350 2966 4400 utrum
3000 4344 3058 4398 in
3091 4358 3260 4414 prece
3311 4343 3729 4413 perseveraret,

2079 4456 2152 4494 an
2185 4453 2340 4503 non;
2375 4436 2653 4499 secundo,
2685 4439 2749 4488 ut
2777 4433 3141 4490 occasionem
3166 4445 3278 4486 non
3319 4425 3590 4484 credendi
3623 4427 3732 4481 Ju-

329 4515 686 4598 (Mauhauu).
722 4549 750 4606 ξ)
782 4526 848 4582 Et
869 4529 1078 4584 iterum
1107 4545 1118 4582 :
1155 4551 1180 4576 «
1212 4527 1416 4582 Mulier
1445 4544 1580 4582 cum
1611 4530 1763 4600 parit
1791 4531 1974 4588 tristi-
2007 4538 2051 4604 Ι)
2083 4527 2224 4583 ὰωίε
2255 4525 2607 4606 auferret,ne
2637 4523 2781 4578 forte
2813 4521 3072 4576 dicerent
3097 4517 3387 4574 :Christus
3408 4513 3577 4570 nobis
3602 4531 3737 4586 pro-

329 4614 471 4670 tiam
505 4615 701 4684 ﬁabet,
733 4615 872 4688 quia
899 4616 1056 4671 venit
1082 4615 1225 4669 hora
1254 4615 1381 4684 ejus
1407 4616 1745 4688 (Joan.xvn).
1784 4642 1811 4668 ››
1845 4621 1973 4676 Haec

330 4707 526 4759 autem
559 4702 768 4764 mulier
799 4707 884 4758 tot
913 4701 1174 4774 quotidie
1207 4702 1588 4772 spiritualiter
1615 4705 1765 4761 ﬁlios
1798 4709 1969 4778 parit,

330 4795 474 4863 quot
503 4790 703 4848 ﬁdeles
736 4808 836 4864 per
862 4791 1078 4845 undam
1103 4789 1473 4860 baptismatis
1495 4797 1551 4846 et
1573 4795 1820 4865 gratiam
1843 4795 1973 4868 Spi-

328 4880 478 4936 ritus
510 4880 696 4935 sancti
731 4883 1049 4950 regenerat.
1080 4876 1415 4932 Notandum
1448 4883 1640 4935 autem
1675 4883 1828 4952 quod
1851 4899 1976 4938 mu-

329 4966 435 5022 lier
465 4967 720 5040 primum
757 4983 790 5020 a
816 4964 1031 5020 ﬁnibus
1062 4964 1187 5020 suis
1213 4981 1466 5037 egressa,
1497 4973 1628 5039 post
1658 4969 1970 5026 Dominum

329 5055 618 5112 clamasse
647 5053 878 5119 dicitur,
906 5052 1044 5124 quia
1073 5052 1185 5108 nisi
1217 5053 1474 5110 Ecclesia
1500 5056 1664 5126 prius
1694 5057 1973 5129 pristinos

328 5159 555 5200 errores
585 5139 1231 5206 anathematizasset,ad
1256 5139 1521 5198 notitiam
1547 5144 1645 5199 Dei
1675 5146 1972 5216 pervenire

330 5247 444 5286 non
478 5233 694 5301 posset.
728 5227 880 5282 Ordo
915 5245 1168 5301 namque
1201 5231 1567 5287 necessarius
1597 5233 1872 5304 exposcit,
1910 5239 1973 5289 ut

330 5319 496 5390 prius
526 5316 682 5370 vitiis
714 5319 770 5369 et
799 5315 1140 5372 criminibus
1173 5317 1561 5385 abrenuntiet,
1597 5319 1695 5392 qui
1728 5320 1972 5380 virtutes

331 5403 590 5474 accipere
622 5403 932 5471 desiderat,
969 5409 1031 5459 ut
1062 5404 1373 5461 Psalmista
1402 5424 1414 5462 :
1453 5429 1480 5458 «
1511 5408 1650 5474 Quis
1679 5413 1766 5464 est
1796 5410 1971 5467 homo

330 5491 432 5566 qui
461 5490 585 5547 vult
613 5492 787 5548 vitam
824 5491 1064 5565 diligere
1095 5499 1152 5550 et
1177 5495 1369 5550 videre
1392 5495 1517 5551 dies
1551 5499 1731 5554 bonos
1752 5499 1977 5572 ?prohi-

332 5581 465 5650 beat
494 5579 752 5658 linguam
785 5598 953 5642 suam
987 5599 1020 5641 a
1050 5583 1287 5652 malo,et
1312 5583 1464 5643 labia
1485 5586 1612 5660 ejus
1645 5605 1714 5645 ne
1735 5587 1976 5665 loquan-

2083 4615 2305 4671 missus
2335 4617 2443 4677 est,
2477 4616 2534 4667 ct
2564 4612 2673 4667 istc
2721 4614 2923 4683 gentes
2975 4610 3165 4670 docet,
3195 4609 3398 4678 gentes
3454 4607 3642 4667 curat,
3675 4607 3737 4657 et

2081 4703 2209 4759 ideo
2241 4702 2516 4757 nolumus
2563 4701 2796 4756 credere
2827 4699 2885 4752 in
2918 4698 3110 4770 ipsum
3139 4714 3152 4763 ;
3185 4693 3378 4758 tertio,
3410 4696 3475 4746 ut
3499 4690 3733 4746 animos

2082 4788 2504 4861 discipulorum
2537 4788 2607 4843 ad
2642 4785 3102 4850 misericordiam
3126 4778 3599 4856 provocaret.Sed
3637 4778 3738 4834 ab-

2083 4881 2160 4936 sit
2190 4883 2254 4934 ut
2283 4879 2504 4949 absque
2535 4875 2934 4932 misericordia
2958 4889 3056 4930 eos
3089 4872 3272 4928 fuisse
3293 4865 3736 4938 credamus,qui

2084 4985 2217 5024 cum
2260 4971 2496 5022 auctore
2549 4963 2958 5020 misericordia:
3010 4960 3438 5034 gladiebantur.
3471 4955 3736 5019 Quorum

2083 5057 2310 5113 animos
2325 5055 2397 5110 ad
2411 5053 2870 5118 misericordiam
2892 5054 3219 5108 commotos
3241 5042 3597 5122 evangelista
3609 5057 3734 5132 ma-
3791 5119 3804 5132 .

2080 5146 2336 5212 nifestat,
2371 5160 2504 5198 cum
2537 5140 2878 5212 subjunxit:
2913 5163 2938 5190 «
2967 5139 3036 5194 Et
3089 5136 3425 5192 accedentes
3456 5128 3737 5203 discipuli

2081 5259 2108 5286 ‹‹
2133 5234 2416 5306 rogabant
2437 5231 3006 5302 eum.»Rogaverunt
3021 5243 3154 5282 eum
3179 5229 3318 5280 tunc
3333 5218 3606 5290 discipuli
3629 5234 3736 5290 pro

2082 5321 2326 5378 muliere
2356 5318 2760 5388 Chananitide,
2795 5321 2994 5389 postea
3022 5331 3156 5371 vero
3196 5328 3300 5385 pro
3356 5306 3619 5364 Ecclesia
3666 5322 3737 5360 ex

2080 5409 2354 5485 gentibus
2383 5411 2603 5474 vocata,
2639 5407 2738 5477 qui
2771 5423 2886 5462 non
2920 5404 3110 5461 solum
3145 5416 3332 5473 usque
3371 5397 3451 5455 .ad
3481 5398 3733 5485 mortem

2083 5483 2144 5557 se
2175 5497 2560 5561 tradiderunt,
2594 5496 2693 5551 sed
2727 5495 2900 5551 etiam
2933 5491 3294 5551 orationibus
3323 5502 3454 5543 eam
3485 5483 3737 5540 Domino

2084 5586 2637 5650 commendaverunt
2663 5584 2841 5657 (sicut
2869 5583 3083 5646 Paulus
3113 5577 3413 5658 apostolus
3442 5572 3735 5650 quosdam
