4028 6176
266 258 362 319 9‘29

1479 216 1831 322 uentum
1875 255 1976 318 ea
2018 253 2421 322 TEMPUHE.

3531 236 3651 335 236

264 391 568 466 discipulos
614 391 970 469 relinquens,
1023 394 1253 454 dicebat
1285 412 1300 452 :
1336 419 1362 446 ‹‹
1397 394 1752 452 Commendo
1796 409 1897 450 vos
1923 391 1985 459 Α
2012 389 2163 448 sicut
2190 394 2503 467 Apostolus
2533 395 2613 453 ait
2646 414 2659 454 :
2695 422 2721 448 ‹‹
2756 396 2957 455 Videte
3004 413 3198 468 canes,
3230 401 3416 459 videte
3464 405 3651 464 malos

264 483 361 539 Deo
388 487 445 539 et
474 483 663 541 Verbo
696 484 883 558 ipsius
906 488 1039 558 [Αει.
1069 487 1163 558 xx]
1199 489 1249 554 η)
1281 484 1576 542 dicentes:
1602 506 1630 534 ‹‹
1656 481 1893 539 Dimitte

261 591 287 620 «
311 588 455 639 eam,
496 596 523 622 ››
555 574 710 646 quod
743 578 831 631 est
859 575 1049 631 dicere
1099 575 1336 632 Dimitte
1367 578 1624 648 peccata,
1656 577 1712 629 et
1741 573 1897 630 «lena

256 660 507 717 virtutes.
541 687 569 712 «
624 663 771 730 Quia
817 662 1032 720 clamat
1080 671 1212 738 post
1263 681 1391 722 nos.
1428 687 1455 714 ››
1505 662 1717 719 Mulier
1762 664 1895 734 post

258 752 538 822 apostolos
577 749 869 822 clamavit,
904 753 1044 826 quia
1091 753 1348 811 Ecclesia
1396 770 1511 809 non
1562 750 1754 807 solum
1800 768 1893 806 eo-

258 842 372 895 rum
404 840 732 897 doctrinam
766 841 976 916 diligit,
998 843 1098 899 sed
1130 830 1585 899 etiam'actiones
1609 841 1893 896 imitatur.

258 926 379 984 Post
408 928 704 1004 apostolos
738 934 931 986 autem
964 930 1219 989 clamare
1267 935 1356 987 est
1386 929 1621 987 illorum
1652 928 1899 1001 vestigia

256 1017 430 1089 sequi.

319 1130 343 1155 ‹‹
379 1106 509 1180 Ipse
540 1108 735 1165 autem
787 1108 1148 1183 respondens
1180 1108 1258 1165 ait
1289 1127 1302 1165 :
1336 1109 1461 1165 Non
1514 1125 1646 1166 sum
1679 1107 1897 1164 missus

257 1218 279 1245 «
309 1194 418 1251 nisi
452 1197 526 1252 ad
558 1215 694 1254 oves
725 1216 850 1271 quae
882 1200 1183 1272 perierunt
1214 1198 1424 1255 domus
1456 1197 1653 1255 Israel.
1679 1221 1708 1249 ››
1741 1200 1899 1265 Quae-

254 1284 394 1340 ritur
420 1290 620 1342 autem
651 1303 831 1360 quare
861 1288 1051 1344 dicat:
1080 1313 1103 1339 ‹‹
1131 1288 1256 1343 Non
1280 1305 1411 1345 sum
1446 1287 1664 1343 missus
1691 1286 1803 1342 nisi
1826 1287 1897 1343 ad

253 1391 377 1431 oves
399 1392 526 1447 qua:
553 1376 850 1448 perierunt
866 1377 1078 1433 domus
1102 1376 1299 1443 Israel,
1322 1400 1349 1425 ››
1371 1393 1502 1431 cum
1522 1376 1658 1431 alibi
1685 1376 1899 1432 dixisse

251 1461 477 1539 legatur
500 1479 514 1518 :
540 1488 565 1512 α
593 1463 662 1519 Et
684 1463 829 1520 alias
852 1481 984 1520 oves
1015 1465 1219 1534 habeo,
1245 1482 1372 1538 quas
1400 1483 1514 1521 non
1537 1470 1674 1521 sunt
1704 1484 1771 1521 ex
1792 1465 1900 1521 hoc

251 1551 400 1618 ovili,
434 1556 495 1608 et
525 1549 659 1607 illas
690 1557 917 1624 oportet
949 1570 1041 1610 me
1071 1554 1380 1622 adducere,
1405 1559 1459 1609 et
1484 1571 1681 1615 vocem
1708 1570 1900 1612 meam

250 1640 505 1710 audient,
522 1646 579 1698 et
602 1641 700 1697 fiet
721 1658 903 1697 unum
927 1642 1073 1698 ovile
1095 1647 1152 1699 et
1176 1660 1328 1698 unus
1355 1648 1554 1716 pastor
1575 1632 1750 1716 (John.
1769 1649 1849 1712 χ).
1874 1665 1900 1691 ››

246 1731 323 1786 At!
358 1730 520 1803 quod
544 1730 881 1799 dicendum,
902 1731 1041 1803 quia
1063 1729 1133 1786 de
1154 1731 1466 1804 praesentia
1486 1748 1594 1789 sua
1616 1729 1899 1804 corporali

249 1818 419 1876 dixit:
446 1818 731 1891 quaniam
753 1819 1047 1876 neminem
1068 1819 1375 1893 gentilium
1394 1838 1497 1893 per
1517 1820 1902 1893 semetipsum

251 1902 519 1965 docuisse
536 1907 770 1982 legitur,
785 1906 1041 1982 exceptis
1057 1909 1287 1964 duobus
1303 1908 1512 1989 diebus
1534 1907 1590 1963 in
1616 1896 1900 1978 Sarnaria,

251 1999 311 2051 ut
328 1997 703 2054 occasionem
720 2014 840 2055 non
868 1998 1142 2054 credendi
1161 1998 1336 2071 (sicut
1353 2015 1532 2071 supra
1554 1999 1774 2054 dictum
1793 2000 1906 2068 est)

256 2084 468 2141 Judaeis
500 2087 777 2144 auferret.
812 2088 1031 2142 Tamen
1056 2103 1190 2142 cum
1218 2087 1374 2142 inter
1392 2087 1624 2143 Judaeos
1647 2086 1907 2143 ambula-

260 2180 357 2239 ret,
372 2174 624 2243 doceret,
640 2174 810 2248 signa
826 2176 1062 2241 faceret,
1084 2175 1332 2232 salutem
1354 2176 1618 2249 gentium
1647 2179 1905 2231 futuram

262 2264 872 2335 praedicabat,dicens:
906 2288 933 2314 ‹‹
955 2266 1024 2320 Et
1054 2263 1201 2320 alias
1231 2282 1364 2320 oves
1395 2265 1600 2334 habeo,
1630 2283 1756 2337 qua:
1792 2282 1905 2319 non

265 2357 392 2407 sunt
420 2368 488 2408 ex
520 2351 631 2408 hoc
655 2351 789 2408 ovili
820 2370 832 2421 ;
868 2375 895 2402 »
928 2358 984 2407 et
1013 2352 1185 2408 alibi:
1222 2376 1251 2401 ‹‹
1287 2352 1470 2409 Malos
1501 2353 1651 2408 male
1684 2354 1905 2426 perdet,

266 2445 317 2496 et
333 2440 556 2497 vineam
591 2454 759 2497 suam
783 2439 993 2497 locabit
1017 2441 1148 2498 aliis
1170 2441 1440 2515 agricolis
1461 2442 1676 2512 (Mat/la.
1709 2442 1845 2515 XXI).
1881 2466 1903 2493 ι

270 2529 327 2583 Et
345 2528 467 2585 idco
483 2529 582 2601 qui
606 2530 772 2603 prius
794 2530 1057 2587 dicebat:
1079 2555 1105 2581 «
1130 2531 1192 2586 In
1212 2530 1362 2586 viam
1385 2531 1648 2605 gentium
1672 2548 1743 2588 ne
1760 2531 1912 2587 abie-

274 2616 412 2683 ritis,
443 2621 499 2673 et
527 2619 584 2674 in
630 2618 893 2675 civitates
924 2617 1426 2675 Samaritanorum
1460 2637 1530 2676 ne
1570 2619 1911 2677 introieritis

278 2705 470 2774 (lauit.
500 2709 579 2775 κ),
606 2731 635 2756 »
664 2712 868 2780 postea
896 2706 1078 2763 dixit:
1104 2731 1131 2757 ‹‹
1156 2707 1374 2765 Euntes
1394 2707 1454 2764 in
1478 2709 1767 2765 mundum
1790 2708 1915 2765 uni-

283 2810 520 2864 versum,
535 2795 843 2868 predicate
858 2794 1234 2869 Evangelium
1253 2797 1410 2853 omni
1430 2801 1707 2853 creaturae
1726 2797 1910 2869 (Marc.

288 2886 409 2952 xw).
442 2906 468 2935 »
499 2884 658 2948 Quod
709 2883 1017 2956 impletum
1050 2889 1138 2940 est
1166 2890 1299 2958 post
1328 2886 1457 2958 ejus
1487 2886 1912 2956 ascensionem,

291 2971 353 3026 ad
382 2972 768 3045 apostolorum
791 2973 1280 3046 praedicationem.
1303 2975 1464 3041 Quod
1486 2992 1622 3049 ergo
1645 2992 1759 3032 non
1784 2975 1917 3031 fecit

291 3059 660 3134 corporaliter,
679 3066 811 3134 post
834 3062 1315 3119 resurrectionem
1349 3080 1452 3136 per
1479 3063 1801 3137 discipulos
1821 3065 1917 3120 ad-

289 3147 525 3222 implevit
553 3150 953 3224 spiritualiter.
988 3151 1099 3207 Sed
1144 3150 1289 3207 illud
1350 3135 1912 3226 praetermittendum
1942 3135 1989 3206 α

290 3253 390 3293 non
410 3244 509 3308 est,
527 3257 707 3313 quare
722 3239 964 3295 dixerit:
987 3265 1013 3290 «
1034 3241 1158 3296 Non
1178 3258 1309 3297 sum
1329 3241 1547 3298 missus
1566 3242 1673 3297 nisi
1694 3242 1765 3298 ad
1783 3260 1917 3299 oves

289 3344 405 3399 qua:
421 3329 732 3402 perierunt,
759 3352 786 3379 ››
810 3347 943 3386 cum
966 3329 1025 3391 hi
1051 3329 1148 3402 qui
1173 3329 1489 3403 perierunt,
1512 3330 1707 3404 potius
1724 3330 1783 3386 in
1807 3330 1919 3386 haz-

287 3415 495 3485 dorum,
529 3436 706 3491 quam
758 3418 818 3473 in
867 3418 1061 3474 ovium
1093 3436 1337 3475 numero
1368 3423 1797 3493 computentur.
1829 3420 1915 3476 Ad

285 3506 423 3576 quod
455 3506 951 3583 dicendum,quia
981 3524 1129 3580 quos
1158 3506 1414 3579 perditos
1446 3525 1552 3564 suo
1583 3507 1788 3564 merito
1810 3509 1917 3565 Do-

286 3593 468 3651 minus
499 3595 738 3664 invenit,
772 3612 870 3652 eos
918 3612 1053 3652 oves
1083 3596 1281 3670 gratiae
1329 3613 1447 3652 suae
1496 3613 1625 3653 esse
1654 3597 1809 3665 fecit,
1844 3599 1913 3654 de

286 3681 485 3753 quibus
499 3700 603 3757 per
617 3684 945 3757 apostolum
970 3685 1202 3741 Petrum
1226 3685 1441 3741 dicitur
1462 3702 1475 3742 :
1501 3709 1527 3736 «
1553 3687 1742 3744 Eratis
1763 3687 1917 3744 sicut

285 3785 406 3826 oves
432 3776 710 3842 errantes,
735 3773 832 3828 sed
866 3773 1124 3830 conversi
1157 3775 1300 3830 estis
1332 3792 1486 3830 nunc
1518 3775 1585 3831 ad
1620 3779 1914 3849 pastorem

286 3861 336 3912 et
363 3859 691 3933 episcopum
720 3858 1052 3917 animarum
1083 3867 1405 3919 vestrarum
1438 3863 1483 3935 (l
1510 3866 1656 3919 Pelr.
1688 3864 1773 3936 ιι).
1802 3887 1829 3913 ››
1850 3865 1915 3921 In

286 3961 392 4016 quo
419 3965 605 4005 errore
638 3966 701 4005 se
732 3954 988 4019 noverat,
1020 3950 1119 4024 qui
1150 3951 1379 4007 dicebat
1413 3968 1426 4006 :
1471 3975 1498 4002 ‹‹
1531 3952 1727 4007 Erravi
1762 3952 1917 4009 sicut

285 4035 397 4090 ovis
423 4052 546 4108 quas
576 4036 751 4111 periit
779 4030 954 4111 (Psal.
988 4041 1198 4109 cxvm).
1236 4061 1263 4088 »
1294 4040 1363 4093 At
1392 4037 1489 4094 illa
1518 4038 1750 4109 mulier,
1786 4057 1916 4113 quas

284 4127 441 4178 antea
469 4123 777 4198 repudiata
796 4125 1004 4194 fuerat,
1024 4141 1130 4181 nec
1157 4120 1381 4193 audita,
1412 4126 1723 4200 postquam
1747 4127 1919 4184 disci-

281 4210 438 4281 pulos
467 4230 569 4288 pro
598 4230 665 4269 se
689 4217 962 4288 rogantes
993 4214 1231 4282 audivit,
1250 4215 1487 4291 tandem
1519 4221 1820 4290 resumpta
1849 4217 1915 4272 ti-

279 4298 441 4356 ducia
469 4302 540 4358 ad
572 4306 760 4358 Deum
788 4302 967 4370 venit,
999 4307 1055 4358 et
1085 4303 1347 4360 adoravit
1376 4320 1532 4374 eum,
1567 4305 1805 4361 dicens:

345 4410 373 4437 «ι
402 4389 664 4457 Domine,
679 4390 894 4463 adiuva
914 4408 1025 4447 me.
1049 4413 1075 4441 ››
1099 4391 1232 4458 Quae
1255 4391 1409 4448 enim
1444 4388 1695 4449 salutem
1722 4392 1914 4467 requi-

278 4475 553 4545 rebat,‘de
583 4481 873 4552 potestate
897 4494 1013 4534 non
1044 4478 1371 4536 dubitabat.

344 4587 371 4613 ‹‹
402 4565 503 4629 Qui
536 4567 900 4639 respondens
921 4566 1036 4622 ait:
1061 4566 1186 4623 Non
1209 4571 1294 4624 est
1316 4569 1537 4625 bonum
1560 4585 1791 4626 sumere
1812 4587 1915 4644 pa-

276 4674 303 4701 «
335 4669 463 4710 nem
492 4653 776 4720 ﬁliorum,
794 4659 852 4711 et
872 4657 1100 4711 mittere
1131 4655 1439 4713 canibus.»
1461 4652 1589 4713 Filii
1621 4658 1917 4731 quondam

276 4739 430 4796 Jndze
450 4743 708 4809 fuerunt,
726 4742 797 4798 de
821 4742 1034 4815 quibus
1057 4743 1353 4799 aDomino
1376 4761 1480 4817 per
1509 4745 1747 4819 Moysen
1770 4746 1916 4802 Pha-

278 4829 431 4885 raoni
459 4830 682 4887 dictum
715 4833 831 4886 est:
853 4852 881 4882 ‹‹
903 4830 1142 4888 Dimitte
1164 4831 1350 4887 filium
1375 4849 1571 4889 meum
1606 4833 1783 4890 Israel
1804 4835 1919 4908 pri-

276 4912 626 4992 mogenitum
646 4917 842 4990 (Exod.
869 4922 965 4989 Iv).
993 4938 1021 4969 »ι
1044 4919 1229 4976 Canes
1246 4937 1381 4977 vero
1402 4921 1671 4994 gentiles,
1684 4927 1921 4995 propter

280 5008 609 5077 spurcitiam
646 4998 1006 5064 idololatria.
1046 5007 1219 5065 Canis
1250 5026 1481 5083 quoque
1511 5009 1570 5064 in
1602 5010 1919 5085 Scripturis

281 5093 458 5151 varias
486 5096 950 5170 signiﬁcationes
979 5095 1192 5165 habet;
1226 5095 1541 5170 aliquando
1592 5115 1695 5171 pro
1739 5100 1914 5169 malo,

288 5177 585 5253 aliquando
616 5185 857 5257 ponitur
880 5200 984 5256 pro
1015 5185 1187 5240 bono.
1222 5184 1413 5242 Bonos
1442 5186 1705 5243 doctores
1736 5188 1916 5261 signi-

291 5264 589 5335 ﬂcat,sicut
606 5262 712 5346 per
732 5271 1106 5329 Psalmistam
1129 5272 1345 5329 dicitur
1367 5291 1379 5329 :
1405 5296 1433 5324 «
1459 5273 1684 5347 Lingua
1704 5292 1913 5332 canum

292 5356 505 5414 tuorum
544 5377 615 5417 ex
652 5359 908 5416 inimicis
939 5361 1012 5416 ab
1042 5361 1169 5435 ipso
1201 5352 1371 5434 (Paul.
1409 5362 1611 5434 cxvu);
1649 5385 1677 5412 ››
1707 5363 1913 5431 malos,

293 5440 357 5498 de
384 5446 585 5518 quibus
606 5465 709 5523 per
726 5447 941 5505 Isaiam
963 5448 1178 5505 dicitur
1200 5465 1212 5505 :
1239 5473 1266 5500 «
1290 5450 1477 5506 Canes
1498 5449 1666 5519 muti,
1687 5467 1802 5507 non
1825 5468 1917 5508 va-

293 5526 457 5592 lentes
505 5535 713 5609 latrare
763 5539 889 5612 (13a.
941 5537 1090 5616 va);
1138 5561 1166 5591 ››
1217 5538 1536 5617 aliquando
1593 5538 1912 5612 hereticos,

1942 4501 1993 4570 D

2003 482 2319 554 operarios,
2335 484 2520 542 videte
2538 485 2930 545 concisionem
2955 489 3123 559 (Phil.
3142 490 3262 563 ut);
3291 512 3318 540 ››
3340 492 3652 565 aliquando

2004 575 2366 643 peccatorem
2390 573 2721 649 falsumque
2744 576 3118 643 catholicum,
3141 577 3295 635 mala
3317 597 3425 636 sua
3447 581 3656 637 iteran-

2006 662 2145 727 tem,
2180 661 2333 717 sicut
2363 662 2636 719 Salomon
2668 663 2781 720 ait:
2813 685 2834 715 ι
2870 666 3033 722 Sicut
3062 667 3226 724 canis
3256 664 3562 727 revertitur
3582 672 3654 727 ad

2004 749 2287 804 vomitum
2308 768 2507 821 suum,
2521 753 2603 808 sic
2622 752 2840 809 stultus
2857 756 2927 810 ad
2948 756 3259 812 stultitiam
3280 775 3449 814 suam
3474 760 3655 830 (Prov.

2003 837 2156 911 XXVI)
2179 857 2192 907 ;
2222 862 2247 887 ι»
2271 839 2585 915 aliquando
2605 842 2861 910 Judteo's,
2887 844 3037 900 sicut
3057 862 3161 917 per
3182 836 3553 903 Psalmis'tam
3576 848 3661 903 di-

2005 927 2183 982 citur:
2206 952 2232 978 ‹‹
2258 927 2761 1008 Circumciderunt
2782 949 2873 988 me
2895 949 3068 989 canes
3091 934 3258 990 multi
3277 935 3579 1008 (Psal.xx1)
3597 955 3610 1005 ;
3630 960 3658 989 ››

2007 1006 2321 1090 aliquando
2352 1019 2618 1093 gentiles,
2653 1019 2806 1077 sicut
2837 1020 2894 1076 in
2928 1022 3034 1078 hoc
3066 1021 3214 1090 loco,
3236 1006 3297 1080 ut
3328 1043 3507 1103 supra
3536 1026 3662 1082 dic-

2007 1102 2133 1162 tum
2157 1111 2245 1163 est
2269 1125 2281 1162 :
2307 1106 2485 1162 «‘Non
2508 1111 2596 1163 est
2628 1110 2844 1165 bonum
2878 1127 3110 1167 sumere
3134 1128 3346 1183 panem
3380 1102 3659 1185 filiorum,

2006 1198 2063 1249 et
2093 1196 2324 1252 mittere
2356 1197 2621 1253 canibus.
2650 1220 2676 1247 ››
2697 1186 2781 1254 Ac
2808 1199 2855 1253 si
2888 1198 3102 1256 diceret
3126 1218 3138 1257 :
3163 1199 3287 1257 Non
3320 1207 3409 1257 est
3440 1192 3661 1260 bonum

2008 1288 2073 1340 ut
2103 1284 2380 1341 doctrina:
2413 1286 2581 1358 panis
2613 1304 2646 1342 a
2679 1287 2833 1355 filiis,
2869 1289 2925 1343 id
2958 1294 3046 1344 est
3076 1308 3109 1344 a
3144 1289 3385 1358 Judazis,
3420 1291 3557 1363 quia
3589 1294 3662 1347 ab

2009 1374 2175 1430 initio
2198 1375 2381 1430 Deum
2414 1375 2718 1432 coluerunt
2748 1383 2805 1431 et
2834 1379 3237 1447 adoravcrunt,
3259 1376 3660 1449 subtrahatur,

2008 1467 2065 1518 et
2097 1464 2259 1519 vobis
2299 1463 2594 1538 gentibus,
2644 1464 2743 1536 qui
2788 1464 2989 1521 multis
3036 1466 3336 1538 spurcitiis
3384 1471 3441 1522 et
3488 1466 3664 1524 idolis

2011 1552 2374 1620 deseruistis,
2411 1554 2600 1609 detur.
2636 1554 2797 1620 Quod
2831 1555 3153 1626 prudenter
3179 1554 3393 1612 mulier
3440 1555 3665 1613 intelli-

2010 1657 2175 1713 gens,
2208 1641 2517 1714 talitcrque
2546 1660 2607 1698 se
2632 1640 2981 1712 humilians,
3018 1643 3201 1699 dixit:
3628 1700 3631 1701 ν

2087 1753 2115 1782 ‹‹
2150 1730 2359 1799 Etiam,
2394 1731 2657 1787 Domine.
2693 1753 2720 1782 η
2750 1734 2827 1787 Ae
2859 1730 2909 1788 si
2941 1732 3156 1788 diceret
3180 1750 3193 1789 :
3217 1733 3369 1802 Scio,
3396 1733 3663 1800 Domine,

2014 1823 2070 1876 et
2093 1819 2285 1888 credo,
2321 1818 2460 1892 quia
2489 1820 2571 1876 ita
2599 1824 2706 1888 est,
2742 1838 2858 1876 non
2890 1820 3047 1877 enim
3098 1838 3305 1878 sumus
3343 1821 3505 1895 digni
3536 1827 3670 1895 post

2013 1906 2307 1963 idolorum
2344 1907 2655 1974 culturam,
2690 1926 2901 1981 panem
2934 1909 3190 1967 ﬁliorum
3223 1909 3484 1984 accipere
3516 1928 3530 1967 :
3565 1911 3667 1967 sed

2014 1996 2154 2068 quia
2181 1997 2241 2051 in
2274 1997 2560 2053 mundum
2589 1998 2865 2070 dignatus
2888 2015 2950 2054 es
2970 1999 3187 2065 venire,
3206 1998 3449 2056 extende
3470 1998 3669 2056 sinum

2013 2084 2427 2141 misericordias
2460 2088 2569 2141 tuae
2596 2102 2778 2158 usque
2800 2086 2872 2141 ad
2902 2085 3259 2160 colligendas
3280 2092 3504 2160 gentes,
3526 2091 3589 2144 ut
3611 2088 3670 2143 in

2015 2173 2231 2246 quibus
2245 2174 2902 2247 abundavit'peccatum,
2918 2177 3356 2249 superabundet
3370 2176 3559 2251 gratia
3572 2181 3673 2233 tua

2016 2263 2186 2336 (Rom.
2220 2265 2297 2332 v),
2327 2263 2542 2336 fiatque
2572 2281 2675 2336 per
2706 2262 3168 2320 misericordiam
3199 2269 3359 2320 tuam
3391 2265 3670 2339 possibile

2016 2352 2173 2424 quod
2206 2369 2307 2425 per
2339 2357 2605 2408 nostrum
2641 2353 2917 2410 meritum
2954 2358 3042 2409 est
3071 2352 3455 2425 impossibile.

2090 2465 2117 2491 «
2152 2441 2298 2497 Nam
2329 2445 2388 2497 et
2418 2440 2607 2498 catelli
2656 2442 2838 2499 edunt
2884 2442 2954 2497 de
2996 2441 3164 2498 micis
3195 2459 3323 2515 quae
3355 2443 3572 2500 cadunt
3601 2443 3671 2505 de

2022 2551 2050 2581 «
2085 2548 2288 2586 mensa
2316 2530 2691 2586 dominorum
2726 2547 2987 2587 suorum.
3027 2553 3054 2579 ›ι
3087 2530 3157 2585 Ut
3188 2531 3286 2603 qui
3330 2548 3543 2606 magna
3572 2524 3685 2588 ca?

2019 2635 2153 2691 pere
2178 2636 2290 2674 non
2310 2636 2648 2692 possumus,
2669 2618 2875 2675 saltem
2901 2619 2969 2675 de
2994 2618 3255 2674 minimis
3278 2624 3334 2676 et
3358 2620 3673 2694 superﬂuis

2019 2724 2353 2781 pascamur,
2369 2707 2591 2763 scilicet
2611 2706 2711 2778 qui
2734 2724 2850 2762 non
2873 2724 3081 2762 sumus
3103 2704 3265 2779 digni
3289 2725 3502 2768 mensa!
3530 2707 3673 2765 filio-

2022 2815 2152 2853 rum
2194 2796 2548 2870 participari,
2599 2796 2808 2853 saltem
2859 2795 2931 2852 de
2982 2794 3149 2851 micis
3193 2813 3320 2868 qua:
3350 2794 3568 2853 cadunt
3598 2797 3669 2854 de

2022 2903 2225 2943 mensa
2244 2885 2617 2941 dominorum
2632 2883 3197 2952 suorum,nutriamu
3208 2884 3671 2943 r.Mcnsaautem

2023 2975 2081 3030 in
2115 2975 2222 3031 hoc
2254 2974 2379 3030 loco
2418 2974 2776 3046 Scripturam
2811 2989 3037 3028 sacram
3069 2972 3381 3046 significat,
3414 2992 3541 3053 quas
3568 2993 3672 3049 pro

2024 3063 2342 3136 capacitate
2356 3062 2690 3118 auditorum
2705 3060 2894 3117 varios
2906 3060 3079 3117 habet
3100 3061 3261 3118 cibos
3280 3066 3336 3118 et
3356 3069 3672 3135 apparatus

2025 3153 2354 3219 verborum,
2381 3168 2591 3223 panem
2617 3152 2742 3205 vitae
2766 3149 2934 3206 nobis
2952 3148 3316 3216 ministrans,
3343 3150 3412 3206 de
3433 3167 3551 3224 qua
3572 3169 3674 3225 per

2026 3240 2375 3314 Prophelam
2400 3238 2643 3294 dicitur:
2664 3262 2691 3287 «
2718 3237 2942 3294 Parasti
2960 3238 3018 3293 in
3039 3242 3352 3313 conspectu
3370 3256 3497 3296 meo
3516 3257 3673 3296 men-

2024 3347 2174 3395 sam,
2207 3330 2487 3384 adversus
2519 3343 2616 3383 eos
2656 3326 2756 3398 qui
2803 3326 3087 3382 tribulant
3119 3322 3212 3383 me
3243 3328 3416 3400 (Psal.
3448 3328 3607 3399 xxn).
3643 3350 3672 3378 η

2097 3417 2245 3474 Mica
2263 3433 2560 3489 vero,quae
2584 3414 2823 3471 interior
2843 3431 2978 3487 pars
2999 3414 3169 3488 panis
3190 3412 3673 3488 est,spiritualem

2021 3505 2470 3579 intelligentiam
2498 3503 2559 3559 in
2593 3502 2909 3576 Scripturis
2941 3502 3228 3578 designat.
3250 3528 3277 3555 ‹‹
3307 3502 3505 3560 Catelli
3538 3522 3674 3578 ergo

2023 3597 2204 3653 edunt
2234 3596 2306 3650 de
2345 3592 2515 3648 micis
2558 3608 2687 3664 Quae
2719 3591 2937 3647 cadunt
2966 3593 3037 3650 de
3068 3606 3272 3649 mensa
3302 3593 3673 3650 dominorum

2023 3701 2287 3750 suorum,
2306 3705 2334 3732 »
2352 3681 2589 3755 quando
2605 3680 2850 3754 gentiles
2870 3681 3132 3737 cOnversi
3153 3680 3307 3754 apud
3329 3682 3675 3755 semetipsos

2024 3770 2386 3845 spiritualem
2419 3768 2863 3841 intelligentiam
2908 3769 3216 3841 requirunt
3261 3787 3440 3842 quam
3487 3769 3671 3825 Judaai

2024 3860 2284 3932 accipere
2314 3857 2649 3914 noluerunt.
2681 3857 2845 3921 Quod
2881 3852 3159 3913 Dominus
3190 3857 3513 3932 intelligere
3543 3874 3678 3930 pru-

2024 3949 2258 4005 dentem
2291 3945 2597 4002 mulierem
2629 3945 3016 4018 conspiciens,
3051 3944 3351 4017 respondit
3373 3945 3493 4001 illi:

2101 4058 2121 4087 ι
2157 4034 2202 4093 Ο
2235 4033 2464 4103 mulier,
2497 4050 2712 4108 magna
2729 4037 2818 4088 est
2838 4032 2979 4088 fides
3000 4035 3121 4100 tua,
3140 4033 3241 4088 ﬁat
3262 4032 3364 4089 tibi
3390 4033 3541 4089 sicut
3563 4033 3672 4089 vis.

2024 4148 2055 4177 «
2087 4118 2155 4181 Et
2184 4117 2393 4179 Sanata
2422 4124 2511 4178 est
2537 4119 2656 4175 lilia
2682 4119 2842 4175 illius
2871 4137 2938 4175 ex
2967 4118 3068 4179 illa
3096 4119 3260 4175 hora.
3288 4143 3315 4169 ››
3346 4120 3454 4179 Ubi
3488 4120 3676 4176 consi-

2024 4212 2346 4270 derandum
2390 4208 2530 4281 quia
2577 4208 2648 4264 ad
2697 4206 3037 4280 petitionem
3070 4206 3276 4263 matris
3304 4200 3424 4263 ﬁlia
3451 4206 3612 4263 illius
3642 4225 3677 4263 a

2025 4298 2310 4357 daemonio
2341 4296 2587 4353 liberata
2615 4299 2724 4363 est,
2756 4298 2822 4351 ut
2851 4294 3251 4368 intelligamus
3283 4294 3421 4368 quia
3449 4294 3675 4369 parvuli

2024 4389 2085 4445 in
2106 4386 2399 4461 baptismo
2422 4383 2522 4458 qui
2542 4383 2702 4456 loqui
2727 4400 2841 4439 non
2865 4383 3252 4458 possunt,lide
3265 4384 3577 4456 parentum
3601 4384 3673 4440 ab

2024 4475 2293 4550 originali
2326 4477 2560 4548 peccato
2591 4489 2694 4545 per
2720 4470 3080 4545 baptismum
3126 4463 3452 4528 solvuntur.
3485 4470 3675 4543 Hujus

2026 4559 2258 4641 quoque
2275 4565 2473 4634 fidem,
2488 4561 2640 4618 sicut
2656 4558 3034 4628 centurionis,
3050 4559 3334 4616 Dominus
3350 4558 3676 4616 admiratus

2027 4659 2136 4723 est,
2161 4653 2254 4711 cui
2283 4651 2465 4708 dixit:
2604 4724 2607 4731 γ
3270 4725 3278 4729 ⁴

2099 4768 2127 4795 ‹‹
2160 4743 2342 4798 Amen
2375 4738 2503 4794 dico
2532 4736 2717 4806 vobis,
2751 4753 2866 4792 non
2915 4733 3104 4792 inveni
3154 4738 3377 4791 tantam
3408 4734 3585 4791 fidem
3613 4732 3673 4790 in

2028 4829 2284 4887 «Israel.
2320 4851 2347 4877 »
2382 4826 2449 4882 Et
2477 4826 2605 4881 ideo
2635 4824 2775 4898 quia
2802 4824 2977 4880 {idem
3021 4822 3226 4879 habuit
3271 4823 3395 4880 hinc
3443 4821 3672 4891 mulier,

2027 4919 2227 4977 statim
2259 4916 2527 4973 effectum
2560 4910 2830 4969 sanitatis
2878 4910 2999 4967 lilia
3047 4914 3360 4967 consecuta
3389 4915 3496 4968 est.
3530 4911 3674 4967 Tres

2026 5022 2282 5078 namque
2311 5004 2552 5060 virtutes
2583 4998 2935 5075 principales
2965 4998 3027 5055 in
3044 4998 3238 5055 verbis
3260 4998 3377 5056 sive
3400 4999 3676 5072 operibus

2025 5096 2204 5167 hujus
2235 5090 2502 5150 mulieris
2546 5087 2993 5162 cognoscimus:
3026 5088 3224 5161 fidem,
3258 5086 3671 5154 constantiam,

2026 5190 2202 5257 atque
2230 5178 2645 5237 humilitatem.
2678 5176 2875 5232 Fidem
2908 5175 3134 5245 habuit,
3168 5175 3308 5248 quia
3339 5192 3473 5231 eum
3521 5178 3676 5230 esset

2026 5269 2281 5346 gentilis,
2316 5267 2563 5323 salutem
2596 5263 2728 5320 ﬁliae
2758 5281 2875 5320 sum
2906 5282 2941 5322 a
2970 5264 3218 5321 Domino
3251 5280 3313 5320 se
3362 5265 3676 5336 impetrare

2024 5376 2197 5435 posse
2228 5373 2342 5413 non
2390 5351 2713 5421 dubitavit;
2746 5352 3158 5422 constantiam,
3191 5350 3330 5425 quia
3359 5368 3493 5407 cum
3522 5352 3677 5406 esset

2024 5447 2351 5524 repudiata,
2384 5438 2585 5498 tandiu
2612 5441 2674 5495 in
2717 5456 2886 5515 prece
2934 5439 3338 5514 perseveravit,
3368 5452 3674 5513 quousque

2023 5537 2179 5617 quod
2238 5533 2471 5612 petebat
2523 5529 2845 5607 acciperet;
2876 5529 3293 5599 humilitatem,
3340 5526 3482 5604 quia
3536 5537 3669 5584 cum
