4028 6176
352 326 468 389 231
580 282 589 289 .
894 319 1299 383 IlAYMONlS
1349 320 1887 381 llALBEltSTA'l‘.
1931 314 2185 384 EPISC.
2229 320 2400 380 UPP.
2448 320 2674 383 PARS.
2726 322 2800 382 ll.
2836 354 2907 366 —-
2946 323 3213 384 IIOMIL.
3638 323 3763 382 232

352 474 390 515 a
419 454 661 514 Domino
694 453 940 512 canibus
961 457 1114 511 esset
1142 454 1633 527 comparata,ipsa
1652 453 1722 509 de
1740 449 2004 508 sebumi-
2029 449 2091 523 Α
2119 450 2204 508 ria
2235 452 2564 523 mortiﬁcct,
2581 453 2907 513 voluntates
2934 454 3201 529 proprias
3228 455 3479 530 frangat,
3489 455 3763 528 jejuniis,

353 547 472 603 lius
501 544 780 625 sentiens,
814 541 1038 631 catellis
1066 560 1130 600 se
1163 542 1501 616 comquavit.
1534 541 1839 599 Imitemur
1866 557 2003 614 ergo
2116 540 2351 615 vigiliis,
2365 540 2749 617 eleemosynis
2767 548 2822 599 ct
2837 544 3200 603 orationibus
3224 545 3539 610 insistat,et
3556 544 3773 601 tandiu.

353 640 410 692 et
436 652 543 692 nos
571 633 721 689 hanc
754 627 1082 701 mulierem,
1112 650 1238 705 qua:
1270 633 1462 706 prima
1494 631 1564 686 de
1593 630 1869 709 gentibus
1888 646 2008 686 cre—
2114 627 2174 684 in
2219 647 2388 703 prece
2433 634 2775 703 perseveret,
2826 634 3210 706 quoadusque
3258 651 3293 689 a
3334 632 3581 690 Domino
3627 650 3766 690 cum

352 724 543 780 dendo
576 726 764 779 mater
794 726 992 778 nostra
1022 720 1083 777 in
1114 722 1226 777 ﬁde
1255 721 1459 777 effecta
1488 725 1597 789 est,
1631 720 1729 792 qui
1761 737 1829 775 ex
1860 735 2004 793 gen-
2117 717 2359 776 muliere
2389 719 2720 777 Caeananaaa
2751 721 2953 779 audire
3004 726 3298 779 mereatur
3330 739 3343 777 :
3379 745 3407 773 ιι
3440 722 3652 795 Magna
3675 726 3772 779 est

350 812 560 869 tilitate
588 810 878 867 venimus.
913 810 1246 866 Habeamus
1277 810 1471 879 tidem,
1506 813 1572 865 ut
1600 825 1783 865 unum
1818 808 2005 864 Deum
2114 808 2260 864 ﬁdes
2292 812 2412 875 tua,
2448 810 2549 865 fiat
2596 809 2701 865 tibi
2754 809 2907 867 sicut
2957 811 3065 867 vis.
3102 833 3130 860 ››
3164 811 3271 867 Sed
3322 810 3464 866 illud
3515 828 3629 867 non
3677 816 3772 867 est

351 903 676 969 credentes,
701 900 1175 974 quidquidjuste
1202 900 1273 955 ab
1305 916 1370 955 eo
1400 899 1676 971 petimus,
1696 915 1801 954 nos
1826 898 2005 971 impe-
2113 898 2866 972 praetermittendum,un
2889 898 3100 957 mulier
3120 899 3241 955 haec
3263 916 3365 972 pro
3389 899 3509 955 tilia
3530 916 3766 972 rogans,

351 994 507 1047 trare
558 1007 731 1063 posse
774 988 1102 1058 credamus,
1138 990 1301 1060 iuxta
1348 986 1797 1061 promissionem
1846 986 2002 1043 illius
2113 985 2316 1058 quinto
2375 987 2603 1047 decimo
2662 989 2941 1045 miraculo
2997 988 3409 1045 introducitur.
3470 988 3777 1047 Numerus:

351 1077 599 1137 dicentis
625 1096 637 1135 :
661 1103 686 1129 «
712 1082 893 1134 Amen
928 1079 1056 1135 dico
1079 1077 1263 1147 vobis,
1287 1078 1573 1153 quidquid
1603 1082 1836 1133 orantes
1867 1074 2005 1149 peti-
2113 1074 2269 1132 enim
2299 1075 2407 1132 iste
2435 1079 2821 1133 sacramentis
2850 1077 3116 1134 Ecclesiae
3139 1077 3373 1146 arridet,
3390 1083 3625 1150 propter
3642 1095 3765 1151 my-

348 1168 445 1235 tis,
467 1167 682 1223 credite
714 1169 852 1240 quia
882 1166 1203 1240 accipietis,
1222 1172 1278 1223 et
1308 1168 1403 1222 ﬁet
1434 1166 1597 1221 vobis
1618 1166 1814 1238 (Μαι-ε.
1835 1170 1944 1233 x1);
1970 1185 1998 1214 n
2110 1165 2353 1222 stcrium
2400 1165 2785 1223 hebdomadis
2824 1170 2883 1223 et
2911 1167 3190 1240 ogdoadis
3225 1184 3238 1223 :
3272 1170 3499 1227 constat
3526 1183 3659 1222 vero
3688 1182 3762 1222 ex

349 1260 407 1312 et
434 1256 649 1312 iterum
684 1273 696 1311 :
732 1280 758 1306 ‹‹
794 1255 853 1311 Si
884 1255 1209 1313 habueritis
1256 1256 1430 1311 fidem
1464 1255 1614 1311 sicut
1641 1271 1892 1328 granum
1923 1252 2002 1310 si-
2111 1259 2333 1328 septem
2365 1259 2423 1311 et
2452 1259 2600 1319 octo.
2634 1255 2778 1313 Nam
2812 1261 3020 1328 quarto
3050 1254 3276 1312 decimo
3302 1254 3393 1311 die
3419 1258 3552 1327 post
3568 1270 3765 1327 egres-

348 1345 537 1419 napis,
558 1344 826 1402 diceretis
848 1344 983 1401 huic
1007 1345 1191 1401 monti
1216 1362 1228 1400 :
1251 1343 1457 1400 Transi
1481 1343 1637 1411 hinc,
1658 1349 1715 1398 et
1731 1342 2003 1399 transiret
2111 1343 2333 1400 sionem
2367 1344 2437 1399 de
2458 1344 2719 1418 zEgypto,
2747 1344 2996 1418 populus
3021 1343 3374 1401 lsracliticus
3401 1342 3762 1414 Pascbajus-

348 1436 566 1505 (Matth.
599 1436 761 1507 xvn).
800 1459 826 1484 ››
864 1467 924 1477 -
960 1460 985 1484 ‹‹
1022 1435 1228 1491 Justus
1269 1434 1423 1488 enim
1460 1434 1546 1506 (ut
1575 1432 1655 1487 ait
1682 1432 2001 1503 Scriptura)
2109 1451 2213 1490 sus
2244 1438 2332 1489 est
2362 1432 2672 1489 celebrare.
2706 1432 3049 1498 Quindecim
3100 1433 3327 1488 cantica
3375 1432 3662 1505 graduum
3695 1431 3758 1491 in

348 1540 416 1579 ex
446 1524 569 1583 (ide.
588 1522 744 1590 vivit,
770 1529 824 1578 et
857 1523 983 1578 sine
1007 1524 1119 1578 ﬁde
1146 1522 1507 1595 impossibile
1529 1525 1617 1580 est
1640 1520 1864 1593 placere
1892 1521 2000 1576 Deo
2109 1520 2384 1595 psalterio
2416 1521 2689 1596 legimus,
2716 1540 2841 1596 quae
2874 1527 3012 1578 sunt
3035 1522 3106 1577 ab
3131 1544 3156 1571 ‹‹
3180 1521 3263 1576 Ad
3294 1520 3597 1579 Dominum
3621 1537 3757 1576 cum

349 1614 570 1684 (Hahae.
604 1631 664 1680 ιι,
703 1614 868 1668 Hebr.
902 1616 1001 1682 xi).
1041 1634 1068 1661 »
1101 1612 1431 1667 Habeamus
1480 1608 1890 1677 constantiam,
1940 1612 2003 1664 ut
2109 1611 2420 1673 tribularcr
2452 1613 2621 1684 (Psal.
2655 1612 2824 1683 cxrx),
2862 1634 2889 1661 »
2926 1628 3110 1684 usque
3142 1634 3169 1661 ‹‹
3204 1612 3347 1675 Ecce
3378 1626 3530 1665 nunc
3578 1608 3759 1665 bene-

347 1702 396 1758 si
428 1701 626 1758 divina
654 1700 1015 1775 dispensatio
1046 1717 1246 1774 preces
1296 1704 1525 1758 nostras
1566 1699 1794 1759 tardius
1824 1715 2002 1754 exau-
2110 1700 2285 1756 dicite
2329 1697 2643 1756 Dominum
2696 1700 2867 1773 (Psal.
2900 1700 3152 1770 cxxxm).
3189 1722 3217 1748 ι»
3249 1698 3590 1766 Quindecim
3621 1697 3758 1754 anni

347 1790 538 1859 dierit,
560 1789 764 1846 tandiu
797 1806 997 1862 preces
1028 1789 1299 1861 precibus
1322 1789 1671 1863 jungamus,
1696 1804 2002 1861 quousque
2110 1788 2390 1846 Jezechia:
2418 1789 2491 1844 ad
2517 1789 2694 1845 vitam
2726 1793 2867 1846 sunt
2887 1787 3527 1860 adjuncti.Quindecim
3551 1785 3763 1843 diebus

347 1878 454 1913 ιυυ.
504 1879 657 1913 ηηηιι
704 1877 956 1913 nonnum
1001 1877 1381 1913 :mnnimmns
1454 1878 1713 1913 Αςηηηιηο
1765 1876 1813 1913 οἶ
1865 1893 1995 1913 ωιτη
2031 1826 2323 1913 “pusillam
2356 1894 2485 1913 num
2542 1874 2707 1913 Dnim
2745 1895 2805 1913 an
2839 1877 3124 1913 ηποηαςαοο
3157 1880 3404 1913 tantum.
3455 1875 3762 1913 nnnt‘omnn

346 1878 456 1937 hoc
504 1879 665 1953 quod
702 1877 957 1951 petimus
1001 1877 1403 1952 impetremus,
1453 1878 1715 1934 dicentes
1765 1876 1813 1933 ei
1865 1893 1997 1932 cum
2031 1874 2325 1933 “Paulus
2356 1894 2488 1933 cum
2541 1874 2707 1933 Petro
2744 1895 2806 1933 se
2839 1877 3125 1937 mansisse
3157 1880 3422 1942 testatur,
3454 1875 3763 1933 conferens

347 1967 694 2031 Psalmista:
728 1991 757 2045 _«
792 1966 986 2042 Dirige
1015 1984 1109 2023 me
1140 1968 1197 2022 in
1221 1966 1459 2024 veritate
1489 1971 1593 2023 tua
1623 1970 1680 2023 et
1710 1966 1850 2031 doce
1883 1981 1996 2034 me,
2109 1966 2483 2039 Evangelium
2530 1967 2685 2039 quod
2739 1966 3163 2038 praedicaturus
3192 1970 3317 2021 erat
3359 1964 3654 2043 gentibus.
3684 1980 3761 2020 ne

349 2058 489 2130 quia
516 2062 579 2113 tu
609 2076 671 2114 es
702 2057 857 2114 Deus
889 2055 1154 2115 Salvator
1185 2074 1373 2122 meus,
1405 2062 1460 2113 et
1493 2061 1545 2113 te
1578 2054 1832 2114 sustinui
1881 2058 2000 2111 tota
2108 2056 2253 2112 forte
2284 2055 2340 2111 in
2374 2073 2622 2112 vacuum
2654 2059 2913 2112 curreret
2958 2060 3060 2111 aut
3108 2055 3485 2117 cucurrisset.
3528 2058 3760 2126 Septem

349 2145 440 2203 die
472 2148 640 2219 (PsaL
673 2151 850 2215 xxxv).
875 2170 911 2207 η
938 2146 1104 2203 Sicut
1130 2146 1285 2201 enim
1311 2146 1731 2220 paterfamilias
1758 2145 1997 2211 dormit,
2108 2161 2244 2217 ergo
2277 2145 2349 2201 ad
2381 2145 2537 2199 dona
2564 2150 2786 2215 septem
2810 2144 3066 2216 Spiritus
3087 2143 3272 2200 sancti
3298 2144 3761 2216 pertinent,octo

347 2240 403 2290 et
431 2240 625 2290 tamen
661 2235 708 2290 si
741 2235 960 2291 nostris
992 2235 1267 2307 precibus
1296 2236 1582 2291 excitatus
1608 2233 1996 2307 responderit,
2106 2232 2176 2288 ad
2202 2232 2705 2289 resurrectionem.
2726 2232 2949 2304 thuia
2969 2232 3215 2288 ecclesia
3234 2249 3336 2304 per
3356 2232 3755 2304 septiformem

347 2323 527 2380 nolite
553 2323 691 2381 'nihi
713 2324 939 2385 molesti
960 2324 1241 2395 esse,jam
1265 2323 1480 2379 ostium
1505 2339 1701 2379 meum
1728 2321 1997 2378 clausum
2106 2321 2352 2395 gratiam
2387 2321 2641 2393 Spiritus
2669 2320 2857 2376 sancti
2886 2320 3238 2395 illuminata,
3272 2320 3483 2389 didicit,
3505 2335 3759 2378 resurre-

346 2416 456 2483 est,
476 2417 535 2469 et
557 2412 721 2487 pueri
745 2414 856 2470 mei
882 2429 1111 2469 mecum
1134 2416 1273 2469 sunt
1300 2413 1363 2475 in
1384 2412 1583 2480 cubili,
1608 2429 1722 2468 non
1754 2427 1997 2484 possum
2106 2411 2359 2467 ctionem
2390 2411 2643 2475 credere,
2671 2426 2904 2483 sperare
2934 2416 2991 2467 et
3021 2414 3401 2477 amare,recte
3431 2410 3633 2483 quinto
3653 2409 3757 2467 de-

346 2518 584 2575 surgere
613 2506 669 2558 et
700 2502 838 2559 dare
867 2501 1032 2557 vobis
1061 2503 1211 2569 (Luc.
1245 2501 1324 2572 x1)
1355 2499 1443 2556 :si
1476 2507 1670 2557 tamen
1703 2497 2001 2557 instantis-
2106 2500 2258 2556 cimo
2290 2499 2416 2556 loco
2446 2517 2548 2571 pro
2579 2498 2699 2555 ﬁlia
2730 2504 3004 2571 rogatura
3044 2499 3451 2554 introducitur.
3502 2498 3571 2555 Et
3616 2497 3759 2571 quia

345 2590 491 2647 sime
510 2594 628 2648 nos
660 2589 867 2647 viderit
887 2594 1173 2662 petentes,
1201 2594 1257 2645 et
1277 2590 1322 2645 si
1348 2606 1463 2645 non
1495 2589 1721 2643 dederit
1748 2603 1997 2659 surgens
2107 2587 2684 2645 Ecclesiazelodivini
2703 2587 2921 2643 amoris
2936 2604 3198 2652 accensa,
3218 2590 3559 2659 praesentem
3578 2586 3755 2643 vitam

343 2696 410 2735 eo
440 2679 594 2753 quod
626 2678 853 2735 amicus
884 2683 1081 2735 noster
1106 2678 1203 2741 sit.
1223 2683 1459 2751 propter
1489 2676 1994 2750 importunitatem
2105 2678 2313 2734 didicit
2338 2681 2710 2733 contemnere
2740 2680 2798 2732 et
2827 2679 3104 2733 aeternam
3136 2675 3398 2749 diligere,
3428 2681 3577 2731 recte
3607 2675 3754 2731 Cha-

342 2772 538 2825 tamen
571 2772 790 2842 surget,
815 2773 872 2825 et
892 2768 1057 2824 dabit
1088 2768 1257 2824 nobis
1280 2770 1567 2840 quotquot
1591 2765 1877 2823 habemus
1897 2781 1996 2822 ne-
2105 2784 2310 2822 nausea
2339 2765 2571 2821 dicitur.
2604 2764 2802 2823 Cbana
2850 2764 3066 2837 quippe
3109 2763 3271 2823 zelus
3320 2764 3752 2836 interpretatur.

342 2855 648 2913 cessarios.
665 2856 927 2913 Jubetur.
943 2856 1099 2911 enim
1124 2856 1181 2910 in
1206 2872 1372 2928 prece
1395 2855 1729 2928 persistere,
1752 2853 1850 2926 qui
1874 2852 2003 2915 vult,

340 2946 621 3020 accipere,
654 2961 842 3017 usque
872 2945 944 3023 ad
995 2960 1178 3001 cornu
1212 2943 1439 3012 altaris,
1468 2943 1526 2999 id
1565 2947 1675 3012 est,
1707 2960 1893 3016 usque
1923 2944 1996 3000 ad
2639 2953 2945 3010 HOMILIA
2981 2952 3217 3009 XXXVI.

341 3035 538 3100 fidem,
570 3032 800 3101 dicente
830 3031 1186 3090 Psalmista:
1225 3056 1253 3084 ‹‹
1300 3032 1646 3090 Constituite
1695 3033 1849 3088 diem
1898 3048 1997 3088 so~
2407 3079 2573 3119 FER”
2612 3078 2870 3117 SECUNDA
2910 3078 3047 3116 903.1.
3089 3060 3464 3117 Remmmem

337 3120 702 3190 lemncm,in
725 3122 1039 3179 condensis
1057 3140 1243 3203 usque
1275 3122 1347 3179 ad
1379 3138 1559 3179 cornu
1590 3120 1792 3178 altaris
1822 3121 1992 3191 (Psal.

340 3214 534 3283 cxvu).
569 3234 597 3262 η
629 3212 699 3267 Et
729 3210 777 3269 si
809 3211 879 3267 ad
914 3194 1350 3284 impetrandum
1400 3213 1555 3285 quod
1602 3214 1855 3286 petimus
1887 3230 1993 3271 nos
2025 3194 2079 3261 αι
2176 3217 2367 3286 (JOAN.
2399 3218 2541 3284 VIII).
2580 3237 2608 3266 «
2640 3214 2703 3271 In
2737 3213 2836 3269 illo
2867 3218 3146 3286 tempore,
3181 3213 3325 3271 dixit
3352 3214 3525 3270 Jesus
3557 3213 3750 3271 turbis

337 3300 577 3358 idoneos
605 3317 733 3361 esse
784 3318 899 3358 non
953 3299 1260 3369 sentimus,
1298 3301 1689 3374 spiritualium
1743 3302 1988 3358 fratrum
2098 3328 2126 3355 ‹‹
2149 3305 2518 3361 Judarorum:
2546 3304 2663 3377 Ego
2681 3302 2846 3370 vado,
2865 3307 2922 3358 et
2943 3302 3214 3374 quaeretis
3232 3318 3345 3369 me,
3368 3325 3395 3352 ››
3418 3307 3476 3358 et
3497 3302 3744 3374 reliqua.

339 3389 629 3446 orationes
660 3388 732 3445 ad
764 3389 1121 3459 adiutorium
1166 3406 1519 3462 quaeramus,
1569 3394 1631 3445 ut
1677 3388 1829 3445 sicut
1876 3389 1989 3443 ista
2097 3417 2125 3443 α
2159 3393 2278 3466 Ego
2306 3392 2472 3460 vado,
2508 3414 2537 3441 »
2567 3390 2777 3463 inquit,
2811 3412 2840 3441 ‹‹
2867 3394 2925 3446 et
2953 3389 3223 3463 quaeretis
3250 3406 3364 3459 me,
3390 3407 3556 3449 nnon
3587 3390 3744 3446 desi-

338 3474 574 3542 mulier,
603 3475 884 3547 apostolis
916 3493 1019 3548 pro
1051 3492 1113 3532 se
1145 3476 1686 3541 intervenientibus,
1710 3477 1863 3549 quod
1895 3493 1989 3550 pe-
2095 3480 2277 3549 derio,
2299 3481 2402 3537 sed
2431 3478 2587 3547 odio,
2629 3479 2777 3535 Nam
2816 3477 3005 3547 illum,
3042 3484 3421 3551 posteaquam
3458 3479 3748 3535 abscessit

338 3562 498 3623 tebat
526 3563 969 3633 promeruit,ita
996 3580 1103 3620 nos
1135 3565 1550 3643 communibus
1578 3565 1850 3636 precibus
1874 3581 1990 3621 ma-
2097 3570 2172 3626 ab
2193 3568 2379 3626 oculis
2397 3568 2725 3635 hominum,
2750 3567 3168 3640 inquisierant,
3192 3573 3246 3623 et
3268 3567 3369 3640 qui
3399 3568 3663 3637 oderant,
3686 3573 3748 3626 et

338 3648 429 3722 gis
441 3666 617 3722 quam
635 3650 826 3724 propri
836 3652 884 3706 is
899 3655 958 3713 et
971 3650 1370 3723 singularibus
1381 3653 1643 3723 adjuvari
1657 3654 1987 3709 credamus.
2097 3658 2195 3731 qui
2219 3658 2496 3714 amabant
2516 3674 2527 3713 :
2549 3655 2629 3712 illi
2650 3657 3072 3730 persequendo,
3086 3655 3185 3712 isti
3201 3655 3416 3717 habere
3431 3656 3745 3728 cupiendo.

336 3739 672 3797 Habeamus
718 3738 1141 3805 humilitatem,
1177 3743 1241 3796 ut
1292 3739 1424 3796 aliis
1470 3740 1540 3795 de
1572 3741 1742 3797 nobis
1769 3742 1993 3812 majora
2098 3747 2325 3803 Bonum
2355 3751 2447 3801 est
2469 3745 2729 3819 animam
2760 3744 2975 3801 Christi
3006 3761 3283 3817 quaerere,
3310 3745 3410 3802 sed
3448 3746 3746 3821 quomodo

336 3825 835 3897 existimantibus,
856 3844 962 3903 nos
983 3826 1707 3898 minimosjudicemus,in
1728 3828 1990 3902 exemplo
2098 3850 2228 3891 eam
2258 3832 2531 3906 discipuli
2562 3832 2957 3906 quaesierunt:
2991 3837 3048 3888 et
3078 3831 3301 3889 malum
3331 3849 3588 3905 quierere
3618 3834 3747 3890 ani-

337 3913 517 3985 hujus
550 3911 815 3971 mulieris
837 3914 1263 3983 Chananitidis,
1286 3932 1417 3988 quae
1438 3933 1471 3972 a
1491 3916 1725 3975 domino
1746 3918 1991 3975 canibus
2100 3938 2256 3979 mam
2288 3921 2642 3988 Christi,sed
2664 3920 2956 3994 quomodo
2976 3936 3106 3976 eam
3135 3920 3321 3976 Judaei
3346 3921 3746 3992 quaesierunt;

336 4006 696 4074 comparata,
716 4001 844 4075 ipsa
873 4020 936 4059 se
965 4001 1191 4059 catellis
1222 4004 1599 4077 comparavit.
1619 4005 1778 4063 Hanc
1803 4006 1992 4063 humi-
2096 4009 2205 4079 illi,
2232 4026 2367 4067 eum
2400 4013 2466 4066 ut
2494 4008 2811 4076 haberent;
2844 4007 2968 4073 isti,
3000 4012 3064 4064 ut
3110 4008 3437 4079 perderent.
3484 4008 3754 4081 Denique

336 4087 561 4149 litatem
594 4089 845 4147 habebat
873 4091 932 4147 in
963 4092 1152 4159 corde,
1176 4091 1279 4165 qui
1310 4092 1617 4168 despectus
1646 4094 1721 4150 ab
1751 4093 1882 4153 aliis
1902 4095 1990 4151 di-
2097 4098 2363 4171 isti,quia
2385 4098 2470 4154 sic
2490 4096 2828 4169 qumrebant
2849 4096 2999 4153 mori
3016 4095 3171 4152 malo
3189 4096 3360 4152 corde
3375 4100 3434 4155 et
3453 4111 3751 4168 perverso,

338 4178 549 4235 cebat:
587 4200 615 4231 «
642 4179 867 4239 Ludam
897 4184 955 4236 et
989 4179 1159 4237 vilior
1204 4181 1345 4237 {iam
1391 4180 1526 4253 plus
1572 4198 1750 4255 quam
1800 4183 1990 4240 factus
2098 4187 2254 4260 quod
2301 4185 2518 4243 secutis
2561 4185 2873 4256 adjunxit:
2909 4207 2939 4236 ‹‹
2988 4185 3269 4251 Quaeretis
3317 4181 3458 4241 me?
3498 4206 3528 4235 ιι
3557 4185 3629 4241 Et
3676 4203 3765 4242 ne.

336 4281 494 4333 sum,
545 4266 603 4322 et
649 4283 748 4324 ero
795 4265 1039 4325 humilis
1081 4267 1140 4324 in
1171 4267 1357 4326 oculis
1390 4269 1537 4327 meis
1569 4270 1643 4343 (ιι
1669 4271 1796 4341 Reg.
1828 4274 1926 4342 γι).
1959 4294 1988 4323 ››
2097 4274 2314 4348 putetis
2345 4274 2484 4346 quia
2512 4273 2659 4330 bene
2690 4288 2783 4328 me
2812 4272 3101 4344 quaeretis.

334 4352 481 4409 Hinc
511 4354 725 4415 etenim
774 4354 1012 4428 sapiens
1044 4354 1229 4413 dixit:
1265 4380 1293 4408 «
1327 4358 1555 4425 Quanto
1603 4374 1854 4432 magnus
1903 4377 1988 4429 es,
2168 4386 2197 4413 «
2231 4363 2294 4419 In
2326 4364 2563 4435 peccato
2591 4364 2782 4417 vestro
2813 4360 3168 4417 moriemini.
3202 4383 3230 4412 »
3263 4359 3381 4424 Hoc
3410 4363 3500 4417 est
3528 4375 3546 4439 ξ
3579 4358 3753 4417 Chri-

335 4440 588 4529 humilia
618 4447 672 4499 te
702 4443 762 4499 in
788 4442 1081 4512 omnibus,
1111 4447 1169 4499 et
1194 4461 1391 4502 coram
1423 4445 1539 4502 Deo
1570 4446 1831 4503 invenies
1859 4464 1991 4522 gra-
2097 4454 2253 4508 stum
2301 4448 2454 4507 male
2484 4464 2761 4521 querere,
2810 4447 2872 4505 in
2903 4454 3137 4521 peccato
3166 4465 3274 4505 suo
3305 4447 3475 4505 mori.
3508 4449 3574 4511 In
3607 4464 3751 4529 pec-

335 4527 480 4635 tiam
504 4530 670 4601 (Eccl.
695 4535 802 4599 in).
823 4553 853 4582 »
1030 4529 1301 4630 superius
1323 4548 1427 4604 per
1446 4531 1629 4633 filiam
1659 4534 1841 4611 hujus
1860 4552 1990 4592 mu-
2018 4542 2222 4635 Dento
2254 4553 2361 4593 suo
2392 4536 2659 4602 moritur,
2693 4535 2794 4608 qui
2827 4534 2886 4591 in
2914 4540 3154 4617 peccato
3203 4541 3505 4609 permanet
3556 4527 3751 4608 usque

339 4612 520 4685 lieris,
554 4612 1036 4691 unamquamque
1063 4617 1325 4677 animam
1357 4622 1739 4693 peccatricem
1771 4623 1991 4696 signiti-
2018 4612 2077 4635 Τ
2097 4625 2170 4681 ad
2201 4628 2468 4681 mortem.
2498 4624 2597 4681 Ille
2625 4612 2924 4681 Christum
2958 4640 3074 4680 non
3104 4624 3332 4698 quaerit,
3365 4624 3471 4697 qui
3492 4623 3749 4685 salutem

335 4702 455 4757 cari
485 4702 764 4791 diximus.
798 4704 1072 4768 Quamvis
1098 4723 1204 4761 nec
1257 4707 1459 4762 anima
1508 4709 1633 4768 sine
1662 4726 1856 4782 carne,
1888 4729 1994 4769 nec
2101 4711 2310 4769 animae
2342 4728 2459 4767 sum
2490 4728 2593 4783 per
2620 4712 3023 4785 paenitentiam
3060 4728 3175 4771 non
3205 4712 3432 4784 quaerit,
3463 4712 3536 4773 ad
3566 4727 3751 4791 quem

333 4804 467 4847 caro
497 4791 623 4847 sine
653 4790 853 4849 anima
894 4809 1133 4865 peccare
1180 4793 1387 4866 possit,
1418 4798 1615 4854 tamen
1662 4802 1803 4855 sunt
1831 4814 1987 4870 quaa-
2101 4798 2387 4872 Propheta
2416 4794 2673 4859 clamat:
2708 4822 2737 4850 «
2768 4800 3019 4866 Quaerite
3065 4798 3380 4869 Dominum
3410 4798 3552 4863 dum
3584 4790 3767 4875 inve-v

334 4877 470 4933 dam
495 4879 635 4935 vitia
663 4897 791 4953 quae
823 4879 1154 4953 specialiter
1183 4880 1255 4937 ad
1287 4896 1542 4950 carnem,
1563 4885 1830 4956 quaedam
1856 4902 1989 4942 vero
2099 4887 2212 4943 niri
2262 4891 2454 4961 potest
2500 4890 2627 4957 (Isa.
2662 4887 2793 4957 nix).
2844 4909 2873 4938 »
2923 4887 3093 4945 Modo
3141 4887 3243 4960 qui
3285 4885 3753 4955 misericordem,

333 4964 405 5019 ad
422 4966 679 5049 animam
697 4968 985 5039 pertinere
1003 4968 1294 5025 videntur.
1312 4969 1554 5029 Furtum
1573 4972 1987 5045 quippe,adul-
2097 4977 2239 5033 dum
2271 4980 2507 5049 tempus
2536 4975 2711 5032 habet
2756 4992 2872 5031 non
2914 4975 3140 5046 queril,
3172 4974 3424 5039 inveniet
3461 4973 3750 5035 eumira-

332 5047 567 5148 teriam,
619 5053 1024 5148 homicidium,
1071 5055 1398 5148 fornicatio,
1440 5056 1771 5129 ebrietates,
1805 5058 1983 5119 sacri-
2093 5069 2243 5120 tum.
2274 5047 2495 5122 Judieis
2526 5063 2705 5120 dixit:
2733 5087 2759 5114 ‹‹
2783 5062 2847 5119 In
2871 5068 3108 5137 peccato
3128 5065 3319 5119 vestro
3341 5060 3699 5132 moriemini,
3718 5085 3747 5124 ξι

331 5134 571 5235 legium,
596 5144 653 5235 et
677 5139 771 5197 his
802 5140 1019 5235 similia
1042 5143 1113 5205 ad
1130 5160 1371 5235 carnem
1396 5144 1721 5235 pertinent:
1748 5152 1808 5205 at
1827 5165 1982 5219 vero,
2095 5153 2234 5224 quia
2266 5153 2608 5226 praesciebat
2636 5168 2734 5210 eos
2764 5152 2826 5208 in
2854 5134 3088 5224 peccato
3111 5168 3217 5208 suo
3238 5166 3598 5224 permanere.
3619 5149 3750 5211 Sin-

330 5224 570 5324 invidia,
604 5225 1041 5324 ira,.su_perbia_,
1069 5229 1560 5324 odium,-rancor,
1612 5232 1802 5303 dolus,
1835 5254 1985 5294 vana
2092 5224 2287 5315 gulari
2313 5241 2461 5297 dixit
2489 5258 2755 5309 numero,
2788 5239 2847 5295 in
2877 5244 3133 5313 peccato,
3158 5242 3215 5303 et
3244 5237 3478 5311 plurali,
3509 5243 3743 5295 vestro:

329 5308 535 5382 gloria,
568 5312 891 5413 simulatio,
923 5319 979 5370 et
1022 5314 1117 5372 his
1163 5317 1498 5413 similia-ad
1544 5322 1824 5413 animam.
1855 5325 1981 5383 Sive
2092 5308 2230 5402 quia
2261 5329 2537 5386 omnibus
2568 5327 2706 5397 illis,
2739 5308 2811 5383 ad
2842 5308 2990 5400 quos
3020 5308 3386 5398 loquebatur,
3409 5342 3589 5387 unam
3614 5342 3748 5385 esse

328 5413 465 5472 ergo
492 5406 775 5470 animam,
823 5406 942 5458 sive
992 5420 1227 5460 carnem
1278 5406 1584 5479 contigerit
1615 5409 1673 5465 in
1702 5410 1795 5467 his
1826 5412 1979 5470 vitiis
2091 5416 2459 5481 voluntatem
2510 5415 2748 5485 sciebat,
2798 5415 3083 5488 aequalem
3127 5414 3416 5475 malitiam
3457 5413 3744 5488 perdendi

327 5488 767 5577 commaculari,
793 5506 827 5545 a
857 5488 1073 5548 finibus
1105 5492 1229 5551 suis
1259 5495 1610 5567 egrediatur,
1634 5498 1691 5554 id
1722 5504 1811 5557 est
1840 5518 1979 5576 prie-
2087 5520 2246 5572 eum,
2281 5504 2379 5577 qui
2413 5503 2633 5563 salvere
2666 5521 2764 5561 eos
2802 5509 3058 5564 venerat.
3091 5503 3215 5561 Alio
3244 5521 3378 5562 vero
3408 5502 3535 5561 loco
3561 5501 3745 5561 disci-
3844 5544 3849 5549 ρ

326 5574 499 5637 terita
528 5581 764 5653 peccata
795 5579 1131 5640 damnanda
1161 5587 1494 5660 postponat,
1526 5588 1719 5647 carnis
1750 5574 1975 5651 dcside-
2086 5592 2244 5669 pulis
2277 5574 2421 5651 dixit
2453 5608 2466 5651 :
2505 5612 2527 5643 α
2560 5594 2682 5662 Quo
2712 5609 2819 5669 ego
2847 5593 3014 5665 vado,
3047 5610 3149 5652 vos
3191 5610 3309 5652 non
3360 5593 3608 5669 potestis
3641 5608 3742 5653 ve-
