4028 6176
305 356 426 421 235

869 350 1281 415 HAYMONIS
1326 341 1872 408 HALBERSTAT.
1918 334 2164 400 EPISC.
2209 337 2386 403 OPP.
2428 338 2626 399 PARS
2672 337 2852 397 11.-
2881 332 3151 395 HOMIL.

3593 330 3716 390 236

307 491 523 556 factus,
556 488 627 543 ad
651 487 766 542 ista
793 484 968 541 verba
997 480 1293 539 descendi.
1314 481 1459 534 Nam
1490 477 1539 532 si
1574 471 1949 547 principium,
1982 471 2037 537 Α
2068 472 2240 525 Pater
2283 486 2469 526 verax.
2505 468 2663 524 Sicut
2692 485 2724 523 a
2754 468 2922 522 Patre
2966 465 3168 533 Filius,
3200 464 3279 519 ita
3310 480 3345 519 a
3385 462 3568 518 veraci
3619 479 3712 519 ve-

308 576 482 634 sicuti
514 580 622 643 est,
640 574 722 630 ita
751 577 1013 629 maneret
1026 571 1178 644 apud
1202 571 1523 631 Patrem,et
1538 582 1651 620 non
1668 562 1956 633 acciperet

307 668 555 722 formam
588 662 835 728 servi,et
867 661 1042 717 homo
1072 660 1409 731 loqueretur
1433 652 1795 719 hominibus,
1815 665 1955 721 quo-

305 754 480 809 modo
512 751 560 808 ei
597 751 918 817 crederent,
948 765 1080 805 cum
1110 746 1347 801 inﬁrma
1376 743 1551 799 corda
1588 736 1956 812 intelligibile

302 841 544 899 verbum
577 841 704 896 sine
729 855 884 906 voce,
901 838 1001 893 sed
1022 833 1528 893 sensibiliavidere
1546 848 1660 886 non
1681 826 1957 901 possent?

303 933 475 1005 Ergo,
510 929 724 1002 inquit,
760 927 975 983 credite
1008 942 1099 981 me
1131 941 1256 979 esse
1288 921 1668 995 principium.
1700 917 1839 988 quia
1895 919 1959 970 ut

307 1004 558 1076 credatis
589 1034 705 1073 non
738 1015 931 1072 solum
964 1031 1118 1080 sum,
1140 1012 1240 1069 sed
1256 1017 1310 1067 et
1340 1011 1549 1082 loquor
1571 1004 1961 1063 vobis.Vcrba

308 1107 541 1165 Domini
572 1105 755 1162 nostri
784 1105 922 1160 Jesu
946 1102 1182 1169 Christi,
1200 1119 1327 1175 quae
1346 1098 1550 1154 habuit
1569 1113 1699 1152 cum
1716 1094 1956 1157 Judzeis,

312 1197 394 1254 ita
427 1196 731 1251 moderant
760 1191 1054 1264 loquelam
1089 1192 1362 1257 suam,ut
1388 1187 1519 1243 czeci
1543 1203 1657 1240 non
1678 1183 1957 1247 viderent,

315 1293 368 1340 et
399 1283 601 1339 ﬁdeles
630 1282 830 1338 oculos
860 1282 1172 1353 aperirent.
1208 1301 1236 1328 ‹‹
1271 1277 1548 1333 Dicebant
1579 1290 1713 1345 ergo
1743 1271 1958 1327 Judaei:

316 1375 404 1430 Tu
435 1372 535 1445 qui
568 1372 666 1428 es?
682 1372 751 1426 Et
779 1371 887 1425 ait:
906 1368 1260 1440 Principium
1287 1365 1384 1438 qui
1412 1369 1467 1419 et
1500 1364 1705 1434 loquor
1733 1359 1915 1415 vobis.
1936 1380 1960 1405 υ

318 1465 506 1529 Quare
540 1477 602 1516 se
649 1460 793 1516 dicit
846 1458 1128 1513 Dominus
1175 1456 1349 1511 Jesus
1392 1451 1790 1525 principium?
1820 1448 1966 1512 Quia

319 1552 519 1608 omnia
550 1566 652 1622 per
676 1548 870 1620 ipsum
906 1548 1058 1602 facta
1084 1547 1242 1599 sunt.
1275 1544 1403 1615 Ipse
1434 1541 1588 1596 enim
1613 1544 1699 1595 est
1742 1538 1837 1593 Dei
1871 1554 1963 1591 sa-

320 1639 559 1714 pientia,
588 1638 741 1693 sicut
774 1635 1081 1691 Psalmista
1106 1632 1324 1687 dicitzu
1359 1628 1646 1685 Omniain
1680 1625 1967 1698 sapientia

321 1728 507 1785 fecisti
541 1727 714 1799 (Psal.
748 1730 901 1789 cvm).
940 1745 966 1772 n
1000 1721 1057 1777 Si
1103 1721 1280 1793 igitur
1326 1718 1525 1774 omnia
1570 1717 1629 1772 in
1681 1714 1967 1788 sapientia

323 1817 459 1873 fecit
488 1817 663 1881 Deus,
694 1814 752 1868 id
784 1817 891 1880 est,
913 1811 971 1865 in
1006 1810 1148 1866 Filio
1180 1826 1288 1864 suo
1321 1811 1604 1863 coeeterno
1627 1806 1733 1861 sibi
1755 1808 1810 1860 et
1827 1820 1966 1858 con-

323 1900 906 1967 substantiali,Filius
939 1899 1140 1969 utique
1179 1898 1442 1952 omnium
1473 1894 1828 1967 principium
1858 1896 1968 1947 cst.

321 1990 601 2062 Nunquid
629 1995 686 2044 et
737 1989 902 2044 Pater
938 1992 1130 2059 potest
1176 1985 1288 2040 dici
1338 1982 1731 2057 principium?
1765 1981 1971 2051 Utique

325 2084 479 2135 recte
528 2077 744 2133 dicitur
774 2081 830 2131 et
860 2081 1031 2131 Pater
1077 2074 1455 2148 principium,
1486 2091 1600 2128 non
1628 2077 1824 2126 tamen
1856 2071 1971 2124 duo

322 2167 629 2242 principia,
663 2166 815 2222 sicut
844 2166 1010 2220 Pater
1031 2165 1205 2231 Deus,
1239 2167 1296 2218 et
1331 2162 1505 2217 Filius
1538 2162 1712 2223 Deus,
1733 2176 1848 2214 non
1881 2162 1972 2211 ta-

328 2274 461 2313 men
484 2257 599 2311 duo
618 2254 1041 2326 principia,sed
1067 2269 1251 2307 unum
1276 2251 1625 2324 principium
1646 2248 1972 2303 faciendum

327 2349 435 2402 est.
458 2345 607 2416 Ergo
638 2347 695 2398 et
742 2342 994 2414 Spiritus
1026 2347 1265 2397 sanctus
1311 2339 1665 2412 principium
1716 2341 1824 2403 est,
1858 2352 1974 2389 non

328 2439 526 2490 tamen
572 2432 686 2487 tria
730 2430 1037 2503 principia,
1077 2430 1245 2484 Pater
1290 2433 1346 2483 et
1389 2427 1569 2483 Filius
1618 2431 1675 2481 et
1724 2425 1978 2496 Spiritus

332 2525 595 2587 sanctus,
628 2520 727 2577 sed
760 2536 944 2575 unum
976 2517 1330 2590 principitim
1365 2534 1378 2572 :
1414 2517 1566 2572 sicut
1605 2516 1773 2571 Pater
1801 2515 1974 2578 Deus,

333 2611 512 2668 Filius
545 2611 718 2676 Deus,
740 2608 992 2680 Spiritus
1024 2611 1263 2662 sanctus
1298 2612 1601 2668 Deus,non
1634 2608 1827 2658 tamen
1860 2608 1978 2655 tres

333 2700 433 2770 dii,
471 2700 571 2756 sed
603 2714 755 2753 unus
797 2697 979 2764 Deus;
1013 2695 1165 2751 sicut
1197 2699 1365 2749 Pater
1389 2690 1980 2764 omnipotens,Filius

331 2788 718 2861 omnipotens,
734 2785 988 2858 Spiritus
1001 2790 1241 2840 sanctus
1253 2783 1769 2854 omnipotens,uon
1783 2784 1979 2834 tamen

329 2883 448 2935 tres
477 2876 932 2949 omnipptentes,
962 2873 1064 2928 sed
1099 2890 1252 2929 unus
1283 2871 1673 2942 omnipotens.
1710 2870 1772 2924 Id
1820 2868 1976 2924 enim

334 2967 491 3040 quod
518 2968 689 3021 Pater
712 2963 783 3017 ad
816 2979 878 3017 se
907 2967 1013 3028 est,
1032 2961 1185 3016 Deus
1217 2965 1304 3015 est
1323 2976 1336 3013 :
1355 2959 1508 3031 quod
1543 2959 1613 3013 ad
1642 2957 1849 3013 Filium
1873 2961 1980 3019 est,

334 3057 505 3108 Pater
530 3056 637 3107 est.
671 3051 834 3119 Quod
869 3049 1049 3105 Filius
1082 3050 1151 3103 ad
1188 3049 1449 3120 seipsum
1482 3047 1759 3113 est,Deus
1790 3050 1985 3101 estzet

337 3141 493 3215 quod
526 3141 597 3195 ad
620 3140 847 3195 Patrem
881 3144 990 3205 est,
1017 3138 1196 3193 Filius
1227 3143 1313 3193 est
1337 3155 1349 3192 :
1376 3141 1434 3190 et
1463 3136 1714 3209 Spiritus
1747 3141 1985 3190 sanctus

2063 558 2225 614 ritas.
2268 560 2438 614 Pater
2488 575 2659 613 verax
2707 560 2813 625 est,
2846 556 2945 612 sed
2982 572 3097 611 non
3148 572 3181 608 a
3219 553 3460 608 veritate
3491 569 3504 605 :
3531 550 3713 606 Filius

2062 648 2296 711 veritas,
2312 649 2412 703 sed
2448 666 2479 702 a
2511 647 2675 703 Patre
2708 645 2845 719 quia
2861 644 3043 700 Filius
3061 647 3425 709 aPatre,non
3444 658 3476 697 a
3497 639 3713 713 seipse,

2065 740 2122 791 et
2152 736 2280 791 ideo
2312 734 2392 789 ait
2413 734 2690 791 alioloco:
2710 733 3033 804 «Ameipso
3073 728 3663 800 nonveni(.loan.vn),
3686 751 3714 773 υ

2067 825 2122 880 id
2148 829 2253 892 est,
2285 842 2311 879 a
2351 824 2572 898 meipso
2605 840 2716 878 non
2752 839 2905 877 sum.
2942 821 3111 876 Pater
3139 818 3342 891 utique
3386 834 3557 873 verax
3602 821 3717 882 est,

2069 931 2180 969 non
2215 931 2248 969 a
2279 913 2679 986 participando
2710 910 2956 976 Veritati,
2990 910 3090 966 sed
3134 907 3466 982 generando
3506 905 3719 962 verita-

2067 1002 2367 1066 tem.Quia
2398 1007 2568 1057 Pater
2597 1000 2799 1074 genuit
2821 999 3053 1065 Filium,
3075 998 3262 1071 quide
3288 997 3413 1069 ipso
3428 996 3534 1051 ait:
3556 995 3720 1067 «Ego

2070 1109 2204 1149 sum
2220 1093 2325 1148 Via
2358 1096 2415 1148 et
2456 1091 2669 1147 veritas
2714 1094 2770 1145 et
2805 1090 2940 1144 vita.
2978 1112 3006 1139 ››
3040 1092 3182 1142 Cum
3232 1091 3427 1142 autem
3475 1084 3722 1158 dixisset

2075 1180 2355 1237 Dominus
2384 1181 2576 1248 Jesus,
2609 1203 2635 1230 «
2662 1197 2833 1236 verax
2861 1183 2948 1234 est
2979 1178 3079 1250 qui
3107 1194 3198 1233 me
3222 1174 3403 1243 misit,
3423 1199 3449 1223 ι»
3483 1192 3595 1230 non
3629 1175 3718 1229 in-

2072 1270 2420 1326 tellexerunt
2450 1269 2533 1324 illi
2568 1269 2723 1341 quod
2754 1270 2825 1324 de
2856 1269 3023 1323 Patre
3053 1266 3135 1321 eis
3175 1265 3423 1322 dicebat.
3457 1264 3719 1319 Necdum

2073 1360 2227 1414 enim
2261 1359 2593 1414 habuerunt
2624 1357 2822 1413 oculos
2845 1355 3037 1411 cordis
3051 1359 3302 1428 apertos,
3322 1353 3722 1427 utintelligere

2072 1453 2313 1520 possent
2341 1446 2732 1519 aequalitatem
2767 1446 2986 1501 veracis
3016 1449 3073 1500 et
3100 1443 3380 1499 veritatis.

2146 1561 2171 1586 ‹‹
2208 1536 2444 1592 Dicebat
2477 1553 2611 1609 ergo
2644 1536 2758 1590 eis:
2783 1535 2927 1589 Cum
2951 1533 3342 1589 exaltaveritis
3374 1532 3582 1589 Filium
3615 1532 3723 1587 lio-

2076 1650 2101 1675 ‹‹
2130 1624 2481 1689 minis,tunc
2514 1625 2876 1697 cognoscetis
2902 1623 3040 1696 quia
3070 1639 3174 1695 ego
3207 1626 3432 1690 sum,et
3452 1623 3723 1695 ameipso

2077 1738 2103 1763 ‹‹
2124 1714 2268 1770 facio
2302 1713 2467 1781 nihil,
2485 1715 2582 1768 sed
2605 1713 2756 1769 sicut
2786 1712 3090 1767 docuitme
3104 1711 3292 1777 Pater,
3314 1710 3669 1784 hmcloquor.
3692 1734 3723 1761 η

2079 1802 2223 1869 Quid
2257 1806 2345 1857 est
2376 1801 2481 1856 hec
2504 1801 2695 1856 PNihil
2725 1802 2880 1856 enim
2909 1801 3067 1857 aliud
3098 1801 3326 1855 videtur
3353 1800 3588 1869 dixisse,
3608 1800 3727 1855 nisi

2078 1909 2176 1947 eos
2209 1894 2337 1963 post
2354 1890 2684 1962 passionem
2701 1906 2869 1944 suam
2888 1889 3223 1961 cognituros
3245 1889 3384 1962 quid
3400 1894 3572 1945 esset.
3596 1889 3729 1945 Pro-

2080 1980 2173 2036 cul
2205 1978 2382 2033 dubie
2408 1995 2544 2050 ergo
2575 1979 2808 2033 videbat
2838 1978 2917 2033 ibi
2952 1977 3199 2050 aliquos,
3234 1995 3382 2050 quos
3425 1978 3547 2051 ipse
3588 1995 3727 2034 cum

2081 2069 2301 2124 cazteris
2333 2068 2550 2123 sanctis
2573 2067 2698 2122 suis
2711 2071 2843 2122 ante
2864 2067 3065 2121 mundi
3090 2065 3564 2122 constitutionem
3580 2084 3727 2140 prae-

2082 2157 2318 2212 sciendo
2341 2157 2610 2227 elegerat,
2628 2161 2759 2229 post
2777 2156 3105 2227 passionem
3135 2172 3302 2210 suam
3330 2173 3456 2211 esse
3480 2156 3732 2212 creditu-

2084 2263 2199 2300 ros.
2222 2244 2334 2317 Ipsi
2352 2248 2491 2299 sunt
2515 2244 2620 2313 illi,
2638 2261 2786 2316 quos
2804 2244 3039 2299 assidue
3062 2245 3466 2300 commendem
3478 2263 3565 2315 us,
3582 2251 3640 2301 et
3656 2247 3729 2300 ad

2084 2333 2473 2387 imitationem
2505 2349 2637 2387 cum
2672 2349 2884 2405 magna
2904 2332 3302 2387 exhortatione
3326 2333 3730 2405 proponimus.

2086 2423 2264 2478 Misso
2296 2427 2489 2477 autem
2524 2421 2741 2493 Spiritu
2763 2426 2963 2477 sancto
2988 2426 3118 2493 post
3139 2421 3367 2477 Domini
3395 2424 3732 2494 passionem

2086 2516 2143 2565 et
2186 2510 2667 2566 resurrectionem
2701 2512 2757 2564 et
2807 2509 3231 2577 ascensionem,
3266 2527 3399 2565 cum
3452 2510 3738 2566 miracula

2088 2601 2291 2654 tierent
2308 2599 2365 2652 in
2382 2600 2509 2669 ejus
2523 2599 2777 2659 nomine.
2794 2615 2966 2670 quen'.
2991 2611 3167 2670 tanqu
3178 2616 3270 2654 am
3288 2603 3583 2655 mortuum
3598 2617 3739 2674 per-

2090 2692 2400 2760 sequentes
2440 2687 2621 2742 Judaai
2675 2692 3171 2761 contempserunt,
3205 2690 3540 2761 compuncti
3595 2695 3739 2745 sunt

2091 2778 2281 2832 corde.
2314 2778 2382 2831 Et
2414 2793 2587 2849 quem
2623 2776 2921 2831 smvientes
2953 2776 3308 2847 occiderunt,
3337 2782 3394 2832 et
3413 2779 3584 2851 cujus
3604 2796 3741 2834 san-

2090 2866 2327 2937 guinem
2360 2865 2646 2920 szeviendo
2680 2865 2974 2932 fuderunt,
3003 2866 3290 2921 credendo
3332 2866 3606 2923 biberunt
3638 2867 3745 2924 illa

2089 2956 2203 3009 tria
2230 2953 2432 3019 millia,
2449 2959 2506 3009 et
2523 2954 2623 3009 illa
2640 2955 2900 3026 quinque
2915 2952 3101 3008 millia
3113 2954 3470 3025 Judarorum,
3492 2974 3637 3029 quos
3661 2957 3741 3013 ibi

2089 3044 2592 3116 videbat,quando
2616 3044 2917 3098 dicebatzu
2952 3043 3097 3098 Cum
3128 3044 3516 3101 exaltaveritis
3532 3045 3741 3102 Filium

2094 3133 2372 3200 hominis,
2393 3138 2532 3187 tunc
2546 3132 2909 3205 cognoscetis
2932 3132 3070 3204 quia
3089 3149 3195 3205 ego
3216 3152 3367 3190 sum.
3392 3158 3417 3183 η
3433 3136 3745 3208 Tanqium

340 3211 493 3303 quod
527 3230 599 3286 ad
632 3246 694 3285 se
724 3232 832 3295 est,
857 3229 1011 3284 Deus
1042 3232 1130 3283 est
1163 3244 1174 3282 :
1210 3228 1365 3298 quod
1401 3227 1629 3281 Patrem
1656 3230 1713 3279 et
1748 3225 1979 3288 Filium,
2014 3211 2055 3276 C
2091 3222 2307 3277 diceret
2338 3238 2350 3275 :
2387 3222 2597 3276 Ditl'ero
2629 3220 3019 3293 cognitionem
3065 3228 3342 3292 vestram,
3367 3230 3432 3279 ut
3463 3225 3744 3298 impleam

341 3319 595 3391 Spiritus
626 3316 866 3373 sanetus
896 3316 1157 3387 est,quia
1180 3314 1365 3369 Patris
1387 3318 1443 3369 et
1472 3312 1985 3383 FiliiSpiritusest,

344 3424 414 3462 ex
446 3407 611 3463 Patre
641 3410 699 3460 et
726 3405 871 3459 Filio
904 3403 1244 3474 procedens,
1280 3401 1455 3457 unius
1487 3400 1991 3473 subtantiaa,pote-

349 3494 521 3549 statis
551 3497 609 3548 et
634 3492 959 3563 majestatis
981 3506 1114 3545 cum
1148 3490 1312 3544 Patre
1342 3494 1397 3543 et
1431 3488 1595 3544 Filio.

423 3603 451 3632 «
483 3580 686 3648 Multa,
706 3579 1116 3651 inquit,habeo
1148 3579 1217 3633 de
1248 3576 1941 3647 vobisloquietjudicare.
1962 3599 1989 3625 »

348 3671 410 3727 In
442 3668 555 3725 alio
586 3667 710 3724 loco
740 3684 872 3723 vero
905 3666 1257 3738 dixlt:«Ego
1275 3682 1387 3720 non
1413 3665 1989 3739 judicoquemquam

349 3760 526 3829 (Joan.
565 3756 711 3828 VIII),
743 3778 771 3805 ››
805 3760 1143 3827 praesentem
1187 3754 1241 3809 ei
1288 3754 1602 3808 ostendens
1651 3753 1988 3820 adventum,

345 3863 461 3920 quo
507 3844 666 3901 venit
714 3842 959 3914 salvare,
990 3859 1105 3898 non
1148 3841 1438 3913 judicare,
1471 3842 1610 3914 quia
1654 3848 1891 3897 venerat
1929 3849 1993 3898 ut

347 3934 598 3991 salvaret
625 3932 934 3999 mundum,
952 3948 1065 3986 non
1090 3935 1153 3985 ut
1170 3931 1463 4002 judicaret
1491 3931 1801 3986 mundum.
1826 3931 1991 3997 Quod

347 4028 542 4080 autem
574 4037 730 4078 nunc
760 4020 920 4086 dicit,
954 4043 978 4069 ‹‹
1018 4019 1205 4075 multa
1236 4019 1420 4075 habeo
1452 4021 1522 4074 de
1554 4020 1717 4075 vobis
1748 4020 1906 4092 loqui
1939 4024 1995 4075 et

339 4112 628 4185 judicare,
649 4132 668 4160 ιι
687 4109 981 4181 judicium
1006 4107 1267 4163 futurum
1296 4108 1458 4163 dicit.
1474 4107 1605 4162 Ideo
1624 4107 1778 4162 enim
1800 4124 1996 4162 ascen-

346 4200 453 4270 dit,
487 4204 554 4256 ut
581 4199 773 4255 veniat
796 4197 1062 4268 judicare
1092 4197 1250 4252 vivos
1289 4202 1345 4251 et
1378 4200 1657 4251 mort-uos.
1693 4201 1872 4251 Nemo
1894 4198 1994 4268 ju-

347 4288 497 4346 stius
535 4287 849 4360 judicabit,
895 4303 1072 4358 quam
1112 4286 1212 4358 qui
1265 4285 1481 4357 injuste
1536 4285 1837 4356 judicatus
1883 4290 1991 4341 est.

349 4377 534 4435 Multa
564 4375 999 4447 habeo,inquit,
1025 4375 1183 4447 loqui
1217 4374 1557 4446 etjudicare
1583 4376 1654 4430 de
1684 4375 1870 4442 vobis,
1893 4375 1993 4430 sed

350 4466 450 4538 qui
481 4483 575 4521 me
605 4464 785 4531 misit,
800 4481 971 4520 verax
984 4468 1090 4519 est.
1111 4463 1309 4518 Videte
1324 4464 1822 4534 quemadmodum
1839 4463 1993 4518 Patri

351 4554 449 4609 det
474 4553 743 4625 gloriam,
775 4551 1016 4625 aequalis
1052 4551 1229 4607 Filius
1262 4552 1437 4607 Patri.
1464 4552 1807 4624 Exemplum
1838 4552 1991 4608 enim

352 4642 617 4713 praebens
648 4642 816 4697 nobis
847 4640 1093 4713 gloriam
1127 4641 1265 4695 dare
1299 4639 1692 4712 Deo,gloriam
1723 4641 1824 4696 Dei
1850 4658 2001 4712 qua:-

353 4745 500 4797 rere,
535 4746 649 4786 non
683 4733 969 4786 nostram.
997 4729 1173 4797 Quasi
1205 4728 1510 4783 δίδωθιεο
1541 4729 2002 4791 homoﬁdclis,si

350 4836 456 4892 ego
490 4818 670 4875 Filius
710 4819 921 4884 Patris,
966 4818 1207 4891 aequalis
1259 4817 1432 4885 Patri,
1484 4818 2004 4875 consubstantialis

354 4908 531 4974 Patri,
565 4914 886 4963 coaeternus
930 4908 1107 4973 Patri,
1140 4908 1212 4962 do
1264 4907 1507 4980 gloriam
1541 4906 1591 4961 ei
1623 4925 1656 4962 a
1684 4925 1799 4979 quo
1847 4926 2001 4974 sum,

353 4997 647 5066 quomodo
662 5002 724 5051 tu
756 5000 1047 5068 superbus
1078 5013 1139 5051 es
1172 4997 1322 5068 apud
1340 5013 1471 5050 eum
1491 4997 1659 5065 cujus
1681 5013 1743 5050 es
1766 4998 2004 5052 servus?

354 5082 559 5149 Multa,
593 5083 784 5155 inquit
816 5085 1001 5140 habeo
1032 5086 1102 5139 de
1137 5085 1298 5139 vobis
1329 5083 1486 5155 loqui
1519 5084 2000 5155 etjudicare,sed

355 5171 456 5245 qui
481 5189 575 5228 me
595 5173 778 5237 misit,
806 5190 976 5228 verax
1006 5180 1112 5228 est.
1144 5174 1447 5244 Tanquam
1480 5173 1726 5229 diceret:
1748 5174 1876 5230 Ideo
1904 5191 1993 5230 ve-

355 5275 488 5315 rum
516 5260 666 5328 dico,
696 5260 834 5332 quia
884 5261 1065 5316 Filius
1118 5262 1337 5317 veracis
1382 5262 1593 5317 veritas
1639 5281 1791 5318 sum.
1830 5268 2001 5319 Pater

355 5364 527 5405 verax
549 5352 658 5418 est,
684 5347 870 5405 Filius
897 5349 1128 5404 veritas.
1162 5350 1255 5403 Ait
1284 5351 1438 5405 enim
1471 5352 1836 5422 apertissime
1879 5352 1999 5424 ipse

356 5436 641 5494 Dominus
675 5454 689 5493 :
725 5460 752 5488 «
789 5438 903 5511 Ego
934 5454 1065 5493 sum
1096 5438 1188 5494 via
1217 5442 1274 5493 et
1311 5440 1524 5494 veritas
1569 5445 1626 5495 et
1668 5441 1784 5496 vita
1815 5445 1997 5509 (Joan.

354 5526 493 5599 xxv).
530 5549 557 5576 »
589 5528 737 5600 Ergo
767 5527 817 5582 si
850 5526 1028 5583 Filius
1059 5527 1290 5592 veritas,
1327 5526 1496 5582 Pater
1525 5529 1816 5599 quid,nisi
1845 5532 1995 5601 quod

356 5617 427 5699 [ai
472 5615 705 5677 veritas.
736 5614 841 5688 Qui
873 5632 964 5674 me
996 5613 1174 5694 misit,
1191 5631 1361 5675 verax
1390 5620 1480 5679 est
1500 5618 1526 5676 ’ἰ
1558 5617 1733 5675 Filius
1766 5620 1996 5692 veritas,

2096 3309 2431 3382 passionem
2465 3326 2674 3377 meam,
2691 3309 2892 3365 ordine
2909 3315 3098 3366 vestro
3118 3313 3476 3385 cognoscetis
3490 3314 3589 3386 qui
3603 3314 3743 3369 sim.

2097 3398 2220 3454 Non
2253 3398 2391 3469 quia
2423 3414 2626 3453 omnes
2667 3402 2806 3454 tunc
2851 3405 3016 3454 erant
3064 3401 3359 3470 credituri,
3395 3419 3461 3457 ex
3506 3401 3597 3457 his
3643 3403 3745 3476 qui

2100 3487 2433 3554 audiebant,
2448 3486 2505 3541 id
2525 3491 2630 3555 est,
2646 3491 2778 3560 post
2792 3487 3016 3544 Domini
3037 3490 3550 3562 passionem.Nam
3568 3492 3748 3565 paulo

2101 3581 2234 3632 ante
2265 3576 2405 3632 dicit
2439 3593 2451 3630 :
2485 3576 2615 3631 Haec
2647 3593 2713 3631 eo
2742 3576 3038 3648 loquente,
3072 3578 3242 3635 multi
3275 3580 3645 3636 crediderunt
3688 3581 3751 3637 in

2100 3683 2257 3732 eum,
2278 3671 2333 3720 et
2363 3666 2625 3721 nondum
2664 3670 2860 3721 tamen
2888 3667 3175 3723 exaltatus
3206 3673 3328 3724 erat
3351 3669 3531 3725 Filius
3561 3669 3753 3725 homi-

2102 3754 2651 3811 nis.Exaltationem
2676 3755 2889 3827 quippe
2920 3756 3061 3811 dicit
3091 3757 3530 3828 passionis,non
3564 3758 3751 3832 glori-

2103 3844 2393 3900 ficationis
2429 3860 2441 3896 :
2478 3844 2690 3909 crucis,
2726 3861 2841 3898 non
2880 3844 3029 3899 cmli.
3060 3846 3204 3901 Nam
3228 3845 3307 3902 ibi
3340 3846 3750 3915 exaltatusest,

2103 3933 2335 4004 quando
2368 3933 2644 4004 pependit
2673 3933 2731 3987 in
2763 3932 2941 4004 ligno,
2977 3934 3076 3988 sed
3112 3932 3211 3989 illa
3242 3933 3535 4004 exaltatio,
3556 3935 3753 3991 humi-

2104 4020 2263 4077 liatio
2280 4021 2407 4075 fuit.
2424 4022 2589 4076 Tunc
2611 4020 2765 4075 enim
2790 4022 2979 4076 factus
2992 4026 3081 4077 est
3094 4022 3372 4079 obediens
3390 4024 3541 4079 Patri
3562 4042 3754 4097 usque

2104 4111 2175 4166 ad
2208 4113 2743 4185 mortem,_mortem
2777 4113 2969 4164 autem
3002 4111 3591 4185 crucis.Quapropter
3607 4113 3759 4168 exal-

2104 4196 2248 4254 tavit
2296 4199 2460 4253 illum
2506 4199 2659 4254 Deus
2705 4198 2919 4271 (Philip
2971 4200 3049 4267 ιι),
3083 4205 3193 4268 etc,
3241 4200 3434 4257 Altera
3483 4201 3757 4259 exaltatio

2104 4288 2235 4354 fuit,
2268 4288 2503 4359 quando
2560 4286 2816 4342 elevatus
2866 4292 2953 4342 est
3001 4288 3061 4342 in
3110 4305 3317 4358 cruce;
3356 4290 3556 4359 altera,
3611 4291 3757 4347 dum

2105 4375 2437 4433 ascenditin
2457 4375 2867 4432 ccelumdllum
2887 4375 3757 4453 humiliationis,istagloriﬁca-

2105 4465 2304 4520 tionis.
2333 4464 2621 4519 Exaltatio
2649 4481 2780 4521 vero
2812 4465 3002 4521 crucis
3033 4467 3336 4539 oportebat
3381 4467 3613 4540 impleri
3655 4485 3761 4541 per

2032 4578 2075 4640 Ι)
2106 4570 2307 4610 eorum
2340 4570 2576 4619 manus,
2612 4553 2711 4625 qui
2744 4559 2945 4626 postea
2978 4555 3516 4624 fuerantcredituri,
3539 4557 3762 4629 quibus

2111 4642 2251 4697 dicit
2268 4659 2281 4696 :
2299 4665 2325 4689 ‹‹
2346 4642 2491 4697 Cum
2524 4642 2913 4699 exaltaveritis
2946 4643 3155 4699 Filium
3171 4644 3447 4713 hominis,
3466 4647 3761 4702 »addidit:

2112 4754 2138 4781 «
2157 4734 2295 4786 tunc
2312 4732 2675 4802 cognoscetis
2695 4732 2834 4803 quia
2854 4748 2959 4805 ego
2979 4749 3132 4787 sum.
3156 4755 3182 4782 ››
3197 4733 3341 4799 Quid
3366 4739 3451 4789 est
3480 4750 3587 4806 ego
3600 4752 3763 4803 sum,

2114 4819 2225 4875 nisi
2258 4820 2434 4875 unius
2465 4819 2775 4875 subtantia:
2806 4837 2939 4876 cum
2972 4822 3184 4877 Patre?
3214 4822 3367 4877 sicut
3406 4825 3478 4879 ad
3520 4823 3764 4896 Moysen

2114 4908 2385 4981 superius
2417 4908 2674 4964 diximus
2696 4909 2917 4965 dictum
2951 4926 3080 4965 esse
3113 4927 3125 4964 :
3160 4911 3277 4984 Ego
3310 4928 3440 4967 sum
3474 4912 3577 4983 qui
3623 4929 3761 4969 sum

2112 4997 2303 5063 (Exod.
2356 4998 2462 5067 ιιι).
2499 5020 2525 5047 ››
2576 4997 2764 5054 Verbo
2815 4997 3191 5054 substantiali
3234 5000 3418 5055 utitur
3461 4999 3532 5055 de
3564 4999 3762 5073 seipse

2112 5086 2490 5150 Dominus,ut
2520 5084 2883 5158 intelligatur
2898 5090 3171 5142 aeternam
3197 5104 3325 5144 esse
3338 5088 3757 5144 substantiam.

2109 5179 2165 5231 et
2191 5191 2367 5230 unam
2399 5190 2526 5229 esse
2553 5175 2941 5230 substantiam
2975 5176 3160 5231 Patris
3191 5181 3247 5232 et
3274 5177 3653 5233 Filii.Tamen
3686 5195 3758 5232 ne

2109 5264 2233 5337 ipse
2264 5264 2688 5337 intelligeretur
2718 5265 2904 5332 Pater,
2938 5266 3215 5322 continuo
3246 5266 3549 5339 adjunxit:
3581 5291 3610 5317 ί(
3647 5268 3762 5323 Eta

2111 5353 2332 5424 meipso
2369 5351 2511 5407 facio
2540 5351 2753 5419 nihil,»
2774 5353 2936 5409 idest
2958 5371 2992 5408 a
3014 5353 3235 5426 meipso
3270 5371 3384 5411 non
3417 5372 3571 5410 sum.
3592 5354 3757 5418 Quod

2110 5447 2304 5497 autem
2338 5439 2580 5508 addidit,
2601 5464 2626 5487 η
2645 5439 2798 5495 sicut
2816 5441 3012 5497 docuit
3028 5459 3119 5497 me
3134 5442 3322 5511 Pater,
3340 5442 3462 5498 haec
3482 5442 3711 5515 loquor,
3732 5464 3758 5492 ι»

2110 5547 2320 5585 sensus
2352 5528 2677 5584 altissimus
2702 5534 2808 5585 est.
2830 5530 2937 5585 Cor
2959 5534 3113 5585 enim
3136 5531 3542 5587 mundandum
3564 5536 3672 5598 est,
3695 5535 3759 5586 ut

2112 5617 2475 5691 intelligatur
2496 5619 2651 5693 quod
2683 5619 2783 5692 ait,
2823 5642 2843 5670 ι
2880 5619 3030 5677 sicut
3062 5620 3259 5679 docuit
3311 5639 3403 5679 me
3448 5621 3637 5699 Pater,
3671 5620 3757 5681 sic
