4028 6176
265 330 355 390 237

267 462 457 535 loquor.
494 486 521 509 ››
554 462 678 518 Non
711 462 865 518 enim
899 463 1568 537 itaintelligendumest,
1603 463 1770 535 quasi
1786 464 1881 520 Ιιο-
1911 468 1965 534 Α

264 570 338 608 mo
360 557 518 625 pater
546 551 770 607 homini
804 553 918 609 ﬁlio
951 552 1309 625 loqueretur,
1354 554 1455 608 sed
1511 553 1885 608 excellentius

261 646 307 697 et
328 641 618 697 sacratius.
649 642 831 696 Aliter
858 658 991 697 vero
1025 641 1475 714 intelligendum
1508 646 1596 697 est
1628 642 1780 713 quod
1804 642 1886 696 ait

259 730 593 804 Evangelista
622 732 807 794 (Joan.
841 732 907 793 1):
943 754 969 780 «
994 735 1057 785 ln
1075 729 1885 802 principioeratV'erbum,»et

259 816 1163 893 aliterintelligendum,«Verbum
1177 836 1311 875 caro
1326 819 1540 874 factum
1556 822 1661 875 est.
1674 817 1885 874 nAliter

258 911 314 965 de
337 909 634 965 Divinitate
666 909 898 976 Christi,
931 909 991 964 in
1027 927 1145 981 qua
1174 908 1418 981 aequalis
1449 913 1537 963 est
1568 912 1679 965 Deo
1702 908 1877 978 Patri,

259 998 390 1055 aliter
418 1000 490 1055 de
519 997 822 1054 humanite
846 999 895 1070 ej
907 1016 995 1065 us,
1013 998 1069 1053 in
1085 1016 1202 1070 qua
1220 997 1546 1054 consimilis
1563 1002 1670 1063 est,
1688 998 1878 1063 nobis,

258 1089 600 1161 cogitandum
639 1092 749 1143 est.
779 1089 904 1143 Non
948 1105 1062 1143 uno
1106 1089 1280 1143 modo
1315 1086 1758 1160 intelligendum
1790 1089 1879 1141 est

256 1174 957 1250 quodaitDominus:«Ego
972 1181 1028 1232 et
1053 1177 1220 1232 Pater
1240 1193 1425 1231 unum
1462 1193 1670 1230 sumus
1691 1176 1873 1236 (Joan.

256 1265 551 1337 x}:»etillud
566 1266 723 1337 quod
737 1264 1111 1321 dixitzul’ater
1124 1266 1310 1336 major
1322 1279 1415 1319 me
1425 1268 1837 1327 esttJoanJle).
1850 1287 1870 1311 ι

254 1357 373 1427 Ergo
392 1373 501 1410 non
517 1354 1348 1427 corporalitcrcogitate,Patcr
1362 1353 1592 1408 locutus
1606 1357 1693 1408 est
1708 1352 1872 1418 Filio,

251 1447 365 1517 quia
389 1442 827 1516 incorporaliter
858 1443 1024 1499 Pater
1064 1442 1267 1516 genuit
1306 1441 1537 1497 Filium.
1573 1442 1687 1496 Nec
1717 1441 1872 1497 enim

249 1533 536 1601 sicdocuit,
560 1532 728 1605 quasi
746 1532 1045 1587 indoctum
1059 1531 1346 1603 genuerit,
1366 1532 1465 1586 sed
1482 1531 1590 1586 hoc
1610 1535 1699 1585 est
1713 1546 1871 1597 eum,

248 1623 502 1680 docuisse:
539 1622 695 1694 quod
713 1621 1091 1676 estscientem
1116 1620 1410 1692 genuisse.
1434 1619 1745 1684 Ethocest,
1770 1620 1872 1674 do-

248 1713 443 1769 cuitme
456 1710 809 1783 Pater,quod
824 1709 1104 1765 scientem
1121 1727 1212 1764 me
1228 1709 1431 1781 genuit
1447 1708 1699 1764 Pater.Si
1714 1708 1869 1763 enim

247 1803 378 1875 quod
407 1801 578 1875 pauci
607 1799 960 1872 intelligunt,
995 1798 1568 1870 simplexestnatura
1586 1796 1863 1864 veritatis,

244 1892 337 1947 hoc
359 1901 439 1947 est
471 1890 615 1946 Filio
644 1905 773 1947 esse
804 1888 959 1960 quod
1002 1905 1194 1943 nosse.
1246 1888 1330 1942 Ab
1381 1886 1482 1942 illo
1511 1903 1648 1959 ergo
1696 1886 1873 1941 habet

241 1981 379 2053 quod
407 1979 646 2048 noverit,
679 1995 714 2035 a
741 1994 858 2051 quo
894 1977 1087 2043 habet,
1124 1981 1189 2032 ut
1229 1977 1326 2045 sit,
1361 1994 1478 2032 non
1508 1980 1573 2031 ut
1603 1976 1768 2048 prius
1800 1976 1870 2031 ab

238 2069 327 2125 illo
353 2074 519 2133 esset,
552 2072 759 2140 postea
785 2067 857 2123 ab
887 2065 987 2121 illo
1012 2070 1232 2134 nosset,
1255 2066 1354 2121 sed
1370 2065 1870 2137 quemadmodum

236 2159 311 2214 illi
340 2158 625 2231 gignendo
656 2156 837 2222 dedit,
873 2161 937 2210 ut
969 2161 1184 2210 nosset.
1206 2153 1668 2226 Quiasimplicis,
1707 2158 1768 2207 ut
1789 2153 1871 2207 di-

236 2253 378 2303 ctum
407 2252 513 2313 est,
548 2238 775 2300 natura?
797 2244 1056 2300 veritatis
1087 2250 1335 2310 estesse,
1366 2250 1424 2299 et
1446 2259 1616 2298 nosse
1647 2260 1760 2298 non
1783 2248 1872 2299 est

234 2337 375 2392 aliud
397 2341 573 2407 atque
604 2332 791 2399 aliud,
824 2334 925 2388 sed
966 2332 1075 2389 hoc
1124 2332 1341 2404 ipsum.
1396 2332 1545 2387 Dixit
1593 2349 1728 2405 ergo
1760 2332 1871 2388 ista

230 2424 448 2491 Judzeis,
472 2430 528 2479 et
558 2420 818 2479 addidit:

296 2540 321 2563 α
352 2515 418 2569 Et
446 2513 547 2585 qui
578 2528 673 2567 me
704 2511 884 2579 misit,
918 2528 1148 2566 mecum
1181 2515 1289 2566 est.
1324 2533 1349 2560 »ι
1383 2510 1511 2566 Jam
1527 2510 1635 2566 hoc
1666 2514 1721 2566 et
1738 2515 1871 2566 ante

236 2604 462 2667 dixerat,
477 2601 577 2657 sed
591 2617 713 2655 rem
732 2617 1001 2672 magnam
1018 2599 1174 2655 assid
1185 2617 1251 2656 ue
1265 2603 1702 2668 commemorat,
1714 2600 1872 2655 misit

244 2710 341 2757 me,
369 2698 423 2748 et
454 2707 685 2746 mecum
715 2688 898 2745 est.Si
925 2706 1060 2762 ergo
1077 2694 1268 2745 tecum
1283 2695 1389 2756 est,
1409 2707 1442 2745 0
1476 2689 1733 2758 Domine,
1754 2707 1869 2745 non

247 2799 377 2837 unus
404 2781 472 2837 ab
504 2779 616 2836 alio
646 2779 867 2835 missus
881 2783 989 2842 est,
1008 2779 1109 2834 sed
1125 2778 1299 2834 ambo
1314 2777 1576 2835 venistis.
1593 2780 1661 2835 Et
1674 2784 1870 2835 tamen

252 2888 361 2926 cum
391 2870 556 2926 ambo
580 2867 805 2925 similes
837 2867 976 2936 sint,
997 2885 1154 2923 unus
1169 2868 1387 2923 missus
1408 2872 1514 2936 est,
1531 2867 1866 2925 altermisit:

259 2959 499 3031 quoniam
532 2958 735 3014 missio
766 2962 857 3013 est
887 2956 1228 3023 incarnatio,
1264 2956 1728 3029 ipsaincarnatio
1750 2955 1873 3013 Filii

259 3054 458 3104 tantum
489 3054 596 3115 est,
631 3065 747 3103 non
779 3052 835 3103 et
851 3045 1441 3117 Patris.Misititaque
1457 3046 1621 3100 Pater
1639 3044 1871 3109 Filium,

259 3139 338 3191 sed
371 3156 475 3193 non
504 3136 746 3193 recessit
776 3154 811 3191 a
840 3135 1000 3191 Filio.
1039 3130 1207 3208 Ergo,
1244 3135 1456 3206 inquit,
1495 3157 1515 3183 α
1553 3134 1756 3206 quime
1772 3134 1875 3189 mi-

1470 330 1824 392 HOMILI/E
1870 331 1972 391 DE
2017 331 2415 395 TEMPORE.

3523 338 3641 399 238

2068 489 2097 515 «
2132 467 2201 521 Et
2234 467 2565 538 respondit:
2591 468 2691 537 Eo,
2722 467 2987 524 Domine.
3022 489 3050 517 ››
3087 465 3182 522 Ait
3210 465 3395 522 enim:
3428 490 3454 516 ‹‹
3497 469 3643 532 Quia

1995 571 2359 628 quzecunque
2390 558 2728 630 praeceperit
2750 558 2916 613 nobis
2949 556 3256 624 Dominus,
3277 556 3559 632 faciemus
3588 560 3646 612 et

1994 644 2329 700 obedientes
2362 647 2413 700 ei
2444 647 2665 719 erimus
2697 647 2883 709 (Exod.
2917 662 3077 714 XXIV),
3097 669 3204 695 n—
3224 644 3594 701 «Etnonivit.
3614 668 3641 694 ››

1991 732 2136 796 Quia
2165 739 2375 790 cuncta
2406 751 2530 806 quae
2549 735 2921 791 stabiliaesse
2932 736 3222 808 promisit,
3238 734 3520 789 mentitus
3533 737 3640 790 est.

2064 846 2090 872 ‹‹
2125 823 2264 888 Quis
2294 841 2363 879 ex
2392 824 2623 879 duobus
2648 825 2781 879 fecit
2800 824 3155 880 voluntatem
3181 822 3395 879 Patris?
3415 822 3640 877 Dicunt:

1993 932 2021 959 «
2058 911 2304 967 Primus.
2340 935 2368 960 ››
2400 910 3506 969 SuasententiacondemnanturJudaai.
3528 910 3643 967 Pris

1988 1017 2122 1055 mus
2148 1000 2364 1056 etenim
2397 1000 2574 1066 ﬁlius,
2606 1002 2665 1057 id
2697 1006 2785 1057 est
2808 1000 3042 1074 gentilis
3072 1000 3344 1073 populus,
3376 999 3641 1056 volunta-

1988 1094 2104 1145 tem
2136 1090 2327 1145 Patris
2360 1090 2513 1157 fecit,
2548 1090 2645 1162 qui
2680 1083 3207 1163 primumguidem
3238 1088 3469 1157 erravit,
3484 1094 3641 1160 post-

1988 1179 2228 1233 modum
2264 1195 2363 1249 per
2395 1179 2795 1249 paenitentiam
2830 1177 3639 1250 semetipsumcorrexit.Qui—

1985 1267 2121 1321 dam
2135 1272 2332 1322 autem
2346 1268 2804 1340 interpretantur
2818 1267 2967 1322 hanc
2980 1259 3318 1339 parabolam
3332 1283 3448 1322 non
3460 1283 3640 1339 super

1984 1356 2131 1410 duos
2164 1355 2537 1427 populos,sed
2570 1373 2746 1428 super
2775 1357 2972 1426 justos
3001 1360 3058 1411 et
3072 1355 3635 1427 peccatores.Publi-

1983 1443 2112 1499 cani
2143 1445 2297 1500 enim
2330 1448 2387 1500 et
2418 1449 2768 1516 peccatores,
2792 1438 2903 1516 qui
2926 1445 3183 1516 primum
3227 1445 3504 1500 mandata
3535 1444 3633 1501 Dei

1981 1540 2351 1607 respuerant,
2384 1539 2604 1607 postea,
2621 1534 2969 1606 praedicante
2984 1534 3227 1599 Joanne,
3247 1551 3380 1589 eum
3398 1550 3634 1606 accepe-

1983 1629 2140 1690 runt,
2175 1629 2231 1678 et
2260 1623 2552 1694 baptismo
2594 1623 2755 1678 illius
2807 1628 2943 1677 sunt
2990 1622 3279 1677 mundati.
3332 1624 3403 1676 At
3433 1627 3637 1678 contra

1982 1713 2185 1767 scribae
2213 1718 2269 1768 et
2289 1712 2587 1780 Pharisaei,
2623 1711 2722 1784 qui
2754 1712 2825 1767 de
2860 1710 3006 1766 falsa
3027 1710 3634 1783 justitiasibiapplau-

1980 1802 2365 1868 debaut,dum
2383 1801 2738 1871 baptismum
2763 1799 3005 1855 Joannis
3034 1799 3328 1871 percipere
3354 1799 3635 1871 despexe-
3728 1814 3733 1815 ί

1981 1895 2138 1957 runt,
2174 1889 2576 1945 inobedientes
2608 1889 2938 1944 divinorum
2960 1892 3380 1959 praeceptorum
3400 1888 3635 1943 exstite-

1982 1982 2137 2044 runt,
2156 1977 2751 2033 UndeetDominusin
2771 1976 3334 2034 conclusioneistius
3347 1976 3633 2049 parabolae

1981 2068 2315 2140 subiunxit:

2052 2182 2077 2206 ‹‹
2109 2157 2254 2222 Quia
2286 2155 2579 2228 publicani
2611 2161 2668 2212 et
2699 2156 3036 2212 meretrices
3087 2157 3412 2229 praecedant
3441 2173 3543 2212 vos
3573 2155 3632 2210 in

1980 2269 2005 2295 ‹‹
2042 2263 2218 2318 regno
2250 2246 2368 2301 Dei.
2406 2270 2433 2295 ››
2468 2248 2730 2318 Regnum
2749 2245 2843 2301 Dei
2862 2263 3178 2317 possumus
3205 2245 3629 2317 intelligeresa-

1979 2353 2138 2390 cram
2173 2335 2555 2407 Scripturam,
2576 2336 2747 2406 juxta
2778 2336 2931 2407 quod
2946 2334 3085 2390 alibi
3109 2334 3267 2390 dicit:
3285 2336 3635 2391 «Auferetur

1978 2443 2012 2479 a
2042 2424 2204 2480 vobis
2237 2440 2479 2496 regnum
2514 2425 2634 2493 Dei,
2667 2425 2972 2479 etdabitur
2987 2425 3144 2495 genti
3160 2422 3392 2479 facienti
3408 2423 3633 2479 fructus

1978 2516 2107 2583 ejus
2139 2514 2352 2585 (Matth.
2389 2515 2521 2573 ut).
2552 2536 2580 2562 »
2611 2514 2696 2568 Ad
2727 2513 2833 2568 hoc
2861 2530 3109 2584 regnum
3133 2513 3229 2569 Dei
3262 2512 3553 2585 publicani
3578 2516 3637 2568 et

1981 2603 2334 2669 meretrices,
2370 2602 2425 2657 id
2460 2607 2547 2657 est
2583 2602 2850 2675 gentiles,
2905 2608 3328 2673 praecesserunt
3374 2602 3631 2657 Judzeos.

2494 2744 2800 2799 HOMILIA
2838 2743 3125 2799 XXXVIII.

2300 2849 2461 2889 rem».
2499 2849 2717 2896 omam
2758 2849 2894 2888 posr
2933 2833 3312 2889 Remim'scere.

2052 2949 2294 3019 (Mans.
2326 2952 2444 3012 xx.)
2467 2972 2493 2997 ‹‹
2528 2953 2592 3002 In
2626 2947 2723 3003 illo
2774 2952 3055 3020 tempore,
3107 2948 3428 3005 ascendens
3463 2949 3635 3005 Jesus

1982 3037 3150 3109 aHierosolymam,assumpsitduodecim
3164 3038 3483 3111 discipulos
3495 3056 3634 3096 suos

1983 3150 2011 3177 ‹‹
2046 3131 2287 3193 secreto,
2319 3130 2376 3180 et
2406 3125 2489 3180 ait
2517 3124 2660 3180 illis:
2697 3125 2836 3181 Ecce
2876 3126 3253 3182 ascendimus
3295 3127 3632 3200 Hierosoly-

257 3224 337 3290 sit,
366 3243 472 3280 non
504 3225 735 3298 reliquit
766 3241 859 3279 me
890 3204 1158 3279 solumfn
1189 3204 1369 3294 Cujus
1386 3204 1729 3278 auctoritate
1745 3227 1866 3277 tan-
1902 3204 1943 3270 (ἶ
1981 3220 2296 3283 «mam,»et
2310 3213 2771 3285 reliqua.Crebro
2787 3216 3199 3287 Dominusjam
3215 3216 3631 3288 superiusPas-

256 3330 411 3384 quam
441 3319 675 3386 paterna
704 3312 1044 3368 incarnatus
1074 3328 1227 3379 sum,
1263 3328 1493 3367 mecum
1525 3317 1631 3378 est,
1653 3328 1764 3367 non
1782 3328 1874 3367 me

252 3402 750 3476 dereliquit.Quare
781 3418 876 3457 me
908 3418 1022 3456 non
1056 3399 1401 3472 dereliquit?
1422 3400 1611 3466 «Quia
1631 3417 1735 3472 ego
1749 3417 1875 3471 quae

254 3512 278 3540 α
309 3490 508 3564 placita
529 3498 667 3548 sunt
696 3492 767 3559 ei,
805 3489 950 3547 facio
982 3507 1231 3562 semper.
1272 3512 1300 3538 ››
1333 3488 1877 3561 Ipsaestzequalitas

251 3596 483 3653 semper,
515 3599 623 3637 non
658 3580 914 3653 quodam
948 3578 1115 3635 initio
1132 3577 1609 3650 etdeinceps,sed
1624 3577 1875 3633 sineini-

250 3667 343 3734 tio,
373 3669 489 3727 sine
516 3671 658 3725 ﬁne:
690 3669 785 3723 Dei
818 3668 972 3723 enim
998 3667 1292 3741 generatio
1310 3684 1424 3721 non
1451 3666 1876 3723 habetinitium

247 3759 531 3830 temporis,
562 3756 702 3830 quia
734 3772 837 3829 per
866 3756 1130 3828 genitum
1164 3756 1315 3811 facta
1343 3760 1480 3812 sunt
1510 3760 1790 3828 tempore.

750 3925 1058 3983 HOMlLIA
1095 3926 1355 3983 XXXVII.

562 4050 724 4091 ream
758 4049 953 4091 TERTIA
991 4049 1131 4090 pos'r
1169 4034 1549 4090 Reminz‘sccre.

311 4202 546 4261 (Mum.
580 4212 719 4272 XXI.)
758 4226 785 4253 ‹‹
817 4208 882 4258 In
912 4202 1011 4259 illo
1027 4207 1306 4275 tempore,
1331 4201 1475 4257 dixit
1498 4202 1671 4258 Jesus
1694 4202 1883 4259 turbis

248 4310 274 4337 «
304 4290 629 4349 Judaorum
663 4292 1002 4366 parabolam
1033 4290 1666 4362 hanczliomoquidam
1681 4291 1888 4347 habuit

256 4397 286 4426 ιι
315 4381 457 4437 duos
473 4382 679 4450 ﬁlios,»
703 4386 760 4437 et
777 4380 1210 4454 reliqua.Homo
1225 4380 1332 4435 iste
1354 4380 1772 4453 paterfamilias
1786 4381 1885 4453 qui

251 4466 401 4525 duos
430 4470 573 4528 ﬁlios
609 4471 826 4543 legitur
854 4470 1155 4536 habuisse,
1182 4468 1552 4542 omnipotens
1585 4471 1736 4526 Deus
1775 4474 1886 4537 est,

244 4559 655 4625 paterfamilias
688 4564 746 4616 et
775 4557 1039 4614 conditor
1056 4558 1306 4613 duorum
1339 4556 1889 4631 populorum.Prior
1917 4578 1961 4642 ι)

239 4642 425 4714 ﬁlius,
452 4648 686 4721 gentilis
717 4652 808 4703 est
836 4646 1110 4719 populus,
1146 4647 1243 4719 qui
1278 4648 1334 4702 in
1366 4647 1485 4703 Noe
1514 4652 1571 4703 et
1601 4646 1738 4702 ﬁliis
1755 4648 1885 4718 ejus

239 4736 535 4794 exordium
570 4737 854 4811 sumpsit,
887 4736 985 4808 qui
1019 4737 1179 4809 prior
1222 4736 1453 4806 dicitur,
1498 4740 1783 4807 quantum
1815 4737 1887 4791 ad

237 4823 641 4895 antiquitatem
679 4825 958 4898 pertinet:
994 4824 1558 4880 cuideditDominus
1588 4824 1889 4897 perlegem

238 4914 564 4970 naturalem
599 4920 982 4987 praeceptum,
1016 4918 1081 4968 ut
1108 4913 1680 4986 operareturvineam
1698 4930 1890 4995 suam,

239 4997 443 5057 dicens
464 5005 606 5063 (Tob.
642 5006 750 5067 1v):
787 5027 813 5053 ‹‹
848 5004 1008 5067 Quod
1061 5003 1167 5057 tibi
1220 5020 1333 5057 non
1367 5003 1454 5057 vis
1502 5001 1646 5070 ﬁeri,
1695 5002 1791 5057 alii
1825 5019 1896 5058 ne

240 5085 468 5146 feceris.
502 5115 529 5141 ››
558 5092 647 5159 Et,
683 5115 711 5141 ‹‹
735 5092 1085 5163 Οῐῐιιιὶίιᾳιιω
1113 5091 1288 5147 vultis
1304 5097 1368 5146 ut
1387 5091 1775 5147 faciantvobis
1794 5090 1894 5146 ho-

245 5174 459 5245 mines,
486 5185 542 5236 et
571 5197 669 5236 vos
704 5180 873 5237 facite
902 5178 1020 5235 illis
1051 5179 1268 5241 (Matth.
1303 5182 1417 5242 VII).
1456 5203 1482 5228 »
1516 5178 1619 5235 llle
1651 5179 1888 5251 quidem

244 5263 498 5331 primum
528 5271 584 5325 in
614 5271 786 5326 vinea
816 5267 1046 5325 Domini
1077 5268 1244 5324 labor
1265 5285 1344 5324 ~re
1383 5268 1752 5341 contempsit,
1787 5269 1887 5323 sed

244 5357 617 5419 postmodum
646 5360 707 5414 in
754 5360 1007 5415 adventu
1062 5355 1287 5413 Domini
1337 5357 1682 5428 pcenitentia
1729 5374 1889 5411 com-

246 5444 466 5509 motus,
496 5446 563 5500 ad
594 5464 770 5519 opera
789 5446 1000 5520 judicii
1041 5462 1355 5502 conversus
1405 5450 1510 5501 est.
1563 5444 1726 5500 Alter
1754 5461 1888 5501 vero

248 5526 411 5585 ﬁlius
438 5531 709 5592 Judaicus
723 5530 975 5610 populus
989 5535 1117 5601 fuit,
1134 5535 1221 5590 cui
1244 5534 1529 5590 Dominus
1543 5533 1887 5607 danslegem

253 5630 358 5694 per
384 5619 635 5704 Moysen,
668 5627 893 5703 opf‘rnri
922 5624 1193 5701 praecepit
1219 5622 1279 5684 in
1310 5624 1540 5684 vineam
1563 5640 1751 5683 suam.

1982 3305 2206 3361 sionem
2238 3319 2409 3359 suam
2440 3303 3120 3377 przedixerat,ettempus
3149 3304 3409 3359 etlocum
3440 3308 3633 3360 etmo-

1984 3394 2124 3449 dum
2148 3393 2326 3450 etiam
2358 3410 2476 3448 suae
2508 3392 2973 3464 passionis.Quid
2988 3409 3123 3465 ergo
3144 3398 3235 3449 est
3250 3392 3631 3465 quoditerum

1983 3483 2232 3556 repetit?
2263 3483 2375 3539 Sed
2407 3481 2546 3554 quia
2577 3481 2764 3536 multa
2794 3482 3180 3539 interlocutus
3210 3482 3419 3552 fuerat,
3441 3487 3497 3539 et
3526 3500 3631 3556 po-

1984 3576 2136 3628 terat
2165 3570 2449 3628 memoria
2477 3588 2596 3627 suze
2627 3571 2919 3643 passionis
2941 3589 2975 3625 a
2996 3572 3292 3643 mentibus
3314 3571 3629 3645 discipulo-

1986 3678 2118 3716 rum
2143 3678 2388 3717 suorum
2407 3658 2578 3728 elabi,
2601 3659 2726 3716 ideo
2742 3661 3035 3732 repetitsac
3043 3661 3174 3733 pius
3191 3661 3262 3717 de
3278 3660 3633 3718 contumelia

1987 3749 2276 3822 passionis
2307 3753 2518 3817 suaz,ut
2548 3752 2604 3807 et
2632 3753 2863 3821 pararet
2891 3750 3120 3806 animas
3143 3749 3380 3807 illorum
3409 3750 3482 3806 ad
3514 3755 3635 3806 ten-

1986 3837 2286 3904 tationem,
2347 3840 2412 3893 ut
2467 3836 2763 3895 venientes
2814 3837 3289 3912 Hierosolymam,
3331 3844 3491 3896 tanto
3531 3839 3637 3895 mi-

1990 3944 2103 3983 nus
2132 3931 2507 3995 terrerentur,
2531 3931 2752 3997 quanto
2784 3926 2998 3999 saepius
3023 3927 3079 3982 id
3106 3928 3402 3985 aDomino
3433 3928 3636 4001 praedi-

1991 4021 2150 4071 ctum
2184 4032 2310 4071 esse
2344 4015 2774 4071 meminissent.
3434 3999 3452 4001 —
3496 3999 3505 4010 ’

2064 4126 2091 4153 ‹‹
2123 4105 2194 4160 Et
2251 4103 2497 4160 accessit
2521 4090 2591 4160 ad
2645 4121 2783 4160 eum
2834 4108 3018 4161 mater
3074 4105 3331 4161 ﬁliorum
3381 4106 3640 4162 Zebedasi

1995 4215 2023 4244 «
2056 4210 2191 4249 cum
2222 4192 2357 4248 ﬁliis
2387 4192 2534 4258 suis,
2566 4192 2817 4247 adorans
2847 4195 2903 4247 et
2934 4198 3136 4264 petens
3161 4193 3382 4266 aliquid
3415 4194 3637 4249 abeo.»

1994 4284 2176 4339 Mater
2206 4280 2461 4337 ﬁliorum
2491 4280 2766 4347 Zebedaei,
2802 4285 3114 4337 matertera
3143 4282 3254 4337 fuit
3301 4281 3638 4350 Salvatoris,

1994 4376 2180 4428 mater
2209 4369 2475 4426 videlicet
2504 4369 2703 4425 Jacobi
2734 4374 2791 4424 et
2805 4368 3232 4434 Joannis.Quid
3250 4375 3447 4426 autem
3466 4370 3641 4443 perti-

1996 4462 2125 4517 nuit
2154 4461 2225 4516 ad
2253 4460 2405 4515 hanc
2433 4457 2763 4528 mulierem,
2794 4463 2861 4513 ut
2889 4458 3300 4515 eumaudierat
3329 4477 3364 4515 a
3392 4459 3642 4517 Domino

1994 4547 2411 4607 contumeliam
2443 4552 2500 4604 et
2512 4564 2742 4620 poenam
2776 4547 3087 4620 passionis,
3107 4548 3180 4603 ab
3210 4547 3310 4603 illo
3323 4547 3568 4622 gloriam
3585 4554 3645 4604 et

1995 4639 2341 4713 dignitatem
2372 4641 2591 4710 peteret
2622 4636 2932 4694 ﬁliissuis?
2956 4636 3280 4692 Nihilenim
3300 4637 3646 4710 praedixerat

1999 4730 2069 4784 de
2099 4726 2283 4800 gloria
2313 4726 2493 4799 regni,
2527 4727 2629 4783 sed
2651 4725 3022 4783 solummodo
3035 4725 3406 4797 desupplicio
3419 4726 3647 4797 passio-

2001 4817 2113 4873 nis.
2140 4817 2249 4872 Sed
2268 4815 2529 4871 forsitam
2544 4815 2783 4870 incitata
2793 4818 2880 4870 est
2892 4814 2963 4870 ad
2978 4815 3290 4886 petendam
3305 4813 3648 4886 dignitatem

2004 4906 2142 4962 ﬁliis
2192 4904 2337 4971 suis,
2400 4905 2555 4976 quod
2613 4903 2973 4959 intellexerat
3020 4918 3350 4959 sermonem
3398 4902 3649 4970 Domini,

2006 5013 2179 5068 quem
2213 4994 2374 5061 dixit,
2408 4994 2563 5066 quod
2596 4992 3011 5064 posttertiadie
3026 4997 3459 5049 resurrecturus
3475 4996 3650 5049 esset.

2008 5084 2254 5140 Putabat
2274 5083 2427 5139 enim
2444 5080 2975 5153 juxta,Judzeorum
2998 5081 3445 5156 fabulam,quod
3469 5081 3659 5138 Domi-

2000 5191 2113 5229 nus
2136 5176 2267 5245 post
2287 5169 2771 5227 resurrectionem
2789 5186 2957 5225 suam
2982 5187 3085 5241 per
3104 5170 3263 5228 mille
3285 5188 3472 5228 annos
3503 5176 3659 5227 esset

1999 5266 2348 5334 regnaturus
2381 5261 2439 5314 in
2474 5266 2627 5315 terra
2647 5258 3051 5331 corporaliter,
3084 5264 3141 5315 et
3169 5260 3513 5334 dignitatem
3539 5263 3655 5317 ter-

1997 5369 2198 5408 renam
2232 5349 2356 5405 suis
2388 5347 2585 5404 electis
2604 5348 3369 5406 essetdistributurusﬂzec
3397 5366 3534 5424 ergo
3550 5349 3660 5405 fer-

1996 5456 2130 5497 vore
2161 5438 2435 5494 muliebri
2466 5437 2710 5493 incitata
2739 5438 2809 5493 ad
2832 5436 3147 5493 Dominum
3168 5439 3432 5506 accessit,
3451 5440 3659 5511 utpost

1998 5529 2482 5587 resurrectionem
2515 5544 2684 5583 suam
2730 5527 2909 5585 daret
2959 5526 3097 5583 ﬁliis
3145 5526 3270 5583 suis
3310 5531 3656 5601 potestatem

2001 5618 2263 5690 sedendi,
2297 5633 2479 5676 unum
2513 5633 2547 5674 a
2579 5616 2819 5689 dextris,
2851 5620 2909 5674 et
2938 5615 3186 5674 alterum
3220 5632 3253 5671 a
3279 5612 3554 5674 sinistris.
