  <div class='ocr_page' id='page_1' title='image "/cluster/home/n/w/nwhite01/storage/ocr_20150623/118/hvd.32044073505158/125.png"; bbox 0 0 4028 6176; ppageno 0'>
   <div class='ocr_carea' id='block_1_1' title="bbox 394 361 512 420">
    <p class='ocr_par' dir='ltr' id='par_1_1' title="bbox 394 361 512 420">
     <span class='ocr_line' id='line_1_1' title="bbox 394 361 512 420; baseline -0.008 0"><span class='ocrx_word' id='word_1_1' title='bbox 394 361 512 420; x_wconf 74' lang='lat'><strong>9.39</strong></span> 
     </span>
    </p>
   </div>
   <div class='ocr_carea' id='block_1_2' title="bbox 956 358 3800 425">
    <p class='ocr_par' dir='ltr' id='par_1_2' title="bbox 956 358 3800 425">
     <span class='ocr_line' id='line_1_2' title="bbox 956 358 3800 425; baseline -0.002 -4"><span class='ocrx_word' id='word_1_2' title='bbox 956 362 1364 425; x_wconf 84' lang='lat' dir='ltr'><strong>HAYMONIS</strong></span> <span class='ocrx_word' id='word_1_3' title='bbox 1412 362 1952 423; x_wconf 72' lang='lat' dir='ltr'><strong>HALBERSTA&#39;F.</strong></span> <span class='ocrx_word' id='word_1_4' title='bbox 2003 360 2243 422; x_wconf 66' lang='lat' dir='ltr'><strong>EPIS’C.</strong></span> <span class='ocrx_word' id='word_1_5' title='bbox 2292 362 2463 423; x_wconf 76' lang='lat' dir='ltr'><strong>OPP.</strong></span> <span class='ocrx_word' id='word_1_6' title='bbox 2511 362 2709 421; x_wconf 77' lang='lat' dir='ltr'><strong>PARS</strong></span> <span class='ocrx_word' id='word_1_7' title='bbox 2757 362 2832 421; x_wconf 92' lang='lat' dir='ltr'><strong>Il.</strong></span> <span class='ocrx_word' id='word_1_8' title='bbox 2862 394 2937 406; x_wconf 94' lang='lat'><strong>—</strong></span> <span class='ocrx_word' id='word_1_9' title='bbox 2967 360 3236 423; x_wconf 88' lang='lat' dir='ltr'><strong>HOMlL.</strong></span> <span class='ocrx_word' id='word_1_10' title='bbox 3685 358 3800 417; x_wconf 67' lang='grc'><strong>240</strong></span> 
     </span>
    </p>
   </div>
   <div class='ocr_carea' id='block_1_3' title="bbox 469 491 3806 572">
    <p class='ocr_par' dir='ltr' id='par_1_3' title="bbox 469 491 3806 572">
     <span class='ocr_line' id='line_1_3' title="bbox 469 491 3806 572; baseline 0.001 -30"><span class='ocrx_word' id='word_1_11' title='bbox 469 514 497 542; x_wconf 87' lang='grc'><strong>‹‹</strong></span> <span class='ocrx_word' id='word_1_12' title='bbox 533 492 911 566; x_wconf 80' lang='lat' dir='ltr'><strong>Respondeas</strong></span> <span class='ocrx_word' id='word_1_13' title='bbox 944 498 1138 550; x_wconf 80' lang='lat' dir='ltr'><strong>autem</strong></span> <span class='ocrx_word' id='word_1_14' title='bbox 1168 496 1359 563; x_wconf 89' lang='lat' dir='ltr'><strong>Jesus,</strong></span> <span class='ocrx_word' id='word_1_15' title='bbox 1396 496 1567 551; x_wconf 86' lang='lat' dir='ltr'><strong>dixit:</strong></span> <span class='ocrx_word' id='word_1_16' title='bbox 1602 494 1884 551; x_wconf 86' lang='lat' dir='ltr'><strong>Nescistis</strong></span> <span class='ocrx_word' id='word_1_17' title='bbox 1906 495 2045 566; x_wconf 87' lang='lat' dir='ltr'><strong>quid</strong></span> <span class='ocrx_word' id='word_1_18' title='bbox 2074 506 2124 572; x_wconf 80' lang='grc' dir='ltr'><strong>Α</strong></span> <span class='ocrx_word' id='word_1_19' title='bbox 2160 495 2407 549; x_wconf 79' lang='lat' dir='ltr'><strong>ticorum</strong></span> <span class='ocrx_word' id='word_1_20' title='bbox 2441 494 2683 550; x_wconf 89' lang='lat' dir='ltr'><strong>dicitur:</strong></span> <span class='ocrx_word' id='word_1_21' title='bbox 2740 517 2768 545; x_wconf 84' lang='lat'>«</span> <span class='ocrx_word' id='word_1_22' title='bbox 2799 495 2963 550; x_wconf 79' lang='lat' dir='ltr'><strong>Lzeva</strong></span> <span class='ocrx_word' id='word_1_23' title='bbox 3014 493 3142 565; x_wconf 86' lang='lat' dir='ltr'><strong>ejus</strong></span> <span class='ocrx_word' id='word_1_24' title='bbox 3172 492 3283 549; x_wconf 87' lang='lat' dir='ltr'><strong>sub</strong></span> <span class='ocrx_word' id='word_1_25' title='bbox 3330 491 3517 565; x_wconf 80' lang='lat' dir='ltr'><strong>capite</strong></span> <span class='ocrx_word' id='word_1_26' title='bbox 3569 507 3720 559; x_wconf 90' lang='lat' dir='ltr'><strong>meo,</strong></span> <span class='ocrx_word' id='word_1_27' title='bbox 3754 492 3806 547; x_wconf 72' lang='lat' dir='ltr'><strong>et</strong></span> 
     </span>
    </p>
   </div>
   <div class='ocr_carea' id='block_1_4' title="bbox 395 580 2042 657">
    <p class='ocr_par' dir='ltr' id='par_1_4' title="bbox 395 580 2042 657">
     <span class='ocr_line' id='line_1_4' title="bbox 395 580 2042 657; baseline 0.005 -26"><span class='ocrx_word' id='word_1_28' title='bbox 395 603 423 631; x_wconf 85' lang='grc'><strong>‹‹</strong></span> <span class='ocrx_word' id='word_1_29' title='bbox 455 580 689 653; x_wconf 80' lang='lat' dir='ltr'><strong>petatis.</strong></span> <span class='ocrx_word' id='word_1_30' title='bbox 728 604 755 630; x_wconf 89' lang='grc'><strong>››</strong></span> <span class='ocrx_word' id='word_1_31' title='bbox 788 582 969 638; x_wconf 89' lang='lat' dir='ltr'><strong>Mater</strong></span> <span class='ocrx_word' id='word_1_32' title='bbox 1006 584 1241 656; x_wconf 84' lang='lat' dir='ltr'>quidem</span> <span class='ocrx_word' id='word_1_33' title='bbox 1294 585 1555 657; x_wconf 84' lang='lat' dir='ltr'><strong>petierat,</strong></span> <span class='ocrx_word' id='word_1_34' title='bbox 1609 584 1707 640; x_wconf 88' lang='lat' dir='ltr'><strong>sed</strong></span> <span class='ocrx_word' id='word_1_35' title='bbox 1754 584 2042 639; x_wconf 83' lang='lat' dir='ltr'><strong>Dominus</strong></span> 
     </span>
    </p>
   </div>
   <div class='ocr_carea' id='block_1_5' title="bbox 395 667 2041 745">
    <p class='ocr_par' dir='ltr' id='par_1_5' title="bbox 395 667 2041 745">
     <span class='ocr_line' id='line_1_5' title="bbox 395 667 2041 745; baseline 0.002 -21"><span class='ocrx_word' id='word_1_36' title='bbox 395 667 716 740; x_wconf 78' lang='lat' dir='ltr'><strong>discipulos</strong></span> <span class='ocrx_word' id='word_1_37' title='bbox 741 670 1078 744; x_wconf 79' lang='lat' dir='ltr'><strong>increpavit,</strong></span> <span class='ocrx_word' id='word_1_38' title='bbox 1111 673 1250 744; x_wconf 82' lang='lat' dir='ltr'><strong>quia</strong></span> <span class='ocrx_word' id='word_1_39' title='bbox 1281 672 1562 729; x_wconf 80' lang='lat' dir='ltr'><strong>intellexit</strong></span> <span class='ocrx_word' id='word_1_40' title='bbox 1592 690 1694 745; x_wconf 89' lang='lat' dir='ltr'><strong>per</strong></span> <span class='ocrx_word' id='word_1_41' title='bbox 1724 672 2041 745; x_wconf 77' lang='lat' dir='ltr'><strong>potentiam</strong></span> 
     </span>
    </p>
   </div>
   <div class='ocr_carea' id='block_1_6' title="bbox 398 758 2040 834">
    <p class='ocr_par' dir='ltr' id='par_1_6' title="bbox 398 758 2040 834">
     <span class='ocr_line' id='line_1_6' title="bbox 398 758 2040 834; baseline 0.001 -21"><span class='ocrx_word' id='word_1_42' title='bbox 398 762 514 814; x_wconf 66' lang='lat' dir='ltr'><strong>s‘uaz</strong></span> <span class='ocrx_word' id='word_1_43' title='bbox 545 758 876 814; x_wconf 83' lang='lat' dir='ltr'><strong>Divinitatis</strong></span> <span class='ocrx_word' id='word_1_44' title='bbox 906 760 1267 832; x_wconf 86' lang='lat' dir='ltr'><strong>petitionem,</strong></span> <span class='ocrx_word' id='word_1_45' title='bbox 1290 779 1464 834; x_wconf 89' lang='lat' dir='ltr'><strong>quam</strong></span> <span class='ocrx_word' id='word_1_46' title='bbox 1484 767 1667 817; x_wconf 81' lang='lat' dir='ltr'><strong>mater</strong></span> <span class='ocrx_word' id='word_1_47' title='bbox 1684 762 1732 816; x_wconf 91' lang='lat' dir='ltr'><strong>ei</strong></span> <span class='ocrx_word' id='word_1_48' title='bbox 1747 761 2040 831; x_wconf 88' lang='lat' dir='ltr'><strong>attulerat,</strong></span> 
     </span>
    </p>
   </div>
   <div class='ocr_carea' id='block_1_7' title="bbox 397 847 2041 907">
    <p class='ocr_par' dir='ltr' id='par_1_7' title="bbox 397 847 2041 907">
     <span class='ocr_line' id='line_1_7' title="bbox 397 847 2041 907; baseline 0.002 -5"><span class='ocrx_word' id='word_1_49' title='bbox 397 864 465 902; x_wconf 80' lang='lat' dir='ltr'><strong>ex</strong></span> <span class='ocrx_word' id='word_1_50' title='bbox 494 847 769 904; x_wconf 82' lang='lat' dir='ltr'><strong>suasione</strong></span> <span class='ocrx_word' id='word_1_51' title='bbox 798 848 1051 905; x_wconf 81' lang='lat' dir='ltr'><strong>ﬁliorum</strong></span> <span class='ocrx_word' id='word_1_52' title='bbox 1083 852 1508 907; x_wconf 88' lang='lat' dir='ltr'><strong>descendissse.</strong></span> <span class='ocrx_word' id='word_1_53' title='bbox 1542 852 1610 906; x_wconf 87' lang='lat' dir='ltr'><strong>Et</strong></span> <span class='ocrx_word' id='word_1_54' title='bbox 1640 851 1784 905; x_wconf 84' lang='lat' dir='ltr'><strong>nihil</strong></span> <span class='ocrx_word' id='word_1_55' title='bbox 1826 850 2041 906; x_wconf 86' lang='lat' dir='ltr'><strong>mirum</strong></span> 
     </span>
    </p>
   </div>
   <div class='ocr_carea' id='block_1_8' title="bbox 397 935 2044 1011">
    <p class='ocr_par' dir='ltr' id='par_1_8' title="bbox 397 935 2044 1011">
     <span class='ocr_line' id='line_1_8' title="bbox 397 935 2044 1011; baseline 0.001 -20"><span class='ocrx_word' id='word_1_56' title='bbox 397 940 507 1007; x_wconf 89' lang='lat' dir='ltr'><strong>est,</strong></span> <span class='ocrx_word' id='word_1_57' title='bbox 541 936 589 992; x_wconf 90' lang='lat' dir='ltr'><strong>si</strong></span> <span class='ocrx_word' id='word_1_58' title='bbox 609 935 1562 1011; x_wconf 81' lang='lat' dir='ltr'><strong>Dominushisduobusdiscipulis</strong></span> <span class='ocrx_word' id='word_1_59' title='bbox 1582 938 2044 1003; x_wconf 77' lang='lat' dir='ltr'><strong>dicat.,uNescitis</strong></span> 
     </span>
    </p>
   </div>
   <div class='ocr_carea' id='block_1_9' title="bbox 397 1024 2045 1101">
    <p class='ocr_par' dir='ltr' id='par_1_9' title="bbox 397 1024 2045 1101">
     <span class='ocr_line' id='line_1_9' title="bbox 397 1024 2045 1101; baseline 0.002 -21"><span class='ocrx_word' id='word_1_60' title='bbox 397 1024 538 1098; x_wconf 88' lang='lat' dir='ltr'><strong>quid</strong></span> <span class='ocrx_word' id='word_1_61' title='bbox 570 1026 802 1098; x_wconf 82' lang='lat' dir='ltr'><strong>petatis,</strong></span> <span class='ocrx_word' id='word_1_62' title='bbox 838 1048 866 1077; x_wconf 88' lang='grc'><strong>››</strong></span> <span class='ocrx_word' id='word_1_63' title='bbox 899 1044 1030 1082; x_wconf 92' lang='lat' dir='ltr'><strong>cum</strong></span> <span class='ocrx_word' id='word_1_64' title='bbox 1064 1028 1135 1083; x_wconf 89' lang='lat' dir='ltr'><strong>de</strong></span> <span class='ocrx_word' id='word_1_65' title='bbox 1166 1033 1334 1084; x_wconf 89' lang='lat' dir='ltr'><strong>Petro</strong></span> <span class='ocrx_word' id='word_1_66' title='bbox 1383 1028 1645 1101; x_wconf 80' lang='lat' dir='ltr'><strong>apostolo</strong></span> <span class='ocrx_word' id='word_1_67' title='bbox 1691 1028 2045 1100; x_wconf 79' lang='lat' dir='ltr'><strong>evangelista</strong></span> 
     </span>
    </p>
   </div>
   <div class='ocr_carea' id='block_1_10' title="bbox 396 1114 2045 1187">
    <p class='ocr_par' dir='ltr' id='par_1_10' title="bbox 396 1114 2045 1187">
     <span class='ocr_line' id='line_1_10' title="bbox 396 1114 2045 1187; baseline 0.002 -19"><span class='ocrx_word' id='word_1_68' title='bbox 396 1114 553 1169; x_wconf 86' lang='lat' dir='ltr'><strong>dicat</strong></span> <span class='ocrx_word' id='word_1_69' title='bbox 582 1114 723 1186; x_wconf 82' lang='lat' dir='ltr'><strong>quia</strong></span> <span class='ocrx_word' id='word_1_70' title='bbox 753 1115 1047 1171; x_wconf 83' lang='lat' dir='ltr'><strong>nesciebat</strong></span> <span class='ocrx_word' id='word_1_71' title='bbox 1079 1117 1219 1187; x_wconf 90' lang='lat' dir='ltr'><strong>quid</strong></span> <span class='ocrx_word' id='word_1_72' title='bbox 1253 1116 1486 1172; x_wconf 86' lang='lat' dir='ltr'><strong>diceret.</strong></span> <span class='ocrx_word' id='word_1_73' title='bbox 1523 1140 1550 1166; x_wconf 88' lang='lat'><strong>«</strong></span> <span class='ocrx_word' id='word_1_74' title='bbox 1571 1117 1817 1172; x_wconf 75' lang='lat' dir='ltr'><strong>Potestis</strong></span> <span class='ocrx_word' id='word_1_75' title='bbox 1851 1116 2045 1171; x_wconf 85' lang='lat' dir='ltr'><strong>bibere</strong></span> 
     </span>
    </p>
   </div>
   <div class='ocr_carea' id='block_1_11' title="bbox 399 1201 2044 1277">
    <p class='ocr_par' dir='ltr' id='par_1_11' title="bbox 399 1201 2044 1277">
     <span class='ocr_line' id='line_1_11' title="bbox 399 1201 2044 1277; baseline 0.001 -20"><span class='ocrx_word' id='word_1_76' title='bbox 399 1225 426 1251; x_wconf 87' lang='lat'><strong>«</strong></span> <span class='ocrx_word' id='word_1_77' title='bbox 462 1201 702 1258; x_wconf 83' lang='lat' dir='ltr'><strong>calicem</strong></span> <span class='ocrx_word' id='word_1_78' title='bbox 736 1220 908 1276; x_wconf 88' lang='lat' dir='ltr'><strong>quem</strong></span> <span class='ocrx_word' id='word_1_79' title='bbox 926 1220 1030 1277; x_wconf 89' lang='lat' dir='ltr'><strong>ego</strong></span> <span class='ocrx_word' id='word_1_80' title='bbox 1045 1204 1339 1260; x_wconf 87' lang='lat' dir='ltr'><strong>bibiturus</strong></span> <span class='ocrx_word' id='word_1_81' title='bbox 1353 1205 1791 1261; x_wconf 78' lang='lat' dir='ltr'><strong>sum?»Calicis</strong></span> <span class='ocrx_word' id='word_1_82' title='bbox 1811 1204 2044 1259; x_wconf 87' lang='lat' dir='ltr'><strong>nomine</strong></span> 
     </span>
    </p>
   </div>
   <div class='ocr_carea' id='block_1_12' title="bbox 395 1290 2044 1368">
    <p class='ocr_par' dir='ltr' id='par_1_12' title="bbox 395 1290 2044 1368">
     <span class='ocr_line' id='line_1_12' title="bbox 395 1290 2044 1368; baseline 0.002 -23"><span class='ocrx_word' id='word_1_83' title='bbox 395 1294 453 1345; x_wconf 90' lang='lat' dir='ltr'><strong>et</strong></span> <span class='ocrx_word' id='word_1_84' title='bbox 476 1290 773 1363; x_wconf 84' lang='lat' dir='ltr'><strong>baptismi,</strong></span> <span class='ocrx_word' id='word_1_85' title='bbox 807 1293 1488 1368; x_wconf 90' lang='lat' dir='ltr'><strong>sicutaliusevangelista</strong></span> <span class='ocrx_word' id='word_1_86' title='bbox 1501 1295 1685 1367; x_wconf 85' lang='lat' dir='ltr'><strong>ponit,</strong></span> <span class='ocrx_word' id='word_1_87' title='bbox 1712 1295 2044 1366; x_wconf 85' lang='lat' dir='ltr'><strong>passionem</strong></span> 
     </span>
    </p>
   </div>
   <div class='ocr_carea' id='block_1_13' title="bbox 390 1379 2042 1455">
    <p class='ocr_par' dir='ltr' id='par_1_13' title="bbox 390 1379 2042 1455">
     <span class='ocr_line' id='line_1_13' title="bbox 390 1379 2042 1455; baseline 0.002 -21"><span class='ocrx_word' id='word_1_88' title='bbox 390 1379 684 1452; x_wconf 82' lang='lat' dir='ltr'><strong>designat.</strong></span> <span class='ocrx_word' id='word_1_89' title='bbox 719 1380 883 1438; x_wconf 90' lang='lat' dir='ltr'><strong>Unde</strong></span> <span class='ocrx_word' id='word_1_90' title='bbox 907 1400 1010 1455; x_wconf 89' lang='lat' dir='ltr'><strong>per</strong></span> <span class='ocrx_word' id='word_1_91' title='bbox 1039 1383 1412 1439; x_wconf 88' lang='lat' dir='ltr'><strong>Psalmistam</strong></span> <span class='ocrx_word' id='word_1_92' title='bbox 1444 1383 1657 1439; x_wconf 87' lang='lat' dir='ltr'><strong>dicitur</strong></span> <span class='ocrx_word' id='word_1_93' title='bbox 1686 1384 1858 1452; x_wconf 62' lang='lat' dir='ltr'><strong>(Paul.</strong></span> <span class='ocrx_word' id='word_1_94' title='bbox 1895 1386 2042 1453; x_wconf 84' lang='lat' dir='ltr'><strong>cxv):</strong></span> 
     </span>
    </p>
   </div>
   <div class='ocr_carea' id='block_1_14' title="bbox 405 1468 2049 1545">
    <p class='ocr_par' dir='ltr' id='par_1_14' title="bbox 405 1468 2049 1545">
     <span class='ocr_line' id='line_1_14' title="bbox 405 1468 2049 1545; baseline 0.003 -25"><span class='ocrx_word' id='word_1_95' title='bbox 405 1488 430 1520; x_wconf 79' lang='grc' dir='ltr'>α</span> <span class='ocrx_word' id='word_1_96' title='bbox 461 1468 609 1533; x_wconf 89' lang='lat' dir='ltr'><strong>Quid</strong></span> <span class='ocrx_word' id='word_1_97' title='bbox 624 1469 945 1525; x_wconf 84' lang='lat' dir='ltr'><strong>retribuam</strong></span> <span class='ocrx_word' id='word_1_98' title='bbox 959 1471 1206 1526; x_wconf 89' lang='lat' dir='ltr'><strong>Domino</strong></span> <span class='ocrx_word' id='word_1_99' title='bbox 1221 1489 1321 1544; x_wconf 90' lang='lat' dir='ltr'><strong>pro</strong></span> <span class='ocrx_word' id='word_1_100' title='bbox 1341 1473 1614 1527; x_wconf 77' lang='lat' dir='ltr'><strong>omnibus</strong></span> <span class='ocrx_word' id='word_1_101' title='bbox 1629 1489 1753 1545; x_wconf 71' lang='lat' dir='ltr'><strong>qua:</strong></span> <span class='ocrx_word' id='word_1_102' title='bbox 1780 1471 2049 1526; x_wconf 87' lang='lat' dir='ltr'><strong>retribuit</strong></span> 
     </span>
    </p>
   </div>
   <div class='ocr_carea' id='block_1_15' title="bbox 399 1556 2050 1633">
    <p class='ocr_par' dir='ltr' id='par_1_15' title="bbox 399 1556 2050 1633">
     <span class='ocr_line' id='line_1_15' title="bbox 399 1556 2050 1633; baseline 0.001 -20"><span class='ocrx_word' id='word_1_103' title='bbox 399 1556 844 1614; x_wconf 83' lang='lat' dir='ltr'><strong>mihi?Galicem</strong></span> <span class='ocrx_word' id='word_1_104' title='bbox 860 1560 1134 1615; x_wconf 90' lang='lat' dir='ltr'><strong>salutaris</strong></span> <span class='ocrx_word' id='word_1_105' title='bbox 1149 1560 1428 1633; x_wconf 86' lang='lat' dir='ltr'><strong>accipiam</strong></span> <span class='ocrx_word' id='word_1_106' title='bbox 1441 1604 1454 1616; x_wconf 98' lang='lat'><strong>.</strong></span> <span class='ocrx_word' id='word_1_107' title='bbox 1474 1585 1502 1611; x_wconf 84' lang='lat'><strong><em>»</em></strong></span> <span class='ocrx_word' id='word_1_108' title='bbox 1515 1562 1585 1616; x_wconf 81' lang='lat' dir='ltr'><strong>Et</strong></span> <span class='ocrx_word' id='word_1_109' title='bbox 1600 1579 1732 1617; x_wconf 86' lang='lat' dir='ltr'><strong>mox</strong></span> <span class='ocrx_word' id='word_1_110' title='bbox 1745 1560 2050 1633; x_wconf 83' lang='lat' dir='ltr'><strong>subjunxit</strong></span> 
     </span>
    </p>
   </div>
   <div class='ocr_carea' id='block_1_16' title="bbox 398 1645 2049 1719">
    <p class='ocr_par' dir='ltr' id='par_1_16' title="bbox 398 1645 2049 1719">
     <span class='ocr_line' id='line_1_16' title="bbox 398 1645 2049 1719; baseline 0.002 -18"><span class='ocrx_word' id='word_1_111' title='bbox 398 1645 538 1719; x_wconf 91' lang='lat' dir='ltr'><strong>quid</strong></span> <span class='ocrx_word' id='word_1_112' title='bbox 569 1651 724 1703; x_wconf 87' lang='lat' dir='ltr'><strong>esset</strong></span> <span class='ocrx_word' id='word_1_113' title='bbox 754 1648 901 1703; x_wconf 85' lang='lat' dir='ltr'><strong>calix</strong></span> <span class='ocrx_word' id='word_1_114' title='bbox 931 1648 1226 1717; x_wconf 89' lang='lat' dir='ltr'><strong>salutaris,</strong></span> <span class='ocrx_word' id='word_1_115' title='bbox 1262 1651 1460 1706; x_wconf 80' lang='lat' dir='ltr'><strong>dicens</strong></span> <span class='ocrx_word' id='word_1_116' title='bbox 1482 1668 1539 1706; x_wconf 83' lang='lat'><strong>:«</strong></span> <span class='ocrx_word' id='word_1_117' title='bbox 1556 1651 1814 1707; x_wconf 85' lang='lat' dir='ltr'><strong>Pretiosa</strong></span> <span class='ocrx_word' id='word_1_118' title='bbox 1843 1651 2049 1705; x_wconf 91' lang='lat' dir='ltr'><strong>incon-</strong></span> 
     </span>
    </p>
   </div>
   <div class='ocr_carea' id='block_1_17' title="bbox 395 1736 2047 1813">
    <p class='ocr_par' dir='ltr' id='par_1_17' title="bbox 395 1736 2047 1813">
     <span class='ocr_line' id='line_1_17' title="bbox 395 1736 2047 1813; baseline 0.001 -21"><span class='ocrx_word' id='word_1_119' title='bbox 395 1738 597 1808; x_wconf 88' lang='lat' dir='ltr'><strong>spectu</strong></span> <span class='ocrx_word' id='word_1_120' title='bbox 608 1736 833 1792; x_wconf 89' lang='lat' dir='ltr'><strong>Domini</strong></span> <span class='ocrx_word' id='word_1_121' title='bbox 848 1752 1005 1793; x_wconf 85' lang='lat' dir='ltr'><strong>mors</strong></span> <span class='ocrx_word' id='word_1_122' title='bbox 1020 1742 1356 1794; x_wconf 86' lang='lat' dir='ltr'><strong>sanctorum</strong></span> <span class='ocrx_word' id='word_1_123' title='bbox 1370 1741 1518 1811; x_wconf 77' lang='lat' dir='ltr'><strong>ejus.</strong></span> <span class='ocrx_word' id='word_1_124' title='bbox 1532 1740 1860 1813; x_wconf 76' lang='lat' dir='ltr'><strong>nBaptismo</strong></span> <span class='ocrx_word' id='word_1_125' title='bbox 1872 1739 2047 1795; x_wconf 89' lang='lat' dir='ltr'><strong>etiam</strong></span> 
     </span>
    </p>
   </div>
   <div class='ocr_carea' id='block_1_18' title="bbox 396 1822 2045 1900">
    <p class='ocr_par' dir='ltr' id='par_1_18' title="bbox 396 1822 2045 1900">
     <span class='ocr_line' id='line_1_18' title="bbox 396 1822 2045 1900; baseline 0.002 -21"><span class='ocrx_word' id='word_1_126' title='bbox 396 1822 742 1897; x_wconf 90' lang='lat' dir='ltr'><strong>plerumque</strong></span> <span class='ocrx_word' id='word_1_127' title='bbox 770 1827 964 1898; x_wconf 87' lang='lat' dir='ltr'><strong>passio</strong></span> <span class='ocrx_word' id='word_1_128' title='bbox 995 1826 1356 1900; x_wconf 87' lang='lat' dir='ltr'><strong>designatur,</strong></span> <span class='ocrx_word' id='word_1_129' title='bbox 1390 1827 1542 1884; x_wconf 90' lang='lat' dir='ltr'><strong>sicut</strong></span> <span class='ocrx_word' id='word_1_130' title='bbox 1575 1828 1855 1884; x_wconf 87' lang='lat' dir='ltr'><strong>Dominus</strong></span> <span class='ocrx_word' id='word_1_131' title='bbox 1874 1827 2045 1882; x_wconf 87' lang='lat' dir='ltr'><strong>dicit:</strong></span> 
     </span>
    </p>
   </div>
   <div class='ocr_carea' id='block_1_19' title="bbox 398 1913 2049 1988">
    <p class='ocr_par' dir='ltr' id='par_1_19' title="bbox 398 1913 2049 1988">
     <span class='ocr_line' id='line_1_19' title="bbox 398 1913 2049 1988; baseline 0.004 -22"><span class='ocrx_word' id='word_1_132' title='bbox 398 1938 425 1964; x_wconf 76' lang='grc' dir='ltr'>α</span> <span class='ocrx_word' id='word_1_133' title='bbox 460 1913 817 1986; x_wconf 83' lang='lat' dir='ltr'><strong>Baptismate</strong></span> <span class='ocrx_word' id='word_1_134' title='bbox 848 1915 1032 1972; x_wconf 88' lang='lat' dir='ltr'><strong>habeo</strong></span> <span class='ocrx_word' id='word_1_135' title='bbox 1055 1917 1367 1988; x_wconf 87' lang='lat' dir='ltr'><strong>haptizari(</strong></span> <span class='ocrx_word' id='word_1_136' title='bbox 1379 1918 1500 1973; x_wconf 85' lang='lat' dir='ltr'><strong>Luc.</strong></span> <span class='ocrx_word' id='word_1_137' title='bbox 1520 1921 1641 1985; x_wconf 81' lang='lat' dir='ltr'><strong>xu).</strong></span> <span class='ocrx_word' id='word_1_138' title='bbox 1666 1942 1688 1969; x_wconf 64' lang='grc' dir='ltr'><strong>η</strong></span> <span class='ocrx_word' id='word_1_139' title='bbox 1718 1916 1896 1983; x_wconf 88' lang='lat' dir='ltr'><strong>id,est</strong></span> <span class='ocrx_word' id='word_1_140' title='bbox 1918 1934 2049 1988; x_wconf 85' lang='lat' dir='ltr'><strong>pas-</strong></span> 
     </span>
    </p>
   </div>
   <div class='ocr_carea' id='block_1_20' title="bbox 395 2002 2049 2080">
    <p class='ocr_par' dir='ltr' id='par_1_20' title="bbox 395 2002 2049 2080">
     <span class='ocr_line' id='line_1_20' title="bbox 395 2002 2049 2080; baseline 0.001 -21"><span class='ocrx_word' id='word_1_141' title='bbox 395 2002 619 2060; x_wconf 83' lang='lat' dir='ltr'><strong>sionem</strong></span> <span class='ocrx_word' id='word_1_142' title='bbox 652 2003 837 2061; x_wconf 86' lang='lat' dir='ltr'><strong>habeo</strong></span> <span class='ocrx_word' id='word_1_143' title='bbox 868 2005 1177 2061; x_wconf 88' lang='lat' dir='ltr'><strong>sustinere.</strong></span> <span class='ocrx_word' id='word_1_144' title='bbox 1200 2007 1671 2080; x_wconf 89' lang='lat' dir='ltr'><strong>Interrogatergo</strong></span> <span class='ocrx_word' id='word_1_145' title='bbox 1689 2005 2049 2076; x_wconf 90' lang='lat' dir='ltr'><strong>Dominus,si</strong></span> 
     </span>
    </p>
   </div>
   <div class='ocr_carea' id='block_1_21' title="bbox 397 2092 2048 2169">
    <p class='ocr_par' dir='ltr' id='par_1_21' title="bbox 397 2092 2048 2169">
     <span class='ocr_line' id='line_1_21' title="bbox 397 2092 2048 2169; baseline 0.001 -21"><span class='ocrx_word' id='word_1_146' title='bbox 397 2097 637 2166; x_wconf 86' lang='lat' dir='ltr'><strong>possent</strong></span> <span class='ocrx_word' id='word_1_147' title='bbox 665 2092 906 2149; x_wconf 85' lang='lat' dir='ltr'><strong>calicem</strong></span> <span class='ocrx_word' id='word_1_148' title='bbox 939 2093 1156 2162; x_wconf 89' lang='lat' dir='ltr'><strong>bibere,</strong></span> <span class='ocrx_word' id='word_1_149' title='bbox 1179 2112 1352 2167; x_wconf 87' lang='lat' dir='ltr'><strong>quem</strong></span> <span class='ocrx_word' id='word_1_150' title='bbox 1384 2095 1509 2169; x_wconf 89' lang='lat' dir='ltr'><strong>ipse</strong></span> <span class='ocrx_word' id='word_1_151' title='bbox 1523 2093 2048 2160; x_wconf 87' lang='lat' dir='ltr'><strong>bibituruserat,id</strong></span> 
     </span>
    </p>
   </div>
   <div class='ocr_carea' id='block_1_22' title="bbox 395 2182 2050 2256">
    <p class='ocr_par' dir='ltr' id='par_1_22' title="bbox 395 2182 2050 2256">
     <span class='ocr_line' id='line_1_22' title="bbox 395 2182 2050 2256; baseline 0.001 -19"><span class='ocrx_word' id='word_1_152' title='bbox 395 2186 505 2249; x_wconf 87' lang='lat' dir='ltr'><strong>est,</strong></span> <span class='ocrx_word' id='word_1_153' title='bbox 537 2182 586 2238; x_wconf 90' lang='lat' dir='ltr'><strong>si</strong></span> <span class='ocrx_word' id='word_1_154' title='bbox 617 2183 882 2239; x_wconf 82' lang='lat' dir='ltr'><strong>eamdem</strong></span> <span class='ocrx_word' id='word_1_155' title='bbox 913 2184 1244 2256; x_wconf 85' lang='lat' dir='ltr'><strong>passionem</strong></span> <span class='ocrx_word' id='word_1_156' title='bbox 1279 2190 1516 2256; x_wconf 87' lang='lat' dir='ltr'><strong>possent</strong></span> <span class='ocrx_word' id='word_1_157' title='bbox 1535 2185 1699 2252; x_wconf 84' lang='lat' dir='ltr'><strong>ferre,</strong></span> <span class='ocrx_word' id='word_1_158' title='bbox 1733 2184 2050 2256; x_wconf 89' lang='lat' dir='ltr'><strong>quamipse</strong></span> 
     </span>
    </p>
   </div>
   <div class='ocr_carea' id='block_1_23' title="bbox 398 2271 2050 2345">
    <p class='ocr_par' dir='ltr' id='par_1_23' title="bbox 398 2271 2050 2345">
     <span class='ocr_line' id='line_1_23' title="bbox 398 2271 2050 2345; baseline 0.001 -20"><span class='ocrx_word' id='word_1_159' title='bbox 398 2287 682 2343; x_wconf 85' lang='lat' dir='ltr'><strong>passurus</strong></span> <span class='ocrx_word' id='word_1_160' title='bbox 711 2275 950 2344; x_wconf 88' lang='lat' dir='ltr'><strong>eratpro</strong></span> <span class='ocrx_word' id='word_1_161' title='bbox 967 2271 1099 2327; x_wconf 86' lang='lat' dir='ltr'><strong>illis.</strong></span> <span class='ocrx_word' id='word_1_162' title='bbox 1121 2273 1183 2327; x_wconf 89' lang='lat' dir='ltr'><strong>In</strong></span> <span class='ocrx_word' id='word_1_163' title='bbox 1202 2273 1416 2345; x_wconf 90' lang='lat' dir='ltr'><strong>quibus</strong></span> <span class='ocrx_word' id='word_1_164' title='bbox 1440 2274 1630 2328; x_wconf 81' lang='lat' dir='ltr'><strong>verbis</strong></span> <span class='ocrx_word' id='word_1_165' title='bbox 1649 2278 1845 2344; x_wconf 87' lang='lat' dir='ltr'><strong>aperte</strong></span> <span class='ocrx_word' id='word_1_166' title='bbox 1862 2277 2050 2327; x_wconf 86' lang='lat' dir='ltr'><strong>osten-</strong></span> 
     </span>
    </p>
   </div>
   <div class='ocr_carea' id='block_1_24' title="bbox 397 2359 2044 2435">
    <p class='ocr_par' dir='ltr' id='par_1_24' title="bbox 397 2359 2044 2435">
     <span class='ocr_line' id='line_1_24' title="bbox 397 2359 2044 2435; baseline 0.003 -22"><span class='ocrx_word' id='word_1_167' title='bbox 397 2359 501 2423; x_wconf 85' lang='lat' dir='ltr'><strong>dit,</strong></span> <span class='ocrx_word' id='word_1_168' title='bbox 536 2361 676 2433; x_wconf 85' lang='lat' dir='ltr'><strong>quia</strong></span> <span class='ocrx_word' id='word_1_169' title='bbox 705 2360 866 2433; x_wconf 87' lang='lat' dir='ltr'><strong>prius</strong></span> <span class='ocrx_word' id='word_1_170' title='bbox 879 2361 1203 2417; x_wconf 86' lang='lat' dir='ltr'><strong>sustinetur</strong></span> <span class='ocrx_word' id='word_1_171' title='bbox 1216 2362 1504 2435; x_wconf 82' lang='lat' dir='ltr'><strong>supplicia</strong></span> <span class='ocrx_word' id='word_1_172' title='bbox 1516 2380 1568 2417; x_wconf 90' lang='lat' dir='ltr'><strong>m</strong></span> <span class='ocrx_word' id='word_1_173' title='bbox 1580 2407 1592 2430; x_wconf 93' lang='lat'><strong>,</strong></span> <span class='ocrx_word' id='word_1_174' title='bbox 1610 2379 1676 2417; x_wconf 91' lang='lat' dir='ltr'><strong>ac</strong></span> <span class='ocrx_word' id='word_1_175' title='bbox 1691 2362 1899 2417; x_wconf 76' lang='lat' dir='ltr'><strong>deinde</strong></span> <span class='ocrx_word' id='word_1_176' title='bbox 1918 2379 2044 2433; x_wconf 88' lang='lat' dir='ltr'><strong>per-</strong></span> 
     </span>
    </p>
   </div>
   <div class='ocr_carea' id='block_1_25' title="bbox 394 2442 1103 2522">
    <p class='ocr_par' dir='ltr' id='par_1_25' title="bbox 394 2442 1103 2522">
     <span class='ocr_line' id='line_1_25' title="bbox 394 2442 1103 2522; baseline 0 -17"><span class='ocrx_word' id='word_1_177' title='bbox 394 2450 625 2506; x_wconf 84' lang='lat' dir='ltr'><strong>venitur</strong></span> <span class='ocrx_word' id='word_1_178' title='bbox 652 2450 726 2506; x_wconf 79' lang='lat' dir='ltr'><strong>ad</strong></span> <span class='ocrx_word' id='word_1_179' title='bbox 757 2464 1023 2522; x_wconf 83' lang='lat' dir='ltr'><strong>regnum.</strong></span> <span class='ocrx_word' id='word_1_180' title='bbox 1100 2442 1103 2447; x_wconf 72' lang='grc'><em>’</em></span> 
     </span>
    </p>
   </div>
   <div class='ocr_carea' id='block_1_26' title="bbox 471 2538 2047 2621">
    <p class='ocr_par' dir='ltr' id='par_1_26' title="bbox 471 2538 2047 2621">
     <span class='ocr_line' id='line_1_26' title="bbox 471 2538 2047 2621; baseline 0.001 -26"><span class='ocrx_word' id='word_1_181' title='bbox 471 2560 499 2589; x_wconf 85' lang='grc'><strong>‹‹</strong></span> <span class='ocrx_word' id='word_1_182' title='bbox 529 2538 779 2596; x_wconf 85' lang='lat' dir='ltr'><strong>Calicem</strong></span> <span class='ocrx_word' id='word_1_183' title='bbox 813 2539 1049 2611; x_wconf 87' lang='lat' dir='ltr'><strong>quidem</strong></span> <span class='ocrx_word' id='word_1_184' title='bbox 1082 2540 1528 2621; x_wconf 66' lang='lat' dir='ltr'><strong>meumbibetis,</strong></span> <span class='ocrx_word' id='word_1_185' title='bbox 1566 2541 1660 2596; x_wconf 73' lang='lat' dir='ltr'><strong>nid</strong></span> <span class='ocrx_word' id='word_1_186' title='bbox 1694 2544 1801 2607; x_wconf 86' lang='lat' dir='ltr'><strong>est,</strong></span> <span class='ocrx_word' id='word_1_187' title='bbox 1827 2540 2047 2612; x_wconf 87' lang='lat' dir='ltr'><strong>passio-</strong></span> 
     </span>
    </p>
   </div>
   <div class='ocr_carea' id='block_1_27' title="bbox 394 2628 2044 2701">
    <p class='ocr_par' dir='ltr' id='par_1_27' title="bbox 394 2628 2044 2701">
     <span class='ocr_line' id='line_1_27' title="bbox 394 2628 2044 2701; baseline 0.001 -18"><span class='ocrx_word' id='word_1_188' title='bbox 394 2644 529 2685; x_wconf 89' lang='lat' dir='ltr'><strong>nem</strong></span> <span class='ocrx_word' id='word_1_189' title='bbox 561 2644 751 2684; x_wconf 88' lang='lat' dir='ltr'><strong>meam</strong></span> <span class='ocrx_word' id='word_1_190' title='bbox 785 2628 1171 2699; x_wconf 88' lang='lat' dir='ltr'><strong>sustinebitis,</strong></span> <span class='ocrx_word' id='word_1_191' title='bbox 1192 2630 1354 2696; x_wconf 84' lang='lat' dir='ltr'><strong>Quod</strong></span> <span class='ocrx_word' id='word_1_192' title='bbox 1373 2630 1749 2701; x_wconf 73' lang='lat' dir='ltr'><strong>quaerendum</strong></span> <span class='ocrx_word' id='word_1_193' title='bbox 1778 2634 2044 2699; x_wconf 81' lang='lat' dir='ltr'><strong>est,quo—</strong></span> 
     </span>
    </p>
   </div>
   <div class='ocr_carea' id='block_1_28' title="bbox 391 2716 2042 2791">
    <p class='ocr_par' dir='ltr' id='par_1_28' title="bbox 391 2716 2042 2791">
     <span class='ocr_line' id='line_1_28' title="bbox 391 2716 2042 2791; baseline 0 -19"><span class='ocrx_word' id='word_1_194' title='bbox 391 2718 564 2773; x_wconf 92' lang='lat' dir='ltr'><strong>modo</strong></span> <span class='ocrx_word' id='word_1_195' title='bbox 590 2716 970 2790; x_wconf 87' lang='lat' dir='ltr'><strong>intelligatur.</strong></span> <span class='ocrx_word' id='word_1_196' title='bbox 1006 2718 1085 2772; x_wconf 91' lang='lat' dir='ltr'><strong>De</strong></span> <span class='ocrx_word' id='word_1_197' title='bbox 1115 2718 1330 2774; x_wconf 89' lang='lat' dir='ltr'><strong>Jacobo</strong></span> <span class='ocrx_word' id='word_1_198' title='bbox 1344 2736 1475 2774; x_wconf 87' lang='lat' dir='ltr'><strong>vero</strong></span> <span class='ocrx_word' id='word_1_199' title='bbox 1492 2719 1647 2791; x_wconf 89' lang='lat' dir='ltr'><strong>quod</strong></span> <span class='ocrx_word' id='word_1_200' title='bbox 1674 2719 1795 2791; x_wconf 81' lang='lat' dir='ltr'><strong>ipse</strong></span> <span class='ocrx_word' id='word_1_201' title='bbox 1815 2717 2042 2773; x_wconf 89' lang='lat' dir='ltr'><strong>Domini</strong></span> 
     </span>
    </p>
   </div>
   <div class='ocr_carea' id='block_1_29' title="bbox 390 2804 2043 2880">
    <p class='ocr_par' dir='ltr' id='par_1_29' title="bbox 390 2804 2043 2880">
     <span class='ocr_line' id='line_1_29' title="bbox 390 2804 2043 2880; baseline 0.001 -20"><span class='ocrx_word' id='word_1_202' title='bbox 390 2804 630 2862; x_wconf 88' lang='lat' dir='ltr'><strong>calicem</strong></span> <span class='ocrx_word' id='word_1_203' title='bbox 662 2805 895 2874; x_wconf 88' lang='lat' dir='ltr'><strong>biberit,</strong></span> <span class='ocrx_word' id='word_1_204' title='bbox 926 2806 1089 2862; x_wconf 89' lang='lat' dir='ltr'><strong>nulla</strong></span> <span class='ocrx_word' id='word_1_205' title='bbox 1119 2806 1402 2862; x_wconf 86' lang='lat' dir='ltr'><strong>dubitatio</strong></span> <span class='ocrx_word' id='word_1_206' title='bbox 1435 2807 1695 2880; x_wconf 86' lang='lat' dir='ltr'><strong>est,quia</strong></span> <span class='ocrx_word' id='word_1_207' title='bbox 1720 2808 1790 2862; x_wconf 90' lang='lat' dir='ltr'><strong>ab</strong></span> <span class='ocrx_word' id='word_1_208' title='bbox 1821 2808 2043 2862; x_wconf 90' lang='lat' dir='ltr'><strong>IIerode</strong></span> 
     </span>
    </p>
   </div>
   <div class='ocr_carea' id='block_1_30' title="bbox 390 2893 2039 2967">
    <p class='ocr_par' dir='ltr' id='par_1_30' title="bbox 390 2893 2039 2967">
     <span class='ocr_line' id='line_1_30' title="bbox 390 2893 2039 2967; baseline 0.002 -19"><span class='ocrx_word' id='word_1_209' title='bbox 390 2893 578 2967; x_wconf 87' lang='lat' dir='ltr'><strong>capite</strong></span> <span class='ocrx_word' id='word_1_210' title='bbox 608 2898 915 2949; x_wconf 87' lang='lat' dir='ltr'><strong>truncatus</strong></span> <span class='ocrx_word' id='word_1_211' title='bbox 946 2900 1056 2950; x_wconf 87' lang='lat' dir='ltr'><strong>est.</strong></span> <span class='ocrx_word' id='word_1_212' title='bbox 1092 2896 1169 2950; x_wconf 86' lang='lat' dir='ltr'><strong>De</strong></span> <span class='ocrx_word' id='word_1_213' title='bbox 1198 2896 1422 2951; x_wconf 87' lang='lat' dir='ltr'><strong>Joanne</strong></span> <span class='ocrx_word' id='word_1_214' title='bbox 1471 2913 1603 2952; x_wconf 90' lang='lat' dir='ltr'><strong>vero</strong></span> <span class='ocrx_word' id='word_1_215' title='bbox 1655 2897 1901 2951; x_wconf 89' lang='lat' dir='ltr'><strong>dubium</strong></span> <span class='ocrx_word' id='word_1_216' title='bbox 1934 2901 2039 2965; x_wconf 87' lang='lat' dir='ltr'><strong>est,</strong></span> 
     </span>
    </p>
   </div>
   <div class='ocr_carea' id='block_1_31' title="bbox 312 2978 2042 3056">
    <p class='ocr_par' dir='ltr' id='par_1_31' title="bbox 312 2978 2042 3056">
     <span class='ocr_line' id='line_1_31' title="bbox 312 2978 2042 3056; baseline 0.003 -20"><span class='ocrx_word' id='word_1_217' title='bbox 312 2978 323 2986; x_wconf 84' lang='grc'><strong>’</strong></span> <span class='ocrx_word' id='word_1_218' title='bbox 391 2999 525 3037; x_wconf 91' lang='lat' dir='ltr'><strong>cum</strong></span> <span class='ocrx_word' id='word_1_219' title='bbox 560 2983 683 3054; x_wconf 89' lang='lat' dir='ltr'><strong>ipse</strong></span> <span class='ocrx_word' id='word_1_220' title='bbox 713 3000 814 3055; x_wconf 89' lang='lat' dir='ltr'><strong>per</strong></span> <span class='ocrx_word' id='word_1_221' title='bbox 843 2984 1101 3056; x_wconf 79' lang='lat' dir='ltr'><strong>martyrii</strong></span> <span class='ocrx_word' id='word_1_222' title='bbox 1136 2984 1558 3056; x_wconf 82' lang='lat' dir='ltr'><strong>poenamvitam</strong></span> <span class='ocrx_word' id='word_1_223' title='bbox 1586 2985 2042 3041; x_wconf 80' lang='lat' dir='ltr'><strong>hancnonﬁnie-</strong></span> 
     </span>
    </p>
   </div>
   <div class='ocr_carea' id='block_1_32' title="bbox 392 3071 2043 3148">
    <p class='ocr_par' dir='ltr' id='par_1_32' title="bbox 392 3071 2043 3148">
     <span class='ocr_line' id='line_1_32' title="bbox 392 3071 2043 3148; baseline 0.002 -22"><span class='ocrx_word' id='word_1_224' title='bbox 392 3072 487 3127; x_wconf 85' lang='lat' dir='ltr'><strong>rit.</strong></span> <span class='ocrx_word' id='word_1_225' title='bbox 521 3072 632 3127; x_wconf 88' lang='lat' dir='ltr'><strong>Sed</strong></span> <span class='ocrx_word' id='word_1_226' title='bbox 677 3071 803 3145; x_wconf 90' lang='lat' dir='ltr'><strong>ipse</strong></span> <span class='ocrx_word' id='word_1_227' title='bbox 834 3071 967 3127; x_wconf 88' lang='lat' dir='ltr'><strong>licet</strong></span> <span class='ocrx_word' id='word_1_228' title='bbox 998 3090 1099 3145; x_wconf 91' lang='lat' dir='ltr'><strong>per</strong></span> <span class='ocrx_word' id='word_1_229' title='bbox 1130 3075 1471 3130; x_wconf 70' lang='lat' dir='ltr'><strong>effusionem</strong></span> <span class='ocrx_word' id='word_1_230' title='bbox 1505 3075 1810 3148; x_wconf 83' lang='lat' dir='ltr'><strong>sanguinis</strong></span> <span class='ocrx_word' id='word_1_231' title='bbox 1840 3076 1909 3130; x_wconf 89' lang='lat' dir='ltr'><strong>de</strong></span> <span class='ocrx_word' id='word_1_232' title='bbox 1934 3075 2043 3130; x_wconf 91' lang='lat' dir='ltr'><strong>hoc</strong></span> 
     </span>
    </p>
   </div>
   <div class='ocr_carea' id='block_1_33' title="bbox 391 3159 2041 3236">
    <p class='ocr_par' dir='ltr' id='par_1_33' title="bbox 391 3159 2041 3236">
     <span class='ocr_line' id='line_1_33' title="bbox 391 3159 2041 3236; baseline 0.001 -21"><span class='ocrx_word' id='word_1_233' title='bbox 391 3159 604 3216; x_wconf 75' lang='lat' dir='ltr'><strong>saeculo</strong></span> <span class='ocrx_word' id='word_1_234' title='bbox 633 3175 747 3217; x_wconf 89' lang='lat' dir='ltr'><strong>non</strong></span> <span class='ocrx_word' id='word_1_235' title='bbox 762 3161 1079 3233; x_wconf 89' lang='lat' dir='ltr'><strong>transierit,</strong></span> <span class='ocrx_word' id='word_1_236' title='bbox 1108 3167 1302 3219; x_wconf 88' lang='lat' dir='ltr'><strong>tamen</strong></span> <span class='ocrx_word' id='word_1_237' title='bbox 1321 3163 1558 3219; x_wconf 88' lang='lat' dir='ltr'><strong>calicem</strong></span> <span class='ocrx_word' id='word_1_238' title='bbox 1588 3164 1714 3236; x_wconf 88' lang='lat' dir='ltr'><strong>ipse</strong></span> <span class='ocrx_word' id='word_1_239' title='bbox 1728 3163 2041 3219; x_wconf 86' lang='lat' dir='ltr'><strong>Salvatoris</strong></span> 
     </span>
    </p>
   </div>
   <div class='ocr_carea' id='block_1_34' title="bbox 2152 580 3801 663">
    <p class='ocr_par' dir='ltr' id='par_1_34' title="bbox 2152 580 3801 663">
     <span class='ocr_line' id='line_1_34' title="bbox 2152 580 3801 663; baseline -0.002 -24"><span class='ocrx_word' id='word_1_240' title='bbox 2152 584 2384 663; x_wconf 67' lang='lat' dir='ltr'><strong>dextera</strong></span> <span class='ocrx_word' id='word_1_241' title='bbox 2416 583 2572 638; x_wconf 90' lang='lat' dir='ltr'><strong>illius</strong></span> <span class='ocrx_word' id='word_1_242' title='bbox 2605 582 3033 656; x_wconf 79' lang='lat' dir='ltr'><strong>amplexabitur</strong></span> <span class='ocrx_word' id='word_1_243' title='bbox 3065 598 3156 638; x_wconf 88' lang='lat' dir='ltr'><strong>me</strong></span> <span class='ocrx_word' id='word_1_244' title='bbox 3188 582 3372 655; x_wconf 75' lang='lat' dir='ltr'><strong>(Cant.</strong></span> <span class='ocrx_word' id='word_1_245' title='bbox 3410 584 3493 648; x_wconf 84' lang='grc' dir='ltr'><strong>ιι).</strong></span> <span class='ocrx_word' id='word_1_246' title='bbox 3522 604 3628 629; x_wconf 62' lang='grc' dir='ltr'><strong>»ησ-</strong></span> <span class='ocrx_word' id='word_1_247' title='bbox 3649 606 3671 625; x_wconf 85' lang='grc'><strong>‹‹</strong></span> <span class='ocrx_word' id='word_1_248' title='bbox 3692 580 3801 636; x_wconf 86' lang='lat' dir='ltr'><strong>Sed</strong></span> 
     </span>
    </p>
   </div>
   <div class='ocr_carea' id='block_1_35' title="bbox 2153 668 3805 745">
    <p class='ocr_par' dir='ltr' id='par_1_35' title="bbox 2153 668 3805 745">
     <span class='ocr_line' id='line_1_35' title="bbox 2153 668 3805 745; baseline -0.001 -19"><span class='ocrx_word' id='word_1_249' title='bbox 2153 671 2368 745; x_wconf 86' lang='lat' dir='ltr'><strong>quibus</strong></span> <span class='ocrx_word' id='word_1_250' title='bbox 2400 678 2671 744; x_wconf 88' lang='lat' dir='ltr'><strong>paratum</strong></span> <span class='ocrx_word' id='word_1_251' title='bbox 2703 677 2837 728; x_wconf 90' lang='lat' dir='ltr'><strong>esta</strong></span> <span class='ocrx_word' id='word_1_252' title='bbox 2857 672 3021 728; x_wconf 87' lang='lat' dir='ltr'><strong>Patre</strong></span> <span class='ocrx_word' id='word_1_253' title='bbox 3037 687 3186 727; x_wconf 89' lang='lat' dir='ltr'><strong>meo.</strong></span> <span class='ocrx_word' id='word_1_254' title='bbox 3212 693 3237 720; x_wconf 85' lang='grc'><strong>››</strong></span> <span class='ocrx_word' id='word_1_255' title='bbox 3252 670 3585 726; x_wconf 87' lang='lat' dir='ltr'><strong>Humilibus</strong></span> <span class='ocrx_word' id='word_1_256' title='bbox 3608 668 3805 725; x_wconf 83' lang='lat' dir='ltr'><strong>videli-</strong></span> 
     </span>
    </p>
   </div>
   <div class='ocr_carea' id='block_1_36' title="bbox 2153 759 3803 826">
    <p class='ocr_par' dir='ltr' id='par_1_36' title="bbox 2153 759 3803 826">
     <span class='ocr_line' id='line_1_36' title="bbox 2153 759 3803 826; baseline -0.001 -10"><span class='ocrx_word' id='word_1_257' title='bbox 2153 766 2242 817; x_wconf 89' lang='lat' dir='ltr'><strong>cet</strong></span> <span class='ocrx_word' id='word_1_258' title='bbox 2272 765 2328 816; x_wconf 90' lang='lat' dir='ltr'><strong>et</strong></span> <span class='ocrx_word' id='word_1_259' title='bbox 2358 761 2622 826; x_wconf 85' lang='lat' dir='ltr'><strong>mitibus,</strong></span> <span class='ocrx_word' id='word_1_260' title='bbox 2655 760 3027 817; x_wconf 87' lang='lat' dir='ltr'><strong>audientibus</strong></span> <span class='ocrx_word' id='word_1_261' title='bbox 3059 776 3152 815; x_wconf 89' lang='lat' dir='ltr'><strong>me</strong></span> <span class='ocrx_word' id='word_1_262' title='bbox 3183 759 3554 815; x_wconf 65' lang='lat' dir='ltr'><strong>dicentemm</strong></span> <span class='ocrx_word' id='word_1_263' title='bbox 3589 759 3803 815; x_wconf 81' lang='lat' dir='ltr'><strong>Discite</strong></span> 
     </span>
    </p>
   </div>
   <div class='ocr_carea' id='block_1_37' title="bbox 2154 848 3798 922">
    <p class='ocr_par' dir='ltr' id='par_1_37' title="bbox 2154 848 3798 922">
     <span class='ocr_line' id='line_1_37' title="bbox 2154 848 3798 922; baseline -0.003 -18"><span class='ocrx_word' id='word_1_264' title='bbox 2154 867 2187 904; x_wconf 89' lang='lat' dir='ltr'><strong>a</strong></span> <span class='ocrx_word' id='word_1_265' title='bbox 2219 863 2330 916; x_wconf 90' lang='lat' dir='ltr'><strong>me,</strong></span> <span class='ocrx_word' id='word_1_266' title='bbox 2365 850 2504 922; x_wconf 87' lang='lat' dir='ltr'><strong>quia</strong></span> <span class='ocrx_word' id='word_1_267' title='bbox 2534 851 2695 905; x_wconf 87' lang='lat' dir='ltr'><strong>mitis</strong></span> <span class='ocrx_word' id='word_1_268' title='bbox 2725 868 2856 905; x_wconf 90' lang='lat' dir='ltr'><strong>sum</strong></span> <span class='ocrx_word' id='word_1_269' title='bbox 2887 855 2944 905; x_wconf 90' lang='lat' dir='ltr'><strong>et</strong></span> <span class='ocrx_word' id='word_1_270' title='bbox 2974 848 3215 921; x_wconf 62' lang='lat' dir='ltr'><strong>humilis</strong></span> <span class='ocrx_word' id='word_1_271' title='bbox 3237 850 3408 905; x_wconf 89' lang='lat' dir='ltr'><strong>corde</strong></span> <span class='ocrx_word' id='word_1_272' title='bbox 3439 848 3798 921; x_wconf 76' lang='lat' dir='ltr'><strong>(Matth.x|).»</strong></span> 
     </span>
    </p>
   </div>
   <div class='ocr_carea' id='block_1_38' title="bbox 2229 938 3800 1011">
    <p class='ocr_par' dir='ltr' id='par_1_38' title="bbox 2229 938 3800 1011">
     <span class='ocr_line' id='line_1_38' title="bbox 2229 938 3800 1011; baseline 0 -18"><span class='ocrx_word' id='word_1_273' title='bbox 2229 960 2255 987; x_wconf 93' lang='grc'><strong>‹‹</strong></span> <span class='ocrx_word' id='word_1_274' title='bbox 2290 940 2357 993; x_wconf 85' lang='lat' dir='ltr'><strong>Et</strong></span> <span class='ocrx_word' id='word_1_275' title='bbox 2386 939 2691 994; x_wconf 86' lang='lat' dir='ltr'><strong>audientes</strong></span> <span class='ocrx_word' id='word_1_276' title='bbox 2721 940 2940 1008; x_wconf 89' lang='lat' dir='ltr'><strong>decem,</strong></span> <span class='ocrx_word' id='word_1_277' title='bbox 2974 938 3265 1011; x_wconf 81' lang='lat' dir='ltr'><strong>indignati</strong></span> <span class='ocrx_word' id='word_1_278' title='bbox 3298 942 3438 993; x_wconf 89' lang='lat' dir='ltr'><strong>sunt</strong></span> <span class='ocrx_word' id='word_1_279' title='bbox 3467 938 3538 993; x_wconf 88' lang='lat' dir='ltr'><strong>de</strong></span> <span class='ocrx_word' id='word_1_280' title='bbox 3568 938 3800 994; x_wconf 83' lang='lat' dir='ltr'><strong>duobus</strong></span> 
     </span>
    </p>
   </div>
   <div class='ocr_carea' id='block_1_39' title="bbox 2156 1026 3807 1100">
    <p class='ocr_par' dir='ltr' id='par_1_39' title="bbox 2156 1026 3807 1100">
     <span class='ocr_line' id='line_1_39' title="bbox 2156 1026 3807 1100; baseline 0.004 -24"><span class='ocrx_word' id='word_1_281' title='bbox 2156 1050 2181 1076; x_wconf 88' lang='grc'><strong>‹‹</strong></span> <span class='ocrx_word' id='word_1_282' title='bbox 2219 1028 2516 1084; x_wconf 81' lang='lat' dir='ltr'><strong>fratribus.</strong></span> <span class='ocrx_word' id='word_1_283' title='bbox 2543 1051 2568 1077; x_wconf 83' lang='lat'>»</span> <span class='ocrx_word' id='word_1_284' title='bbox 2598 1027 3083 1083; x_wconf 85' lang='lat' dir='ltr'><strong>Etillicarualiter</strong></span> <span class='ocrx_word' id='word_1_285' title='bbox 3098 1028 3413 1100; x_wconf 87' lang='lat' dir='ltr'><strong>petierunt,</strong></span> <span class='ocrx_word' id='word_1_286' title='bbox 3428 1026 3807 1083; x_wconf 85' lang='lat' dir='ltr'><strong>etisticarna-</strong></span> 
     </span>
    </p>
   </div>
   <div class='ocr_carea' id='block_1_40' title="bbox 2155 1115 3806 1190">
    <p class='ocr_par' dir='ltr' id='par_1_40' title="bbox 2155 1115 3806 1190">
     <span class='ocr_line' id='line_1_40' title="bbox 2155 1115 3806 1190; baseline 0.001 -20"><span class='ocrx_word' id='word_1_287' title='bbox 2155 1115 2289 1171; x_wconf 87' lang='lat' dir='ltr'><strong>liter</strong></span> <span class='ocrx_word' id='word_1_288' title='bbox 2318 1116 2605 1190; x_wconf 85' lang='lat' dir='ltr'><strong>indignati</strong></span> <span class='ocrx_word' id='word_1_289' title='bbox 2641 1120 2797 1173; x_wconf 88' lang='lat' dir='ltr'><strong>sunt.</strong></span> <span class='ocrx_word' id='word_1_290' title='bbox 2832 1118 2900 1172; x_wconf 84' lang='lat' dir='ltr'><strong>Et</strong></span> <span class='ocrx_word' id='word_1_291' title='bbox 2928 1122 3123 1173; x_wconf 63' lang='lat' dir='ltr'><strong>ta‘nen</strong></span> <span class='ocrx_word' id='word_1_292' title='bbox 3158 1115 3405 1188; x_wconf 87' lang='lat' dir='ltr'><strong>apostoli</strong></span> <span class='ocrx_word' id='word_1_293' title='bbox 3458 1134 3574 1172; x_wconf 91' lang='lat' dir='ltr'><strong>non</strong></span> <span class='ocrx_word' id='word_1_294' title='bbox 3604 1120 3806 1172; x_wconf 84' lang='lat' dir='ltr'><strong>contra</strong></span> 
     </span>
    </p>
   </div>
   <div class='ocr_carea' id='block_1_41' title="bbox 2156 1204 3804 1278">
    <p class='ocr_par' dir='ltr' id='par_1_41' title="bbox 2156 1204 3804 1278">
     <span class='ocr_line' id='line_1_41' title="bbox 2156 1204 3804 1278; baseline 0 -19"><span class='ocrx_word' id='word_1_295' title='bbox 2156 1208 2401 1260; x_wconf 82' lang='lat' dir='ltr'><strong>matrem</strong></span> <span class='ocrx_word' id='word_1_296' title='bbox 2416 1204 2950 1278; x_wconf 79' lang='lat' dir='ltr'><strong>indignantur,quze</strong></span> <span class='ocrx_word' id='word_1_297' title='bbox 2968 1204 3221 1260; x_wconf 80' lang='lat' dir='ltr'><strong>filiorum</strong></span> <span class='ocrx_word' id='word_1_298' title='bbox 3236 1205 3573 1277; x_wconf 86' lang='lat' dir='ltr'><strong>petitionem</strong></span> <span class='ocrx_word' id='word_1_299' title='bbox 3588 1205 3804 1278; x_wconf 83' lang='lat' dir='ltr'><strong>attulit,</strong></span> 
     </span>
    </p>
   </div>
   <div class='ocr_carea' id='block_1_42' title="bbox 2157 1293 3803 1367">
    <p class='ocr_par' dir='ltr' id='par_1_42' title="bbox 2157 1293 3803 1367">
     <span class='ocr_line' id='line_1_42' title="bbox 2157 1293 3803 1367; baseline 0.002 -20"><span class='ocrx_word' id='word_1_300' title='bbox 2157 1293 2257 1348; x_wconf 86' lang='lat' dir='ltr'><strong>sed</strong></span> <span class='ocrx_word' id='word_1_301' title='bbox 2289 1297 2491 1349; x_wconf 83' lang='lat' dir='ltr'><strong>contra</strong></span> <span class='ocrx_word' id='word_1_302' title='bbox 2508 1293 2686 1350; x_wconf 79' lang='lat' dir='ltr'><strong>filios:</strong></span> <span class='ocrx_word' id='word_1_303' title='bbox 2709 1293 3449 1366; x_wconf 81' lang='lat' dir='ltr'><strong>quiaintcllexeruntistam</strong></span> <span class='ocrx_word' id='word_1_304' title='bbox 3467 1295 3803 1367; x_wconf 85' lang='lat' dir='ltr'><strong>petitionem</strong></span> 
     </span>
    </p>
   </div>
   <div class='ocr_carea' id='block_1_43' title="bbox 2156 1382 3804 1455">
    <p class='ocr_par' dir='ltr' id='par_1_43' title="bbox 2156 1382 3804 1455">
     <span class='ocr_line' id='line_1_43' title="bbox 2156 1382 3804 1455; baseline 0.001 -18"><span class='ocrx_word' id='word_1_305' title='bbox 2156 1399 2223 1437; x_wconf 81' lang='lat' dir='ltr'><strong>ex</strong></span> <span class='ocrx_word' id='word_1_306' title='bbox 2254 1382 2555 1438; x_wconf 83' lang='lat' dir='ltr'><strong>voluntate</strong></span> <span class='ocrx_word' id='word_1_307' title='bbox 2589 1382 2838 1437; x_wconf 74' lang='lat' dir='ltr'><strong>ﬁliorum</strong></span> <span class='ocrx_word' id='word_1_308' title='bbox 2875 1383 3249 1455; x_wconf 86' lang='lat' dir='ltr'><strong>processisse.</strong></span> <span class='ocrx_word' id='word_1_309' title='bbox 3286 1384 3566 1438; x_wconf 88' lang='lat' dir='ltr'><strong>Dominus</strong></span> <span class='ocrx_word' id='word_1_310' title='bbox 3610 1387 3804 1439; x_wconf 87' lang='lat' dir='ltr'><strong>autem</strong></span> 
     </span>
    </p>
   </div>
   <div class='ocr_carea' id='block_1_44' title="bbox 2158 1470 3805 1544">
    <p class='ocr_par' dir='ltr' id='par_1_44' title="bbox 2158 1470 3805 1544">
     <span class='ocr_line' id='line_1_44' title="bbox 2158 1470 3805 1544; baseline 0.002 -19"><span class='ocrx_word' id='word_1_311' title='bbox 2158 1470 2320 1526; x_wconf 88' lang='lat' dir='ltr'><strong>mitis</strong></span> <span class='ocrx_word' id='word_1_312' title='bbox 2351 1476 2408 1526; x_wconf 91' lang='lat' dir='ltr'><strong>et</strong></span> <span class='ocrx_word' id='word_1_313' title='bbox 2438 1471 2699 1539; x_wconf 88' lang='lat' dir='ltr'><strong>humilis,</strong></span> <span class='ocrx_word' id='word_1_314' title='bbox 2736 1489 2840 1527; x_wconf 91' lang='lat' dir='ltr'><strong>nec</strong></span> <span class='ocrx_word' id='word_1_315' title='bbox 2861 1476 3105 1526; x_wconf 87' lang='lat' dir='ltr'><strong>matrem</strong></span> <span class='ocrx_word' id='word_1_316' title='bbox 3123 1471 3682 1544; x_wconf 85' lang='lat' dir='ltr'><strong>arguitcupiditatis,</strong></span> <span class='ocrx_word' id='word_1_317' title='bbox 3704 1489 3805 1528; x_wconf 87' lang='lat' dir='ltr'><strong>nec</strong></span> 
     </span>
    </p>
   </div>
   <div class='ocr_carea' id='block_1_45' title="bbox 2160 1560 3805 1637">
    <p class='ocr_par' dir='ltr' id='par_1_45' title="bbox 2160 1560 3805 1637">
     <span class='ocr_line' id='line_1_45' title="bbox 2160 1560 3805 1637; baseline 0.001 -22"><span class='ocrx_word' id='word_1_318' title='bbox 2160 1561 2457 1632; x_wconf 89' lang='lat' dir='ltr'><strong>apostolos</strong></span> <span class='ocrx_word' id='word_1_319' title='bbox 2488 1561 2681 1633; x_wconf 89' lang='lat' dir='ltr'><strong>arguit</strong></span> <span class='ocrx_word' id='word_1_320' title='bbox 2706 1560 2934 1637; x_wconf 73' lang='lat' dir='ltr'><strong>invidire</strong></span> <span class='ocrx_word' id='word_1_321' title='bbox 2966 1564 3022 1615; x_wconf 89' lang='lat' dir='ltr'><strong>et</strong></span> <span class='ocrx_word' id='word_1_322' title='bbox 3042 1560 3377 1628; x_wconf 84' lang='lat' dir='ltr'><strong>livoris,sed</strong></span> <span class='ocrx_word' id='word_1_323' title='bbox 3398 1561 3663 1634; x_wconf 89' lang='lat' dir='ltr'><strong>utrisque</strong></span> <span class='ocrx_word' id='word_1_324' title='bbox 3676 1579 3805 1635; x_wconf 86' lang='lat' dir='ltr'><strong>pro-</strong></span> 
     </span>
    </p>
   </div>
   <div class='ocr_carea' id='block_1_46' title="bbox 2158 1649 3810 1723">
    <p class='ocr_par' dir='ltr' id='par_1_46' title="bbox 2158 1649 3810 1723">
     <span class='ocr_line' id='line_1_46' title="bbox 2158 1649 3810 1723; baseline 0.003 -20"><span class='ocrx_word' id='word_1_325' title='bbox 2158 1649 2321 1720; x_wconf 88' lang='lat' dir='ltr'><strong>ponit</strong></span> <span class='ocrx_word' id='word_1_326' title='bbox 2351 1650 2681 1722; x_wconf 86' lang='lat' dir='ltr'><strong>exemplum</strong></span> <span class='ocrx_word' id='word_1_327' title='bbox 2698 1650 3073 1717; x_wconf 88' lang='lat' dir='ltr'><strong>humilitatis,</strong></span> <span class='ocrx_word' id='word_1_328' title='bbox 3089 1650 3464 1706; x_wconf 88' lang='lat' dir='ltr'><strong>dieensillum</strong></span> <span class='ocrx_word' id='word_1_329' title='bbox 3486 1652 3679 1723; x_wconf 86' lang='lat' dir='ltr'><strong>potius</strong></span> <span class='ocrx_word' id='word_1_330' title='bbox 3695 1668 3810 1707; x_wconf 84' lang='lat' dir='ltr'><strong>ma-</strong></span> 
     </span>
    </p>
   </div>
   <div class='ocr_carea' id='block_1_47' title="bbox 2150 1737 3812 1813">
    <p class='ocr_par' dir='ltr' id='par_1_47' title="bbox 2150 1737 3812 1813">
     <span class='ocr_line' id='line_1_47' title="bbox 2150 1737 3812 1813; baseline 0.002 -20"><span class='ocrx_word' id='word_1_331' title='bbox 2150 1740 2339 1810; x_wconf 85' lang='lat' dir='ltr'><strong>jorem</strong></span> <span class='ocrx_word' id='word_1_332' title='bbox 2372 1755 2501 1795; x_wconf 85' lang='lat' dir='ltr'><strong>esse</strong></span> <span class='ocrx_word' id='word_1_333' title='bbox 2532 1737 2586 1792; x_wconf 92' lang='lat' dir='ltr'><strong>in</strong></span> <span class='ocrx_word' id='word_1_334' title='bbox 2616 1755 2793 1811; x_wconf 84' lang='lat' dir='ltr'><strong>regno</strong></span> <span class='ocrx_word' id='word_1_335' title='bbox 2825 1738 3123 1807; x_wconf 80' lang='lat' dir='ltr'><strong>ccelorum,</strong></span> <span class='ocrx_word' id='word_1_336' title='bbox 3155 1739 3489 1813; x_wconf 88' lang='lat' dir='ltr'><strong>quicunque</strong></span> <span class='ocrx_word' id='word_1_337' title='bbox 3503 1740 3812 1797; x_wconf 74' lang='lat' dir='ltr'><strong>seinterio-</strong></span> 
     </span>
    </p>
   </div>
   <div class='ocr_carea' id='block_1_48' title="bbox 2160 1827 2961 1899">
    <p class='ocr_par' dir='ltr' id='par_1_48' title="bbox 2160 1827 2961 1899">
     <span class='ocr_line' id='line_1_48' title="bbox 2160 1827 2961 1899; baseline 0.002 -17"><span class='ocrx_word' id='word_1_338' title='bbox 2160 1844 2282 1882; x_wconf 86' lang='lat' dir='ltr'><strong>rem</strong></span> <span class='ocrx_word' id='word_1_339' title='bbox 2317 1827 2628 1899; x_wconf 65' lang='lat' dir='ltr'><strong>praebuerit</strong></span> <span class='ocrx_word' id='word_1_340' title='bbox 2659 1827 2961 1899; x_wconf 89' lang='lat' dir='ltr'><strong>obsequio.</strong></span> 
     </span>
    </p>
   </div>
   <div class='ocr_carea' id='block_1_49' title="bbox 2232 1916 3806 1990">
    <p class='ocr_par' dir='ltr' id='par_1_49' title="bbox 2232 1916 3806 1990">
     <span class='ocr_line' id='line_1_49' title="bbox 2232 1916 3806 1990; baseline 0.006 -25"><span class='ocrx_word' id='word_1_341' title='bbox 2232 1916 2441 1971; x_wconf 79' lang='lat' dir='ltr'><strong>«Scitis</strong></span> <span class='ocrx_word' id='word_1_342' title='bbox 2455 1916 2590 1989; x_wconf 86' lang='lat' dir='ltr'><strong>quia</strong></span> <span class='ocrx_word' id='word_1_343' title='bbox 2604 1917 2896 1989; x_wconf 88' lang='lat' dir='ltr'><strong>principes</strong></span> <span class='ocrx_word' id='word_1_344' title='bbox 2908 1916 3169 1990; x_wconf 88' lang='lat' dir='ltr'><strong>gentium</strong></span> <span class='ocrx_word' id='word_1_345' title='bbox 3186 1917 3562 1974; x_wconf 88' lang='lat' dir='ltr'><strong>dominantur</strong></span> <span class='ocrx_word' id='word_1_346' title='bbox 3577 1936 3806 1990; x_wconf 89' lang='lat' dir='ltr'><strong>eorum,</strong></span> 
     </span>
    </p>
   </div>
   <div class='ocr_carea' id='block_1_50' title="bbox 2166 2005 3812 2078">
    <p class='ocr_par' dir='ltr' id='par_1_50' title="bbox 2166 2005 3812 2078">
     <span class='ocr_line' id='line_1_50' title="bbox 2166 2005 3812 2078; baseline 0.004 -19"><span class='ocrx_word' id='word_1_347' title='bbox 2166 2025 2186 2052; x_wconf 74' lang='grc' dir='ltr'><strong>α</strong></span> <span class='ocrx_word' id='word_1_348' title='bbox 2226 2009 2280 2059; x_wconf 86' lang='lat' dir='ltr'><strong>ct</strong></span> <span class='ocrx_word' id='word_1_349' title='bbox 2312 2005 2411 2077; x_wconf 88' lang='lat' dir='ltr'><strong>qui</strong></span> <span class='ocrx_word' id='word_1_350' title='bbox 2444 2008 2696 2077; x_wconf 76' lang='lat' dir='ltr'><strong>majores</strong></span> <span class='ocrx_word' id='word_1_351' title='bbox 2746 2009 2907 2071; x_wconf 89' lang='lat' dir='ltr'><strong>sunt,</strong></span> <span class='ocrx_word' id='word_1_352' title='bbox 2959 2010 3306 2078; x_wconf 87' lang='lat' dir='ltr'><strong>potestatem</strong></span> <span class='ocrx_word' id='word_1_353' title='bbox 3346 2013 3612 2064; x_wconf 85' lang='lat' dir='ltr'><strong>exercent</strong></span> <span class='ocrx_word' id='word_1_354' title='bbox 3659 2008 3812 2065; x_wconf 86' lang='lat' dir='ltr'><strong>inter</strong></span> 
     </span>
    </p>
   </div>
   <div class='ocr_carea' id='block_1_51' title="bbox 2161 2093 3808 2169">
    <p class='ocr_par' dir='ltr' id='par_1_51' title="bbox 2161 2093 3808 2169">
     <span class='ocr_line' id='line_1_51' title="bbox 2161 2093 3808 2169; baseline 0.007 -26"><span class='ocrx_word' id='word_1_355' title='bbox 2161 2118 2187 2143; x_wconf 88' lang='grc'><strong>‹‹</strong></span> <span class='ocrx_word' id='word_1_356' title='bbox 2224 2093 2374 2150; x_wconf 89' lang='lat' dir='ltr'><strong>illos.</strong></span> <span class='ocrx_word' id='word_1_357' title='bbox 2414 2118 2433 2142; x_wconf 84' lang='lat'><strong>»</strong></span> <span class='ocrx_word' id='word_1_358' title='bbox 2466 2094 2741 2167; x_wconf 89' lang='lat' dir='ltr'><strong>Proponit</strong></span> <span class='ocrx_word' id='word_1_359' title='bbox 2770 2095 3054 2150; x_wconf 89' lang='lat' dir='ltr'><strong>Dominus</strong></span> <span class='ocrx_word' id='word_1_360' title='bbox 3084 2094 3808 2169; x_wconf 82' lang='lat' dir='ltr'><strong>exemplumdegentibus,</strong></span> 
     </span>
    </p>
   </div>
   <div class='ocr_carea' id='block_1_52' title="bbox 2159 2184 3815 2257">
    <p class='ocr_par' dir='ltr' id='par_1_52' title="bbox 2159 2184 3815 2257">
     <span class='ocr_line' id='line_1_52' title="bbox 2159 2184 3815 2257; baseline 0.003 -20"><span class='ocrx_word' id='word_1_361' title='bbox 2159 2200 2411 2255; x_wconf 85' lang='lat' dir='ltr'><strong>quarum</strong></span> <span class='ocrx_word' id='word_1_362' title='bbox 2445 2184 2739 2256; x_wconf 86' lang='lat' dir='ltr'><strong>principes</strong></span> <span class='ocrx_word' id='word_1_363' title='bbox 2769 2188 3036 2239; x_wconf 86' lang='lat' dir='ltr'><strong>exercent</strong></span> <span class='ocrx_word' id='word_1_364' title='bbox 3065 2186 3581 2257; x_wconf 85' lang='lat' dir='ltr'><strong>potestateminter</strong></span> <span class='ocrx_word' id='word_1_365' title='bbox 3609 2188 3815 2243; x_wconf 76' lang='lat' dir='ltr'><strong>eosEt</strong></span> 
     </span>
    </p>
   </div>
   <div class='ocr_carea' id='block_1_53' title="bbox 2160 2270 2980 2344">
    <p class='ocr_par' dir='ltr' id='par_1_53' title="bbox 2160 2270 2980 2344">
     <span class='ocr_line' id='line_1_53' title="bbox 2160 2270 2980 2344; baseline 0.004 -20"><span class='ocrx_word' id='word_1_366' title='bbox 2160 2270 2257 2326; x_wconf 91' lang='lat' dir='ltr'><strong>illo</strong></span> <span class='ocrx_word' id='word_1_367' title='bbox 2291 2273 2610 2344; x_wconf 90' lang='lat' dir='ltr'><strong>proposito,</strong></span> <span class='ocrx_word' id='word_1_368' title='bbox 2646 2272 2980 2343; x_wconf 83' lang='lat' dir='ltr'><strong>subjunxit:</strong></span> 
     </span>
    </p>
   </div>
   <div class='ocr_carea' id='block_1_54' title="bbox 2234 2361 3818 2431">
    <p class='ocr_par' dir='ltr' id='par_1_54' title="bbox 2234 2361 3818 2431">
     <span class='ocr_line' id='line_1_54' title="bbox 2234 2361 3818 2431; baseline 0.003 -15"><span class='ocrx_word' id='word_1_369' title='bbox 2234 2385 2253 2409; x_wconf 86' lang='lat'><strong>«</strong></span> <span class='ocrx_word' id='word_1_370' title='bbox 2290 2362 2413 2416; x_wconf 88' lang='lat' dir='ltr'><strong>Non</strong></span> <span class='ocrx_word' id='word_1_371' title='bbox 2448 2361 2530 2416; x_wconf 90' lang='lat' dir='ltr'><strong>ita</strong></span> <span class='ocrx_word' id='word_1_372' title='bbox 2559 2362 2669 2416; x_wconf 89' lang='lat' dir='ltr'><strong>erit</strong></span> <span class='ocrx_word' id='word_1_373' title='bbox 2698 2361 2850 2417; x_wconf 91' lang='lat' dir='ltr'><strong>inter</strong></span> <span class='ocrx_word' id='word_1_374' title='bbox 2878 2379 2999 2430; x_wconf 88' lang='lat' dir='ltr'><strong>vos,</strong></span> <span class='ocrx_word' id='word_1_375' title='bbox 3028 2361 3127 2417; x_wconf 70' lang='lat' dir='ltr'><strong>aid</strong></span> <span class='ocrx_word' id='word_1_376' title='bbox 3142 2368 3250 2431; x_wconf 91' lang='lat' dir='ltr'><strong>est,</strong></span> <span class='ocrx_word' id='word_1_377' title='bbox 3266 2380 3383 2418; x_wconf 89' lang='lat' dir='ltr'><strong>non</strong></span> <span class='ocrx_word' id='word_1_378' title='bbox 3399 2362 3818 2422; x_wconf 87' lang='lat' dir='ltr'><strong>similitercon-</strong></span> 
     </span>
    </p>
   </div>
   <div class='ocr_carea' id='block_1_55' title="bbox 2156 2449 3632 2525">
    <p class='ocr_par' dir='ltr' id='par_1_55' title="bbox 2156 2449 3632 2525">
     <span class='ocr_line' id='line_1_55' title="bbox 2156 2449 3632 2525; baseline 0.004 -22"><span class='ocrx_word' id='word_1_379' title='bbox 2156 2450 2406 2504; x_wconf 86' lang='lat' dir='ltr'><strong>tendetis</strong></span> <span class='ocrx_word' id='word_1_380' title='bbox 2435 2450 2505 2504; x_wconf 92' lang='lat' dir='ltr'><strong>de</strong></span> <span class='ocrx_word' id='word_1_381' title='bbox 2538 2449 2869 2523; x_wconf 86' lang='lat' dir='ltr'><strong>principatu</strong></span> <span class='ocrx_word' id='word_1_382' title='bbox 2900 2456 2958 2506; x_wconf 90' lang='lat' dir='ltr'><strong>et</strong></span> <span class='ocrx_word' id='word_1_383' title='bbox 2989 2449 3194 2524; x_wconf 86' lang='lat' dir='ltr'><strong>gloria,</strong></span> <span class='ocrx_word' id='word_1_384' title='bbox 3229 2452 3384 2507; x_wconf 88' lang='lat' dir='ltr'><strong>sicut</strong></span> <span class='ocrx_word' id='word_1_385' title='bbox 3410 2455 3632 2525; x_wconf 85' lang='lat' dir='ltr'><strong>gentes.</strong></span> 
     </span>
    </p>
   </div>
   <div class='ocr_carea' id='block_1_56' title="bbox 2226 2538 3809 2611">
    <p class='ocr_par' dir='ltr' id='par_1_56' title="bbox 2226 2538 3809 2611">
     <span class='ocr_line' id='line_1_56' title="bbox 2226 2538 3809 2611; baseline 0.006 -23"><span class='ocrx_word' id='word_1_386' title='bbox 2226 2561 2253 2588; x_wconf 91' lang='grc'><strong>‹‹</strong></span> <span class='ocrx_word' id='word_1_387' title='bbox 2288 2539 2449 2595; x_wconf 87' lang='lat' dir='ltr'><strong>Sicut</strong></span> <span class='ocrx_word' id='word_1_388' title='bbox 2481 2556 2595 2594; x_wconf 89' lang='lat' dir='ltr'><strong>non</strong></span> <span class='ocrx_word' id='word_1_389' title='bbox 2625 2538 2783 2595; x_wconf 88' lang='lat' dir='ltr'><strong>venit</strong></span> <span class='ocrx_word' id='word_1_390' title='bbox 2814 2539 2993 2595; x_wconf 88' lang='lat' dir='ltr'><strong>Filius</strong></span> <span class='ocrx_word' id='word_1_391' title='bbox 3025 2538 3283 2596; x_wconf 90' lang='lat' dir='ltr'><strong>hominis</strong></span> <span class='ocrx_word' id='word_1_392' title='bbox 3330 2541 3677 2611; x_wconf 86' lang='lat' dir='ltr'><strong>ministrari,</strong></span> <span class='ocrx_word' id='word_1_393' title='bbox 3712 2543 3809 2598; x_wconf 87' lang='lat' dir='ltr'><strong>sed</strong></span> 
     </span>
    </p>
   </div>
   <div class='ocr_carea' id='block_1_57' title="bbox 2155 2627 3813 2695">
    <p class='ocr_par' dir='ltr' id='par_1_57' title="bbox 2155 2627 3813 2695">
     <span class='ocr_line' id='line_1_57' title="bbox 2155 2627 3813 2695; baseline 0.004 -14"><span class='ocrx_word' id='word_1_394' title='bbox 2155 2650 2182 2676; x_wconf 88' lang='lat'><strong>«</strong></span> <span class='ocrx_word' id='word_1_395' title='bbox 2217 2627 2569 2682; x_wconf 86' lang='lat' dir='ltr'><strong>ministrare.</strong></span> <span class='ocrx_word' id='word_1_396' title='bbox 2607 2651 2634 2677; x_wconf 89' lang='grc'><strong>››</strong></span> <span class='ocrx_word' id='word_1_397' title='bbox 2665 2628 2782 2684; x_wconf 88' lang='lat' dir='ltr'><strong>Hoc</strong></span> <span class='ocrx_word' id='word_1_398' title='bbox 2813 2632 2921 2695; x_wconf 90' lang='lat' dir='ltr'><strong>est,</strong></span> <span class='ocrx_word' id='word_1_399' title='bbox 2957 2646 3070 2683; x_wconf 90' lang='lat' dir='ltr'><strong>non</strong></span> <span class='ocrx_word' id='word_1_400' title='bbox 3096 2629 3252 2684; x_wconf 88' lang='lat' dir='ltr'><strong>venit</strong></span> <span class='ocrx_word' id='word_1_401' title='bbox 3284 2629 3813 2687; x_wconf 86' lang='lat' dir='ltr'><strong>Filiushominisut</strong></span> 
     </span>
    </p>
   </div>
   <div class='ocr_carea' id='block_1_58' title="bbox 2153 2715 3923 2790">
    <p class='ocr_par' dir='ltr' id='par_1_58' title="bbox 2153 2715 3923 2790">
     <span class='ocr_line' id='line_1_58' title="bbox 2153 2715 3923 2790; baseline 0.003 -20"><span class='ocrx_word' id='word_1_402' title='bbox 2153 2715 2211 2770; x_wconf 91' lang='lat' dir='ltr'><strong>in</strong></span> <span class='ocrx_word' id='word_1_403' title='bbox 2244 2716 2353 2772; x_wconf 91' lang='lat' dir='ltr'><strong>hoc</strong></span> <span class='ocrx_word' id='word_1_404' title='bbox 2384 2717 2605 2771; x_wconf 87' lang='lat' dir='ltr'><strong>mundo</strong></span> <span class='ocrx_word' id='word_1_405' title='bbox 2637 2716 2886 2772; x_wconf 90' lang='lat' dir='ltr'><strong>honores</strong></span> <span class='ocrx_word' id='word_1_406' title='bbox 2907 2717 3733 2790; x_wconf 71' lang='lat' dir='ltr'><strong>etdignitatesqumreret,sed</strong></span> <span class='ocrx_word' id='word_1_407' title='bbox 3749 2725 3814 2775; x_wconf 90' lang='lat' dir='ltr'><strong>ut</strong></span> <span class='ocrx_word' id='word_1_408' title='bbox 3920 2728 3923 2729; x_wconf 66' lang='grc'><strong><em>⁷</em></strong></span> 
     </span>
    </p>
   </div>
   <div class='ocr_carea' id='block_1_59' title="bbox 2152 2804 3811 2879">
    <p class='ocr_par' dir='ltr' id='par_1_59' title="bbox 2152 2804 3811 2879">
     <span class='ocr_line' id='line_1_59' title="bbox 2152 2804 3811 2879; baseline 0.004 -21"><span class='ocrx_word' id='word_1_409' title='bbox 2152 2805 2277 2877; x_wconf 89' lang='lat' dir='ltr'><strong>ipse</strong></span> <span class='ocrx_word' id='word_1_410' title='bbox 2308 2804 2501 2877; x_wconf 90' lang='lat' dir='ltr'><strong>potius</strong></span> <span class='ocrx_word' id='word_1_411' title='bbox 2532 2804 2663 2859; x_wconf 91' lang='lat' dir='ltr'><strong>aliis</strong></span> <span class='ocrx_word' id='word_1_412' title='bbox 2698 2805 3079 2861; x_wconf 88' lang='lat' dir='ltr'><strong>ministraret.</strong></span> <span class='ocrx_word' id='word_1_413' title='bbox 3112 2806 3391 2879; x_wconf 84' lang='lat' dir='ltr'><strong>Proponit</strong></span> <span class='ocrx_word' id='word_1_414' title='bbox 3412 2807 3704 2864; x_wconf 89' lang='lat' dir='ltr'><strong>Dominus</strong></span> <span class='ocrx_word' id='word_1_415' title='bbox 3727 2825 3811 2865; x_wconf 87' lang='lat' dir='ltr'><strong>se-</strong></span> 
     </span>
    </p>
   </div>
   <div class='ocr_carea' id='block_1_60' title="bbox 2154 2893 3816 2966">
    <p class='ocr_par' dir='ltr' id='par_1_60' title="bbox 2154 2893 3816 2966">
     <span class='ocr_line' id='line_1_60' title="bbox 2154 2893 3816 2966; baseline 0.002 -19"><span class='ocrx_word' id='word_1_416' title='bbox 2154 2893 2468 2966; x_wconf 88' lang='lat' dir='ltr'><strong>metipsum</strong></span> <span class='ocrx_word' id='word_1_417' title='bbox 2484 2894 2543 2947; x_wconf 90' lang='lat' dir='ltr'><strong>in</strong></span> <span class='ocrx_word' id='word_1_418' title='bbox 2557 2893 2886 2965; x_wconf 84' lang='lat' dir='ltr'><strong>exemplum</strong></span> <span class='ocrx_word' id='word_1_419' title='bbox 2902 2893 3272 2950; x_wconf 87' lang='lat' dir='ltr'><strong>humilitatis.</strong></span> <span class='ocrx_word' id='word_1_420' title='bbox 3288 2894 3433 2961; x_wconf 86' lang='lat' dir='ltr'><strong>Quid</strong></span> <span class='ocrx_word' id='word_1_421' title='bbox 3455 2896 3816 2953; x_wconf 82' lang='lat' dir='ltr'><strong>ministravit</strong></span> 
     </span>
    </p>
   </div>
   <div class='ocr_carea' id='block_1_61' title="bbox 2154 2981 3813 3053">
    <p class='ocr_par' dir='ltr' id='par_1_61' title="bbox 2154 2981 3813 3053">
     <span class='ocr_line' id='line_1_61' title="bbox 2154 2981 3813 3053; baseline 0.001 -17"><span class='ocrx_word' id='word_1_422' title='bbox 2154 2981 2438 3036; x_wconf 86' lang='lat' dir='ltr'><strong>Dominus</strong></span> <span class='ocrx_word' id='word_1_423' title='bbox 2472 2981 2774 3053; x_wconf 88' lang='lat' dir='ltr'><strong>apostolis,</strong></span> <span class='ocrx_word' id='word_1_424' title='bbox 2810 2982 2935 3037; x_wconf 90' lang='lat' dir='ltr'><strong>suis</strong></span> <span class='ocrx_word' id='word_1_425' title='bbox 2954 2982 3227 3038; x_wconf 83' lang='lat' dir='ltr'><strong>‘?Victum</strong></span> <span class='ocrx_word' id='word_1_426' title='bbox 3241 2983 3813 3053; x_wconf 85' lang='lat' dir='ltr'><strong>etvestimentum,et</strong></span> 
     </span>
    </p>
   </div>
   <div class='ocr_carea' id='block_1_62' title="bbox 2153 3064 3815 3144">
    <p class='ocr_par' dir='ltr' id='par_1_62' title="bbox 2153 3064 3815 3144">
     <span class='ocr_line' id='line_1_62' title="bbox 2153 3064 3815 3144; baseline 0.003 -20"><span class='ocrx_word' id='word_1_427' title='bbox 2153 3076 2357 3126; x_wconf 68' lang='lat' dir='ltr'><strong>caetera</strong></span> <span class='ocrx_word' id='word_1_428' title='bbox 2388 3070 2716 3126; x_wconf 87' lang='lat' dir='ltr'><strong>necessaria</strong></span> <span class='ocrx_word' id='word_1_429' title='bbox 2746 3071 3026 3143; x_wconf 91' lang='lat' dir='ltr'><strong>corporis,</strong></span> <span class='ocrx_word' id='word_1_430' title='bbox 3060 3076 3117 3127; x_wconf 91' lang='lat' dir='ltr'><strong>et</strong></span> <span class='ocrx_word' id='word_1_431' title='bbox 3146 3072 3615 3144; x_wconf 77' lang='lat' dir='ltr'><strong>praedicationem</strong></span> <span class='ocrx_word' id='word_1_432' title='bbox 3647 3064 3815 3130; x_wconf 79' lang='lat' dir='ltr'><strong>verbi</strong></span> 
     </span>
    </p>
   </div>
   <div class='ocr_carea' id='block_1_63' title="bbox 2153 3158 3819 3232">
    <p class='ocr_par' dir='ltr' id='par_1_63' title="bbox 2153 3158 3819 3232">
     <span class='ocr_line' id='line_1_63' title="bbox 2153 3158 3819 3232; baseline 0.004 -21"><span class='ocrx_word' id='word_1_433' title='bbox 2153 3159 2354 3223; x_wconf 80' lang='lat' dir='ltr'><strong>divini,</strong></span> <span class='ocrx_word' id='word_1_434' title='bbox 2386 3164 2443 3214; x_wconf 90' lang='lat' dir='ltr'><strong>et</strong></span> <span class='ocrx_word' id='word_1_435' title='bbox 2473 3161 2541 3213; x_wconf 90' lang='lat' dir='ltr'><strong>ad</strong></span> <span class='ocrx_word' id='word_1_436' title='bbox 2580 3158 2851 3214; x_wconf 91' lang='lat' dir='ltr'><strong>ultimum</strong></span> <span class='ocrx_word' id='word_1_437' title='bbox 2880 3160 2939 3215; x_wconf 91' lang='lat' dir='ltr'><strong>in</strong></span> <span class='ocrx_word' id='word_1_438' title='bbox 2990 3164 3220 3215; x_wconf 90' lang='lat' dir='ltr'><strong>tantum</strong></span> <span class='ocrx_word' id='word_1_439' title='bbox 3265 3176 3327 3216; x_wconf 90' lang='lat' dir='ltr'><strong>se</strong></span> <span class='ocrx_word' id='word_1_440' title='bbox 3358 3161 3718 3232; x_wconf 85' lang='lat' dir='ltr'><strong>humiliavit,</strong></span> <span class='ocrx_word' id='word_1_441' title='bbox 3753 3167 3819 3217; x_wconf 89' lang='lat' dir='ltr'><strong>ut</strong></span> 
     </span>
    </p>
   </div>
   <div class='ocr_carea' id='block_1_64' title="bbox 393 3243 3821 3324">
    <p class='ocr_par' dir='ltr' id='par_1_64' title="bbox 393 3243 3821 3324">
     <span class='ocr_line' id='line_1_64' title="bbox 393 3243 3821 3324; baseline -0 -18"><span class='ocrx_word' id='word_1_442' title='bbox 393 3249 560 3306; x_wconf 85' lang='lat' dir='ltr'><strong>bibit.</strong></span> <span class='ocrx_word' id='word_1_443' title='bbox 594 3250 739 3314; x_wconf 89' lang='lat' dir='ltr'><strong>Quia</strong></span> <span class='ocrx_word' id='word_1_444' title='bbox 769 3251 892 3322; x_wconf 89' lang='lat' dir='ltr'><strong>ipse</strong></span> <span class='ocrx_word' id='word_1_445' title='bbox 921 3252 1665 3324; x_wconf 87' lang='lat' dir='ltr'><strong>aDomitianoimpiissimo</strong></span> <span class='ocrx_word' id='word_1_446' title='bbox 1695 3252 2042 3324; x_wconf 89' lang='lat' dir='ltr'><strong>imperatore</strong></span> <span class='ocrx_word' id='word_1_447' title='bbox 2074 3243 2114 3308; x_wconf 89' lang='lat' dir='ltr'>C</span> <span class='ocrx_word' id='word_1_448' title='bbox 2154 3264 2385 3303; x_wconf 89' lang='lat' dir='ltr'><strong>crucem</strong></span> <span class='ocrx_word' id='word_1_449' title='bbox 2417 3252 2474 3303; x_wconf 90' lang='lat' dir='ltr'><strong>et</strong></span> <span class='ocrx_word' id='word_1_450' title='bbox 2503 3248 2834 3320; x_wconf 88' lang='lat' dir='ltr'><strong>passionem</strong></span> <span class='ocrx_word' id='word_1_451' title='bbox 2868 3265 2970 3321; x_wconf 92' lang='lat' dir='ltr'><strong>pro</strong></span> <span class='ocrx_word' id='word_1_452' title='bbox 3003 3249 3088 3305; x_wconf 89' lang='lat' dir='ltr'><strong>eis</strong></span> <span class='ocrx_word' id='word_1_453' title='bbox 3120 3249 3365 3317; x_wconf 89' lang='lat' dir='ltr'><strong>subiret,</strong></span> <span class='ocrx_word' id='word_1_454' title='bbox 3398 3250 3507 3305; x_wconf 93' lang='lat' dir='ltr'><strong>hoc</strong></span> <span class='ocrx_word' id='word_1_455' title='bbox 3537 3250 3721 3306; x_wconf 87' lang='lat' dir='ltr'><strong>etiam</strong></span> <span class='ocrx_word' id='word_1_456' title='bbox 3762 3256 3821 3307; x_wconf 88' lang='lat' dir='ltr'><strong>et</strong></span> 
     </span>
    </p>
   </div>
   <div class='ocr_carea' id='block_1_65' title="bbox 393 3339 2040 3407">
    <p class='ocr_par' dir='ltr' id='par_1_65' title="bbox 393 3339 2040 3407">
     <span class='ocr_line' id='line_1_65' title="bbox 393 3339 2040 3407; baseline 0.002 -14"><span class='ocrx_word' id='word_1_457' title='bbox 393 3339 452 3394; x_wconf 91' lang='lat' dir='ltr'><strong>in</strong></span> <span class='ocrx_word' id='word_1_458' title='bbox 487 3341 758 3395; x_wconf 82' lang='lat' dir='ltr'><strong>ferventis</strong></span> <span class='ocrx_word' id='word_1_459' title='bbox 787 3339 897 3395; x_wconf 86' lang='lat' dir='ltr'><strong>olei</strong></span> <span class='ocrx_word' id='word_1_460' title='bbox 931 3340 1151 3394; x_wconf 90' lang='lat' dir='ltr'><strong>dolium</strong></span> <span class='ocrx_word' id='word_1_461' title='bbox 1191 3341 1430 3407; x_wconf 90' lang='lat' dir='ltr'><strong>missus,</strong></span> <span class='ocrx_word' id='word_1_462' title='bbox 1483 3346 1540 3396; x_wconf 91' lang='lat' dir='ltr'><strong>et</strong></span> <span class='ocrx_word' id='word_1_463' title='bbox 1569 3358 1857 3396; x_wconf 89' lang='lat' dir='ltr'><strong>venenum</strong></span> <span class='ocrx_word' id='word_1_464' title='bbox 1908 3345 2040 3397; x_wconf 87' lang='lat' dir='ltr'><strong>ante</strong></span> 
     </span>
    </p>
   </div>
   <div class='ocr_carea' id='block_1_66' title="bbox 390 3425 2039 3500">
    <p class='ocr_par' dir='ltr' id='par_1_66' title="bbox 390 3425 2039 3500">
     <span class='ocr_line' id='line_1_66' title="bbox 390 3425 2039 3500; baseline 0.003 -20"><span class='ocrx_word' id='word_1_465' title='bbox 390 3425 719 3498; x_wconf 86' lang='lat' dir='ltr'><strong>principem</strong></span> <span class='ocrx_word' id='word_1_466' title='bbox 753 3427 918 3495; x_wconf 92' lang='lat' dir='ltr'><strong>bibit,</strong></span> <span class='ocrx_word' id='word_1_467' title='bbox 936 3432 992 3481; x_wconf 83' lang='lat' dir='ltr'><strong>et</strong></span> <span class='ocrx_word' id='word_1_468' title='bbox 1021 3427 1239 3483; x_wconf 71' lang='lat' dir='ltr'><strong>illaesus</strong></span> <span class='ocrx_word' id='word_1_469' title='bbox 1274 3430 1846 3500; x_wconf 86' lang='lat' dir='ltr'><strong>permansit,necnon</strong></span> <span class='ocrx_word' id='word_1_470' title='bbox 1863 3430 2039 3485; x_wconf 89' lang='lat' dir='ltr'><strong>etiam</strong></span> 
     </span>
    </p>
   </div>
   <div class='ocr_carea' id='block_1_67' title="bbox 394 3514 2043 3591">
    <p class='ocr_par' dir='ltr' id='par_1_67' title="bbox 394 3514 2043 3591">
     <span class='ocr_line' id='line_1_67' title="bbox 394 3514 2043 3591; baseline 0.004 -22"><span class='ocrx_word' id='word_1_471' title='bbox 394 3531 528 3569; x_wconf 90' lang='lat' dir='ltr'><strong>cum</strong></span> <span class='ocrx_word' id='word_1_472' title='bbox 560 3514 803 3586; x_wconf 85' lang='lat' dir='ltr'><strong>reliquis</strong></span> <span class='ocrx_word' id='word_1_473' title='bbox 815 3514 1095 3586; x_wconf 88' lang='lat' dir='ltr'><strong>apostolis</strong></span> <span class='ocrx_word' id='word_1_474' title='bbox 1109 3515 1678 3589; x_wconf 84' lang='lat' dir='ltr'><strong>ﬂagellatuslegitur.</strong></span> <span class='ocrx_word' id='word_1_475' title='bbox 1695 3519 1763 3573; x_wconf 87' lang='lat' dir='ltr'><strong>Et</strong></span> <span class='ocrx_word' id='word_1_476' title='bbox 1793 3518 1925 3574; x_wconf 88' lang='lat' dir='ltr'><strong>licet</strong></span> <span class='ocrx_word' id='word_1_477' title='bbox 1941 3535 2043 3591; x_wconf 92' lang='lat' dir='ltr'><strong>per</strong></span> 
     </span>
    </p>
   </div>
   <div class='ocr_carea' id='block_1_68' title="bbox 393 3602 2038 3677">
    <p class='ocr_par' dir='ltr' id='par_1_68' title="bbox 393 3602 2038 3677">
     <span class='ocr_line' id='line_1_68' title="bbox 393 3602 2038 3677; baseline 0.003 -20"><span class='ocrx_word' id='word_1_478' title='bbox 393 3614 622 3675; x_wconf 72' lang='lat' dir='ltr'><strong>pcenam</strong></span> <span class='ocrx_word' id='word_1_479' title='bbox 647 3608 702 3659; x_wconf 87' lang='lat' dir='ltr'><strong>et</strong></span> <span class='ocrx_word' id='word_1_480' title='bbox 725 3602 1064 3659; x_wconf 67' lang='lat' dir='ltr'><strong>effusionem</strong></span> <span class='ocrx_word' id='word_1_481' title='bbox 1081 3605 1388 3677; x_wconf 88' lang='lat' dir='ltr'><strong>sanguinis</strong></span> <span class='ocrx_word' id='word_1_482' title='bbox 1403 3607 1576 3661; x_wconf 89' lang='lat' dir='ltr'><strong>vitam</strong></span> <span class='ocrx_word' id='word_1_483' title='bbox 1594 3625 1705 3661; x_wconf 92' lang='lat' dir='ltr'><strong>non</strong></span> <span class='ocrx_word' id='word_1_484' title='bbox 1724 3608 2038 3677; x_wconf 85' lang='lat' dir='ltr'><strong>transierit,</strong></span> 
     </span>
    </p>
   </div>
   <div class='ocr_carea' id='block_1_69' title="bbox 392 3691 2043 3767">
    <p class='ocr_par' dir='ltr' id='par_1_69' title="bbox 392 3691 2043 3767">
     <span class='ocr_line' id='line_1_69' title="bbox 392 3691 2043 3767; baseline 0.003 -20"><span class='ocrx_word' id='word_1_485' title='bbox 392 3696 586 3748; x_wconf 86' lang='lat' dir='ltr'><strong>tamen</strong></span> <span class='ocrx_word' id='word_1_486' title='bbox 618 3691 853 3748; x_wconf 86' lang='lat' dir='ltr'><strong>calicem</strong></span> <span class='ocrx_word' id='word_1_487' title='bbox 883 3693 1175 3764; x_wconf 88' lang='lat' dir='ltr'><strong>passionis</strong></span> <span class='ocrx_word' id='word_1_488' title='bbox 1193 3694 2043 3767; x_wconf 86' lang='lat' dir='ltr'><strong>bibit,quiaanimusetvolun-</strong></span> 
     </span>
    </p>
   </div>
   <div class='ocr_carea' id='block_1_70' title="bbox 391 3780 2040 3858">
    <p class='ocr_par' dir='ltr' id='par_1_70' title="bbox 391 3780 2040 3858">
     <span class='ocr_line' id='line_1_70' title="bbox 391 3780 2040 3858; baseline 0.003 -22"><span class='ocrx_word' id='word_1_489' title='bbox 391 3786 483 3838; x_wconf 88' lang='lat' dir='ltr'><strong>tas</strong></span> <span class='ocrx_word' id='word_1_490' title='bbox 500 3780 662 3838; x_wconf 89' lang='lat' dir='ltr'><strong>illius</strong></span> <span class='ocrx_word' id='word_1_491' title='bbox 691 3782 763 3837; x_wconf 84' lang='lat' dir='ltr'><strong>ad</strong></span> <span class='ocrx_word' id='word_1_492' title='bbox 787 3781 1119 3855; x_wconf 87' lang='lat' dir='ltr'><strong>passionem</strong></span> <span class='ocrx_word' id='word_1_493' title='bbox 1139 3782 1538 3856; x_wconf 82' lang='lat' dir='ltr'><strong>perferendam</strong></span> <span class='ocrx_word' id='word_1_494' title='bbox 1560 3791 2040 3858; x_wconf 88' lang='lat' dir='ltr'><strong>semperparatus</strong></span> 
     </span>
    </p>
   </div>
   <div class='ocr_carea' id='block_1_71' title="bbox 387 3869 518 3927">
    <p class='ocr_par' dir='ltr' id='par_1_71' title="bbox 387 3869 518 3927">
     <span class='ocr_line' id='line_1_71' title="bbox 387 3869 518 3927; baseline -0.008 0"><span class='ocrx_word' id='word_1_495' title='bbox 387 3869 518 3927; x_wconf 83' lang='lat' dir='ltr'><strong>fuit.</strong></span> 
     </span>
    </p>
   </div>
   <div class='ocr_carea' id='block_1_72' title="bbox 462 3960 2039 4021">
    <p class='ocr_par' dir='ltr' id='par_1_72' title="bbox 462 3960 2039 4021">
     <span class='ocr_line' id='line_1_72' title="bbox 462 3960 2039 4021; baseline 0.005 -9"><span class='ocrx_word' id='word_1_496' title='bbox 462 3983 489 4010; x_wconf 83' lang='lat'><strong>«</strong></span> <span class='ocrx_word' id='word_1_497' title='bbox 523 3960 734 4016; x_wconf 87' lang='lat' dir='ltr'><strong>Sedere</strong></span> <span class='ocrx_word' id='word_1_498' title='bbox 766 3964 960 4017; x_wconf 88' lang='lat' dir='ltr'><strong>autem</strong></span> <span class='ocrx_word' id='word_1_499' title='bbox 991 3962 1065 4017; x_wconf 91' lang='lat' dir='ltr'><strong>ad</strong></span> <span class='ocrx_word' id='word_1_500' title='bbox 1093 3962 1388 4018; x_wconf 86' lang='lat' dir='ltr'><strong>dexteram</strong></span> <span class='ocrx_word' id='word_1_501' title='bbox 1424 3980 1613 4020; x_wconf 87' lang='lat' dir='ltr'><strong>meam</strong></span> <span class='ocrx_word' id='word_1_502' title='bbox 1645 3963 1763 4021; x_wconf 90' lang='lat' dir='ltr'><strong>sive</strong></span> <span class='ocrx_word' id='word_1_503' title='bbox 1793 3966 1864 4021; x_wconf 89' lang='lat' dir='ltr'><strong>ad</strong></span> <span class='ocrx_word' id='word_1_504' title='bbox 1898 3966 2039 4021; x_wconf 89' lang='lat' dir='ltr'><strong>sini-</strong></span> 
     </span>
    </p>
   </div>
   <div class='ocr_carea' id='block_1_73' title="bbox 390 4052 2040 4115">
    <p class='ocr_par' dir='ltr' id='par_1_73' title="bbox 390 4052 2040 4115">
     <span class='ocr_line' id='line_1_73' title="bbox 390 4052 2040 4115; baseline 0.003 -9"><span class='ocrx_word' id='word_1_505' title='bbox 390 4072 418 4101; x_wconf 89' lang='grc'><strong>‹‹</strong></span> <span class='ocrx_word' id='word_1_506' title='bbox 451 4053 656 4115; x_wconf 89' lang='lat' dir='ltr'><strong>stram,</strong></span> <span class='ocrx_word' id='word_1_507' title='bbox 686 4067 797 4106; x_wconf 92' lang='lat' dir='ltr'><strong>non</strong></span> <span class='ocrx_word' id='word_1_508' title='bbox 821 4054 1117 4107; x_wconf 90' lang='lat' dir='ltr'><strong>estmeum</strong></span> <span class='ocrx_word' id='word_1_509' title='bbox 1133 4052 1270 4107; x_wconf 91' lang='lat' dir='ltr'><strong>dare</strong></span> <span class='ocrx_word' id='word_1_510' title='bbox 1295 4052 1520 4108; x_wconf 87' lang='lat' dir='ltr'><strong>vobis.»</strong></span> <span class='ocrx_word' id='word_1_511' title='bbox 1537 4054 2040 4111; x_wconf 88' lang='lat' dir='ltr'><strong>Considerandum</strong></span> 
     </span>
    </p>
   </div>
   <div class='ocr_carea' id='block_1_74' title="bbox 389 4131 2041 4211">
    <p class='ocr_par' dir='ltr' id='par_1_74' title="bbox 389 4131 2041 4211">
     <span class='ocr_line' id='line_1_74' title="bbox 389 4131 2041 4211; baseline 0.002 -16"><span class='ocrx_word' id='word_1_512' title='bbox 389 4139 545 4211; x_wconf 81' lang='lat' dir='ltr'><strong>quod</strong></span> <span class='ocrx_word' id='word_1_513' title='bbox 576 4137 736 4206; x_wconf 89' lang='lat' dir='ltr'><strong>dicit,</strong></span> <span class='ocrx_word' id='word_1_514' title='bbox 768 4162 795 4190; x_wconf 89' lang='lat'>«</span> <span class='ocrx_word' id='word_1_515' title='bbox 830 4157 943 4195; x_wconf 90' lang='lat' dir='ltr'><strong>non</strong></span> <span class='ocrx_word' id='word_1_516' title='bbox 976 4145 1065 4197; x_wconf 89' lang='lat' dir='ltr'><strong>est</strong></span> <span class='ocrx_word' id='word_1_517' title='bbox 1095 4157 1291 4197; x_wconf 87' lang='lat' dir='ltr'><strong>meum</strong></span> <span class='ocrx_word' id='word_1_518' title='bbox 1325 4131 1467 4198; x_wconf 85' lang='lat' dir='ltr'><strong>dare</strong></span> <span class='ocrx_word' id='word_1_519' title='bbox 1493 4143 1677 4198; x_wconf 89' lang='lat' dir='ltr'><strong>vobis.</strong></span> <span class='ocrx_word' id='word_1_520' title='bbox 1709 4166 1736 4193; x_wconf 78' lang='lat'>»</span> <span class='ocrx_word' id='word_1_521' title='bbox 1766 4144 1947 4201; x_wconf 77' lang='lat' dir='ltr'><strong>Vobis</strong></span> <span class='ocrx_word' id='word_1_522' title='bbox 1965 4145 2041 4199; x_wconf 89' lang='lat' dir='ltr'><strong>vi-</strong></span> 
     </span>
    </p>
   </div>
   <div class='ocr_carea' id='block_1_75' title="bbox 388 4228 2040 4304">
    <p class='ocr_par' dir='ltr' id='par_1_75' title="bbox 388 4228 2040 4304">
     <span class='ocr_line' id='line_1_75' title="bbox 388 4228 2040 4304; baseline 0.002 -20"><span class='ocrx_word' id='word_1_523' title='bbox 388 4228 599 4285; x_wconf 86' lang='lat' dir='ltr'><strong>delicet</strong></span> <span class='ocrx_word' id='word_1_524' title='bbox 625 4229 896 4302; x_wconf 90' lang='lat' dir='ltr'><strong>superbis</strong></span> <span class='ocrx_word' id='word_1_525' title='bbox 925 4234 984 4286; x_wconf 88' lang='lat' dir='ltr'><strong>et</strong></span> <span class='ocrx_word' id='word_1_526' title='bbox 1014 4230 1243 4303; x_wconf 86' lang='lat' dir='ltr'><strong>cupidis</strong></span> <span class='ocrx_word' id='word_1_527' title='bbox 1271 4249 1431 4287; x_wconf 71' lang='lat' dir='ltr'><strong>vanae</strong></span> <span class='ocrx_word' id='word_1_528' title='bbox 1462 4230 1678 4304; x_wconf 74' lang='lat' dir='ltr'><strong>glorias.</strong></span> <span class='ocrx_word' id='word_1_529' title='bbox 1712 4232 1781 4286; x_wconf 89' lang='lat' dir='ltr'><strong>Et</strong></span> <span class='ocrx_word' id='word_1_530' title='bbox 1804 4237 2040 4288; x_wconf 84' lang='lat' dir='ltr'><strong>estsen-</strong></span> 
     </span>
    </p>
   </div>
   <div class='ocr_carea' id='block_1_76' title="bbox 388 4319 2036 4393">
    <p class='ocr_par' dir='ltr' id='par_1_76' title="bbox 388 4319 2036 4393">
     <span class='ocr_line' id='line_1_76' title="bbox 388 4319 2036 4393; baseline 0.001 -19"><span class='ocrx_word' id='word_1_531' title='bbox 388 4335 521 4375; x_wconf 90' lang='lat' dir='ltr'><strong>sus:</strong></span> <span class='ocrx_word' id='word_1_532' title='bbox 556 4319 820 4392; x_wconf 83' lang='lat' dir='ltr'><strong>Regnum</strong></span> <span class='ocrx_word' id='word_1_533' title='bbox 855 4319 954 4375; x_wconf 91' lang='lat' dir='ltr'><strong>Dei</strong></span> <span class='ocrx_word' id='word_1_534' title='bbox 989 4338 1101 4376; x_wconf 89' lang='lat' dir='ltr'><strong>non</strong></span> <span class='ocrx_word' id='word_1_535' title='bbox 1138 4326 1225 4376; x_wconf 89' lang='lat' dir='ltr'><strong>est</strong></span> <span class='ocrx_word' id='word_1_536' title='bbox 1262 4321 1478 4388; x_wconf 89' lang='lat' dir='ltr'><strong>dantis,</strong></span> <span class='ocrx_word' id='word_1_537' title='bbox 1524 4321 1623 4376; x_wconf 89' lang='lat' dir='ltr'><strong>sed</strong></span> <span class='ocrx_word' id='word_1_538' title='bbox 1676 4320 2036 4393; x_wconf 88' lang='lat' dir='ltr'><strong>accipientis.</strong></span> 
     </span>
    </p>
   </div>
   <div class='ocr_carea' id='block_1_77' title="bbox 386 4408 2039 4485">
    <p class='ocr_par' dir='ltr' id='par_1_77' title="bbox 386 4408 2039 4485">
     <span class='ocr_line' id='line_1_77' title="bbox 386 4408 2039 4485; baseline 0.001 -21"><span class='ocrx_word' id='word_1_539' title='bbox 386 4408 509 4464; x_wconf 89' lang='lat' dir='ltr'><strong>Non</strong></span> <span class='ocrx_word' id='word_1_540' title='bbox 537 4408 695 4464; x_wconf 89' lang='lat' dir='ltr'><strong>enim</strong></span> <span class='ocrx_word' id='word_1_541' title='bbox 728 4414 975 4480; x_wconf 90' lang='lat' dir='ltr'><strong>possunt</strong></span> <span class='ocrx_word' id='word_1_542' title='bbox 1005 4410 1266 4482; x_wconf 88' lang='lat' dir='ltr'><strong>accipere</strong></span> <span class='ocrx_word' id='word_1_543' title='bbox 1289 4426 1533 4483; x_wconf 87' lang='lat' dir='ltr'><strong>regnum</strong></span> <span class='ocrx_word' id='word_1_544' title='bbox 1561 4411 1661 4466; x_wconf 90' lang='lat' dir='ltr'><strong>Dei</strong></span> <span class='ocrx_word' id='word_1_545' title='bbox 1676 4409 1821 4466; x_wconf 89' lang='lat' dir='ltr'><strong>tales</strong></span> <span class='ocrx_word' id='word_1_546' title='bbox 1835 4409 2039 4485; x_wconf 85' lang='lat' dir='ltr'><strong>quales</strong></span> 
     </span>
    </p>
   </div>
   <div class='ocr_carea' id='block_1_78' title="bbox 383 4497 2039 4570">
    <p class='ocr_par' dir='ltr' id='par_1_78' title="bbox 383 4497 2039 4570">
     <span class='ocr_line' id='line_1_78' title="bbox 383 4497 2039 4570; baseline 0.001 -17"><span class='ocrx_word' id='word_1_547' title='bbox 383 4513 487 4553; x_wconf 81' lang='lat' dir='ltr'><strong>vos</strong></span> <span class='ocrx_word' id='word_1_548' title='bbox 514 4497 677 4565; x_wconf 88' lang='lat' dir='ltr'><strong>estis,</strong></span> <span class='ocrx_word' id='word_1_549' title='bbox 712 4498 808 4553; x_wconf 92' lang='lat' dir='ltr'><strong>sed</strong></span> <span class='ocrx_word' id='word_1_550' title='bbox 844 4497 1047 4570; x_wconf 85' lang='lat' dir='ltr'><strong>quales</strong></span> <span class='ocrx_word' id='word_1_551' title='bbox 1091 4515 1195 4554; x_wconf 84' lang='lat' dir='ltr'><strong>vos</strong></span> <span class='ocrx_word' id='word_1_552' title='bbox 1253 4515 1381 4554; x_wconf 88' lang='lat' dir='ltr'><strong>esse</strong></span> <span class='ocrx_word' id='word_1_553' title='bbox 1430 4499 1672 4555; x_wconf 87' lang='lat' dir='ltr'><strong>debetis.</strong></span> <span class='ocrx_word' id='word_1_554' title='bbox 1730 4522 1757 4548; x_wconf 88' lang='grc'><strong>‹‹</strong></span> <span class='ocrx_word' id='word_1_555' title='bbox 1791 4499 1914 4555; x_wconf 86' lang='lat' dir='ltr'><strong>Non</strong></span> <span class='ocrx_word' id='word_1_556' title='bbox 1950 4502 2039 4555; x_wconf 89' lang='lat' dir='ltr'><strong>est</strong></span> 
     </span>
    </p>
   </div>
   <div class='ocr_carea' id='block_1_79' title="bbox 2153 3335 3821 3396">
    <p class='ocr_par' dir='ltr' id='par_1_79' title="bbox 2153 3335 3821 3396">
     <span class='ocr_line' id='line_1_79' title="bbox 2153 3335 3821 3396; baseline 0.003 -5"><span class='ocrx_word' id='word_1_557' title='bbox 2153 3336 2321 3391; x_wconf 90' lang='lat' dir='ltr'><strong>nobis</strong></span> <span class='ocrx_word' id='word_1_558' title='bbox 2353 3335 2726 3391; x_wconf 85' lang='lat' dir='ltr'><strong>ministravit.</strong></span> <span class='ocrx_word' id='word_1_559' title='bbox 2761 3337 2924 3393; x_wconf 91' lang='lat' dir='ltr'><strong>Unde</strong></span> <span class='ocrx_word' id='word_1_560' title='bbox 2949 3342 3005 3391; x_wconf 94' lang='lat' dir='ltr'><strong>et</strong></span> <span class='ocrx_word' id='word_1_561' title='bbox 3038 3337 3317 3393; x_wconf 88' lang='lat' dir='ltr'><strong>Dominus</strong></span> <span class='ocrx_word' id='word_1_562' title='bbox 3340 3338 3507 3394; x_wconf 89' lang='lat' dir='ltr'><strong>dicit:</strong></span> <span class='ocrx_word' id='word_1_563' title='bbox 3527 3361 3555 3388; x_wconf 87' lang='grc'><strong>‹‹</strong></span> <span class='ocrx_word' id='word_1_564' title='bbox 3583 3340 3657 3395; x_wconf 86' lang='lat' dir='ltr'><strong>Et</strong></span> <span class='ocrx_word' id='word_1_565' title='bbox 3673 3341 3821 3396; x_wconf 81' lang='lat' dir='ltr'><strong>dare</strong></span> 
     </span>
    </p>
   </div>
   <div class='ocr_carea' id='block_1_80' title="bbox 2152 3424 3813 3499">
    <p class='ocr_par' dir='ltr' id='par_1_80' title="bbox 2152 3424 3813 3499">
     <span class='ocr_line' id='line_1_80' title="bbox 2152 3424 3813 3499; baseline 0.005 -22"><span class='ocrx_word' id='word_1_566' title='bbox 2152 3450 2179 3477; x_wconf 88' lang='grc'><strong>‹‹</strong></span> <span class='ocrx_word' id='word_1_567' title='bbox 2210 3424 2467 3480; x_wconf 86' lang='lat' dir='ltr'><strong>animam</strong></span> <span class='ocrx_word' id='word_1_568' title='bbox 2511 3442 2678 3480; x_wconf 88' lang='lat' dir='ltr'><strong>suam</strong></span> <span class='ocrx_word' id='word_1_569' title='bbox 2731 3425 3190 3498; x_wconf 88' lang='lat' dir='ltr'><strong>redemptionem</strong></span> <span class='ocrx_word' id='word_1_570' title='bbox 3239 3443 3341 3499; x_wconf 91' lang='lat' dir='ltr'><strong>pro</strong></span> <span class='ocrx_word' id='word_1_571' title='bbox 3392 3426 3618 3495; x_wconf 88' lang='lat' dir='ltr'><strong>multis,</strong></span> <span class='ocrx_word' id='word_1_572' title='bbox 3677 3429 3813 3485; x_wconf 82' lang='lat' dir='ltr'><strong>Non</strong></span> 
     </span>
    </p>
   </div>
   <div class='ocr_carea' id='block_1_81' title="bbox 2152 3513 3821 3587">
    <p class='ocr_par' dir='ltr' id='par_1_81' title="bbox 2152 3513 3821 3587">
     <span class='ocr_line' id='line_1_81' title="bbox 2152 3513 3821 3587; baseline 0.003 -18"><span class='ocrx_word' id='word_1_573' title='bbox 2152 3513 2299 3569; x_wconf 88' lang='lat' dir='ltr'><strong>dixit</strong></span> <span class='ocrx_word' id='word_1_574' title='bbox 2326 3531 2428 3586; x_wconf 91' lang='lat' dir='ltr'><strong>pro</strong></span> <span class='ocrx_word' id='word_1_575' title='bbox 2455 3516 2749 3582; x_wconf 88' lang='lat' dir='ltr'><strong>omnibus,</strong></span> <span class='ocrx_word' id='word_1_576' title='bbox 2803 3515 2901 3569; x_wconf 90' lang='lat' dir='ltr'><strong>sed</strong></span> <span class='ocrx_word' id='word_1_577' title='bbox 2953 3531 3055 3586; x_wconf 91' lang='lat' dir='ltr'><strong>pro</strong></span> <span class='ocrx_word' id='word_1_578' title='bbox 3104 3514 3327 3583; x_wconf 87' lang='lat' dir='ltr'><strong>multis,</strong></span> <span class='ocrx_word' id='word_1_579' title='bbox 3363 3517 3501 3587; x_wconf 88' lang='lat' dir='ltr'><strong>quia</strong></span> <span class='ocrx_word' id='word_1_580' title='bbox 3537 3516 3821 3574; x_wconf 81' lang='lat' dir='ltr'><strong>videlicet</strong></span> 
     </span>
    </p>
   </div>
   <div class='ocr_carea' id='block_1_82' title="bbox 2151 3602 3818 3675">
    <p class='ocr_par' dir='ltr' id='par_1_82' title="bbox 2151 3602 3818 3675">
     <span class='ocr_line' id='line_1_82' title="bbox 2151 3602 3818 3675; baseline 0.003 -18"><span class='ocrx_word' id='word_1_581' title='bbox 2151 3602 2438 3658; x_wconf 88' lang='lat' dir='ltr'><strong>Dominus</strong></span> <span class='ocrx_word' id='word_1_582' title='bbox 2487 3620 2591 3675; x_wconf 92' lang='lat' dir='ltr'><strong>pro</strong></span> <span class='ocrx_word' id='word_1_583' title='bbox 2628 3602 2787 3658; x_wconf 90' lang='lat' dir='ltr'><strong>omni</strong></span> <span class='ocrx_word' id='word_1_584' title='bbox 2836 3619 3046 3674; x_wconf 88' lang='lat' dir='ltr'><strong>genere</strong></span> <span class='ocrx_word' id='word_1_585' title='bbox 3078 3603 3340 3659; x_wconf 89' lang='lat' dir='ltr'><strong>humano</strong></span> <span class='ocrx_word' id='word_1_586' title='bbox 3380 3604 3513 3660; x_wconf 89' lang='lat' dir='ltr'><strong>licet</strong></span> <span class='ocrx_word' id='word_1_587' title='bbox 3570 3622 3818 3662; x_wconf 86' lang='lat' dir='ltr'><strong>crucem</strong></span> 
     </span>
    </p>
   </div>
   <div class='ocr_carea' id='block_1_83' title="bbox 2152 3691 3818 3765">
    <p class='ocr_par' dir='ltr' id='par_1_83' title="bbox 2152 3691 3818 3765">
     <span class='ocr_line' id='line_1_83' title="bbox 2152 3691 3818 3765; baseline 0.004 -20"><span class='ocrx_word' id='word_1_588' title='bbox 2152 3691 2391 3759; x_wconf 87' lang='lat' dir='ltr'><strong>subiret,</strong></span> <span class='ocrx_word' id='word_1_589' title='bbox 2427 3691 2520 3746; x_wconf 86' lang='lat' dir='ltr'><strong>his</strong></span> <span class='ocrx_word' id='word_1_590' title='bbox 2540 3692 2823 3747; x_wconf 86' lang='lat' dir='ltr'><strong>duntaxat</strong></span> <span class='ocrx_word' id='word_1_591' title='bbox 2838 3693 2966 3762; x_wconf 89' lang='lat' dir='ltr'><strong>ejus</strong></span> <span class='ocrx_word' id='word_1_592' title='bbox 2998 3691 3192 3763; x_wconf 88' lang='lat' dir='ltr'><strong>passio</strong></span> <span class='ocrx_word' id='word_1_593' title='bbox 3222 3692 3461 3763; x_wconf 74' lang='lat' dir='ltr'><strong>profuit,</strong></span> <span class='ocrx_word' id='word_1_594' title='bbox 3487 3693 3818 3765; x_wconf 82' lang='lat' dir='ltr'><strong>quieodem</strong></span> 
     </span>
    </p>
   </div>
   <div class='ocr_carea' id='block_1_84' title="bbox 2153 3780 3821 3855">
    <p class='ocr_par' dir='ltr' id='par_1_84' title="bbox 2153 3780 3821 3855">
     <span class='ocr_line' id='line_1_84' title="bbox 2153 3780 3821 3855; baseline 0.004 -21"><span class='ocrx_word' id='word_1_595' title='bbox 2153 3780 2361 3853; x_wconf 89' lang='lat' dir='ltr'><strong>spiritu</strong></span> <span class='ocrx_word' id='word_1_596' title='bbox 2395 3780 2577 3835; x_wconf 83' lang='lat' dir='ltr'><strong>renati</strong></span> <span class='ocrx_word' id='word_1_597' title='bbox 2609 3785 2748 3837; x_wconf 90' lang='lat' dir='ltr'><strong>sunt</strong></span> <span class='ocrx_word' id='word_1_598' title='bbox 2778 3781 2849 3835; x_wconf 89' lang='lat' dir='ltr'><strong>ad</strong></span> <span class='ocrx_word' id='word_1_599' title='bbox 2882 3781 3084 3846; x_wconf 89' lang='lat' dir='ltr'><strong>vitam,</strong></span> <span class='ocrx_word' id='word_1_600' title='bbox 3119 3797 3235 3852; x_wconf 91' lang='lat' dir='ltr'><strong>quo</strong></span> <span class='ocrx_word' id='word_1_601' title='bbox 3265 3781 3700 3855; x_wconf 88' lang='lat' dir='ltr'><strong>illeconceptus</strong></span> <span class='ocrx_word' id='word_1_602' title='bbox 3727 3789 3821 3840; x_wconf 70' lang='lat' dir='ltr'><strong>est</strong></span> 
     </span>
    </p>
   </div>
   <div class='ocr_carea' id='block_1_85' title="bbox 2150 3869 2663 3926">
    <p class='ocr_par' dir='ltr' id='par_1_85' title="bbox 2150 3869 2663 3926">
     <span class='ocr_line' id='line_1_85' title="bbox 2150 3869 2663 3926; baseline 0 -2"><span class='ocrx_word' id='word_1_603' title='bbox 2150 3869 2210 3924; x_wconf 93' lang='lat' dir='ltr'><strong>in</strong></span> <span class='ocrx_word' id='word_1_604' title='bbox 2243 3874 2407 3926; x_wconf 90' lang='lat' dir='ltr'><strong>utero</strong></span> <span class='ocrx_word' id='word_1_605' title='bbox 2439 3869 2663 3925; x_wconf 89' lang='lat' dir='ltr'><strong>matris.</strong></span> 
     </span>
    </p>
   </div>
   <div class='ocr_carea' id='block_1_86' title="bbox 2684 4048 3262 4105">
    <p class='ocr_par' dir='ltr' id='par_1_86' title="bbox 2684 4048 3262 4105">
     <span class='ocr_line' id='line_1_86' title="bbox 2684 4048 3262 4105; baseline 0.002 -1"><span class='ocrx_word' id='word_1_606' title='bbox 2684 4048 3005 4104; x_wconf 79' lang='lat' dir='ltr'><strong>HOMILIA‘</strong></span> <span class='ocrx_word' id='word_1_607' title='bbox 3027 4049 3262 4105; x_wconf 88' lang='lat' dir='ltr'><strong>XXXIX.</strong></span> 
     </span>
    </p>
   </div>
   <div class='ocr_carea' id='block_1_87' title="bbox 2470 4158 3475 4219">
    <p class='ocr_par' dir='ltr' id='par_1_87' title="bbox 2470 4158 3475 4219">
     <span class='ocr_line' id='line_1_87' title="bbox 2470 4158 3475 4219; baseline 0.002 -8"><span class='ocrx_word' id='word_1_608' title='bbox 2470 4173 2634 4212; x_wconf 71' lang='lat' dir='ltr'><strong>rsum</strong></span> <span class='ocrx_word' id='word_1_609' title='bbox 2672 4172 2877 4219; x_wconf 72' lang='lat' dir='ltr'><strong>eumn</strong></span> <span class='ocrx_word' id='word_1_610' title='bbox 2918 4172 3057 4212; x_wconf 82' lang='lat' dir='ltr'><strong>POST</strong></span> <span class='ocrx_word' id='word_1_611' title='bbox 3093 4158 3475 4213; x_wconf 76' lang='lat' dir='ltr'><strong>Reminiscere.</strong></span> 
     </span>
    </p>
   </div>
   <div class='ocr_carea' id='block_1_88' title="bbox 2220 4315 3827 4389">
    <p class='ocr_par' dir='ltr' id='par_1_88' title="bbox 2220 4315 3827 4389">
     <span class='ocr_line' id='line_1_88' title="bbox 2220 4315 3827 4389; baseline 0.002 -18"><span class='ocrx_word' id='word_1_612' title='bbox 2220 4316 2402 4389; x_wconf 79' lang='lat' dir='ltr'><strong>(JOAN.</strong></span> <span class='ocrx_word' id='word_1_613' title='bbox 2440 4316 2520 4377; x_wconf 89' lang='lat' dir='ltr'><strong>v.)</strong></span> <span class='ocrx_word' id='word_1_614' title='bbox 2551 4339 2578 4365; x_wconf 90' lang='grc'><em>‹‹</em></span> <span class='ocrx_word' id='word_1_615' title='bbox 2611 4319 2673 4369; x_wconf 86' lang='lat' dir='ltr'><strong>In</strong></span> <span class='ocrx_word' id='word_1_616' title='bbox 2710 4315 2809 4371; x_wconf 93' lang='lat' dir='ltr'><strong>illo</strong></span> <span class='ocrx_word' id='word_1_617' title='bbox 2840 4319 3120 4389; x_wconf 88' lang='lat' dir='ltr'><strong>tempore,</strong></span> <span class='ocrx_word' id='word_1_618' title='bbox 3154 4316 3486 4372; x_wconf 80' lang='lat' dir='ltr'><strong>dixitJesus</strong></span> <span class='ocrx_word' id='word_1_619' title='bbox 3504 4317 3827 4375; x_wconf 73' lang='lat' dir='ltr'><strong>turbislu-</strong></span> 
     </span>
    </p>
   </div>
   <div class='ocr_carea' id='block_1_89' title="bbox 2148 4404 3829 4479">
    <p class='ocr_par' dir='ltr' id='par_1_89' title="bbox 2148 4404 3829 4479">
     <span class='ocr_line' id='line_1_89' title="bbox 2148 4404 3829 4479; baseline 0.006 -24"><span class='ocrx_word' id='word_1_620' title='bbox 2148 4431 2175 4455; x_wconf 88' lang='grc'><em>‹‹</em></span> <span class='ocrx_word' id='word_1_621' title='bbox 2209 4406 2502 4461; x_wconf 72' lang='lat' dir='ltr'><strong>dzeorum:</strong></span> <span class='ocrx_word' id='word_1_622' title='bbox 2531 4404 2657 4459; x_wconf 89' lang='lat' dir='ltr'><strong>Non</strong></span> <span class='ocrx_word' id='word_1_623' title='bbox 2690 4422 2934 4476; x_wconf 88' lang='lat' dir='ltr'><strong>possum</strong></span> <span class='ocrx_word' id='word_1_624' title='bbox 2968 4421 3074 4479; x_wconf 90' lang='lat' dir='ltr'><strong>ego</strong></span> <span class='ocrx_word' id='word_1_625' title='bbox 3105 4422 3139 4461; x_wconf 85' lang='lat' dir='ltr'><strong>a</strong></span> <span class='ocrx_word' id='word_1_626' title='bbox 3170 4405 3392 4478; x_wconf 88' lang='lat' dir='ltr'><strong>meipso</strong></span> <span class='ocrx_word' id='word_1_627' title='bbox 3424 4406 3618 4461; x_wconf 81' lang='lat' dir='ltr'><strong>facere</strong></span> <span class='ocrx_word' id='word_1_628' title='bbox 3637 4406 3829 4479; x_wconf 83' lang='lat' dir='ltr'><strong>quid-</strong></span> 
     </span>
    </p>
   </div>
   <div class='ocr_carea' id='block_1_90' title="bbox 2148 4492 3826 4568">
    <p class='ocr_par' dir='ltr' id='par_1_90' title="bbox 2148 4492 3826 4568">
     <span class='ocr_line' id='line_1_90' title="bbox 2148 4492 3826 4568; baseline 0.005 -25"><span class='ocrx_word' id='word_1_629' title='bbox 2148 4519 2174 4544; x_wconf 90' lang='grc'><strong>‹‹</strong></span> <span class='ocrx_word' id='word_1_630' title='bbox 2210 4511 2407 4568; x_wconf 87' lang='lat' dir='ltr'><strong>quam,</strong></span> <span class='ocrx_word' id='word_1_631' title='bbox 2439 4493 2540 4549; x_wconf 88' lang='lat' dir='ltr'><strong>sed</strong></span> <span class='ocrx_word' id='word_1_632' title='bbox 2554 4492 3142 4565; x_wconf 87' lang='lat' dir='ltr'><strong>sicutaudio.judico.</strong></span> <span class='ocrx_word' id='word_1_633' title='bbox 3163 4515 3190 4544; x_wconf 88' lang='lat'>»</span> <span class='ocrx_word' id='word_1_634' title='bbox 3209 4493 3627 4550; x_wconf 85' lang='lat' dir='ltr'><strong>Fortasseideo</strong></span> <span class='ocrx_word' id='word_1_635' title='bbox 3641 4495 3826 4563; x_wconf 80' lang='lat' dir='ltr'><strong>dixit,</strong></span> 
     </span>
    </p>
   </div>
   <div class='ocr_carea' id='block_1_91' title="bbox 383 4582 3831 4669">
    <p class='ocr_par' dir='ltr' id='par_1_91' title="bbox 383 4582 3831 4669">
     <span class='ocr_line' id='line_1_91' title="bbox 383 4582 3831 4669; baseline 0.003 -29"><span class='ocrx_word' id='word_1_636' title='bbox 383 4600 582 4640; x_wconf 89' lang='lat' dir='ltr'><strong>meum</strong></span> <span class='ocrx_word' id='word_1_637' title='bbox 615 4585 752 4640; x_wconf 89' lang='lat' dir='ltr'><strong>dare</strong></span> <span class='ocrx_word' id='word_1_638' title='bbox 781 4587 965 4654; x_wconf 86' lang='lat' dir='ltr'><strong>vobis,</strong></span> <span class='ocrx_word' id='word_1_639' title='bbox 1008 4608 1028 4636; x_wconf 82' lang='grc'><strong>»</strong></span> <span class='ocrx_word' id='word_1_640' title='bbox 1067 4586 1123 4641; x_wconf 91' lang='lat' dir='ltr'><strong>id</strong></span> <span class='ocrx_word' id='word_1_641' title='bbox 1155 4590 1244 4642; x_wconf 89' lang='lat' dir='ltr'><strong>est</strong></span> <span class='ocrx_word' id='word_1_642' title='bbox 1276 4586 1545 4659; x_wconf 90' lang='lat' dir='ltr'><strong>superbis</strong></span> <span class='ocrx_word' id='word_1_643' title='bbox 1562 4587 2036 4644; x_wconf 87' lang='lat' dir='ltr'><strong>elelatis.Estote</strong></span> <span class='ocrx_word' id='word_1_644' title='bbox 2068 4605 2112 4669; x_wconf 68' lang='grc' dir='ltr'><strong>ι)</strong></span> <span class='ocrx_word' id='word_1_645' title='bbox 2147 4609 2173 4635; x_wconf 90' lang='grc'><strong>‹‹</strong></span> <span class='ocrx_word' id='word_1_646' title='bbox 2208 4601 2320 4639; x_wconf 88' lang='lat' dir='ltr'><strong>non</strong></span> <span class='ocrx_word' id='word_1_647' title='bbox 2355 4599 2598 4656; x_wconf 87' lang='lat' dir='ltr'><strong>possum</strong></span> <span class='ocrx_word' id='word_1_648' title='bbox 2630 4598 2664 4637; x_wconf 89' lang='lat' dir='ltr'><strong>a</strong></span> <span class='ocrx_word' id='word_1_649' title='bbox 2688 4582 2912 4655; x_wconf 90' lang='lat' dir='ltr'><strong>meipso</strong></span> <span class='ocrx_word' id='word_1_650' title='bbox 2958 4583 3143 4639; x_wconf 80' lang='lat' dir='ltr'><strong>facere</strong></span> <span class='ocrx_word' id='word_1_651' title='bbox 3175 4583 3520 4655; x_wconf 64' lang='lat' dir='ltr'><strong>quidquam.</strong></span> <span class='ocrx_word' id='word_1_652' title='bbox 3562 4606 3592 4633; x_wconf 76' lang='lat'><em>”</em></span> <span class='ocrx_word' id='word_1_653' title='bbox 3637 4584 3831 4657; x_wconf 76' lang='lat' dir='ltr'><strong>quasi</strong></span> 
     </span>
    </p>
   </div>
   <div class='ocr_carea' id='block_1_92' title="bbox 381 4674 2035 4749">
    <p class='ocr_par' dir='ltr' id='par_1_92' title="bbox 381 4674 2035 4749">
     <span class='ocr_line' id='line_1_92' title="bbox 381 4674 2035 4749; baseline 0.001 -20"><span class='ocrx_word' id='word_1_654' title='bbox 381 4688 518 4746; x_wconf 89' lang='lat' dir='ltr'><strong>ergo</strong></span> <span class='ocrx_word' id='word_1_655' title='bbox 547 4690 646 4728; x_wconf 86' lang='lat' dir='ltr'><strong>vos</strong></span> <span class='ocrx_word' id='word_1_656' title='bbox 678 4674 935 4745; x_wconf 85' lang='lat' dir='ltr'><strong>primum</strong></span> <span class='ocrx_word' id='word_1_657' title='bbox 968 4674 1241 4741; x_wconf 89' lang='lat' dir='ltr'><strong>humiles,</strong></span> <span class='ocrx_word' id='word_1_658' title='bbox 1262 4676 1415 4730; x_wconf 89' lang='lat' dir='ltr'><strong>etsic</strong></span> <span class='ocrx_word' id='word_1_659' title='bbox 1429 4676 1497 4731; x_wconf 88' lang='lat' dir='ltr'><strong>ad</strong></span> <span class='ocrx_word' id='word_1_660' title='bbox 1515 4676 1854 4749; x_wconf 87' lang='lat' dir='ltr'><strong>dignitatem</strong></span> <span class='ocrx_word' id='word_1_661' title='bbox 1871 4678 2035 4749; x_wconf 80' lang='lat' dir='ltr'><strong>regni</strong></span> 
     </span>
    </p>
   </div>
   <div class='ocr_carea' id='block_1_93' title="bbox 378 4758 2041 4838">
    <p class='ocr_par' dir='ltr' id='par_1_93' title="bbox 378 4758 2041 4838">
     <span class='ocr_line' id='line_1_93' title="bbox 378 4758 2041 4838; baseline 0.002 -21"><span class='ocrx_word' id='word_1_662' title='bbox 378 4761 745 4833; x_wconf 88' lang='lat' dir='ltr'><strong>pervenictis.</strong></span> <span class='ocrx_word' id='word_1_663' title='bbox 782 4762 1101 4835; x_wconf 72' lang='lat' dir='ltr'><strong>Prmparate</strong></span> <span class='ocrx_word' id='word_1_664' title='bbox 1131 4781 1232 4819; x_wconf 89' lang='lat' dir='ltr'><strong>vos</strong></span> <span class='ocrx_word' id='word_1_665' title='bbox 1262 4763 1429 4829; x_wconf 84' lang='lat' dir='ltr'><strong>tales,</strong></span> <span class='ocrx_word' id='word_1_666' title='bbox 1464 4770 1528 4820; x_wconf 91' lang='lat' dir='ltr'><strong>ut</strong></span> <span class='ocrx_word' id='word_1_667' title='bbox 1558 4764 1684 4820; x_wconf 89' lang='lat' dir='ltr'><strong>sitis</strong></span> <span class='ocrx_word' id='word_1_668' title='bbox 1717 4765 1834 4836; x_wconf 89' lang='lat' dir='ltr'><strong>apti</strong></span> <span class='ocrx_word' id='word_1_669' title='bbox 1853 4758 2041 4838; x_wconf 84' lang='lat' dir='ltr'><strong>regno</strong></span> 
     </span>
    </p>
   </div>
   <div class='ocr_carea' id='block_1_94' title="bbox 378 4847 2030 4925">
    <p class='ocr_par' dir='ltr' id='par_1_94' title="bbox 378 4847 2030 4925">
     <span class='ocr_line' id='line_1_94' title="bbox 378 4847 2030 4925; baseline 0.002 -20"><span class='ocrx_word' id='word_1_670' title='bbox 378 4847 679 4905; x_wconf 81' lang='lat' dir='ltr'><strong>caelorum.</strong></span> <span class='ocrx_word' id='word_1_671' title='bbox 711 4849 928 4906; x_wconf 82' lang='lat' dir='ltr'><strong>Volunt</strong></span> <span class='ocrx_word' id='word_1_672' title='bbox 938 4856 1130 4909; x_wconf 90' lang='lat' dir='ltr'><strong>autem</strong></span> <span class='ocrx_word' id='word_1_673' title='bbox 1146 4853 1385 4925; x_wconf 85' lang='lat' dir='ltr'><strong>quidam</strong></span> <span class='ocrx_word' id='word_1_674' title='bbox 1405 4854 1671 4909; x_wconf 86' lang='lat' dir='ltr'><strong>doctores</strong></span> <span class='ocrx_word' id='word_1_675' title='bbox 1685 4870 2030 4909; x_wconf 88' lang='lat' dir='ltr'><strong>concessum</strong></span> 
     </span>
    </p>
   </div>
   <div class='ocr_carea' id='block_1_95' title="bbox 379 4937 2033 5014">
    <p class='ocr_par' dir='ltr' id='par_1_95' title="bbox 379 4937 2033 5014">
     <span class='ocr_line' id='line_1_95' title="bbox 379 4937 2033 5014; baseline 0.004 -23"><span class='ocrx_word' id='word_1_676' title='bbox 379 4954 511 4992; x_wconf 88' lang='lat' dir='ltr'><strong>esse</strong></span> <span class='ocrx_word' id='word_1_677' title='bbox 540 4937 630 4993; x_wconf 88' lang='lat' dir='ltr'><strong>his</strong></span> <span class='ocrx_word' id='word_1_678' title='bbox 661 4938 969 5012; x_wconf 89' lang='lat' dir='ltr'><strong>discipulis</strong></span> <span class='ocrx_word' id='word_1_679' title='bbox 1002 4942 1154 5014; x_wconf 90' lang='lat' dir='ltr'><strong>quod</strong></span> <span class='ocrx_word' id='word_1_680' title='bbox 1190 4941 1497 5014; x_wconf 86' lang='lat' dir='ltr'><strong>petierant,</strong></span> <span class='ocrx_word' id='word_1_681' title='bbox 1534 4945 1596 4997; x_wconf 89' lang='lat' dir='ltr'><strong>ut</strong></span> <span class='ocrx_word' id='word_1_682' title='bbox 1627 4960 1780 4997; x_wconf 89' lang='lat' dir='ltr'><strong>unus</strong></span> <span class='ocrx_word' id='word_1_683' title='bbox 1807 4943 2033 4998; x_wconf 87' lang='lat' dir='ltr'><strong>sederet</strong></span> 
     </span>
    </p>
   </div>
   <div class='ocr_carea' id='block_1_96' title="bbox 379 5025 2026 5096">
    <p class='ocr_par' dir='ltr' id='par_1_96' title="bbox 379 5025 2026 5096">
     <span class='ocr_line' id='line_1_96' title="bbox 379 5025 2026 5096; baseline 0.005 -16"><span class='ocrx_word' id='word_1_684' title='bbox 379 5026 451 5081; x_wconf 87' lang='lat' dir='ltr'><strong>ad</strong></span> <span class='ocrx_word' id='word_1_685' title='bbox 486 5025 781 5082; x_wconf 82' lang='lat' dir='ltr'><strong>dexteram</strong></span> <span class='ocrx_word' id='word_1_686' title='bbox 828 5029 1078 5096; x_wconf 85' lang='lat' dir='ltr'><strong>Domini,</strong></span> <span class='ocrx_word' id='word_1_687' title='bbox 1111 5034 1167 5085; x_wconf 82' lang='lat' dir='ltr'><strong>et</strong></span> <span class='ocrx_word' id='word_1_688' title='bbox 1217 5030 1363 5086; x_wconf 72' lang='lat' dir='ltr'><strong>alter</strong></span> <span class='ocrx_word' id='word_1_689' title='bbox 1396 5031 1570 5085; x_wconf 76' lang='lat' dir='ltr'><strong>etiam</strong></span> <span class='ocrx_word' id='word_1_690' title='bbox 1605 5032 1673 5084; x_wconf 90' lang='lat' dir='ltr'><strong>ad</strong></span> <span class='ocrx_word' id='word_1_691' title='bbox 1707 5031 2026 5087; x_wconf 84' lang='lat' dir='ltr'><strong>sinistram.</strong></span> 
     </span>
    </p>
   </div>
   <div class='ocr_carea' id='block_1_97' title="bbox 380 5113 2028 5191">
    <p class='ocr_par' dir='ltr' id='par_1_97' title="bbox 380 5113 2028 5191">
     <span class='ocr_line' id='line_1_97' title="bbox 380 5113 2028 5191; baseline 0.005 -22"><span class='ocrx_word' id='word_1_692' title='bbox 380 5113 522 5170; x_wconf 81' lang='lat' dir='ltr'><strong>Cum</strong></span> <span class='ocrx_word' id='word_1_693' title='bbox 555 5115 710 5170; x_wconf 89' lang='lat' dir='ltr'><strong>enim</strong></span> <span class='ocrx_word' id='word_1_694' title='bbox 742 5116 993 5173; x_wconf 88' lang='lat' dir='ltr'><strong>Jacobus</strong></span> <span class='ocrx_word' id='word_1_695' title='bbox 1027 5138 1127 5190; x_wconf 69' lang='lat' dir='ltr'><strong>per</strong></span> <span class='ocrx_word' id='word_1_696' title='bbox 1157 5119 1597 5175; x_wconf 85' lang='lat' dir='ltr'><strong>decoltationem</strong></span> <span class='ocrx_word' id='word_1_697' title='bbox 1633 5120 1894 5191; x_wconf 75' lang='lat' dir='ltr'><strong>martyrii</strong></span> <span class='ocrx_word' id='word_1_698' title='bbox 1917 5138 2028 5177; x_wconf 66' lang='lat' dir='ltr'><strong>co)-</strong></span> 
     </span>
    </p>
   </div>
   <div class='ocr_carea' id='block_1_98' title="bbox 378 5201 2025 5280">
    <p class='ocr_par' dir='ltr' id='par_1_98' title="bbox 378 5201 2025 5280">
     <span class='ocr_line' id='line_1_98' title="bbox 378 5201 2025 5280; baseline 0.004 -22"><span class='ocrx_word' id='word_1_699' title='bbox 378 5201 548 5259; x_wconf 89' lang='lat' dir='ltr'><strong>lestia</strong></span> <span class='ocrx_word' id='word_1_700' title='bbox 581 5220 757 5276; x_wconf 84' lang='lat' dir='ltr'><strong>regna</strong></span> <span class='ocrx_word' id='word_1_701' title='bbox 789 5210 1129 5277; x_wconf 87' lang='lat' dir='ltr'><strong>penetravit,</strong></span> <span class='ocrx_word' id='word_1_702' title='bbox 1165 5209 1330 5280; x_wconf 85' lang='lat' dir='ltr'><strong>quasi</strong></span> <span class='ocrx_word' id='word_1_703' title='bbox 1365 5209 1435 5263; x_wconf 88' lang='lat' dir='ltr'><strong>ad</strong></span> <span class='ocrx_word' id='word_1_704' title='bbox 1469 5209 1762 5264; x_wconf 82' lang='lat' dir='ltr'><strong>dexteram</strong></span> <span class='ocrx_word' id='word_1_705' title='bbox 1797 5209 2025 5265; x_wconf 90' lang='lat' dir='ltr'><strong>Domini</strong></span> 
     </span>
    </p>
   </div>
   <div class='ocr_carea' id='block_1_99' title="bbox 371 5292 2028 5371">
    <p class='ocr_par' dir='ltr' id='par_1_99' title="bbox 371 5292 2028 5371">
     <span class='ocr_line' id='line_1_99' title="bbox 371 5292 2028 5371; baseline 0.004 -24"><span class='ocrx_word' id='word_1_706' title='bbox 371 5292 975 5356; x_wconf 82' lang='lat' dir='ltr'><strong>sedit.QuiaJoannes</strong></span> <span class='ocrx_word' id='word_1_707' title='bbox 1006 5298 1359 5368; x_wconf 75' lang='lat' dir='ltr'><strong>evangelista</strong></span> <span class='ocrx_word' id='word_1_708' title='bbox 1391 5315 1494 5370; x_wconf 88' lang='lat' dir='ltr'><strong>per</strong></span> <span class='ocrx_word' id='word_1_709' title='bbox 1524 5295 1777 5351; x_wconf 87' lang='lat' dir='ltr'><strong>multum</strong></span> <span class='ocrx_word' id='word_1_710' title='bbox 1798 5302 2028 5371; x_wconf 90' lang='lat' dir='ltr'><strong>tempus</strong></span> 
     </span>
    </p>
   </div>
   <div class='ocr_carea' id='block_1_100' title="bbox 377 5380 2031 5457">
    <p class='ocr_par' dir='ltr' id='par_1_100' title="bbox 377 5380 2031 5457">
     <span class='ocr_line' id='line_1_100' title="bbox 377 5380 2031 5457; baseline 0.004 -20"><span class='ocrx_word' id='word_1_711' title='bbox 377 5380 531 5437; x_wconf 83' lang='lat' dir='ltr'><strong>ultra</strong></span> <span class='ocrx_word' id='word_1_712' title='bbox 561 5385 797 5437; x_wconf 70' lang='lat' dir='ltr'><strong>caeteros</strong></span> <span class='ocrx_word' id='word_1_713' title='bbox 829 5384 1122 5454; x_wconf 86' lang='lat' dir='ltr'><strong>apostolos</strong></span> <span class='ocrx_word' id='word_1_714' title='bbox 1154 5387 1221 5440; x_wconf 82' lang='lat' dir='ltr'><strong>ad</strong></span> <span class='ocrx_word' id='word_1_715' title='bbox 1257 5405 1443 5441; x_wconf 85' lang='lat' dir='ltr'><strong>annos</strong></span> <span class='ocrx_word' id='word_1_716' title='bbox 1459 5386 1744 5457; x_wconf 89' lang='lat' dir='ltr'><strong>plurimos</strong></span> <span class='ocrx_word' id='word_1_717' title='bbox 1758 5387 2031 5457; x_wconf 89' lang='lat' dir='ltr'><strong>perdura-</strong></span> 
     </span>
    </p>
   </div>
   <div class='ocr_carea' id='block_1_101' title="bbox 371 5470 2025 5543">
    <p class='ocr_par' dir='ltr' id='par_1_101' title="bbox 371 5470 2025 5543">
     <span class='ocr_line' id='line_1_101' title="bbox 371 5470 2025 5543; baseline 0.004 -17"><span class='ocrx_word' id='word_1_718' title='bbox 371 5470 474 5538; x_wconf 89' lang='lat' dir='ltr'><strong>vit,</strong></span> <span class='ocrx_word' id='word_1_719' title='bbox 506 5470 675 5543; x_wconf 79' lang='lat' dir='ltr'><strong>quasii</strong></span> <span class='ocrx_word' id='word_1_720' title='bbox 711 5471 783 5526; x_wconf 90' lang='lat' dir='ltr'><strong>ad</strong></span> <span class='ocrx_word' id='word_1_721' title='bbox 813 5471 1113 5529; x_wconf 90' lang='lat' dir='ltr'><strong>sinistram</strong></span> <span class='ocrx_word' id='word_1_722' title='bbox 1150 5474 1306 5529; x_wconf 90' lang='lat' dir='ltr'><strong>illius</strong></span> <span class='ocrx_word' id='word_1_723' title='bbox 1349 5476 1518 5531; x_wconf 77' lang='lat' dir='ltr'><strong>sedit.</strong></span> <span class='ocrx_word' id='word_1_724' title='bbox 1574 5475 1679 5530; x_wconf 89' lang='lat' dir='ltr'><strong>Per</strong></span> <span class='ocrx_word' id='word_1_725' title='bbox 1722 5476 2025 5532; x_wconf 86' lang='lat' dir='ltr'><strong>sinistram</strong></span> 
     </span>
    </p>
   </div>
   <div class='ocr_carea' id='block_1_102' title="bbox 370 5560 2027 5636">
    <p class='ocr_par' dir='ltr' id='par_1_102' title="bbox 370 5560 2027 5636">
     <span class='ocr_line' id='line_1_102' title="bbox 370 5560 2027 5636; baseline 0.002 -19"><span class='ocrx_word' id='word_1_726' title='bbox 370 5560 527 5617; x_wconf 85' lang='lat' dir='ltr'><strong>enim</strong></span> <span class='ocrx_word' id='word_1_727' title='bbox 557 5576 819 5634; x_wconf 70' lang='lat' dir='ltr'><strong>praesens</strong></span> <span class='ocrx_word' id='word_1_728' title='bbox 848 5560 966 5619; x_wconf 88' lang='lat' dir='ltr'><strong>vita</strong></span> <span class='ocrx_word' id='word_1_729' title='bbox 986 5561 1351 5635; x_wconf 88' lang='lat' dir='ltr'><strong>designatur,</strong></span> <span class='ocrx_word' id='word_1_730' title='bbox 1369 5581 1471 5636; x_wconf 83' lang='lat' dir='ltr'><strong>per</strong></span> <span class='ocrx_word' id='word_1_731' title='bbox 1499 5565 1797 5619; x_wconf 87' lang='lat' dir='ltr'><strong>dexteram</strong></span> <span class='ocrx_word' id='word_1_732' title='bbox 1832 5568 2027 5620; x_wconf 85' lang='lat' dir='ltr'><strong>autem</strong></span> 
     </span>
    </p>
   </div>
   <div class='ocr_carea' id='block_1_103' title="bbox 369 5649 2028 5728">
    <p class='ocr_par' dir='ltr' id='par_1_103' title="bbox 369 5649 2028 5728">
     <span class='ocr_line' id='line_1_103' title="bbox 369 5649 2028 5728; baseline 0 -20"><span class='ocrx_word' id='word_1_733' title='bbox 369 5649 568 5715; x_wconf 55' lang='lat' dir='ltr'><strong>«elect</strong></span> <span class='ocrx_word' id='word_1_734' title='bbox 590 5649 641 5710; x_wconf 84' lang='lat' dir='ltr'><strong>is</strong></span> <span class='ocrx_word' id='word_1_735' title='bbox 671 5649 971 5713; x_wconf 83' lang='lat' dir='ltr'><strong>beatitudo</strong></span> <span class='ocrx_word' id='word_1_736' title='bbox 982 5651 1369 5728; x_wconf 83' lang='lat' dir='ltr'><strong>signiﬁcatur,</strong></span> <span class='ocrx_word' id='word_1_737' title='bbox 1392 5654 1612 5713; x_wconf 84' lang='lat' dir='ltr'><strong>sicutin</strong></span> <span class='ocrx_word' id='word_1_738' title='bbox 1628 5652 2028 5710; x_wconf 85' lang='lat' dir='ltr'><strong>Canticiscan-</strong></span> 
     </span>
    </p>
   </div>
   <div class='ocr_carea' id='block_1_104' title="bbox 2114 4671 3833 4757">
    <p class='ocr_par' dir='ltr' id='par_1_104' title="bbox 2114 4671 3833 4757">
     <span class='ocr_line' id='line_1_104' title="bbox 2114 4671 3833 4757; baseline 0.001 -29"><span class='ocrx_word' id='word_1_739' title='bbox 2114 4671 2409 4757; x_wconf 40' lang='lat' dir='ltr'><strong>.dixisset,</strong></span> <span class='ocrx_word' id='word_1_740' title='bbox 2442 4688 2475 4725; x_wconf 88' lang='lat' dir='ltr'><strong>a</strong></span> <span class='ocrx_word' id='word_1_741' title='bbox 2506 4671 2731 4743; x_wconf 89' lang='lat' dir='ltr'><strong>meipso</strong></span> <span class='ocrx_word' id='word_1_742' title='bbox 2746 4688 2860 4726; x_wconf 90' lang='lat' dir='ltr'><strong>non</strong></span> <span class='ocrx_word' id='word_1_743' title='bbox 2875 4672 3145 4739; x_wconf 90' lang='lat' dir='ltr'><strong>sum,sed</strong></span> <span class='ocrx_word' id='word_1_744' title='bbox 3178 4673 3833 4730; x_wconf 86' lang='lat' dir='ltr'><strong>aPatre.Paterenima</strong></span> 
     </span>
    </p>
   </div>
   <div class='ocr_carea' id='block_1_105' title="bbox 2143 4760 3829 4836">
    <p class='ocr_par' dir='ltr' id='par_1_105' title="bbox 2143 4760 3829 4836">
     <span class='ocr_line' id='line_1_105' title="bbox 2143 4760 3829 4836; baseline 0.001 -19"><span class='ocrx_word' id='word_1_745' title='bbox 2143 4761 2302 4818; x_wconf 92' lang='lat' dir='ltr'><strong>nullo</strong></span> <span class='ocrx_word' id='word_1_746' title='bbox 2334 4761 2448 4816; x_wconf 90' lang='lat' dir='ltr'><strong>alio</strong></span> <span class='ocrx_word' id='word_1_747' title='bbox 2481 4764 2570 4816; x_wconf 92' lang='lat' dir='ltr'><strong>est</strong></span> <span class='ocrx_word' id='word_1_748' title='bbox 2598 4760 2780 4816; x_wconf 83' lang='lat' dir='ltr'><strong>Filius</strong></span> <span class='ocrx_word' id='word_1_749' title='bbox 2809 4764 3005 4816; x_wconf 88' lang='lat' dir='ltr'><strong>autem</strong></span> <span class='ocrx_word' id='word_1_750' title='bbox 3038 4777 3072 4815; x_wconf 90' lang='lat' dir='ltr'><strong>a</strong></span> <span class='ocrx_word' id='word_1_751' title='bbox 3102 4762 3268 4817; x_wconf 91' lang='lat' dir='ltr'><strong>Patre</strong></span> <span class='ocrx_word' id='word_1_752' title='bbox 3310 4766 3419 4831; x_wconf 90' lang='lat' dir='ltr'><strong>est,</strong></span> <span class='ocrx_word' id='word_1_753' title='bbox 3453 4766 3511 4816; x_wconf 87' lang='lat' dir='ltr'><strong>et</strong></span> <span class='ocrx_word' id='word_1_754' title='bbox 3549 4762 3829 4836; x_wconf 82' lang='lat' dir='ltr'><strong>reliqua.</strong></span> 
     </span>
    </p>
   </div>
   <div class='ocr_carea' id='block_1_106' title="bbox 2142 4849 3835 4923">
    <p class='ocr_par' dir='ltr' id='par_1_106' title="bbox 2142 4849 3835 4923">
     <span class='ocr_line' id='line_1_106' title="bbox 2142 4849 3835 4923; baseline 0.004 -21"><span class='ocrx_word' id='word_1_755' title='bbox 2142 4875 2167 4902; x_wconf 88' lang='grc'><strong>(‹</strong></span> <span class='ocrx_word' id='word_1_756' title='bbox 2205 4851 2336 4907; x_wconf 85' lang='lat' dir='ltr'><strong>Ideo</strong></span> <span class='ocrx_word' id='word_1_757' title='bbox 2363 4849 2526 4916; x_wconf 89' lang='lat' dir='ltr'><strong>dixit,</strong></span> <span class='ocrx_word' id='word_1_758' title='bbox 2545 4849 3537 4922; x_wconf 75' lang='lat' dir='ltr'><strong>sicutaudio,judieo,nquiaunum</strong></span> <span class='ocrx_word' id='word_1_759' title='bbox 3554 4855 3835 4923; x_wconf 79' lang='lat' dir='ltr'><strong>opusest</strong></span> 
     </span>
    </p>
   </div>
   <div class='ocr_carea' id='block_1_107' title="bbox 2141 4937 3827 5010">
    <p class='ocr_par' dir='ltr' id='par_1_107' title="bbox 2141 4937 3827 5010">
     <span class='ocr_line' id='line_1_107' title="bbox 2141 4937 3827 5010; baseline -0.001 -13"><span class='ocrx_word' id='word_1_760' title='bbox 2141 4939 2327 4997; x_wconf 87' lang='lat' dir='ltr'><strong>Patris</strong></span> <span class='ocrx_word' id='word_1_761' title='bbox 2357 4943 2414 4995; x_wconf 87' lang='lat' dir='ltr'><strong>et</strong></span> <span class='ocrx_word' id='word_1_762' title='bbox 2443 4938 2568 4993; x_wconf 84' lang='lat' dir='ltr'><strong>Filii</strong></span> <span class='ocrx_word' id='word_1_763' title='bbox 2600 4943 2658 4994; x_wconf 89' lang='lat' dir='ltr'><strong>et</strong></span> <span class='ocrx_word' id='word_1_764' title='bbox 2690 4937 2942 5010; x_wconf 88' lang='lat' dir='ltr'><strong>Spiritus</strong></span> <span class='ocrx_word' id='word_1_765' title='bbox 2974 4938 3827 5010; x_wconf 74' lang='lat' dir='ltr'><strong>saneti.Sicutauditjudicat.</strong></span> 
     </span>
    </p>
   </div>
   <div class='ocr_carea' id='block_1_108' title="bbox 2138 5027 3834 5101">
    <p class='ocr_par' dir='ltr' id='par_1_108' title="bbox 2138 5027 3834 5101">
     <span class='ocr_line' id='line_1_108' title="bbox 2138 5027 3834 5101; baseline 0.001 -15"><span class='ocrx_word' id='word_1_766' title='bbox 2138 5030 2347 5086; x_wconf 88' lang='lat' dir='ltr'><strong>Audiet</strong></span> <span class='ocrx_word' id='word_1_767' title='bbox 2359 5027 2623 5083; x_wconf 81' lang='lat' dir='ltr'><strong>videlicet</strong></span> <span class='ocrx_word' id='word_1_768' title='bbox 2638 5044 2739 5099; x_wconf 92' lang='lat' dir='ltr'><strong>per</strong></span> <span class='ocrx_word' id='word_1_769' title='bbox 2751 5027 3035 5083; x_wconf 88' lang='lat' dir='ltr'><strong>unitatem</strong></span> <span class='ocrx_word' id='word_1_770' title='bbox 3057 5045 3123 5083; x_wconf 92' lang='lat' dir='ltr'><strong>su</strong></span> <span class='ocrx_word' id='word_1_771' title='bbox 3134 5027 3398 5084; x_wconf 67' lang='lat' dir='ltr'><strong>bstantiee</strong></span> <span class='ocrx_word' id='word_1_772' title='bbox 3411 5032 3469 5083; x_wconf 92' lang='lat' dir='ltr'><strong>et</strong></span> <span class='ocrx_word' id='word_1_773' title='bbox 3483 5029 3834 5101; x_wconf 68' lang='lat' dir='ltr'><strong>proprieta-</strong></span> 
     </span>
    </p>
   </div>
   <div class='ocr_carea' id='block_1_109' title="bbox 2138 5114 3833 5189">
    <p class='ocr_par' dir='ltr' id='par_1_109' title="bbox 2138 5114 3833 5189">
     <span class='ocr_line' id='line_1_109' title="bbox 2138 5114 3833 5189; baseline -0.001 -14"><span class='ocrx_word' id='word_1_774' title='bbox 2138 5126 2255 5176; x_wconf 89' lang='lat' dir='ltr'><strong>tem</strong></span> <span class='ocrx_word' id='word_1_775' title='bbox 2289 5117 2565 5174; x_wconf 67' lang='lat' dir='ltr'><strong>scientiae.</strong></span> <span class='ocrx_word' id='word_1_776' title='bbox 2600 5116 2725 5170; x_wconf 87' lang='lat' dir='ltr'><strong>Non</strong></span> <span class='ocrx_word' id='word_1_777' title='bbox 2733 5114 3361 5189; x_wconf 86' lang='lat' dir='ltr'><strong>judicatasemetipso,</strong></span> <span class='ocrx_word' id='word_1_778' title='bbox 3385 5117 3523 5189; x_wconf 88' lang='lat' dir='ltr'><strong>quia</strong></span> <span class='ocrx_word' id='word_1_779' title='bbox 3539 5133 3668 5173; x_wconf 81' lang='lat' dir='ltr'><strong>non</strong></span> <span class='ocrx_word' id='word_1_780' title='bbox 3687 5123 3833 5174; x_wconf 79' lang='lat' dir='ltr'><strong>esta</strong></span> 
     </span>
    </p>
   </div>
   <div class='ocr_carea' id='block_1_110' title="bbox 2138 5204 3833 5280">
    <p class='ocr_par' dir='ltr' id='par_1_110' title="bbox 2138 5204 3833 5280">
     <span class='ocr_line' id='line_1_110' title="bbox 2138 5204 3833 5280; baseline 0.001 -16"><span class='ocrx_word' id='word_1_781' title='bbox 2138 5207 2469 5280; x_wconf 86' lang='lat' dir='ltr'><strong>semetipso,</strong></span> <span class='ocrx_word' id='word_1_782' title='bbox 2505 5207 2673 5261; x_wconf 90' lang='lat' dir='ltr'><strong>Pater</strong></span> <span class='ocrx_word' id='word_1_783' title='bbox 2703 5204 2915 5277; x_wconf 90' lang='lat' dir='ltr'><strong>quippe</strong></span> <span class='ocrx_word' id='word_1_784' title='bbox 2948 5204 3108 5260; x_wconf 90' lang='lat' dir='ltr'><strong>solus</strong></span> <span class='ocrx_word' id='word_1_785' title='bbox 3139 5206 3211 5262; x_wconf 92' lang='lat' dir='ltr'><strong>de</strong></span> <span class='ocrx_word' id='word_1_786' title='bbox 3242 5206 3480 5262; x_wconf 90' lang='lat' dir='ltr'><strong>alionon</strong></span> <span class='ocrx_word' id='word_1_787' title='bbox 3495 5206 3833 5274; x_wconf 78' lang='lat' dir='ltr'><strong>est,Filius</strong></span> 
     </span>
    </p>
   </div>
   <div class='ocr_carea' id='block_1_111' title="bbox 2138 5293 3833 5368">
    <p class='ocr_par' dir='ltr' id='par_1_111' title="bbox 2138 5293 3833 5368">
     <span class='ocr_line' id='line_1_111' title="bbox 2138 5293 3833 5368; baseline 0.001 -16"><span class='ocrx_word' id='word_1_788' title='bbox 2138 5315 2172 5352; x_wconf 87' lang='lat' dir='ltr'><strong>a</strong></span> <span class='ocrx_word' id='word_1_789' title='bbox 2204 5299 2366 5352; x_wconf 87' lang='lat' dir='ltr'><strong>Patre</strong></span> <span class='ocrx_word' id='word_1_790' title='bbox 2396 5294 2628 5368; x_wconf 89' lang='lat' dir='ltr'><strong>genitus</strong></span> <span class='ocrx_word' id='word_1_791' title='bbox 2660 5298 2770 5357; x_wconf 88' lang='lat' dir='ltr'><strong>est,</strong></span> <span class='ocrx_word' id='word_1_792' title='bbox 2792 5293 3148 5349; x_wconf 85' lang='lat' dir='ltr'><strong>utdiximus.</strong></span> <span class='ocrx_word' id='word_1_793' title='bbox 3171 5294 3256 5349; x_wconf 86' lang='lat' dir='ltr'><strong>Ab</strong></span> <span class='ocrx_word' id='word_1_794' title='bbox 3272 5295 3400 5367; x_wconf 89' lang='lat' dir='ltr'><strong>ipso</strong></span> <span class='ocrx_word' id='word_1_795' title='bbox 3419 5293 3579 5350; x_wconf 87' lang='lat' dir='ltr'><strong>enim</strong></span> <span class='ocrx_word' id='word_1_796' title='bbox 3602 5295 3833 5353; x_wconf 75' lang='lat' dir='ltr'><strong>audiet</strong></span> 
     </span>
    </p>
   </div>
   <div class='ocr_carea' id='block_1_112' title="bbox 2140 5382 3832 5457">
    <p class='ocr_par' dir='ltr' id='par_1_112' title="bbox 2140 5382 3832 5457">
     <span class='ocr_line' id='line_1_112' title="bbox 2140 5382 3832 5457; baseline -0.001 -16"><span class='ocrx_word' id='word_1_797' title='bbox 2140 5385 2340 5455; x_wconf 79' lang='lat' dir='ltr'><strong>Filius,</strong></span> <span class='ocrx_word' id='word_1_798' title='bbox 2371 5400 2405 5438; x_wconf 90' lang='lat' dir='ltr'><strong>a</strong></span> <span class='ocrx_word' id='word_1_799' title='bbox 2435 5400 2548 5455; x_wconf 89' lang='lat' dir='ltr'><strong>quo</strong></span> <span class='ocrx_word' id='word_1_800' title='bbox 2580 5382 2813 5455; x_wconf 90' lang='lat' dir='ltr'><strong>genitus</strong></span> <span class='ocrx_word' id='word_1_801' title='bbox 2843 5387 2952 5448; x_wconf 90' lang='lat' dir='ltr'><strong>est,</strong></span> <span class='ocrx_word' id='word_1_802' title='bbox 2985 5382 3125 5454; x_wconf 91' lang='lat' dir='ltr'><strong>quia</strong></span> <span class='ocrx_word' id='word_1_803' title='bbox 3157 5400 3271 5439; x_wconf 90' lang='lat' dir='ltr'><strong>non</strong></span> <span class='ocrx_word' id='word_1_804' title='bbox 3298 5388 3387 5440; x_wconf 88' lang='lat' dir='ltr'><strong>est</strong></span> <span class='ocrx_word' id='word_1_805' title='bbox 3414 5383 3696 5457; x_wconf 80' lang='lat' dir='ltr'><strong>aseipso,</strong></span> <span class='ocrx_word' id='word_1_806' title='bbox 3717 5387 3832 5443; x_wconf 82' lang='lat' dir='ltr'><strong>sed</strong></span> 
     </span>
    </p>
   </div>
   <div class='ocr_carea' id='block_1_113' title="bbox 2138 5471 3832 5547">
    <p class='ocr_par' dir='ltr' id='par_1_113' title="bbox 2138 5471 3832 5547">
     <span class='ocr_line' id='line_1_113' title="bbox 2138 5471 3832 5547; baseline 0.001 -17"><span class='ocrx_word' id='word_1_807' title='bbox 2138 5476 2209 5530; x_wconf 89' lang='lat' dir='ltr'><strong>ab</strong></span> <span class='ocrx_word' id='word_1_808' title='bbox 2244 5475 2355 5529; x_wconf 88' lang='lat' dir='ltr'><strong>alio</strong></span> <span class='ocrx_word' id='word_1_809' title='bbox 2388 5490 2420 5527; x_wconf 91' lang='lat' dir='ltr'><strong>a</strong></span> <span class='ocrx_word' id='word_1_810' title='bbox 2451 5488 2566 5542; x_wconf 91' lang='lat' dir='ltr'><strong>quo</strong></span> <span class='ocrx_word' id='word_1_811' title='bbox 2596 5471 2828 5544; x_wconf 90' lang='lat' dir='ltr'><strong>genitus</strong></span> <span class='ocrx_word' id='word_1_812' title='bbox 2858 5475 2968 5526; x_wconf 90' lang='lat' dir='ltr'><strong>est.</strong></span> <span class='ocrx_word' id='word_1_813' title='bbox 2998 5471 3832 5547; x_wconf 74' lang='lat' dir='ltr'><strong>Aquoilliestintelligentia,</strong></span> 
     </span>
    </p>
   </div>
   <div class='ocr_carea' id='block_1_114' title="bbox 2138 5560 3836 5635">
    <p class='ocr_par' dir='ltr' id='par_1_114' title="bbox 2138 5560 3836 5635">
     <span class='ocr_line' id='line_1_114' title="bbox 2138 5560 3836 5635; baseline 0.002 -16"><span class='ocrx_word' id='word_1_814' title='bbox 2138 5566 2209 5619; x_wconf 91' lang='lat' dir='ltr'><strong>ab</strong></span> <span class='ocrx_word' id='word_1_815' title='bbox 2244 5562 2341 5618; x_wconf 91' lang='lat' dir='ltr'><strong>illo</strong></span> <span class='ocrx_word' id='word_1_816' title='bbox 2372 5560 2576 5633; x_wconf 88' lang='lat' dir='ltr'><strong>utique</strong></span> <span class='ocrx_word' id='word_1_817' title='bbox 2609 5564 2667 5616; x_wconf 89' lang='lat' dir='ltr'><strong>et</strong></span> <span class='ocrx_word' id='word_1_818' title='bbox 2697 5561 2963 5617; x_wconf 88' lang='lat' dir='ltr'><strong>scientia.</strong></span> <span class='ocrx_word' id='word_1_819' title='bbox 2997 5561 3082 5615; x_wconf 91' lang='lat' dir='ltr'><strong>Ab</strong></span> <span class='ocrx_word' id='word_1_820' title='bbox 3116 5561 3215 5617; x_wconf 91' lang='lat' dir='ltr'><strong>illo</strong></span> <span class='ocrx_word' id='word_1_821' title='bbox 3242 5562 3422 5635; x_wconf 85' lang='lat' dir='ltr'><strong>igitur</strong></span> <span class='ocrx_word' id='word_1_822' title='bbox 3469 5562 3836 5632; x_wconf 83' lang='lat' dir='ltr'><strong>audientia,</strong></span> 
     </span>
    </p>
   </div>
   <div class='ocr_carea' id='block_1_115' title="bbox 2140 5648 3834 5727">
    <p class='ocr_par' dir='ltr' id='par_1_115' title="bbox 2140 5648 3834 5727">
     <span class='ocr_line' id='line_1_115' title="bbox 2140 5648 3834 5727; baseline 0.002 -19"><span class='ocrx_word' id='word_1_823' title='bbox 2140 5670 2267 5727; x_wconf 67' lang='lat' dir='ltr'><strong>quae</strong></span> <span class='ocrx_word' id='word_1_824' title='bbox 2301 5649 2445 5708; x_wconf 85' lang='lat' dir='ltr'><strong>nihil</strong></span> <span class='ocrx_word' id='word_1_825' title='bbox 2478 5653 2563 5707; x_wconf 88' lang='lat' dir='ltr'><strong>est</strong></span> <span class='ocrx_word' id='word_1_826' title='bbox 2582 5648 2739 5706; x_wconf 82' lang='lat' dir='ltr'><strong>aliud</strong></span> <span class='ocrx_word' id='word_1_827' title='bbox 2754 5666 2931 5725; x_wconf 87' lang='lat' dir='ltr'><strong>quam</strong></span> <span class='ocrx_word' id='word_1_828' title='bbox 2951 5649 3213 5708; x_wconf 87' lang='lat' dir='ltr'><strong>scientia.</strong></span> <span class='ocrx_word' id='word_1_829' title='bbox 3232 5651 3692 5727; x_wconf 76' lang='lat' dir='ltr'><strong>Potestquoque</strong></span> <span class='ocrx_word' id='word_1_830' title='bbox 3708 5653 3834 5715; x_wconf 78' lang='lat' dir='ltr'><strong>hoc</strong></span> 
     </span>
    </p>
   </div>
  </div>
