3926 6170
166 331 262 394 141

1350 327 1703 389 ΠΟΜΙΙᾸΕ
1745 327 1846 389 DE
1891 328 2290 393 TEMPORE.

3401 339 3519 401 242

161 464 327 539 ipsum
344 461 486 535 quod
509 458 663 529 dixit,
688 483 715 511 «
740 459 894 517 sicut
911 461 1103 530 audio,
1120 460 1344 535 judico,
1362 483 1389 511 »
1406 461 1475 517 de
1493 460 1756 516 humani-
1786 462 1839 527 Α
1871 461 2167 520 dientibus
2187 464 2374 521 tribus
2396 464 2701 538 discipulis
2714 467 2786 523 de
2799 465 2941 524 Filio
2962 483 3089 525 suo.
3105 491 3130 517 ‹‹
3146 466 3217 525 Et
3237 467 3357 526 scio
3380 470 3520 544 quia

159 553 275 613 tatis
323 556 517 608 natura
542 549 808 623 intelligi,
853 568 1031 624 quam
1072 550 1172 608 Dei
1211 549 1392 608 Filius
1440 568 1507 606 ex
1536 549 1760 624 virgine

158 642 392 715 sumpsit.
416 640 551 696 Cum
571 643 842 712 ageretur
864 640 935 695 de
956 639 1377 696 resurrectione
1402 640 1758 709 animarum,

156 750 250 793 non
278 730 488 786 dicebat
523 729 703 795 audio,
737 729 838 785 sed
871 730 1040 786 video.
1064 752 1092 779 ‹‹
1126 729 1289 785 Sicut
1314 730 1507 796 audio,
1532 730 1756 801 judico,

154 848 176 873 α
203 818 529 891 etjudicium
548 818 983 889 meumjustum
1004 821 1111 874 est.
1134 842 1161 868 »
1181 818 1345 875 Unde
1370 818 1757 891 estjudicium

153 907 415 967 hominis?
440 905 582 972 Quia
609 906 905 978 sequitur:
954 930 981 956 «
1015 907 1139 963 Non
1173 924 1367 980 quaero
1398 907 1757 964 voluntatem

153 1024 172 1048 α
202 1012 390 1061 meam,
420 996 520 1050 sed
551 993 908 1051 voluntatem
950 997 1078 1067 ejus
1107 995 1207 1068 qui
1240 996 1401 1052 misit
1432 1013 1544 1051 me.
1579 1019 1604 1046 η
1641 1000 1759 1053 Ista

153 1084 320 1142 missio
351 1083 666 1139 incarnatio
697 1088 787 1140 est
816 1083 1054 1153 Christi,
1083 1102 1208 1157 qua
1242 1086 1314 1140 ad
1346 1086 1454 1142 hoc
1476 1086 1625 1142 facta
1647 1090 1753 1154 est,

151 1179 425 1247 ntpaterna
438 1172 706 1229 voluntas
727 1172 786 1228 in
803 1172 991 1229 salute
1004 1173 1246 1229 humani
1260 1174 1489 1248 generis
1508 1193 1610 1247 per
1622 1192 1755 1230 eum

150 1264 449 1320 efﬁceretur.
474 1261 718 1317 Videtur
747 1261 902 1318 enim
932 1262 991 1318 in
1026 1262 1133 1318 hoc
1166 1262 1311 1330 loco,
1340 1281 1409 1319 ex
1445 1263 1534 1319 his
1564 1264 1756 1320 verbis

148 1350 420 1411 Salvatoris
440 1350 644 1418 nostri,
668 1349 812 1406 velle
833 1368 967 1406 eum
987 1350 1289 1407 insinuare
1307 1352 1476 1408 nobis
1496 1353 1643 1408 duas
1662 1370 1759 1408 na-

147 1446 275 1499 turas
301 1442 356 1495 in
387 1456 449 1497 se
477 1457 629 1507 esse,
664 1445 720 1495 et
749 1436 944 1496 veram
993 1439 1206 1497 habere
1239 1440 1518 1507 animam,
1551 1441 1611 1496 in
1642 1459 1758 1512 qua

145 1530 241 1589 sola
264 1528 522 1587 voluntas
537 1532 645 1585 est.
666 1529 798 1593 Quae
816 1528 972 1585 enim
993 1532 1156 1587 tanta
1172 1530 1583 1601 conjunctione
1605 1547 1759 1586 com-

145 1618 285 1674 mista
301 1620 381 1677 est
397 1616 717 1685 Divinitati,
746 1623 809 1672 ut
832 1621 953 1673 tota
975 1616 1241 1673 voluntas
1266 1618 1323 1672 in
1346 1634 1415 1673 ea
1434 1617 1756 1689 spiritualis

142 1706 244 1774 fuit,
279 1706 371 1763 sed
412 1710 615 1762 tamen
638 1723 752 1761 non
776 1705 1070 1775 animalis,
1112 1706 1165 1761 id
1194 1709 1285 1761 est
1303 1705 1575 1763 carnalis.
1608 1708 1754 1763 Nam

141 1799 522 1869 consequenter
554 1796 862 1867 subjunxit
884 1813 897 1849 :

191 1910 213 1936 α
243 1885 295 1942 Si
324 1902 428 1959 ego
460 1884 865 1942 testimonium
898 1884 1175 1957 perhibeo
1206 1884 1277 1940 de
1312 1885 1422 1940 mei
1432 1903 1557 1958 pso,
1594 1887 1757 1943 testi-

139 1999 159 2025 α
180 1976 418 2032 monium
436 1991 638 2032 meum
664 1991 778 2030 non
800 1976 890 2030 est
907 1990 1129 2028 verum.
1155 1997 1181 2023 ››
1204 1974 1352 2030 Nam
1372 1974 1525 2031 sicut
1549 1976 1605 2031 in
1626 1994 1757 2033 con-

138 2064 676 2137 scquentibusdixit:
700 2088 727 2114 «ι
742 2062 800 2119 Si
814 2062 1075 2136 gloriﬁco
1093 2062 1203 2119 mei
1212 2082 1407 2136 psum,
1422 2064 1608 2138 gloria
1630 2083 1759 2123 mea

136 2153 249 2213 nihil
276 2158 387 2211 est:
420 2154 525 2211 sed
560 2152 662 2225 qui
689 2152 850 2207 misit
881 2169 973 2208 me
999 2152 1320 2225 Pater,ipse
1343 2170 1437 2209 me
1470 2153 1759 2228 gloriﬁcat

136 2243 275 2313 (loco.
295 2242 431 2314 vui).
459 2265 487 2291 ››
541 2243 657 2298 Sed
690 2240 783 2297 hic
808 2241 1032 2297 dictum
1063 2246 1184 2297 est:
1212 2265 1239 2292 «
1266 2242 1324 2299 Si
1355 2259 1461 2315 ego
1492 2245 1754 2301 testimo-

136 2332 264 2388 nium
295 2331 575 2405 perhibeo
598 2330 670 2385 de
699 2329 947 2402 meipso,
980 2330 1387 2388 testimonium
1411 2349 1607 2388 meum
1640 2351 1755 2390 non

134 2425 202 2475 est
223 2437 409 2476 verum
444 2419 659 2492 (Ibid).
695 2440 723 2468 »
748 2419 818 2474 Et
846 2418 1022 2492 paulo
1052 2424 1218 2492 post:
1260 2445 1279 2470 ιι
1318 2420 1425 2484 Qui
1459 2438 1552 2476 me
1596 2421 1757 2478 misit

134 2509 283 2577 Pater,
310 2509 433 2581 ipse
481 2505 889 2564 testimonium
929 2507 1197 2581 perhibet
1244 2510 1315 2564 de
1346 2527 1439 2565 me
1480 2510 1688 2582 (Ibid).
1726 2534 1754 2561 ››

132 2598 263 2654 Nunc
284 2599 338 2653 in
365 2615 424 2655 se
455 2601 732 2654 naturam
757 2597 1017 2653 hominis
1038 2598 1470 2668 demonstrans,
1507 2616 1661 2654 nunc
1692 2600 1751 2655 in

131 2687 207 2744 Dei
227 2689 521 2760 majestate
543 2686 829 2758 aequalem
854 2703 915 2742 se
940 2687 1237 2759 significat
1262 2687 1437 2754 Patri,
1458 2705 1611 2747 nunc
1630 2690 1754 2744 uni-

131 2781 274 2834 tatem
296 2778 402 2833 sibi
426 2775 767 2833 Divinitatis
782 2793 917 2832 cum
938 2777 1050 2832 Deo
1073 2776 1241 2831 Patre
1259 2776 1580 2846 vindicans,
1598 2797 1751 2835 nunc

130 2866 462 2940 fragilitatem
488 2866 767 2921 humanae
790 2865 983 2922 carnis
1004 2865 1339 2933 ostendens,
1364 2883 1519 2922 nunc
1542 2868 1753 2923 doctri-

130 2971 236 3011 nam
263 2972 424 3013 suam
456 2972 522 3012 se
568 2971 686 3010 non
721 2953 909 3011 dicere
960 2971 1152 3024 suam,
1204 2971 1361 3010 nunc
1388 2955 1749 3012 voluntatem

130 3059 262 3101 snam
288 3062 344 3101 se
376 3062 492 3100 non
529 3060 811 3115 quaerere,
843 3060 997 3098 nunc
1021 3043 1422 3099 testimonium
1450 3061 1624 3100 suum
1655 3062 1747 3101 ve-

130 3150 231 3189 rum
246 3151 351 3190 non
373 3150 527 3201 esse,
557 3149 713 3188 nunc
732 3149 934 3188 verum
955 3149 1083 3188 esse
1104 3132 1464 3204 significans.
1486 3134 1631 3190 Nam
1654 3134 1747 3191 hic

1870 575 1898 603 ‹‹
1931 553 2333 609 testimonium
2364 555 2492 626 ejus
2513 572 2715 611 verum
2746 559 2851 612 est.
2880 579 2907 605 »
2928 560 3113 613 Omne
3131 574 3356 627 verum,
3380 576 3415 615 a
3435 576 3522 618 ve-

1868 640 2037 697 ritate
2062 659 2261 699 verum
2286 647 2393 700 est.
2420 649 2571 699 Deus
2594 645 2749 700 enim
2772 645 2984 703 veritas
3005 650 3112 702 est.
3140 647 3212 702 Et
3233 646 3520 721 quidquid

1866 746 2068 789 verum
2093 735 2202 802 est,
2235 750 2268 788 a
2300 737 2411 788 Deo
2433 750 2633 789 verum
2657 738 2777 789 est:
2804 738 2976 807 atque
3000 734 3094 790 hic
3116 734 3521 792 testimonium

1869 819 2014 875 dixit
2034 820 2174 891 quid
2201 821 2296 876 sit.
2327 844 2354 871 ‹‹
2379 822 2585 894 Opera,
2614 822 2870 895 (inquit),
2896 840 3022 895 quae
3044 840 3149 897 ego
3170 824 3341 891 facio,
3365 824 3525 881 testi-

1869 931 1897 959 ‹‹
1932 909 2194 965 monium
2216 910 2526 982 perhibent
2546 911 2616 966 de
2641 928 2751 966 me.
2782 936 2808 963 ››
2833 912 3052 976 Deinde
3077 913 3145 968 ad
3145 913 3371 984 junxit:
3402 937 3431 965 «
3454 914 3524 970 Et

1870 1021 1898 1049 ‹‹
1930 999 2330 1055 testimonium
2354 1000 2619 1072 perhibet
2640 1002 2710 1057 de
2734 1018 2848 1068 me,
2867 1002 2965 1073 qui
2989 1001 3153 1057 misit
3172 1019 3265 1059 me
3282 1002 3467 1061 Pater.
3487 1025 3517 1055 η

1867 1087 1999 1159 Ipsa
2028 1106 2154 1161 quae
2186 1106 2361 1162 opera
2390 1089 2546 1155 facit,
2572 1108 2605 1145 a
2636 1090 2801 1146 Patre
2827 1108 2887 1146 se
2910 1091 3207 1163 accepisse
3226 1092 3390 1148 dicit.
3416 1094 3521 1159 Te-

1866 1176 2209 1232 stimonium
2243 1194 2379 1250 ergo
2412 1178 2718 1250 perhibent
2742 1195 2935 1251 opera,
2961 1179 3364 1238 testimonium
3395 1197 3520 1254 per-

1866 1263 2027 1320 hibet
2046 1267 2234 1332 Pater,
2260 1266 2362 1338 qui
2396 1267 2556 1322 misit
2580 1284 2735 1322 eum.
2752 1268 3064 1324 ‘Perhibuit
3085 1268 3341 1325 Joannes
3362 1270 3521 1327 testi-

1866 1354 2130 1409 monium
2149 1355 2219 1410 de
2237 1354 2487 1420 Christo,
2505 1359 2785 1427 tanquam
2801 1356 3062 1423 lucerna,
3083 1373 3196 1412 non
3219 1357 3291 1413 ad
3309 1374 3519 1414 sanan-

1865 1442 1970 1497 dos
1988 1442 2228 1510 amicos,
2248 1444 2349 1499 sed
2364 1444 2435 1499 ad
2450 1444 2887 1501 cent‘undendos
2903 1444 3193 1503 inimicos.
3212 1445 3342 1502 Jam
3358 1446 3517 1503 enim

1864 1535 2035 1587 antea
2065 1532 2409 1604 peaedictum
2441 1535 2564 1586 erat
2589 1552 2621 1587 a
2642 1549 2891 1605 persona
2910 1534 3125 1592 Patris:
3159 1558 3188 1585 «
3207 1534 3405 1593 Paravi
3426 1534 3516 1591 lu-

1864 1637 2099 1677 cernam
2131 1619 2359 1676 Christo
2393 1638 2540 1677 meo.
2580 1621 2853 1677 Inimicos
2881 1624 3008 1694 ejus
3041 1623 3281 1679 induam
3313 1625 3516 1681 confu~

1865 1709 2049 1777 sione,
2069 1727 2245 1783 super
2264 1708 2455 1783 ipsum
2475 1713 2671 1766 autem
2690 1711 3370 1769 ct'ﬂorebitsancliﬁcatio
3388 1731 3520 1770 mea

1866 1801 2033 1870 (Psal.
2064 1799 2275 1871 cxxxx).
2311 1822 2339 1847 n
2362 1803 2494 1853 Esto
2527 1802 2809 1871 tanquam
2856 1800 2915 1854 in
2948 1804 3117 1855 nocte
3148 1802 3393 1873 positus,
3428 1807 3516 1859 at-

1864 1888 2104 1945 tendisti
2157 1889 2214 1943 in
2274 1888 2573 1945 lucernam
2614 1893 2673 1967 et
2726 1886 2973 1944 miratus
3004 1904 3067 1943 es
3105 1888 3428 1957 lucernam,
3460 1895 3519 1947 et

1866 1977 2170 2035 exsultasti
2203 1977 2275 2032 ad
2307 1976 2497 2033 lucem
2544 1976 2813 2033 lucernae.
2848 1976 2957 2033 Sed
3008 1974 3170 2031 illam
3220 1977 3517 2035 lucernam

1865 2068 2006 2123 dicit
2033 2084 2161 2122 esse
2193 2065 2399 2134 solem,
2426 2066 2482 2121 in
2510 2083 2624 2137 quo
2645 2065 2936 2121 exsultare
2956 2065 3189 2122 debeas.
3223 2066 3289 2123 Et
3319 2083 3522 2138 quam-

1863 2156 1950 2211 vis
1981 2156 2183 2211 ardeat
2212 2155 2271 2209 in
2313 2157 2499 2221 nocte,
2547 2153 2701 2209 diem
2734 2158 2788 2209 te
2810 2155 2979 2225 jubet
3010 2157 3360 2227 exspectare.
3394 2154 3520 2211 Non

1863 2262 2000 2317 ergo
2023 2244 2162 2317 quia
2184 2243 2343 2299 illius
2366 2242 2621 2299 hominis
2643 2242 3043 2298 testimonium
3068 2261 3181 2299 non
3204 2247 3329 2299 erat
3348 2259 3517 2317 opus.

1864 2335 2011 2391 Nam
2060 2338 2125 2389 ut
2156 2333 2296 2406 quid
2328 2332 2677 2401 mitteretur,
2700 2332 2747 2389 si
2781 2350 2895 2389 non
2927 2338 3048 2389 erat
3078 2350 3225 2406 opus
3246 2333 3274 2389 '?
3305 2334 3416 2391 Sed
3450 2350 3521 2390 ne

1863 2424 1922 2479 in
1957 2423 2195 2479 lucerna
2216 2427 2450 2478 maneat
2470 2422 2666 2491 homo,
2691 2426 2748 2479 et
2767 2422 2966 2479 lumen
2989 2422 3238 2479 lucerna:
3262 2421 3374 2479 sibi
3397 2423 3518 2480 suf-

1864 2514 2035 2569 ﬁcere
2065 2512 2400 2580 arbitretur,
2432 2511 2562 2567 ideo
2593 2512 3001 2591 nec_Dominus
3037 2512 3335 2568 lucernam
3358 2511 3517 2569 illam

1861 2601 2219 2675 superﬂuam
2254 2600 2397 2655 dicit
2429 2600 2628 2669 fuisse,
2658 2618 2764 2656 nec
2795 2607 2988 2657 tamen
3022 2601 3164 2657 dicit
3194 2602 3250 2656 in
3284 2600 3521 2657 lucerna

1861 2692 2071 2747 debere
2103 2707 2423 2746 remanere.
2476 2690 2829 2746 Scrutamini
2878 2690 3089 2763 inquit,
3130 2691 3518 2762 Scripturam,

1860 2780 1921 2835 in
1946 2797 2062 2851 qua
2086 2796 2188 2836 vos
2210 2778 2429 2851 putatis
2450 2779 2625 2834 vitam
2650 2783 2923 2835 aeternam
2948 2778 3183 2835 habere.
3209 2779 3342 2850 Ipsa
3364 2776 3521 2834 testi-

1861 2868 2125 2925 monium
2156 2866 2420 2939 perhibet
2443 2868 2514 2922 de
2535 2882 2648 2935 me,
2672 2872 2727 2923 et
2750 2883 2866 2922 non
2891 2865 3070 2922 vultis
3090 2865 3287 2921 venire
3304 2866 3376 2922 ad
3400 2881 3515 2933 me,

1859 2961 1924 3013 ut
1952 2957 2131 3012 vitam
2161 2955 2450 3011 habeatis.
2476 2955 2621 3018 Quid
2652 2971 2752 3010 vos
2781 2953 3000 3027 putatis
3031 2953 3247 3010 habere
3276 2954 3336 3009 in
3368 2954 3521 3011 Scri-

1857 3050 2030 3119 ptura
2049 3045 2228 3100 vitam
2252 3048 2526 3099 aeternam
2540 3044 2567 3097 ?
2590 3044 2786 3114 Ipsum
2809 3042 3184 3116 interrogate,
3209 3042 3303 3100 cui
3328 3042 3519 3116 perhi.

1858 3137 1956 3192 bet
1988 3131 2417 3199 testimonium,
2448 3135 2505 3187 et
2536 3131 2839 3203 intelligite
2864 3148 2993 3203 quia
3024 3131 3101 3186 sit
3130 3131 3248 3188 vita
3276 3136 3513 3188 aeterna.

130 3220 214 3276 ait:
236 3245 259 3271 «
289 3222 343 3278 Si
366 3239 472 3297 ego
495 3198 907 3277 testimonium
936 3198 1209 3293 perhibeo
1231 3222 1301 3277 de
1323 3222 1567 3294 meipso,
1587 3223 1746 3280 testi—
1776 3198 1819 3266 C
1860 3225 1929 3281 Et
1958 3223 2097 3295 quia
2123 3225 2359 3294 propter
2388 3198 2625 3292 Moysen
2648 3198 2992 3276 videbantur
3020 3219 3331 3293 repudiare
3357 3203 3521 3275 Chri.

131 3311 353 3367 monium
377 3327 586 3367 meum
609 3327 726 3366 non
753 3314 844 3366 est
862 3328 1084 3367 verum.
1104 3333 1131 3360 n
1162 3311 1229 3366 Et
1250 3310 1424 3383 paulo
1442 3317 1604 3384 post:
1632 3314 1752 3370 Etsi

130 3414 210 3471 ego
247 3399 654 3457 testimonium
686 3398 962 3471 perhibeo
992 3400 1063 3455 de
1095 3416 1207 3466 me,
1240 3417 1439 3456 verum
1465 3405 1555 3457 est
1586 3403 1753 3458 testi-

130 3490 354 3545 monium
383 3506 614 3547 meum.
640 3488 938 3555 Quomodo
956 3506 1092 3562 ergo
1115 3506 1229 3545 non
1251 3493 1339 3546 est
1366 3508 1567 3545 verum
1590 3492 1752 3547 testi-

130 3578 352 3635 monium
405 3580 565 3651 ejus,
601 3577 713 3633 nisi
746 3578 1073 3634 secundum
1106 3577 1481 3651 fragilitatem
1513 3580 1705 3636 carnis
1726 3580 1754 3636 ?

128 3664 242 3723 Nam
269 3667 481 3725 etillud
515 3667 675 3740 quod
695 3667 873 3723 dixit:
909 3691 935 3717 ‹‹
970 3667 1095 3722 Non
1125 3666 1253 3723 veni
1288 3668 1473 3724 facere
1495 3668 1754 3725 volunta-

129 3758 218 3810 tem
248 3775 427 3814 meam
457 3760 642 3825 (Joan.
676 3758 773 3828 v1).
810 3780 837 3805 ››
873 3758 958 3825 Et,
991 3755 1169 3811 Filius
1209 3774 1242 3811 a
1289 3773 1349 3811 se
1383 3756 1529 3811 nihil
1562 3763 1752 3829 potest

129 3841 297 3914 facere,
327 3852 385 3904 et
435 3847 559 3903 alia
595 3844 781 3901 multa
812 3844 1175 3917 hujusmodi,
1226 3862 1353 3916 qua:
1406 3846 1604 3902 omnia
1626 3865 1748 3903 «non

128 3930 388 3991 inﬁrmant
419 3935 642 3991 Filium
678 3951 864 4007 neque
895 3934 1213 4007 decipiunt,
1249 3951 1354 3989 nec
1386 3952 1419 3989 a
1440 3935 1605 3991 Patre
1636 3936 1752 3993 dis-

125 4019 358 4096 iungunt.
384 4025 441 4082 Si
475 4022 721 4096 quidem
752 4028 808 4079 et
827 4023 947 4078 haec
971 4024 1100 4078 ideo
1121 4025 1260 4078 sunt
1285 4023 1494 4094 posita,
1529 4028 1591 4078 ut
1617 4040 1752 4080 vera

133 4110 229 4178 ejus
247 4113 489 4171 reluceat
513 4112 874 4173 humanitas.
901 4112 1055 4167 sicut
1074 4129 1141 4167 ex
1161 4111 1284 4167 his:
1308 4136 1334 4161 «
1360 4113 1478 4185 Ego
1504 4112 1560 4167 in
1585 4113 1751 4170 Patre

134 4202 176 4254 et
208 4200 357 4259 Pater
402 4202 462 4261 in
497 4219 594 4258 me
642 4203 827 4273 (Joan.
858 4202 992 4272 xxv).
1030 4224 1058 4249 »
1090 4202 1158 4256 Et
1200 4201 1446 4256 iterum:
1486 4224 1512 4251 «
1547 4202 1664 4275 Ego
1693 4207 1753 4259 et

135 4285 267 4345 Pater
284 4308 462 4347 unum
489 4307 704 4349 sumus
732 4290 916 4361 (Joan.
950 4293 1027 4358 χ).
1063 4312 1090 4340 ››
1121 4290 1225 4344 Et:
1260 4314 1287 4338 «
1312 4288 1418 4354 Qui
1454 4306 1545 4346 me
1574 4290 1749 4359 videt,

136 4373 256 4440 videt
281 4383 333 4435 et
361 4380 596 4440 Patrem
619 4378 793 4450 (Joan.
826 4377 958 4450 xiv).
999 4401 1026 4427 ››
1056 4378 1156 4433 Et:
1185 4400 1212 4427 ‹‹
1235 4378 1399 4434 Sicut
1427 4380 1599 4436 Pater
1627 4398 1753 4438 sus-

138 4462 245 4520 citat
262 4474 517 4525 mortuos
541 4473 600 4523 et
621 4466 978 4533 vivificat,ita
998 4471 1053 4522 et
1075 4466 1257 4523 Filius
1282 4484 1429 4539 quos
1456 4468 1579 4524 vult
1610 4470 1750 4525 vivi-

1864 3317 2044 3379 stum,
2075 3315 2357 3383 tanquam
2381 3310 2450 3365 de
2472 3307 2588 3364 alia
2612 3307 2871 3364 lucerna.
2897 3308 3113 3365 Omnes
3135 3307 3290 3364 enim
3322 3306 3514 3363 homi-

1862 3418 1967 3463 nes
1989 3400 2259 3467 lucernae,
2282 3398 2422 3470 quia
2443 3397 2745 3453 etincendi
2763 3403 3013 3470 possunt
3034 3402 3091 3453 et
3109 3396 3423 3470 exstingui.
3446 3397 3517 3455 Et

1860 3490 2110 3546 lucernae
2142 3487 2377 3561 quidem
2404 3503 2537 3542 cum
2571 3486 2808 3559 sapiunt
2834 3486 3051 3555 lucent,
3085 3489 3142 3542 et
3165 3484 3374 3558 spiritu
3407 3485 3516 3542 fer-

1858 3584 2014 3635 vent.
2029 3578 2172 3633 Nam
2188 3581 2243 3632 et
2255 3576 2303 3632 si
2320 3576 2922 3643 ardebant,exstinctaz
2935 3580 3074 3631 sunt
3087 3575 3274 3647 ctjam
3287 3577 3513 3647 putent.

1861 3669 2317 3724 Permanserunt
2336 3664 2492 3720 enim
2525 3664 2670 3721 servi
2694 3664 2793 3720 Dei
2828 3664 3076 3719 lucernae
3098 3664 3262 3721 bonas
3292 3680 3362 3720 ex
3391 3662 3516 3720 oleo

1860 3756 2274 3814 misericordia
2328 3753 2512 3821 illius,
2561 3771 2676 3809 non
2725 3771 2793 3810 ex
2837 3752 3060 3810 viribus
3116 3752 3278 3809 suis:
3328 3750 3519 3826 gratia

1861 3848 2078 3921 quippe
2100 3844 2214 3913 Dei,
2236 3844 2490 3916 gratuita
2509 3842 2626 3909 illa,
2647 3843 2839 3898 oleum
2861 3842 3235 3900 lucernarum
3252 3845 3359 3898 est.
3378 3840 3517 3899 Plus

1861 3937 2017 3992 enim
2042 3934 2158 3991 illis
2178 3934 2455 3989 omnibus
2475 3932 2754 3999 laboravi,
2777 3933 2857 3987 ait
2878 3932 3145 4005 quaedam
3166 3930 3425 3988 lucerna.
3449 3931 3519 3987 Et

1862 4042 1933 4081 ne
1962 4023 2183 4079 viribus
2214 4020 2337 4077 suis
2360 4022 2564 4077 ardere
2594 4020 2905 4087 videretur,
2926 4020 3196 4092 adjunxit
3220 4035 3232 4077 :
3256 4020 3382 4076 Non
3410 4037 3516 4094 ego

1862 4116 2080 4178 autem,
2104 4112 2203 4168 sed
2226 4110 2415 4187 gratia
2435 4109 2534 4166 Dei
2559 4127 2811 4166 mecum.
2850 4109 3053 4166 Omnis
3074 4109 3360 4183 propheta
3384 4111 3517 4165 ante

1862 4200 2091 4258 Domini
2123 4200 2437 4256 adventum
2481 4198 2720 4255 lucerna
2749 4203 2856 4266 est,
2891 4199 2963 4255 de
2993 4215 3110 4271 quo
3141 4196 3283 4253 dicit
3312 4198 3513 4257 Petrus

1861 4289 2160 4365 apostolus
2189 4288 2259 4359 (II
2277 4290 2421 4343 Pctr.
2457 4289 2510 4355 l).
2541 4287 2872 4343 Habeamus
2898 4286 3201 4344 certiorem
3222 4283 3517 4357 propheti-

1862 4399 1996 4438 cum
2028 4394 2381 4444 sermonem,
2404 4375 2494 4431 cui
2520 4376 2666 4431 bene
2691 4375 2898 4443 facitis,
2925 4375 3293 4431 intendentes
3309 4388 3513 4444 quem-

1860 4469 2178 4527 admodum
2228 4465 2477 4520 lucornm
2516 4463 2714 4520 lucent
2745 4464 2800 4518 in
2832 4464 3081 4519 obscuro
3136 4461 3284 4529 loco,
3331 4460 3514 4517 donec

138 4551 258 4621 ﬂeat,
278 4579 302 4605 υ
322 4574 452 4613 vera
468 4559 603 4629 ejus
623 4556 905 4612 DiVinitas
923 4556 1297 4628 approbatur.
1323 4556 1469 4622 Quia
1486 4558 1753 4617 voluntas
1783 4566 1831 4631 D
1861 4558 1986 4615 dies
2015 4557 2290 4622 lucescat,
2325 4558 2381 4609 et
2412 4553 2618 4609 lucifer
2647 4552 2869 4609 oriatur
2889 4551 2944 4608 in
2978 4549 3254 4609 cordibus
3280 4550 3512 4609 vestris.

138 4638 287 4699 Patris
304 4650 357 4701 et
374 4646 525 4715 Filii,
560 4661 679 4701 una
703 4645 986 4718 operatio,
1010 4662 1129 4700 una
1152 4644 1401 4717 denique
1422 4646 1629 4718 gratia,
1654 4666 1748 4703 ea-

139 4728 346 4804 demque
364 4734 712 4807 gubernatio
739 4739 846 4790 est.
867 4734 979 4790 Sed
1000 4732 1278 4806 magister
1297 4735 1560 4806 gentium
1584 4738 1750 4793 docet

139 4815 242 4884 ista,
284 4824 572 4880 scribens:
617 4845 645 4871 ‹‹
685 4823 881 4879 Gratia
912 4822 1076 4879 vobis
1103 4826 1160 4879 et
1204 4839 1315 4894 pax
1345 4840 1378 4877 a
1429 4824 1538 4879 Deo
1585 4825 1749 4881 Patre

142 4912 301 4966 nostro
328 4917 383 4967 et
404 4913 650 4969 Domino
678 4916 816 4968 Jesu
848 4911 1078 4968 Christo
1110 4914 1159 4981 (1
1188 4913 1315 4967 Cor.
1351 4914 1411 4980 ι).
1447 4936 1471 4959 ››

198 5019 219 5044 ιι
245 5000 393 5055 Alius
423 5006 513 5056 est
541 5002 640 5074 qui
664 4991 1065 5057 testimonium
1100 4999 1364 5073 perhibet
1394 5001 1463 5055 de
1494 5020 1606 5058 me.
1636 5028 1662 5052 ››
1687 5005 1748 5061 In

147 5088 485 5155 sequentibus
515 5089 771 5146 ostendit
799 5090 930 5162 quis
960 5090 1039 5146 sit
1067 5088 1165 5145 ille
1191 5088 1341 5145 alius
1371 5090 1471 5162 qui
1496 5094 1751 5149 testimo-

147 5171 279 5230 nium
307 5178 563 5249 perhibet
583 5178 653 5234 de
674 5195 755 5246 se,
788 5179 884 5235 ubi
917 5179 1035 5234 ait:
1070 5201 1098 5228 «
1131 5177 1238 5244 Qui
1268 5176 1429 5234 misit
1449 5197 1541 5236 me
1566 5180 1748 5248 Pater,

148 5256 245 5329 ipse
258 5265 645 5324 testimonium
668 5267 932 5340 perhibet
953 5268 1023 5323 de
1037 5284 1128 5323 me
1150 5271 1335 5337 (Joan.
1361 5268 1498 5338 V111).
1522 5292 1550 5317 ››
1574 5270 1751 5325 Testi-

150 5351 374 5409 monium
398 5356 581 5412 Patris
594 5357 761 5412 estde
773 5356 915 5413 Filio
937 5357 994 5412 in
1022 5357 1334 5428 baptismo,
1358 5356 1458 5411 ubi
1479 5374 1585 5413 vox
1606 5358 1757 5413 facta

151 5440 221 5490 est
243 5438 305 5495 de
326 5440 493 5498 caelo:
531 5468 550 5494 ο
584 5444 685 5500 Hic
713 5449 801 5500 est
824 5444 1002 5500 Filius
1035 5460 1202 5499 meus
1243 5443 1516 5510 dilectus,
1550 5446 1605 5499 in
1640 5463 1754 5517 quo

150 5524 268 5582 mihi
294 5529 431 5586 bene
460 5532 781 5605 complacui
814 5533 1021 5604 (Matth.
1051 5534 1212 5604 xvn).
1240 5556 1267 5581 ››
1300 5532 1501 5588 Simile
1523 5552 1757 5606 quoque

154 5608 518 5677 testimonium
549 5622 606 5678 in
638 5627 829 5679 monte
860 5626 1059 5679 sancto
1094 5621 1381 5694 perhibuit
1432 5622 1618 5693 Pater,
1654 5643 1755 5680 au-

1862 4649 2126 4704 Lucerna
2148 4645 2345 4716 itaque
2366 4643 2649 4715 propheta
2676 4646 2784 4710 est,
2808 4646 2863 4697 et
2886 4638 3078 4697 omnis
3104 4638 3410 4713 prophetia
3429 4642 3519 4696 est

1858 4754 1978 4793 una
2007 4748 2221 4806 magna
2249 4733 2508 4788 lucerna.
2537 4732 2683 4797 Quid
2709 4730 2953 4804 apostoli
2972 4734 2994 4787 Ρ
3014 4746 3209 4786 nonne
3226 4728 3520 4785 lucernae?

1856 4826 2046 4882 Etiam
2082 4823 2195 4896 ipsi
2237 4821 2486 4877 lucernae
2529 4819 2720 4893 plane.
2756 4820 2928 4876 Solus
2959 4819 3117 4876 enim
3146 4817 3244 4875 ille
3275 4834 3393 4874 non
3422 4814 3516 4871 lu-

1858 4932 2050 4972 cerna.
2074 4912 2199 4968 Non
2231 4910 2384 4966 enim
2416 4910 2754 4966 accenditur
2773 4913 2830 4966 et
2850 4908 3263 4981 exstinguitur,
3297 4906 3397 4962 sed
3433 4920 3524 4979 est

1862 5026 1888 5053 ‹‹
1910 5002 2308 5072 luxvera,quae
2323 4998 2613 5055 illuminat
2626 5015 2859 5054 omnem
2874 4997 3173 5053 hominem
3185 4994 3516 5052 venientem

1861 5094 1921 5148 in
1946 5093 2100 5147 hunc
2118 5090 2402 5144 mundum
2421 5090 2600 5158 (Joan.
2622 5091 2685 5156 ι).
2702 5110 2730 5137 ››
2761 5092 2834 5142 De
2857 5087 3080 5143 Joanne
3098 5084 3379 5141 diciturza
3395 5083 3522 5139 Non

1862 5185 1984 5238 erat
2016 5180 2111 5235 ille
2157 5178 2378 5244 lumen,
2413 5177 2510 5233 sed
2550 5181 2614 5232 ut
2646 5176 3059 5232 testimonium
3095 5172 3424 5248 perhiberet
3451 5173 3523 5230 de

1863 5271 2085 5327 lumine
2116 5266 2320 5336 (Ibid).
2354 5288 2381 5315 ››
2418 5265 2496 5320 De
2521 5265 2749 5321 Christo
2773 5269 3009 5322 autem:
3041 5288 3067 5315 «
3088 5261 3344 5321 Eratlux
3364 5278 3518 5328 vera,

1865 5378 1991 5432 quae
2027 5354 2321 5411 illuminat
2350 5370 2584 5410 omnem
2607 5353 2907 5411 hominem
2927 5354 3255 5410 venientem
3283 5350 3344 5406 in
3364 5350 3523 5407 hunc

1866 5448 2175 5504 mundum.
2192 5466 2219 5494 n
2237 5442 2384 5507 Quid
2400 5445 2653 5516 estquod
2670 5443 2739 5501 de
2751 5439 3407 5518 apostolisipsaVeritas
3420 5440 3518 5496 ait:

1868 5562 1893 5586 ‹‹
1910 5532 2290 5590 Vosestislux
2304 5533 2532 5599 mundi,
2552 5556 2577 5581 ι)
2592 5534 2728 5591 etde
2739 5535 2963 5591 Joanne
2976 5529 3347 5605 evangelista:
3367 5528 3521 5584 «Non

1870 5630 1988 5681 erat
2004 5622 2101 5679 ille
2114 5622 2127 5676 l
2139 5640 2170 5678 u
2183 5638 2310 5677 men
2325 5623 2352 5676 ?
2374 5645 2398 5671 ››
2415 5622 2528 5678 Nec
2541 5623 2797 5681 Joannes
2812 5641 2915 5696 per
2931 5641 2992 5680 se
3010 5620 3405 5688 eratlucerna,
3418 5631 3523 5675 nec
