4028 6176
346 378 359 386 .
389 325 507 388 243

950 325 1361 393 HAYMONIS
1408 330 1944 391 HALBERSTAT.
1992 324 2241 391 EPISC.
2288 298 2460 393 OPP.
2505 332 2707 394 PARS
2749 333 2929 395 ll.—-
2959 306 3231 395 HOMIL.

3674 325 3787 389 2t!

384 458 632 531 apostoli
662 478 766 533 per
795 479 856 519 se
888 461 1107 531 lumen,
1132 466 1232 520 sed
1255 481 1289 519 a
1317 463 1535 519 lumine
1565 462 1789 519 Christo
1822 463 1914 518 ille
1946 463 2033 517 lu-
2064 466 2111 532 Α
2148 464 2279 518 bam
2305 465 2359 520 in
2390 467 2677 521 mundum
2702 472 2765 521 ut
2784 466 3207 540 gloriﬁcaretur
3228 481 3435 519 nomen
3458 463 3664 519 Patris.
3686 488 3709 511 α
3731 459 3788 518 Si

385 564 579 615 cerna,
614 555 671 606 et
701 551 783 607 illi
816 551 1152 621 illuminati,
1189 554 1288 626 qui
1321 562 1407 608 est
1429 552 1513 610 sol
1538 570 1728 619 verus,
1761 550 1953 607 oriens
1976 551 2034 605 in

384 640 556 694 corde
587 641 968 697 credentium.

461 747 483 775 α
515 729 633 802 Ego
668 734 860 787 autem
892 732 1077 788 habeo
1108 733 1508 788 testimonium
1554 733 1744 803 majus
1792 731 2036 786 Joanne.

390 834 410 863 α
446 816 631 888 Opera
680 818 836 875 enim
869 838 995 893 quae
1027 822 1188 877 dedit
1219 823 1361 877 mihi
1392 823 1580 888 Pater,
1623 826 1688 876 ut
1716 820 2039 893 perficiam,

385 926 412 954 ‹‹
448 904 579 976 ipsa
605 904 782 980 opera
813 927 940 981 quae
972 927 1078 982 ego
1112 911 1277 978 facio,
1306 910 1710 973 testimonium
1733 908 2043 981 perhibent

383 1017 411 1043 «
446 994 516 1051 de
539 1011 652 1063 me,
674 998 812 1068 quia
835 994 1002 1054 Pater
1020 1016 1111 1055 me
1134 1000 1315 1055 misit.
1346 1001 1413 1054 Et
1436 1002 1533 1071 qui
1560 998 1717 1055 misit
1736 1015 1828 1053 me
1850 999 2039 1052 Pater:

385 1103 413 1132 «
436 1081 561 1154 ipse
575 1084 976 1142 testimOnium
1002 1088 1381 1160 perhibuitde
1396 1106 1506 1144 me.
1531 1112 1557 1137 ››
1577 1087 1859 1159 Superius
1873 1084 2037 1153 dixit,

386 1194 414 1221 ‹‹
442 1174 848 1231 testimonium
875 1193 988 1231 non
1011 1178 1233 1250 accipio
1255 1178 1326 1233 ab
1350 1177 1605 1245 homine,
1634 1200 1660 1225 υ
1684 1176 1778 1232 hic
1800 1191 2039 1232 causam

386 1264 551 1331 dixit,
579 1281 760 1337 quare
779 1266 849 1320 ab
879 1265 1116 1321 homine
1140 1267 1541 1323 testimonium
1567 1284 1680 1323 non
1699 1266 2039 1338 accepisset,

386 1353 527 1424 quia
558 1353 735 1408 habet
763 1354 1165 1410 testimonium
1198 1356 1403 1424 Patris,
1429 1361 1487 1412 et
1513 1373 1753 1428 Operam
1776 1356 2039 1412 testimo-

387 1442 574 1509 nium,
610 1443 709 1499 sed
744 1442 918 1499 habet
949 1445 1142 1515 majus
1174 1462 1351 1517 quam
1373 1449 1512 1501 sunt
1537 1446 1864 1501 hominum.
1890 1447 2038 1519 Ergo

386 1530 507 1586 haec
540 1531 764 1598 missio,
800 1532 1127 1590 incarnatio
1158 1538 1245 1590 est
1276 1535 1485 1590 Christi
1513 1552 1525 1590 :
1561 1535 1883 1591 incarnatio
1904 1552 2038 1592 vero

386 1620 622 1688 Christi,
656 1622 978 1694 redemptio
1010 1626 1098 1679 est
1146 1627 1378 1679 nostra:
1427 1625 1747 1696 redemptio
1777 1641 1909 1681 vero
1942 1642 2039 1681 no-

387 1713 526 1772 stra,
560 1714 649 1765 est
682 1710 740 1764 in
765 1711 892 1783 ipsa
912 1711 1188 1779 Veritate,
1223 1730 1350 1784 qua:
1373 1712 1451 1768 ait
1478 1731 1489 1767 ε
1520 1736 1545 1763 ‹‹
1568 1715 1686 1786 Ego
1710 1713 1838 1769 veni
1862 1718 1925 1769 ut
1960 1714 2037 1768 vi-

2149 576 2175 602 ‹‹
2209 553 2360 609 alius
2390 555 2609 611 venerit
2654 556 2711 611 in
2764 555 2998 612 nomine
3030 572 3155 622 suo,
3199 554 3362 610 illum
3410 553 3727 626 accipietis.
3763 576 3789 602 υ

2146 642 2288 706 Quis
2317 648 2404 700 est
2434 644 2531 717 qui
2562 644 2717 701 venit
2748 645 2807 700 in
2839 644 3074 702 nomine
3103 661 3229 711 suo,
3265 642 3376 700 nisi
3408 642 3505 698 ille
3536 641 3635 714 qui
3667 641 3792 715 glo-

2149 730 2293 786 riam
2330 734 2627 805 prepriam
2649 730 2875 806 quaerit,
2900 738 2955 790 et
2976 750 3091 789 non
3115 731 3265 788 alius
3286 731 3385 804 qui
3412 730 3574 787 misit
3591 730 3794 787 illum?

2150 819 2289 885 Quis
2310 825 2398 876 est
2421 838 2594 893 quem
2617 822 2905 894 accepturi
2938 826 3102 877 erant
3131 821 3337 887 Judaei,
3364 819 3475 875 nisi
3504 818 3793 874 Antichri-

2151 911 2307 964 stum
2336 910 2434 981 qui
2465 915 2744 967 venturus
2773 917 2863 967 est
2892 911 3138 985 gloriam
3172 925 3429 983 quaerere
3452 910 3746 982 propriam
3768 910 3795 964 Ἰ

2150 997 2219 1052 Et
2250 998 2356 1055 hoc
2378 999 2488 1055 erit
2510 999 2626 1056 illis
2665 1018 2835 1073 pmna
2863 1000 3104 1073 peccati,
3136 999 3274 1071 quia
3302 997 3615 1054 noluerunt
3643 998 3794 1054 veri-

2151 1086 2253 1142 tati
2285 1089 2536 1155 credere,
2571 1092 2627 1144 et
2657 1090 2893 1145 credent
2923 1089 3248 1144 mendacio.

2222 1200 2247 1225 ‹‹
2285 1179 2582 1242 Quomodo
2613 1180 2854 1250 potestis
2882 1196 2984 1234 vos
3015 1179 3267 1244 credere,
3301 1176 3399 1249 qui
3443 1175 3689 1250 gloriam
3724 1177 3794 1231 ab

2154 1264 2445 1321 «invicem
2472 1267 2758 1338 accipitis,
2780 1267 3097 1341 etgloriam
3120 1283 3246 1339 qua!
3268 1271 3357 1322 est
3377 1265 3499 1321 solo
3520 1266 3659 1333 Deo,
3684 1283 3793 1321 non

2150 1377 2178 1403 «
2213 1355 2569 1427 quaeritis?»
2620 1357 3121 1412 Considerandum
3160 1354 3442 1410 intentius
3473 1359 3694 1427 quanta
3724 1356 3799 1410 sit

2141 1444 2437 1515 jactantim
2457 1450 2514 1500 et
2530 1445 2801 1501 humanae
2824 1444 3016 1501 laudis
3038 1444 3276 1500 ambitio
3295 1444 3535 1511 malum,
3561 1461 3666 1517 pro
3684 1461 3797 1517 quo

2148 1532 2276 1604 ipsa
2306 1533 2532 1589 Veritas
2555 1535 2656 1599 ait,
2688 1536 2919 1590 credere
2952 1551 3066 1589 non
3099 1551 3270 1606 posse
3300 1534 3609 1605 quosdam,
3643 1534 3796 1605 quod

2149 1622 2444 1679 saecularis
2468 1622 2663 1696 gloria:
2682 1624 2876 1697 cupidi
2902 1628 3086 1679 erant.
3111 1623 3258 1689 Quid
3276 1627 3365 1679 est
3386 1622 3658 1677 humana:
3679 1622 3799 1678 lau-

2148 1712 2238 1768 dis
2269 1712 2580 1784 cupiditas,
2604 1713 2716 1768 nisi
2739 1730 3004 1786 superna:
3027 1713 3239 1768 mentis
3260 1710 3624 1767 elatio?Vult
3645 1712 3719 1767 de
3740 1728 3800 1768 se

387 1802 506 1853 tam
538 1799 810 1868 habeant,
846 1805 902 1855 et
930 1800 1329 1857 abundantius
1376 1802 1631 1858 habeant
1679 1806 1863 1871 (Joun.
1896 1803 1972 1874 x).
2008 1826 2036 1854 »
2068 1839 2116 1904 B
2147 1798 2444 1867 aestimari,
2480 1801 2631 1871 quod
2669 1800 2724 1855 in
2751 1817 2812 1855 se
2845 1799 3056 1855 habere
3087 1817 3199 1854 non
3228 1799 3441 1855 studet.
3464 1798 3624 1854 Alter
3651 1798 3800 1855 inte-

386 1887 705 1957 Subjunxit
729 1905 860 1943 vero
883 1888 1019 1945 huic
1041 1890 1376 1945 testimonio
1403 1891 1609 1957 Patris,
1634 1892 1703 1947 de
1724 1892 1849 1964 ipso
1872 1894 2038 1948 Patre

389 1976 543 2047 quod
597 1976 801 2045 Judaei,
835 1977 920 2032 vel
955 1978 1142 2051 magis
1200 1997 1404 2036 omnes
1445 1981 1708 2037 infideles
1741 1981 2040 2038 excaecatis

389 2064 685 2120 mentibus
701 2065 996 2122 veritatem
1017 2067 1345 2124 Divinitatis
1360 2086 1474 2124 non
1495 2075 1741 2143 possunt
1757 2071 2037 2143 accipere,

389 2151 617 2209 dicens:

464 2264 493 2291 ‹‹
525 2242 721 2315 Neque
738 2246 893 2300 enim
915 2263 1111 2302 vocem
1137 2248 1265 2319 ejus
1285 2248 1533 2305 audistis
1555 2266 1836 2322 unquam,
1854 2266 2043 2322 neque

391 2356 419 2382 «
445 2334 698 2406 speciem
730 2336 859 2407 ejus
889 2336 1136 2405 vidistis,
1171 2341 1228 2392 et
1257 2338 1494 2393 verbum
1521 2339 1649 2409 ejus
1677 2355 1789 2394 non
1813 2339 2039 2395 habetis

391 2446 418 2473 ‹‹
455 2424 512 2478 in
537 2423 700 2479 vobis
732 2428 998 2481 manens.
1033 2450 1058 2475 ››
1106 2426 1252 2482 Dicit
1279 2428 1628 2499 Apostolus:
1664 2452 1690 2478 «
1727 2429 1851 2484 Non
1883 2429 2040 2484 enim

391 2512 686 2569 auditores
708 2512 855 2587 legis
866 2514 1177 2586 justiﬁcati
1195 2520 1351 2584 sunt,
1379 2517 1478 2571 sed
1504 2517 1747 2573 factores
1764 2517 1920 2573 verbi
1945 2518 2040 2573 Dei

390 2606 565 2670 (Rom.
582 2605 661 2672 ιι),
680 2626 706 2653 ››
723 2604 898 2670 idest,
918 2604 1097 2660 Filius
1119 2604 1211 2660 Dei
1238 2622 1351 2660 non
1378 2611 1574 2662 manet
1595 2605 1901 2662 inillorum
1923 2623 2044 2662 cor-

390 2691 584 2763 dibus,
618 2693 757 2765 quia
788 2710 902 2748 non
954 2699 1186 2749 servant
1216 2711 1342 2765 quae
1375 2696 1642 2749 audiunt.
1688 2697 1852 2761 Quod
1903 2713 2039 2752 vero

390 2780 497 2836 ait.
534 2805 562 2832 «
596 2799 786 2854 neque
804 2800 1003 2839 vocem
1032 2785 1161 2855 ejus
1181 2784 1451 2850 audistis,
1476 2801 1663 2856 neque
1685 2785 1936 2857 speciem
1956 2786 2039 2841 vi-

389 2870 580 2937 distis,
610 2893 635 2919 ››
666 2871 726 2926 in
758 2870 865 2927 hoc
897 2872 1150 2926 ostendit
1173 2873 1567 2927 substantiam
1599 2872 1929 2929 Divinitatis
1956 2876 2039 2930 in-

390 2958 977 3032 comprehensibilem
1008 2964 1063 3014 et
1085 2958 1455 3028 invisibilem,
1480 2964 1536 3017 et
1555 2978 1749 3017 vocem
1775 2964 1902 3034 ejus
1925 2982 2040 3021 non

388 3038 726 3103 carnalibus
752 3047 953 3103 audire
1004 3049 1263 3120 potuisse
1312 3049 1576 3119 auribus,
1618 3053 1718 3107 sed
1752 3052 2040 3125 spirituali

390 3134 775 3209 intelligentia
804 3153 906 3209 per
935 3137 1183 3210 gratiam
1216 3139 1400 3194 sancti
1435 3139 1688 3212 Spiritus
1720 3139 2043 3214 intelligere

381 3219 477 3282 Vel
508 3243 723 3292 amare,
756 3228 1078 3282 secundum
1111 3228 1266 3300 quod
1315 3228 1630 3301 unicuique
1678 3230 1880 3284 datum
1914 3229 2039 3286 erit.
2073 3203 2115 3270 Ο

393 3316 749 3372 Scrutamini
781 3316 1132 3388 Scripturas,
1168 3316 1307 3388 quia
1336 3335 1437 3373 vos
1466 3317 1682 3389 putatis
1702 3319 1759 3372 in
1786 3317 1931 3390 ipsis
1962 3318 2042 3372 vi-

393 3409 514 3461 tam
533 3409 804 3460 aeternam
823 3405 1055 3460 habere.
1077 3406 1145 3460 Et
1164 3428 1189 3453 ι‹
1212 3405 1321 3459 illa;
1342 3410 1477 3459 sunt
1495 3422 1621 3476 qua:
1643 3405 2043 3461 testimonium

392 3493 703 3566 perhibent
730 3494 801 3549 de
833 3510 947 3560 me,
979 3497 1036 3548 et
1067 3511 1182 3548 non
1212 3492 1387 3548 vultis
1415 3493 1609 3549 venire
1640 3495 1711 3549 ad
1738 3510 1852 3561 me,
1878 3499 1939 3550 nt
1960 3495 2045 3549 vi-

394 3586 515 3635 tam
549 3580 832 3636 habeatis.
870 3602 897 3627 ››
951 3603 977 3627 ‹‹
1012 3580 1137 3635 Non
1183 3580 1358 3636 vultis
1390 3581 1601 3647 venire,
1637 3605 1664 3630 ››
1696 3581 1752 3636 id
1785 3587 1891 3651 est,
1926 3601 2042 3638 non

389 3668 568 3724 vultis
597 3668 849 3734 credere,
884 3667 1020 3739 quia
1071 3668 1199 3723 sine
1247 3670 1359 3724 fide
1396 3668 1762 3741 impossibile
1807 3676 1895 3727 est
1927 3673 2042 3728 Deo

390 3757 638 3831 placere.
660 3756 869 3813 Venire
886 3762 1151 3812 nostrum
1171 3758 1241 3812 ad
1264 3758 1585 3826 Christum,
1604 3760 1659 3814 id
1683 3765 1790 3829 est,
1811 3762 2043 3818 credere

386 3864 589 3904 verum
616 3847 784 3906 illum
812 3846 1021 3901 Filium
1051 3846 1172 3915 Dei,
1196 3851 1252 3902 et
1278 3864 1472 3903 veram
1507 3865 1612 3904 nos
1632 3866 1736 3921 per
1756 3849 1920 3906 illum
1942 3850 2042 3907 ha-

386 3937 522 3992 bere
554 3936 825 3992 salutem.
880 3935 1084 3991 Omnis
1114 3935 1267 3991 enim
1302 3936 1602 4008 Scriptura
1646 3943 1849 3995 sancta
1877 3940 2041 3995 testi-

379 4025 647 4081 inonium
669 4025 966 4097 perhibuit
989 4024 1237 4091 Christo,
1263 4024 1380 4080 sive
1408 4043 1510 4097 per
1531 4028 1768 4097 ﬁguras,
1798 4028 1916 4084 sive
1940 4047 2043 4100 per

384 4114 720 4187 prophetas,
755 4115 873 4171 sive
906 4131 1008 4186 per
1035 4113 1375 4186 angelorum
1411 4114 1755 4175 ministeria.
1809 4118 1956 4191 Ergo
1984 4124 2041 4174 et

385 4204 612 4276 Moyses
630 4201 1032 4259 testimonium
1048 4202 1754 4275 perhibuitChristo,Joan
1764 4223 1866 4262 nes
1881 4208 2038 4262 testi-

385 4292 648 4349 monium
666 4291 1222 4364 perhibuitChristo,
1242 4298 1297 4347 et
1314 4292 1502 4348 caeteri
1521 4294 1814 4366 prophetze
1825 4301 1883 4350 et
1906 4313 2039 4367 apo-

385 4381 517 4438 stoli
535 4380 957 4453 perhibuerunt
970 4380 1375 4436 testimonium
1390 4382 2055 4441 Christo.Hisomnibus

384 4469 737 4525 testimoniis
762 4469 1035 4542 proponit
1063 4485 1301 4540 operum
1325 4487 1588 4538 suorum,
1624 4471 1761 4542 quia
1782 4489 1884 4543 per
1906 4472 2037 4529 illos

387 4574 503 4612 non
536 4556 651 4611 nisi
687 4559 835 4612 Deus
866 4557 1165 4629 perhibuit
1195 4556 1597 4613 testimonium
1628 4559 1770 4614 Filio
1801 4577 1927 4615 suo.

459 4668 487 4693 ‹‹
521 4635 854 4701 Claritatem
876 4647 960 4701 ab
993 4645 1333 4701 hominibus
1365 4664 1478 4700 non
1513 4648 1746 4719 recipio,
1778 4671 1804 4696 ››
1838 4650 1893 4703 id
1927 4653 2034 4717 est,

384 4733 618 4790 laudem
649 4722 970 4789 humanam
995 4752 1106 4789 non
1136 4751 1351 4805 quaero,
1377 4733 1515 4806 quia
1535 4759 1561 4783 ‹‹
1583 4753 1696 4791 non
1719 4737 1846 4791 veni
1872 4738 2040 4793 mini-

385 4824 579 4889 strari,
608 4823 706 4879 sed
742 4823 1077 4879 ministrare
1106 4822 1310 4884 (Matth.
1344 4824 1457 4893 xx),
1490 4848 1509 4872 ι
1536 4824 1591 4879 id
1624 4829 1730 4891 est,
1760 4842 1874 4880 non
1905 4825 2034 4881 veni

385 4917 449 4966 ut
479 4912 758 4968 honorem
781 4912 852 4967 ab
875 4911 1216 4968 hominibus
1239 4912 1562 4983 acciperem
1594 4913 1906 4981 carnalem,
1932 4915 2034 4970 sed

384 5001 448 5052 ut
477 4998 755 5077 honorem
788 4999 1128 5056 hominibus
1152 5001 1351 5056 darem
1383 5000 1771 5072 spiritualem.

455 5109 483 5135 «
517 5087 626 5141 Sed
658 5088 898 5160 cognovi
935 5106 1055 5153 vos,
1083 5090 1222 5160 quia
1245 5088 1616 5145 dilectionem
1650 5089 1749 5145 Dei
1779 5107 1893 5146 non
1927 5091 2030 5146 ha-

385 5197 413 5225 «
446 5175 595 5230 betis
631 5175 687 5229 in
719 5175 900 5230 vobis.
928 5200 956 5226 »
990 5177 1123 5233 Ideo
1146 5177 1515 5233 dilectionem
1542 5178 1634 5235 Dei
1667 5197 1779 5235 non
1814 5180 2032 5235 habue-

383 5268 539 5330 runt,
564 5264 704 5334 quia
734 5280 848 5318 non
890 5265 1263 5322 crediderunt
1284 5268 1339 5321 in
1373 5285 1529 5334 eum,
1563 5269 1702 5340 quia
1734 5286 1847 5324 non
1879 5269 2035 5324 venit

382 5352 570 5407 facere
598 5351 953 5408 voluntatem
986 5370 1177 5420 suam,
1220 5357 1321 5410 sed
1364 5355 1723 5413 voluntatem
1771 5358 1898 5429 ejus
1931 5357 2030 5429 qui

383 5440 549 5496 misit
581 5439 771 5496 illum.
808 5441 941 5496 Ideo
976 5442 1319 5513 subjunxit:

454 5553 481 5578 «
509 5530 625 5601 Ego
647 5531 775 5586 veni
798 5529 856 5586 in
882 5530 1115 5587 nomine
1137 5532 1323 5586 Patris
1346 5533 1481 5602 mei,
1504 5539 1560 5590 et
1586 5552 1696 5591 non
1727 5535 2032 5608 accepistis

385 5640 411 5669 «
445 5635 559 5687 me,
597 5642 625 5669 ››
659 5618 714 5674 id
734 5623 841 5688 est,
862 5636 976 5676 non
1000 5619 1333 5677 credidistis
1353 5620 1412 5677 in
1435 5640 1548 5688 me,
1572 5623 1671 5695 qui
1692 5624 1820 5680 ideo
1842 5624 2030 5680 venie-

2150 1888 2292 1954 rius,
2319 1888 2467 1943 alter
2486 1890 2641 1945 foras
2660 1889 2841 1945 videri
2865 1889 3175 1945 desiderat.
3197 1887 3508 1944 Humilitas
3528 1905 3664 1943 vero
3685 1888 3804 1961 glo-

2149 1977 2294 2031 riam
2314 1978 2573 2049 quaerita
2594 1978 2714 2033 solo
2733 1979 2869 2044 Deo,
2893 1978 3169 2051 superbia
3184 1977 3257 2032 ab
3277 1976 3636 2033 hominibus.
3663 1978 3802 2034 Inde

2146 2065 2400 2122 Joannes
2431 2067 2692 2139 Baptista
2722 2068 2793 2123 ab
2842 2067 2971 2139 ipsa
2999 2067 3252 2122 Veritate
3290 2071 3410 2122 tam
3452 2066 3803 2123 excellenter

2150 2154 2424 2211 laudatus
2445 2161 2553 2227 est,
2579 2162 2643 2211 ut
2666 2174 2778 2212 non
2803 2161 2955 2212 esset
2973 2156 3196 2211 arundo
3215 2160 3384 2210 vento
3404 2156 3644 2228 agitata,
3668 2156 3805 2228 quia

2150 2263 2265 2300 non
2297 2245 2566 2301 humana:
2593 2246 2806 2313 laudis,
2831 2263 2934 2301 nec
2958 2244 3170 2301 odiosae
3190 2243 3637 2317 vituperationis
3662 2261 3805 2300 aura

2150 2334 2325 2390 ﬂante
2357 2335 2624 2391 ﬂexibilis
2657 2335 2783 2403 fuit,
2817 2335 2946 2391 ideo
2976 2333 3222 2407 gloriam
3254 2351 3368 2389 non
3400 2333 3673 2405 quaesivit
3704 2333 3807 2389 hu-

2150 2440 2407 2479 manum.
2562 2432 2573 2438 ‘

2222 2538 2248 2563 ‹‹
2275 2514 2462 2570 Nolite
2483 2518 2684 2587 putare
2703 2514 2842 2587 quia
2859 2530 2964 2587 ego
2987 2516 3370 2569 accusaturus
3392 2512 3502 2567 sim
3526 2529 3626 2568 vos
3644 2512 3805 2586 apud

2150 2626 2179 2653 ‹‹
2212 2604 2459 2658 Patrem.
2493 2604 2595 2658 Est
2624 2604 2724 2676 qui
2767 2607 3004 2658 accusat
3050 2619 3154 2656 vos
3185 2602 3430 2674 Moyses,
3464 2601 3520 2655 in
3555 2618 3677 2673 quo
3708 2618 3805 2658 vos

2151 2715 2178 2741 «
2216 2692 2463 2747 maxime
2485 2691 2755 2764 speratis.
2784 2714 2810 2741 »
2836 2692 2966 2747 Ideo
2989 2708 3098 2746 nsn
3124 2708 3354 2757 accuso,
3379 2691 3518 2763 quia
3538 2708 3657 2746 non
3674 2689 3808 2748 veni

2148 2782 2448 2846 damnare,
2484 2782 2585 2837 sed
2615 2780 2857 2837 salvare.
2893 2781 3120 2853 Moyses
3149 2796 3282 2834 vero
3308 2783 3559 2847 accusat,
3579 2779 3686 2851 qui
3721 2780 3808 2834 in-

2149 2870 2367 2926 creduli
2391 2871 2534 2926 estis
2565 2871 2684 2926 voci
2710 2870 2889 2924 illius.
2918 2892 2945 2919 ››
2976 2870 3055 2924 De
3080 2886 3172 2924 me
3202 2868 3295 2923 ille
3321 2867 3575 2940 scripsit,
3608 2892 3635 2915 ››
3662 2870 3807 2924 dum

2151 2960 2232 3015 ait
2280 2962 2454 3028 (Deut.
2489 2962 2636 3032 vm):
2686 2958 3032 3032 Prophetam
3065 2958 3229 3013 vobis
3261 2956 3569 3013 suseitabit
3600 2958 3809 3013 Domi-

2150 3068 2262 3105 nus
2289 3054 2436 3105 Dcus
2462 3050 2533 3104 de
2568 3048 2845 3105 fratribus
2884 3048 3112 3114 vestris,
3146 3053 3426 3119 tanquam
3460 3063 3572 3115 me,
3606 3047 3808 3119 ipsum

2152 3138 2425 3195 audietis.
2454 3138 2601 3203 Quii
2636 3155 2766 3192 vero
2799 3141 3083 3209 sequatur
3109 3136 3423 3192 attendite:
3446 3136 3586 3203 Erit,
3611 3136 3812 3192 omnis

2154 3228 2349 3282 anima
2382 3244 2509 3299 qua
2541 3245 2655 3282 non
2689 3225 2973 3282 obedierit
2994 3224 3283 3298 propheta:
3317 3222 3423 3290 illi,
3456 3225 3813 3281 extermina-

2153 3315 2311 3371 bitur
2341 3317 2413 3370 de
2442 3316 2657 3388 populo
2686 3314 2802 3371 Dei.
2827 3316 2883 3370 Si
2908 3319 3103 3370 autem
3128 3313 3287 3369 illius
3312 3312 3520 3369 litteris
3542 3330 3665 3370 non
3690 3331 3811 3371 cre-

2152 3404 2310 3471 ditis,
2337 3406 2627 3477 quomodo
2650 3405 2796 3460 meis
2817 3404 3007 3460 verbis
3024 3402 3270 3459 credetis
3286 3402 3313 3458 ?
3328 3402 3627 3475 Quidquid
3649 3405 3810 3459 enim

2152 3491 2244 3548 lex
2272 3497 2328 3548 et
2369 3494 2660 3566 propheta:
2706 3494 3086 3565 scripserunt,
3130 3509 3233 3563 per
3261 3491 3457 3547 omnia
3503 3491 3812 3549 Christum

2150 3587 2464 3637 venturum
2499 3601 2625 3639 esse
2657 3582 3060 3655 designabant.
3097 3582 3153 3637 Si
3187 3581 3342 3636 enim
3364 3580 3551 3635 Judaei
3576 3579 3694 3654 legi
3722 3580 3808 3637 vel

2151 3671 2449 3743 prophetis
2478 3671 2881 3739 credidissent,
2916 3671 3119 3743 utique
3148 3675 3203 3726 et
3233 3669 3480 3725 Christo.

2754 3814 3059 3870 HOMILIA
3079 3814 3191 3868 XL.

2384 3947 2391 3953 .
2488 3922 2650 3960 ream
2692 3921 2863 3959 ssx'rx
2903 3920 3041 3959 POST
3080 3904 3464 3959 Remim'swre.

2218 4030 2464 4093 (MA'I‘TII.
2496 4035 2632 4094 xxx).
2669 4052 2695 4076 ‹‹
2733 4029 2790 4083 In
2828 4028 2928 4083 illo
2963 4032 3244 4099 tempore,
3269 4026 3414 4082 dixit
3440 4025 3621 4083 Jesus
3643 4027 3823 4083 disci-

2148 4142 2175 4167 ‹‹
2204 4118 2358 4189 pulis
2391 4119 2536 4184 suis,
2570 4124 2628 4173 et
2656 4119 2843 4173 turbis
2872 4119 3210 4172 Judaeorum
3249 4115 3586 4188 parabolam
3624 4117 3817 4173 hanc:

2144 4231 2173 4256 «
2204 4208 2387 4263 Homo
2413 4207 2650 4278 quidam
2674 4212 2795 4262 erat
2825 4205 3266 4277 paterfamilias,
3290 4204 3390 4277 qui
3414 4204 3714 4277 plantavit
3734 4206 3818 4260 vi-

2147 4319 2175 4347 ‹‹
2210 4313 2401 4362 neam,
2420 4301 2477 4351 et
2489 4295 2734 4367 reliqua.
2753 4318 2780 4347 ››
2796 4296 3007 4351 Scriba;
3027 4301 3085 4351 et
3101 4294 3397 4359 Pharisaei,
3416 4293 3513 4364 qui
3529 4294 3819 4367 superius

2147 4384 2391 4439 Domino
2406 4383 2697 4439 dixerant:
2723 4389 2780 4438 tn
2798 4401 2915 4455 qua
2925 4388 3207 4456 potestate
3221 4382 3341 4437 haec
3356 4381 3537 4438 facis?
3552 4383 3821 4448 audiunt

2147 4491 2248 4546 per
2262 4472 2519 4528 occultas
2542 4472 2867 4544 parabolas,
2888 4473 3043 4544 quod
3063 4489 3164 4544 per
3178 4474 3816 4542 apertumsermonem

2068 4573 2114 4637 Ι)
2147 4580 2259 4617 non
2294 4562 2671 4617 merebantur
2718 4561 2942 4616 audire.
2976 4560 3360 4632 Omnipotens
3402 4559 3623 4615 etenim
3661 4567 3820 4617 Deus

2149 4653 2333 4717 Pater,
2386 4649 2649 4705 conditor
2679 4656 2736 4705 et
2762 4652 3116 4722 gubernator
3165 4647 3525 4705 familiarum
3554 4665 3819 4706 suarum

2147 4746 2255 4796 est.
2280 4740 2461 4795 Vinea
2485 4739 2659 4802 illius,
2689 4739 2897 4794 domus
2921 4738 3237 4795 Israelitica
3258 4744 3367 4795 est.
3393 4738 3507 4793 Hoc
3528 4737 3697 4794 enim
3722 4757 3824 4794 no-

2147 4829 2303 4883 mine
2334 4829 2480 4884 solet
2510 4826 2791 4899 appellari
2835 4827 3037 4883 eadem
3068 4845 3212 4900 gens
3243 4828 3302 4884 in
3334 4843 3499 4884 sacro
3541 4825 3817 4899 eloquio,

2144 4916 2297 4972 sicut
2327 4916 2507 4971 Isaias
2552 4915 2691 4970 dicit
2723 4915 2874 4987 (Cap.
2907 4920 3018 4984 IV):
3083 4937 3109 4968 α
3139 4916 3396 4972 Cantabo
3428 4914 3644 4971 dilecto
3679 4933 3820 4971 meo

2142 5005 2437 5060 canticum
2473 5003 2754 5076 patruelis
2780 5003 2894 5058 mei
2918 5003 3095 5060 vinea:
3123 5022 3297 5060 suam
3325 5004 3506 5059 Vinea
3537 5004 3701 5060 facta
3728 5009 3821 5060 est

2142 5087 2285 5148 mihi
2315 5091 2374 5147 in
2406 5091 2529 5148 loco
2560 5091 2745 5158 uberi,
2769 5097 2902 5155 eto.,
2939 5108 3245 5164 usquequo
3267 5091 3441 5147 dixit:
3476 5089 3670 5146 Vinea
3702 5097 3818 5146 Do-

2143 5181 2287 5236 mini
2340 5180 2606 5248 sabaoth,
2642 5181 2851 5236 domus
2881 5180 3059 5236 Israel
3089 5186 3198 5237 est.
3232 5182 3302 5237 Et
3330 5177 3653 5236 Psalmista
3688 5182 3814 5236 ait:

2145 5295 2171 5320 ‹‹
2204 5271 2449 5325 Vincam
2502 5271 2573 5324 de
2603 5269 2843 5340 {Egypto
2901 5270 3257 5325 transtulisti
3304 5269 3475 5337 (I’sal.
3526 5274 3748 5336 tun).
3788 5291 3815 5317 ››

2143 5351 2526 5432 Omnipotens
2544 5374 2678 5431 ergo
2700 5361 2854 5413 Deus
2875 5357 3103 5414 vineam
3123 5357 3425 5429 plantavit,
3444 5354 3586 5428 quia
3601 5356 3821 5427 ejectis

2144 5450 2215 5505 de
2237 5452 2388 5503 terra
2412 5445 2822 5520 promissionis
2840 5446 3269 5503 habitatoribus
3291 5446 3416 5512 suis
3433 5443 3822 5513 Chananmis,

2143 5537 2201 5592 in
2233 5538 2500 5594 eamdem
2526 5541 2759 5609 gentem
2793 5535 3171 5591 lsraeliticam
3203 5532 3523 5591 collocavit.
3560 5553 3587 5581 »
3621 5533 3703 5588 Et
3735 5551 3825 5590 se-

2145 5649 2170 5675 ‹‹
2208 5643 2341 5698 pem
2363 5623 2746 5681 circumdedit
2775 5624 2850 5694 ei,
2878 5646 2905 5672 »
2938 5624 2995 5679 id
3025 5629 3115 5680 est
3146 5640 3346 5680 muros
3366 5621 3604 5678 urbium
3628 5626 3696 5678 et
3718 5639 3826 5680 cu-
