3926 6170
423 273 534 335 251

986 274 1397 340 ΗΑΥΜΟΝ18
1444 278 1984 341 HALBEllS'l‘AT.
2029 278 2275 343 EPISC.
2324 283 2497 345 OPP.
2546 286 2745 350 PARS
2790 286 3250 355 II.—HOMJL.

3640 307 3736 369 252

422 428 558 467 cum
580 412 767 468 credit
786 412 1066 469 occisum.
1084 414 1247 470 Tunc
1268 431 1401 470 caro
1424 415 1551 487 ejus
1573 415 1917 482 comoditur,
1939 433 2073 471 cum
2103 414 2158 479 Α
2189 438 2215 463 ‹‹
2247 416 2602 490 saginatum,
2628 419 2769 492 quia
2792 421 3016 478 salvum
3045 404 3203 481 illum
3236 429 3449 503 recepit.
3474 456 3497 481 ››
3517 437 3572 489 In
3593 444 3737 497 exim.

421 502 550 575 ejus
567 501 859 576 passionis
871 507 1305 560 sacramentum
1325 509 1488 561 etore
1505 505 1578 562 ad
1602 522 1731 562 emu
1744 506 2079 561 ndationcm

421 592 765 664 percipitur,
799 597 857 650 et
886 593 1058 650 corde
1088 594 1161 649 ad
1202 593 1589 651 imitationem
1624 595 1935 667 cogitatur.

495 705 522 733 ‹‹
557 684 627 738 Et
656 684 1087 740 manducemus
1128 689 1186 740 et
1232 683 1556 756 epulamur,
1591 684 1731 757 quia
1778 683 1874 740 hic
1921 684 2080 739 ﬁlius

422 796 451 822 ‹‹
484 789 655 829 meus
686 777 952 829 mortuus
984 774 1194 840 fuerat,
1225 778 1282 829 et
1313 773 1518 830 revixit
1551 790 1563 827 :
1598 774 1870 844 perierat,
1901 779 1960 829 et
1990 772 2077 828 in-

422 883 450 911 ‹‹
483 866 693 918 ventus
723 867 832 917 est.
858 886 877 911 υ
905 863 1029 918 Non
1062 860 1225 919 solus
1253 862 1550 935 filius,qui
1581 864 1785 919 revixit
1804 869 1859 918 et
1882 863 2076 918 inven-

419 954 517 1008 tus
535 955 644 1021 est,
659 968 861 1007 verum
888 956 1050 1024 pater
1070 956 1125 1007 ct
1145 951 1291 1008 servi
1315 951 1476 1007 illius
1501 953 1859 1010 sacrosancti
1883 950 2073 1029 vituli,

418 1044 518 1116 qui
554 1049 788 1118 propter
819 1044 1005 1101 lilium
1037 1041 1268 1098 occisus
1319 1045 1467 1109 erat,
1500 1059 1673 1098 carne
1706 1044 1901 1100 refecti
1930 1060 2072 1115 epu-

417 1136 614 1193 lantur
639 1151 654 1190 :
688 1134 787 1206 qui
822 1133 1005 1206 patris
1036 1132 1225 1197 cibus,
1250 1129 1410 1186 salus
1432 1135 1520 1187 est
1549 1138 1785 1199 nostra;
1809 1138 1865 1189 et
1887 1133 2071 1205 patris

417 1222 720 1296 gaudium,
756 1226 1089 1277 nostrorum
1122 1224 1210 1274 est
1241 1217 1508 1275 remissio
1539 1227 1932 1291 peccatorum,
1967 1239 2071 1277 nec

416 1317 647 1368 tantum
664 1311 875 1375 Patris,
894 1310 993 1366 sed
1022 1307 1149 1364 Filii
1171 1313 1229 1363 et
1249 1307 1505 1380 Spiritus
1527 1309 1734 1364 sancti.
1752 1310 1898 1375 Quia
1918 1311 2073 1366 sicut

416 1419 532 1457 una
558 1400 617 1457 in
640 1400 949 1455 Divinitate
982 1398 1251 1454 voluntas
1282 1402 1335 1453 et
1360 1398 1636 1469 operatio,
1660 1398 1741 1454 ita
1765 1403 1821 1454 et
1844 1417 1959 1455 una
1978 1405 2069 1456 est

414 1490 720 1547 delectatio
751 1497 966 1544 sanctae
998 1494 1056 1544 et
1078 1486 1388 1542 individuis
1412 1485 1737 1543 Trinitatis.
1755 1487 1918 1545 Unde
1939 1490 2064 1545 bea-

412 1584 509 1638 tus
538 1578 832 1635 Abraham
866 1578 1014 1648 (Gen.
1046 1580 1150 1644 xu)
1182 1580 1301 1632 tres
1330 1574 1569 1648 angelos
1618 1576 1877 1649 hospites
1921 1578 2064 1634 reci-

410 1669 604 1742 piens,
633 1666 883 1723 vitulum
914 1665 1299 1721 tenerrimam
1346 1669 1402 1720 et
1430 1665 1723 1736 optimum
1755 1666 2060 1734 occidisse,

409 1760 657 1831 ejusque
687 1773 822 1812 cum
846 1754 1014 1821 lacte,
1041 1758 1282 1825 pane,et
1305 1754 1512 1825 butyro
1534 1754 1825 1826 epulando
1852 1754 2064 1827 legitur

409 1845 712 1912 obtulisse,
729 1844 870 1917 quia
890 1842 989 1915 qui
1016 1842 1246 1898 beatam
1266 1842 1609 1898 Trinitatem
1629 1848 1796 1899 recta:
1815 1845 2063 1901 devotio-

410 1935 503 1991 nis
535 1933 748 1991 ofticiis
778 1932 1035 1997 reticere,
1055 1929 1113 1986 id
1144 1934 1232 1986 est
1261 1927 1553 1985 laetificare
1582 1929 1894 1995 desiderat,
1914 1949 2062 1989 mor-

408 2029 528 2080 tem
561 2038 796 2094 quoque
826 2021 997 2076 debet
1029 2018 1315 2091 unigeniti
1347 2017 1476 2073 Filii
1508 2018 1607 2074 Dei
1638 2017 1698 2075 in
1722 2036 2058 2093 carne,quae

407 2116 499 2169 est
528 2129 664 2180 una,
682 2110 743 2166 in
773 2106 1095 2180 eademque
1114 2105 1418 2164 Trinitatis
1439 2124 1686 2179 persona
1707 2108 1812 2182 piae
1836 2111 2060 2167 confes-

407 2200 590 2258 sionis
615 2198 946 2257 sinceritate
970 2197 1283 2254 celebrare.
1308 2199 1377 2253 Et
1402 2198 1724 2254 notandum
1747 2198 1903 2271 quod
1925 2202 2058 2255 ante

407 2289 561 2348 stola
589 2288 800 2362 prima,
832 2290 965 2343 ante
997 2286 1274 2352 annulus,
1306 2290 1439 2343 ante
1471 2285 1866 2343 calceamenta
1911 2304 2058 2360 pra:-

406 2383 657 2446 stantur,
688 2382 747 2434 et
776 2376 859 2433 sic
888 2375 1097 2432 deinde
1129 2374 1347 2430 vitulus
1373 2375 1731 2431 immolatur.
1764 2375 1912 2441 Quia
1944 2376 2054 2431 nisi

406 2468 656 2542 quisque
682 2483 848 2539 spem
890 2462 1355 2520 immortalitatis
1389 2463 1662 2534 induerit,
1696 2464 1809 2520 nisi
1839 2465 2055 2522 annulo

374 2614 377 2617 .
407 2556 540 2614 fidei
570 2573 745 2629 opera
774 2552 1321 2628 praemunierit,nisi
1345 2552 1533 2625 ipsam
1566 2553 1736 2609 fidem
1762 2554 1855 2625 pie
1873 2556 2055 2609 conli-

405 2647 579 2703 tendo
596 2641 1012 2718 praedicaverit,
1029 2658 1143 2698 non
1167 2644 1357 2713 potest
1373 2641 1757 2698 sacramentis
1775 2643 2056 2700 interesse

404 2732 757 2791 ccelestibus.
775 2756 802 2783 «
823 2734 892 2788 Et
908 2737 1206 2804 coeperunt
1223 2728 1467 2803 epulari.
1488 2752 1514 2778 ››
1536 2734 1659 2785 Istae
1677 2730 1860 2802 epulae
1878 2737 2055 2804 atque

403 2824 748 2881 festivitates
781 2838 935 2879 nunc
964 2819 1331 2877 celebrantur
1368 2835 1471 2890 per
1515 2820 1714 2875 orbem
1763 2824 2053 2877 terrarum

405 2912 662 2970 Ecclesia
691 2912 934 2967 dilatata
964 2914 1141 2981 atque
1171 2907 1404 2963 diffusa.
1438 2906 1670 2963 Vitulus
1691 2909 1848 2964 enim
1872 2908 1968 2965 ille
1993 2909 2053 2965 in

406 3019 645 3075 corpore
675 3006 732 3056 et
762 2996 1048 3073 sanguine
1076 2996 1379 3054 Dominico
1409 3000 1467 3054 et
1513 2997 1753 3053 offertur
1787 2997 1962 3070 Patri,
1996 3003 2054 3054 et

405 3089 594 3165 pascit
625 3094 805 3147 totam
837 3088 1099 3145 domum.

2192 504 2305 560 mis
2336 505 2491 597 enim
2542 513 2704 564 terrae
2760 510 2871 566 fuit
2922 512 3095 569 frater
3124 518 3278 583 tuus,
3307 519 3398 574 sed
3439 520 3557 578 inde
3595 528 3743 597 major

2189 594 2518 665 exsultatio,
2543 598 2815 669 cantatio,
2841 600 3084 658 Domino
3108 605 3383 661 canticum
3415 626 3618 680 novum,
3635 594 3741 687 quia

2188 682 2319 775 laus
2365 686 2495 758 ejus
2545 688 2617 742 ab
2664 688 2937 745 extremis
2984 694 3163 747 terrai.
3196 693 3261 748 Et
3289 700 3502 767 propter
3528 682 3740 775 eum'qui

2188 772 2401 829 absens
2433 780 2579 841 erat,
2611 776 2840 833 occisus
2858 781 2950 834 est
2969 777 3064 833 ille
3084 781 3176 835 cui
3196 781 3407 838 dictum
3426 789 3504 840 est
3523 803 3534 840 :
3557 811 3580 835 «
3600 790 3656 843 Et
3671 772 3743 846 tio-

2187 858 2517 919 locaustum
2554 871 2721 920 tuum
2753 865 2969 939 pingue
3000 868 3100 922 fiat
3127 870 3293 937 (Psal.
3325 875 3450 940 xxx).
3482 896 3506 921 ››

2259 1018 2286 1044 ‹‹
2318 996 2663 1069 Indignatus
2694 1003 2782 1054 est
2812 1004 3028 1068 autem,
3048 1005 3104 1056 et
3134 1000 3744 1063 nolebatintroire.Patcr

2184 1108 2211 1133 ‹‹
2245 1101 2381 1157 ergo
2405 1086 2565 1141 illius
2586 1103 2857 1159 egressus
2880 1088 3052 1161 ccrpit
3072 1106 3269 1162 rogare
3291 1089 3465 1147 illum.
3486 1115 3510 1139 ι›
3534 1093 3745 1168 indigna-

2180 1175 2466 1229 turetiam
2492 1193 2666 1241 nunc,
2686 1180 2742 1231 et
2763 1176 2954 1233 adhuc
2976 1195 3089 1233 non
3105 1178 3485 1235 vultintroire.
3501 1181 3622 1235 Cum
3639 1200 3742 1255 ergo

2180 1261 2482 1333 plenitudo
2511 1265 2774 1337 gentium
2808 1266 3125 1332 intraverit,
3147 1267 3460 1340 egredietur
3480 1276 3744 1342 opportuno

2180 1354 2440 1426 tempore
2472 1358 2636 1425 pater
2665 1355 2814 1424 ejus,
2849 1359 2914 1409 ut
2943 1355 3121 1410 etiam
3171 1357 3356 1411 omnis
3405 1357 3558 1412 Israel
3595 1358 3745 1415 salvus

2179 1445 2297 1498 fiat.
2322 1443 2401 1498 Ex
2432 1444 2602 1514 cujus
2632 1448 2795 1515 parte
2823 1444 3051 1501 caecitas
3080 1446 3229 1500 facta
3249 1450 3353 1511 est,
3374 1445 3517 1501 velut
3538 1446 3746 1502 absentia

2177 1533 2233 1588 in
2266 1549 2427 1605 agro,
2462 1532 2645 1587 donec
2675 1531 2979 1604 plenitudo
3012 1533 3113 1588 filii
3148 1534 3406 1599 minoris,
3424 1533 3573 1607 longe
3592 1535 3636 1589 in
3658 1536 3747 1590 ldo-

2174 1621 2400 1678 lolatria
2429 1621 2689 1693 gentium
2722 1622 3047 1688 constituti,
3072 1627 3127 1679 et
3142 1624 3263 1695 jam
3295 1624 3365 1677 ad
3395 1628 3594 1695 patrem
3622 1624 3749 1679 redu-

2171 1710 2268 1778 cti,
2304 1711 2374 1765 ad
2407 1711 2883 1768 manducandum
2916 1710 3166 1766 vitulum
3212 1710 3464 1766 intraret.
3495 1711 3600 1765 Erit
3629 1711 3746 1766 enim

2094 1789 2138 1852 Β
2170 1800 2522 1872 quandoque
2573 1803 2776 1871 aperta
2823 1800 3047 1855 vocatio
3098 1800 3425 1855 Judzeorum
3469 1798 3522 1853 in
3550 1798 3746 1854 salutem

2170 1887 2484 1960 Evangelii,
2517 1904 2694 1959 quam
2740 1886 3111 1942 manifestam
3144 1887 3490 1943 vocationem
3523 1891 3746 1958 tanquam

2169 1993 2471 2049 egressum
2520 1975 2704 2049 patris
2750 1974 3027 2049 appellat,
3060 1977 3133 2031 ad
3179 1976 3491 2049 rogandum
3523 1975 3747 2047 majorem

2171 2066 2378 2121 tilium.

2241 2222 2267 2248 «
2303 2200 2374 2253 At
2399 2198 2497 2253 ille
2548 2197 2927 2270 respondens,
2960 2196 3111 2253 dixit
3156 2197 3307 2270 patri
3357 2215 3457 2253 suo
3489 2213 3501 2251 ε
3531 2197 3653 2252 Ecce
3690 2198 3751 2249 tot

2168 2310 2194 2336 (ι
2231 2286 2404 2343 annis
2434 2286 2620 2342 servio
2649 2286 2777 2353 tibi,
2808 2291 2866 2341 et
2910 2304 3217 2359 nunquam
3259 2286 3580 2343 mandatum
3622 2289 3750 2339 tuum

2168 2400 2195 2426 ‹‹
2231 2375 2537 2448 praeterivi.
2565 2398 2592 2425 ι»
2623 2375 2912 2440 Quaeritur
2940 2377 3238 2448 quomodo
3270 2375 3366 2431 ille
3398 2373 3625 2447 populus
3643 2388 3753 2427 nun-

2165 2481 2345 2538 quam
2378 2464 2724 2520 mandatum
2755 2464 2856 2520 Dei
2882 2464 3235 2537 praeteriisse
3258 2464 3497 2520 dicatur.
3511 2462 3610 2518 Sed
3631 2457 3756 2515 facile

2166 2554 2263 2610 ille
2293 2553 2564 2622 occurrit,
2600 2569 2788 2624 neque
2817 2553 2889 2608 de
2920 2553 3079 2609 omni
3115 2555 3389 2610 mandato
3415 2550 3613 2607 dictum
3638 2563 3754 2611 esse,

2165 2644 2265 2699 sed
2292 2645 2365 2700 de
2396 2660 2512 2698 uno
2540 2641 2791 2698 maxime
2823 2642 3176 2709 necessario,
3208 2643 3349 2715 quia
3376 2639 3585 2697 nullum
3613 2636 3755 2693 alium

2162 2733 2342 2788 Deum
2366 2731 2552 2788 colere
2568 2731 2777 2803 jussus
2801 2735 2909 2787 est.
2930 2732 3132 2804 Neque
3153 2731 3263 2788 iste
3284 2730 3437 2786 ﬁlius
3457 2728 3510 2783 in
3532 2724 3754 2783 omnibus

2161 2821 2519 2888 Israeliticis,
2538 2821 2638 2876 sed
2663 2821 2718 2875 in
2751 2819 2844 2875 his
2875 2819 3231 2893 intelligitur
3257 2819 3462 2876 habere
3477 2828 3755 2891 personam,

2161 2910 2263 2984 qui
2294 2927 2600 2983 nunquam
2631 2910 2705 2965 ab
2732 2926 2847 2966 uno
2901 2910 3016 2965 Deo
3059 2911 3136 2966 ad
3189 2908 3498 2966 simulacra
3540 2899 3755 2961 conversi

2162 3006 2319 3058 sunt.
2339 2998 2615 3064 Quamvis
2637 2998 2792 3054 enim
2819 3002 3100 3070 tanquam
3127 2999 3187 3054 in
3212 3015 3350 3072 agro
3374 2996 3586 3070 positus
3604 2993 3692 3048 iste
3711 2989 3759 3043 li-

2164 3090 2280 3146 lius
2303 3094 2535 3145 terrena
2555 3088 2929 3155 desideraret,
2943 3088 3016 3143 ab
3041 3105 3159 3144 uno
3181 3093 3379 3143 tamen
3401 3090 3509 3141 Deo
3528 3083 3627 3138 ista
3644 3077 3759 3135 desi-

476 3203 503 3230 ‹‹
539 3180 675 3236 Erat
697 3182 892 3235 autem
919 3176 1073 3232 filius
1094 3175 1288 3232 senior
1308 3174 1364 3229 in
1393 3192 1553 3247 agro.
1578 3199 1604 3224 ››
1633 3175 1814 3232 Filius
1834 3176 2049 3245 senior,
2082 3154 2125 3220 Π
2163 3180 2405 3236 derabat
2436 3179 2609 3234 bona.
2642 3177 2804 3243 Quod
2835 3154 3011 3233 etiam
3044 3176 3232 3249 patris
3260 3175 3445 3250 ipsius
3480 3165 3760 3229 testimonio

404 3268 657 3342 populus
690 3265 865 3324 Israel
895 3270 1002 3333 est,
1032 3264 1131 3336 qui
1165 3263 1433 3335 quamvis
1464 3263 1520 3319 in
1556 3263 1937 3336 longinquam
1970 3283 2053 3320 re-

402 3357 632 3431 gionem
668 3372 780 3411 non
812 3353 1039 3419 abierit,
1076 3369 1191 3407 non
1224 3355 1418 3406 tamen
1451 3350 1631 3416 domi,
1665 3353 1767 3407 sed
1816 3351 1873 3406 in
1912 3369 2051 3425 agro

405 3445 621 3500 dicitur
651 3460 778 3499 esse
809 3442 1174 3496 immoratus.
1208 3437 1351 3502 Quia
1393 3437 1647 3511 populus
1678 3438 1830 3495 idem
1865 3457 2053 3513 neque

406 3549 592 3603 usque
621 3531 693 3586 ad
723 3528 964 3586 colenda
1010 3527 1165 3583 idola
1192 3527 1518 3583 Creatorem
1551 3528 1829 3594 deseruit,
1862 3546 2052 3601 neque

404 3621 551 3695 legis
582 3636 759 3692 quam
790 3621 1091 3689 acceperat
1120 3615 1395 3672 interiora
1425 3617 1745 3689 penetravit
1776 3634 1789 3673 :
1826 3619 1927 3674 sed
1962 3617 2050 3674 lit-

404 3713 537 3767 tera:
567 3708 759 3765 solum
791 3706 1057 3763 custodia
1098 3710 1426 3774 contentus,
1459 3706 1743 3763 exteriora
1776 3708 1962 3781 magis
1992 3714 2051 3765 et

403 3803 635 3857 terrena
664 3794 892 3870 operari
923 3793 1101 3851 simul
1135 3797 1191 3849 et
1237 3810 1470 3865 sperare
1517 3795 1757 3862 solebat,
1802 3797 2048 3854 audiens

403 3906 507 3962 per
533 3887 877 3960 Prophetam
903 3901 916 3939 :
943 3908 969 3934 ‹‹
997 3884 1054 3940 Si
1071 3881 1367 3939 volueritis
1384 3887 1441 3938 et
1457 3883 1760 3939 audieritis
1777 3886 2051 3953 me,bona

403 3983 569 4034 terra:
618 3973 935 4032 comedetis
977 3974 1107 4044 (Isa.
1141 3977 1201 4040 ι).
1241 3995 1267 4019 υ
1301 4003 1368 4011 -
1398 3996 1424 4021 ‹‹
1459 3973 1527 4027 Et
1556 3990 1689 4029 cum
1724 3974 1961 4042 veniret,
1993 3980 2050 4033 et

404 4090 431 4117 «
466 4065 964 4139 appropinquaret
1013 4061 1235 4127 domui,
1270 4060 1492 4116 audivit
1534 4063 1942 4134 symphoniam
1992 4070 2050 4122 et

402 4181 430 4207 ‹‹
450 4155 714 4213 chorum.
739 4177 768 4212 ν
784 4150 1228 4225 Appropinquat
1243 4149 1400 4205 filius
1417 4150 1779 4218 domui,cum
1798 4153 2048 4224 populus

401 4246 523 4315 ille,
549 4245 608 4301 in
640 4243 1088 4316 quibuscunque
1119 4238 1450 4296 Israeliticis
1483 4240 2048 4300 considerationibus

400 4337 558 4409 (nam
581 4333 751 4391 multi
771 4332 919 4389 tales
938 4329 1155 4387 inventi
1168 4333 1307 4385 sunt
1327 4328 1384 4383 in
1405 4329 1573 4396 eis,et
1586 4347 1735 4402 saepe
1752 4330 2051 4388 inveniun-

398 4429 515 4493 tur)
532 4424 728 4481 labore
747 4420 939 4478 servili
958 4418 1150 4492 operis
1168 4418 1518 4490 improbato,
1533 4434 1600 4473 ex
1615 4418 1835 4474 eisdem
1860 4420 2047 4494 Scrip-

2161 3268 2595 3341 comprobatur,
2620 3283 2756 3322 cum
2783 3265 2957 3321 dicit:
2983 3290 3009 3315 ‹‹
3036 3267 3125 3322 Tu
3152 3282 3382 3323 mecum
3415 3281 3475 3320 es
3497 3275 3711 3332 semper.
3739 3278 3760 3303 »

2164 3359 2286 3415 Non
2310 3357 2467 3413 enim
2492 3355 2659 3427 quasi
2683 3354 3063 3410 mentientem
3090 3355 3416 3428 redarguit,
3434 3352 3529 3409 sed
3550 3359 3763 3423 perseve-

2161 3445 2410 3503 rantiam
2441 3445 2569 3515 ejus
2601 3443 2955 3516 approbans,
2990 3444 3062 3499 ad
3112 3443 3523 3516 perfectionem
3567 3431 3764 3511 potioris

2159 3531 3371 3607 atquejucundiorisexsultationisinvitat.
3390 3554 3415 3579 α
3431 3531 3762 3597 Etnunquam

2157 3623 2368 3681 dedisti
2394 3621 2540 3678 mihi
2558 3621 2813 3685 haedum,
2832 3626 2897 3677 ut
2917 3637 3052 3677 eum
3071 3621 3282 3679 amicis
3309 3620 3455 3703 meis
3475 3615 3725 3691 epularer.
3743 3633 3763 3703 if

2159 3715 2430 3771 Peccator
2458 3710 2717 3783 profecto
2747 3710 2897 3766 haedi
2922 3711 3158 3768 nomine
3178 3698 3501 3784 significari
3522 3698 3763 3771 solet,sed

2158 3802 2311 3859 absit
2340 3805 2404 3857 ut
2430 3798 2861 3855 Antichristum
2894 3798 3245 3873 intelligam.
3279 3798 3603 3857 Absurdum
3641 3790 3767 3849 enim

2157 3896 2263 3955 est,
2291 3907 2425 3947 eum
2458 3888 2552 3945 cui
2581 3888 2795 3944 dicitur
2820 3905 2832 3944 :
2858 3912 2884 3939 ‹‹
2919 3888 3003 3944 'l‘u
3038 3906 3274 3945 mecum
3304 3906 3369 3945 es
3399 3900 3632 3957 semper,
3646 3902 3669 3931 »ι
3683 3878 3767 3934 hoc

2158 3998 2193 4036 a
2221 3986 2383 4053 patre
2432 3982 2686 4051 optasse,
2720 3981 2785 4032 ut
2832 3976 3263 4033 Antichristum
3308 3976 3580 4038 crederet,
3620 3981 3771 4053 neque

2157 4052 2396 4126 omnino
2427 4067 2487 4122 in
2520 4065 2603 4121 eis
2633 4065 2996 4132 Judieorum,
3015 4065 3115 4137 qui
3144 4064 3507 4121 Antichristo
3537 4052 3770 4116 credituri

2158 4162 2316 4226 sunt,
2342 4157 2523 4212 istum
2548 4153 2758 4210 Filium
2784 4154 2871 4209 fas
2891 4158 2981 4211 est
3001 4153 3270 4228 intelligi.
3296 4151 3591 4223 Quomodo
3611 4149 3770 4203 autem

2157 4246 2493 4318 epularetur
2520 4259 2588 4299 ex
2618 4240 2718 4297 illo
2753 4241 2939 4309 haedo,
2990 4241 3039 4298 si
3089 4242 3216 4314 ipse
3271 4246 3364 4299 est
3400 4235 3770 4318 Antichristus,

2156 4317 2255 4406 qui
2286 4351 2401 4388 non
2431 4332 2482 4388 ei
2514 4331 2773 4388 crederet
2799 4331 2954 4386 ?Aut
2983 4330 3030 4386 si
3070 4331 3173 4391 hoc
3204 4336 3297 4388 est
3327 4327 3549 4403 epulari
3572 4341 3637 4381 ex
3653 4317 3775 4378 hadi
3824 4328 3827 4331 '

2157 4422 2466 4488 occisione,
2491 4421 2645 4493 quod
2678 4424 2768 4476 est
2792 4421 2863 4475 de
2892 4419 3235 4476 Antichristi
3262 4419 3583 4493 perditione
3603 4408 3773 4469 talari.

402 4514 552 4569 turis
573 4511 839 4569 Ecclesia":
860 4510 1190 4566 libertatem
1212 4507 1562 4562 considerat.
1580 4507 1758 4563 Audit
1778 4508 2048 4582 sympho-
2079 4520 2123 4585 ι)
2154 4510 2446 4585 quomodo
2475 4508 2621 4564 dicit
2651 4507 2859 4579 Filius,
2891 4526 3068 4581 quem
3098 4509 3309 4582 recipit
3341 4514 3527 4582 pater,
3561 4504 3659 4560 hoc
3686 4495 3775 4555 sibi

402 4601 557 4657 niam
580 4604 637 4656 et
660 4600 926 4666 chorum,
947 4598 1168 4656 scilicet
1187 4595 1399 4669 spiritu
1420 4594 1625 4666 plenos
1655 4597 1893 4653 vocibus
1916 4614 2046 4654 con-

401 4689 563 4748 sonis
610 4688 987 4762 Evangelium
1035 4686 1368 4758 praedicare.
1404 4683 1626 4750 Quibus
1683 4685 1907 4743 dictum
1962 4693 2052 4743 est

403 4783 452 4850 (Ι
480 4782 609 4849 Cor.
639 4782 710 4847 1):
736 4778 1039 4834 «Obsecro
1070 4791 1193 4839 vos,
1217 4774 1445 4839 fratres,
1464 4776 1529 4828 ut
1556 4771 1813 4846 idipsum
1842 4774 2050 4832 dicatis

403 4887 627 4938 omnes,
660 4872 717 4925 et
747 4865 1109 4924 concorditer
1140 4859 1610 4919 conversantium
1655 4862 1730 4917 sit
1768 4863 1965 4919 anima
1995 4870 2053 4922 et

405 4974 503 5012 cor
530 4973 715 5012 unum
748 4958 805 5011 in
835 4955 1039 5012 laudes
1067 4952 1189 5008 Dei.
1227 4974 1255 5001 »

391 5063 401 5068 ·
477 5067 503 5093 ‹‹
539 5044 608 5099 Et
636 5042 855 5099 vocavit
885 5059 1067 5098 unum
1101 5042 1172 5098 de
1201 5040 1402 5109 servis,
1427 5044 1487 5095 et
1515 5038 1892 5114 interrogavit
1922 5060 2050 5115 quae

406 5132 526 5189 haec
551 5135 767 5187 essent.
794 5152 821 5180 ››
856 5131 1026 5187 Vocat
1055 5148 1239 5187 unum
1274 5130 1345 5185 de
1374 5128 1578 5196 servis,
1599 5146 1731 5185 cum
1766 5131 1948 5187 sumit
1977 5134 2050 5188 ad

405 5220 715 5293 legendum
746 5216 996 5290 aliquem
1029 5220 1467 5291 prophetarum,
1488 5222 1558 5273 -et
1587 5218 1645 5272 in
1676 5235 1743 5274 eo
1783 5236 2052 5292 quaerens

405 5307 839 5381 quodammodo
864 5306 1369 5379 interrogat,unde
1398 5308 1508 5363 ista
1540 5308 1685 5364 festa
1715 5308 1772 5363 in
1797 5309 2051 5367 Ecclesia

402 5396 791 5463 celebrantur,
812 5396 872 5450 in
903 5394 1119 5467 quibus
1149 5412 1211 5451 se
1237 5412 1365 5451 esse
1388 5413 1503 5452 non
1525 5396 1699 5453 videt.
1718 5397 2048 5471 Respondet

401 5487 454 5543 ei
485 5502 685 5543 servus
716 5485 897 5557 patris
930 5483 1212 5557 propheta
1239 5501 1251 5540 :

474 5599 502 5627 «
538 5574 735 5633 Frater
764 5578 902 5631 tuus
926 5572 1101 5639 venit,
1120 5577 1178 5629 et
1203 5573 1412 5630 occidit
1443 5578 1607 5646 pater
1635 5578 1775 5632 tuus
1797 5577 2046 5634 vitulum

2155 4617 2269 4656 non
2301 4598 2483 4654 fuisse
2513 4612 2884 4665 concessum,
2909 4614 3044 4653 cum
3077 4613 3285 4654 omnes
3318 4596 3427 4653 filii
3447 4595 3545 4652 Dei
3564 4594 3630 4648 de
3649 4587 3776 4644 illius

2159 4686 2474 4744 adversarii
2496 4686 2871 4742 damnatione
2891 4687 3082 4742 laetatu
3093 4685 3139 4742 ri
3162 4687 3348 4742 sunt?
3367 4684 3648 4742 Nimirum
3665 4690 3777 4748 ergo

2158 4778 2352 4850 ipsum
2385 4774 2699 4833 Dominum
2731 4775 2844 4831 sibi
2878 4780 3151 4848 negatum
3187 4776 3260 4832 ad
3295 4774 3648 4849 epulandum
3671 4781 3781 4822 cou-

2159 4866 2443 4939 queritur,
2474 4866 2616 4921 dum
2647 4881 2782 4921 eum
2824 4869 3187 4937 peccatorem
3236 4868 3430 4937 putat.
3463 4863 3603 4919 Cum
3648 4855 3779 4914 enim

2159 4954 2360 5011 haedus
2386 4953 2467 5009 illi
2489 4953 2647 5027 genti
2671 4953 2955 5010 Dominus
2974 4953 3306 5026 videbatur,
3327 4954 3387 5010 id
3411 4959 3502 5010 est
3523 4966 3651 5007 cum
3670 4959 3780 5002 eum

2159 5043 2395 5101 Sabbati
2428 5041 2765 5099 violatorem
2791 5048 2848 5099 et
2868 5043 3299 5116 profanatorem
3329 5041 3478 5115 legis
3497 5033 3778 5096 existimat.

2151 5131 2469 5204 jucundari
2517 5130 2705 5203 epulis
2748 5132 2876 5203 ejus
2924 5149 3039 5189 non
3091 5132 3324 5189 meruit.
3359 5131 3436 5187 Ut
3482 5128 3632 5201 quod
3675 5122 3780 5178 ait:

2164 5221 2531 5292 «Nunquam
2563 5220 2777 5276 dedisti
2822 5220 2967 5276 mihi
3018 5221 3271 5289 haedum,
3310 5224 3375 5274 ut
3426 5234 3562 5273 cum
3608 5205 3782 5269 amicis

2161 5310 2307 5366 meis
2337 5308 2622 5383 epularer,
2648 5332 2674 5360 ››
2710 5309 2824 5366 tale
2856 5310 2934 5366 sit
2963 5327 3029 5365 ac
3052 5310 3101 5365 si
3124 5309 3518 5375 diceret,eum
3543 5301 3638 5377 qui
3662 5294 3785 5355 mihi

2158 5400 2361 5455 haedus
2390 5399 3034 5472 videbatur,nunquam
3061 5397 3204 5453 mihi
3235 5397 3308 5452 ad
3337 5394 3691 5470 epulandum
3711 5385 3786 5439 de~

2157 5488 2297 5544 disti
2332 5504 2343 5517 ·
2378 5504 2445 5543 eo
2486 5486 2614 5559 ipso
2661 5487 2807 5543 mihi
2856 5486 3021 5543 illum
3074 5487 3270 5559 ipsum
3316 5502 3439 5541 non
3490 5478 3787 5541 concedens

2158 5578 2311 5651 quod
2339 5575 2481 5632 mihi
2505 5575 2708 5633 haedus
2723 5576 3045 5633 videbatur.
3060 5575 3220 5641 Quod
3243 5573 3406 5631 enim
3426 5572 3598 5630 dicit:
3617 5594 3641 5619 «
3662 5567 3786 5623 Cum
