4028 6176
350 310 467 378 255

911 317 1318 382 llAYMONIS
1363 310 1898 382 HALDERSTAT.
1947 316 2193 380 EPISC.
2220 319 2415 381 .OPP.
2464 320 2658 382 PARS
2703 320 2779 383 II.
2809 355 2886 366 -—
2915 317 3185 383 HOMIL.

3633 318 3753 381 256

347 452 538 522 nobis,
575 451 681 509 Fili
711 452 853 511 Dei?
880 452 1088 510 venisti
1120 458 1255 512 ante
1298 457 1532 527 tempus
1578 457 1849 525 torquere
1881 468 1986 508 nos
2016 447 2077 522 Α,
2104 456 2200 509 tur
2253 453 2508 527 amplius
2565 453 2852 529 Topheth,
2887 471 2992 512 nec
3036 453 3205 511 vallis
3244 453 3351 510 ﬁlii
3380 454 3608 524 Ennon,
3644 456 3747 513 sed

349 543 564 616 (Matth.
594 548 740 614 vui).
778 567 805 594 ››
836 545 948 601 Sed
980 545 1121 616 quia
1151 544 1304 600 unde
1358 543 1547 600 bonus
1579 543 1826 616 proﬁcit,
1859 543 1995 599 inde

349 632 541 690 malus
571 633 824 690 deterior
852 635 935 703 ﬁt,
969 638 1123 689 recte
1155 634 1535 707 subjungitur
1568 650 1581 689 :

418 722 711 788 «Quidam
744 727 941 779 autem
972 740 1042 779 ex
1070 724 1154 779 eis
1188 724 1525 779 dixerunt.»
1549 723 1674 778 Non
1690 721 1993 795 hocaliqui

348 811 421 868 de
450 812 626 867 turba
653 811 871 869 dixisse
903 813 1145 884 putandi
1178 816 1337 881 sunt,
1354 814 1454 869 sed
1488 812 1692 868 scribae
1712 818 1769 867 et
1799 812 1996 868 Phari-

346 900 581 973 ξεί,ᾳυί
598 900 725 957 ideo
741 905 917 956 Deum
944 902 1360 973 sequebantur,
1378 905 1441 956 ut
1462 900 1657 973 ipsum
1682 901 1990 973 reprehen-

345 990 568 1055 derent,
599 995 657 1045 et
684 989 805 1045 haec
836 988 1368 1057 calumniabantur,
1400 995 1467 1045 ut
1496 988 1593 1044 alii
1625 989 1989 1063 evangelista

342 1080 883 1143 testantur.Turbis
908 1079 1064 1135 enim
1096 1078 1327 1134 Domini
1350 1079 1517 1151 signa
1540 1078 1754 1151 ubique
1778 1079 1991 1135 miran-

342 1168 615 1238 tibus,illi
630 1168 954 1225 econtrario
980 1167 1196 1223 invidia
1213 1167 1521 1240 pleni,qu
1536 1184 1746 1240 negare
1762 1186 1873 1224 non
1896 1186 1993 1240 po-

340 1257 802 1326 terant,sinistra
827 1257 1302 1329 interpretatione
1323 1263 1647 1328 pervertere
1675 1256 1991 1313 molieban-

339 1353 456 1414 tur,
483 1355 547 1403 ut
577 1347 964 1418 simpliciores
996 1346 1198 1401 turbas
1228 1346 1300 1400 ab
1332 1346 1459 1416 ejus
1489 1344 1831 1401 credulitate
1851 1346 1987 1402 su!)-

338 1438 655 1494 traberent.
692 1438 757 1491 Et
792 1437 914 1491 ideo
947 1435 1371 1490 titBlllOlliacum
1404 1439 1631 1490 mutum
1674 1438 1731 1490 et
1769 1450 1984 1490 circum

338 1529 602 1586 videntes
631 1530 924 1592 curatum,
960 1523 1312 1579 mirantibus
1345 1524 1532 1579 turbis
1563 1524 1852 1579 dixerunt.
1873 1548 1899 1573 (ι
1922 1525 1984 1578 ln

339 1617 660 1674 Beelsebub
688 1614 950 1689 principe
981 1612 1400 1669 daemoniorum
1426 1613 1577 1685 ejicil
1611 1614 1917 1670 daemonia.
1956 1636 1982 1661 ››

338 1707 414 1764 Ut
442 1706 683 1779 quidam
713 1705 936 1773 dicunt,
968 1707 1025 1758 et
1056 1703 1291 1758 nomine
1324 1704 1443 1758 Beel
1465 1703 1619 1758 factu
1641 1719 1682 1757 n
1714 1707 1801 1759 est
1825 1704 1983 1768 Baal,

2102 543 2272 603 vallis
2307 543 2746 614 interfectionis,
2761 550 2819 602 et
2839 543 3194 618 sepelientin
3211 543 3497 616 Topheth,
3511 561 3579 600 eo
3592 546 3748 618 quod

2103 650 2219 690 non
2251 634 2327 691 sit
2356 633 2519 691 locus
2540 635 2613 691 ad
2634 630 3031 707 sepeliendum
3053 650 3171 706 prie
3184 632 3559 690 multitudine
3574 635 3749 693 cada-

2100 740 2323 780 verum.
2358 725 2425 780 Et
2453 724 2562 780 erit
2591 723 2989 783 morticinium
3021 723 3221 796 populi
3250 723 3432 795 hujus
3460 722 3518 780 in
3551 741 3747 782 escam

2100 811 2437 869 volucribus
2486 812 2634 878 coeli,
2669 817 2727 869 et
2776 811 2979 869 bestiis
3026 817 3211 879 terra),
3245 818 3302 867 et
3332 829 3448 868 non
3488 813 3598 869 erit
3645 815 3747 888 qui

2101 901 2298 974 abigat
2328 902 2465 974 (λεν.
2488 905 2613 971 vn),
2650 925 2677 951 »
2706 901 2761 956 id
2794 907 2884 957 est
2904 902 3182 958 defendat
3236 906 3480 974 Propter
3505 903 3751 959 effusio-

2099 1006 2233 1045 nem
2265 995 2461 1046 autem
2485 991 2811 1064 sanguinis,
2827 991 2929 1063 qui
2953 990 3030 1046 ibi
3055 990 3387 1062 frequenter
3405 992 3747 1049 effundeba-

2097 1082 2212 1146 tur,
2247 1079 2443 1136 multa
2476 1097 2690 1136 muscae
2722 1079 2779 1135 in
2810 1081 3014 1136 eodem
3045 1079 3171 1135 loco
3212 1081 3745 1153 congregabantur.

2097 1167 2259 1223 Unde
2280 1185 2605 1241 congruum
2620 1186 2829 1225 nomen
2857 1168 2909 1225 ei
2929 1168 3276 1240 impositum
3294 1174 3383 1225 est
3400 1169 3742 1239 Beelsebub,

2096 1255 2154 1311 id
2186 1261 2275 1312 est
2299 1258 2552 1329 princeps
2580 1274 2924 1324 muscarum,
2958 1257 3077 1313 sive
3128 1260 3217 1312 vir
3257 1258 3461 1314 habens
3507 1276 3744 1316 muscas.

2093 1344 2271 1402 Zebub
2301 1346 2455 1401 enim
2490 1363 2694 1402 musca
2720 1345 2952 1402 dicitur.
2968 1345 3241 1401 Nonnulli
3265 1346 3419 1402 enim
3441 1349 3618 1404 ﬁ'acm
3633 1349 3749 1405 hu-

2086 1434 2190 1505 jus
2222 1434 2479 1490 nominis
2510 1436 2665 1507 perd
2687 1434 3196 1491 vellscribendum
3230 1452 3359 1493 esse
3391 1442 3749 1511 putaverunt

2094 1521 2353 1595 legentes
2381 1523 2724 1589 Beelzebud,
2759 1528 2816 1579 et
2854 1528 3181 1580 asserentes
3227 1530 3520 1582 auctorem
3561 1526 3747 1600 hujus

2093 1610 2233 1667 idoli
2265 1611 2519 1684 primum
2555 1612 2614 1667 in
2649 1613 2823 1668 Israel
2863 1612 3037 1669 Zebul
3088 1631 3322 1671 servum
3368 1614 3743 1673 Achimelech

2094 1701 2296 1767 fuisse,
2329 1701 2430 1773 qui
2472 1702 2682 1758 occidit
2730 1701 3100 1774 septuaginta
3131 1703 3339 1759 fratres
3384 1720 3524 1760 suos
3555 1723 3745 1778 super

336 1802 395 1853 et
421 1797 558 1852 inde
587 1795 977 1867 compositum
1012 1792 1487 1848 Beelzebub.Nam
1520 1791 1972 1847 Bcelzchubido'
2017 1827 2066 1892 Β
2097 1789 3254 1892 unumlapidem.Sed‘ipsainterpretatio
3270 1792 3744 1851 nominisosten-

336 1885 462 1943 lum
493 1888 618 1943 erat
644 1883 915 1955 Baal,qui
942 1883 1133 1938 dictus
1166 1885 1255 1939 est
1273 1882 1417 1937 deus
1438 1883 1716 1952 Aecaron,
1733 1882 1804 1936 ad
1830 1883 1983 1953 quod
2017 1878 2065 1892 ”
2096 1879 2200 1946 dit,
2218 1896 2333 1935 non
2358 1897 2460 1952 per
2488 1879 2664 1936 aliam
2694 1878 2949 1936 litteram
2968 1897 3147 1951 quam
3173 1898 3275 1953 per
3293 1882 3323 1937 b
3341 1882 3743 1952 scribendum,

337 1976 504 2037 Ozias
516 1992 615 2030 rex
638 1973 878 2030 nuntios
895 1988 1034 2027 suos
1058 1970 1237 2038 misit,
1253 1972 1325 2027 ad
1349 1971 1772 2027 consulendum
1786 1976 1985 2026 utrum

336 2065 409 2121 de
437 2064 778 2120 inﬁrmitate
807 2078 915 2118 sua
962 2061 1232 2116 evaderet
1278 2077 1351 2115 an
1402 2077 1538 2125 non,
1565 2060 1780 2132 quibus
1830 2059 1986 2116 Elias

336 2153 622 2227 propheta
650 2167 981 2217 occurrens,
1014 2151 1097 2205 ait
1128 2150 1217 2221 (ιν
1245 2150 1425 2221 Reg.1)
1459 2167 1472 2205 :
1510 2150 1835 2222 «Nunquid
1870 2165 1982 2206 non

333 2248 425 2300 est
453 2243 606 2299 Deus
633 2241 694 2296 in
728 2239 923 2308 lsrael,
958 2239 1098 2312 quia
1124 2238 1367 2312 pergitis
1426 2239 1498 2294 ad
1556 2238 1984 2295 consulendum

335 2332 651 2389 Beelzebub
682 2330 857 2386 deum
884 2329 1186 2385 Acearon?
1216 2328 1435 2385 Idcirco
1486 2328 1661 2384 dicite
1706 2329 1848 2397 viro,
1882 2327 1983 2400 qui

336 2420 497 2478 misit
526 2420 736 2477 voszln
764 2418 975 2475 lectulo
996 2417 1056 2472 in
1089 2435 1262 2490 quem
1296 2417 1616 2483 descendit,
1636 2435 1749 2473 non
1781 2434 1983 2474 ascen-

334 2511 450 2577 det,
466 2510 568 2567 sed
586 2512 772 2565 morte
793 2507 1095 2564 morietur.
1120 2530 1147 2555 »
1165 2507 1250 2562 Ab
1263 2507 1525 2579 antiquis
1538 2506 1695 2562 enim
1711 2511 1827 2563 tem
1835 2508 1982 2579 pori~

333 2600 447 2657 bus
472 2599 649 2670 hujus
684 2596 821 2654 idoli
853 2595 1248 2669 praevaricatio
1280 2596 1515 2651 inventa
1534 2600 1642 2651 est.
1662 2595 1981 2661 Fuitenim,

333 2694 399 2747 ut
427 2689 670 2763 quidam
702 2686 981 2755 referunt,
1012 2684 1187 2741 homo
1218 2684 1455 2740 nomine
1484 2684 1636 2752 Beel,
1671 2689 1836 2758 pater
1850 2685 1983 2741 Nini

333 2777 506 2852 regis,
539 2776 640 2850 qui
683 2774 976 2833 civitatem
1024 2773 1289 2832 Ninivem
1339 2774 1662 2830 aediﬁcavit.
1713 2777 1834 2840 Quo
1883 2774 1981 2831 Bel

332 2872 585 2933 mortuo,
602 2865 759 2921 ﬁlius
772 2865 900 2936 ejus
925 2868 1181 2920 statuam
1214 2862 1401 2935 ipsius
1420 2862 1618 2930 erexit,
1637 2869 1695 2921 et
1715 2863 1828 2920 sibi
1848 2865 1983 2920 sub-

322 2955 514 3027 jectos
535 2955 776 3011 adorare
802 2950 1094 3025 praecepit,
1111 2968 1379 3007 asserens
1393 2956 1618 3024 patrem
1641 2971 1817 3010 suum
1833 2954 1983 3011 inter

329 3044 469 3099 deos
497 3059 628 3099 esse
656 3040 1035 3099 translatum.
1055 3040 1132 3096 Ex
1153 3057 1270 3112 quo
1297 3045 1556 3114 tempore
1578 3044 1836 3115 pessima
1847 3061 1982 3099 con-

329 3132 579 3189 suetudo
608 3130 878 3198 excrevit,
912 3135 978 3186 ut
1006 3131 1285 3188 honorem
1338 3131 1454 3187 Deo
1502 3132 1764 3188 debitum
1813 3133 1975 3189 stulti

2094 1969 2253 2040 quia,
2287 1974 2351 2024 ut
2374 1986 2555 2041 supra
2574 1969 2850 2037 diximus,
2866 1968 3183 2025 Beelzebub
3204 1970 3476 2043 princeps
3505 1988 3743 2028 musca-

2093 2076 2226 2114 rum
2239 2058 2456 2114 dicitur
2470 2076 2483 2113 :
2506 2059 2652 2131 Ergo
2665 2057 2803 2131 quia
2813 2058 3017 2114 scribae
3031 2061 3086 2115 et
3100 2050 3744 2117 Pharisaai‘miraculum

2093 2165 2127 2204 a
2156 2148 2405 2204 Domino
2439 2148 2652 2203 factum
2678 2164 2889 2221 negare
2913 2164 3026 2203 non
3044 2146 3408 2214 valebant,in
3431 2148 3608 2220 hujus
3621 2154 3744 2206 die.-

2094 2237 2286 2293 monis
2312 2241 2598 2310 potestate
2628 2236 2845 2293 factum
2874 2235 3456 2305 dicentes,oll'uscare
3483 2237 3745 2296 illuch-

2093 2326 2408 2393 nabantur,
2423 2326 2620 2382 etideo
2643 2325 3121 2398 blasphemantes
3140 2326 3446 2383 dixerunt:
3465 2351 3491 2379 ‹‹
3509 2330 3573 2385 In
3590 2328 3743 2385 [εει.

2090 2417 2276 2472 zebud
2311 2414 2571 2488 principe
2602 2415 3024 2471 daemoniorum
3048 2414 3209 2487 ejioit
3229 2415 3536 2473 daemonia.
3575 2439 3596 2466 ι

2163 2530 2191 2556 ‹‹
2228 2506 2293 2561 Et
2340 2504 2437 2561 alii
2488 2508 2803 2575 tentantes,
2836 2505 3074 2577 signum
3118 2505 3190 2561 de
3214 2504 3357 2561 coelo
3389 2508 3735 2578 quaerebant

2095 2619 2122 2648 α
2153 2597 2224 2652 ab
2255 2613 2387 2651 eo.»
2421 2594 2867 2668 Superﬁue,qui
2899 2611 2966 2650 ea
2996 2611 3126 2667 quae
3159 2595 3345 2653 oculis
3375 2595 3743 2659 vident,cre-

2091 2688 2225 2743 dere
2276 2684 2505 2755 nolunt,
2534 2685 2605 2740 de
2652 2682 3049 2739 invisibilibus
3096 2683 3267 2758 signa
3308 2689 3599 2756 quarunt.
3630 2685 3746 2749 Qui

2091 2776 2246 2833 enim
2297 2790 2513 2831 caecum
2561 2773 2876 2839 videntem,
2910 2777 3141 2829 mutum
3189 2772 3526 2846 loquentem
3552 2791 3588 2830 a
3620 2775 3744 2831 Deo

2090 2868 2361 2921 curatum
2391 2864 2623 2919 credere
2653 2862 2946 2931 nolebant,
2969 2861 3038 2918 ad
3070 2861 3285 2918 callida
3310 2866 3657 2936 argumenta
3671 2880 3741 2920 se

2088 2956 2518 3019 converterunt,
2552 2956 2878 3024 quaerentes
2925 2951 3162 3024 signum
3207 2952 3278 3008 de
3325 2951 3490 3020 coelo,
3519 2951 3742 3009 scilicet

2088 3049 2153 3100 ut
2172 3044 2231 3099 iu
2256 3059 2477 3099 morem
2499 3039 2790 3098 Samuelis
2805 3040 3064 3096 tonitrua
3084 3040 3155 3097 de
3169 3039 3311 3097 caelo
3330 3057 3635 3097 coruscare
3648 3041 3737 3097 fa-

2089 3138 2263 3197 ceret,
2295 3131 2383 3187 vel
2435 3132 2510 3187 ad
2561 3128 3014 3186 similitudinem
3067 3128 3203 3185 Eliaa
3234 3128 3429 3203 ignem
3475 3130 3550 3186 de
3593 3129 3741 3187 caalo

327 3220 598 3278 homines
626 3219 799 3277 idolis
828 3196 1167 3276 tribuerent.
1205 3223 1413 3275 Postea
1442 3218 1663 3275 dictum
1695 3226 1783 3277 est
1820 3223 1975 3278 Beel-
2006 3196 2050 3262 (ἶ
2089 3223 2421 3292 deponeret.
2473 3220 2635 3285 Quod
2695 3218 2746 3274 si
2798 3218 2909 3274 hoc
2940 3218 3191 3286 fecisset,
3240 3196 3298 3274 et
3347 3219 3470 3277 haec
3527 3218 3737 3292 utique

323 3312 631 3382 phegor,eo
661 3310 819 3382 quod
851 3308 910 3364 in
931 3314 1127 3365 monte
1150 3309 1398 3382 Phegor,
1413 3308 1509 3379 qui
1534 3308 1595 3364 in
1618 3310 1836 3365 ﬁnibus
1853 3315 1977 3365 erat

326 3398 582 3462 Madian.
610 3397 998 3453 constitutum
1030 3414 1065 3451 a
1112 3396 1315 3453 multis
1362 3396 1704 3451 adoreretur
1753 3397 1812 3451 in
1858 3416 1974 3471 quo

324 3485 685 3558 praavaricati
715 3490 857 3541 sunt
888 3483 993 3538 ﬁlii
1030 3484 1203 3538 Israel
1261 3484 1479 3557 egressi
1513 3502 1581 3540 ex
1610 3485 1872 3558 zEgypto,
1901 3487 1973 3542 ad

326 3572 765 3646 suggestionem
799 3570 1499 3643 Balaam,quando,sicut
1527 3573 1609 3628 ait
1641 3572 1969 3631 Psalmista:

325 3686 353 3713 α
389 3660 606 3722 lnitiati
638 3664 778 3716 sunt
805 3659 1179 3733 Beelphegor,
1195 3663 1252 3714 et
1281 3660 1658 3717 comederunt
1686 3664 1976 3720 sacriﬁcia

324 3754 690 3807 mortuorum
706 3750 879 3818 (Paul.
895 3753 1007 3818 ον).
1024 3770 1052 3800 ››
1067 3748 1455 3820 Temporibus
1466 3755 1658 3806 autem
1672 3752 1946 3809 Judicum
1958 3796 1970 3819 ,

322 3840 519 3897 dictus
543 3843 632 3895 est
659 3837 1069 3906 Baalberith,id
1100 3842 1191 3893 est
1219 3838 1366 3893 deus
1396 3838 1648 3910 pacti,co
1680 3843 1835 3913 quod
1871 3843 1973 3898 ﬁlii

324 3927 502 3985 Israel
530 3944 665 3984 eum
696 3944 765 3984 eo
796 3931 1035 4001 pactum
1066 3925 1325 3994 inierint,
1360 3927 1557 3983 relicto
1592 3933 1704 3985 Deo
1736 3935 1972 4001 patrum

324 4034 585 4074 suorum.
621 4016 995 4077 Consuetudo
1041 4015 1199 4071 enim
1248 4020 1373 4071 erat
1416 4016 1594 4086 illius,
1629 4020 1881 4076 maxime
1912 4022 1971 4077 in

322 4106 504 4163 menti
512 4107 625 4163 bus
637 4122 816 4179 quam
830 4106 889 4161 in
904 4104 1269 4161 convallibus
1280 4121 1628 4177 responsum
1645 4108 1972 4166 dare.Unde

319 4200 377 4253 et
406 4198 545 4260 Deus
578 4195 866 4252 montium
889 4194 1082 4251 dictus
1113 4194 1391 4260 est,sicut
1420 4196 1546 4267 Syri
1578 4197 1649 4252 ab
1683 4198 1971 4257 Israelsu-

318 4286 527 4359 perati,
553 4285 956 4342 existimantes
988 4283 1155 4339 illum
1200 4283 1272 4339 ab
1303 4283 1388 4341 eis
1413 4283 1544 4348 coli.
1577 4284 1849 4343 dixerunt
1876 4290 1977 4358 (III

316 4377 446 4446 Reg.
479 4376 573 4447 mli)
594 4392 606 4431 :
625 4399 651 4425 «
675 4373 759 4431 Dii
790 4373 1079 4430 montium
1105 4377 1246 4429 sunt
1274 4373 1353 4428 dii
1386 4381 1683 4441 eorum,et
1710 4376 1837 4433 ideo
1858 4396 1969 4434 non

317 4481 637 4537 possumus
667 4479 943 4535 superare
971 4478 1090 4518 eos.
1120 4484 1147 4511 »
1169 4461 1356 4534 Hujus
1387 4461 1685 4520 simulacri
1717 4466 1969 4539 efﬁgiem

2085 3309 2603 3372 calumniarentur,
2630 3312 2689 3364 et
2716 3307 2934 3365 diceret
2982 3324 3098 3364 non
3129 3324 3164 3363 a
3208 3308 3325 3363 Deo
3369 3324 3498 3363 esse
3555 3309 3731 3377 facta,

2085 3399 2188 3454 sed
2207 3415 2277 3454 ex
2304 3396 2550 3453 occultis
2571 3396 2724 3452 aeris
2739 3396 3238 3452 commotionibus
3256 3396 3734 3465 accidisse,afﬁr-

2085 3491 2313 3542 mentes
2343 3490 2399 3541 et
2430 3502 2633 3557 magos
2662 3484 2954 3541 Pharaoni
2986 3485 3045 3540 in
3077 3487 3315 3560 Egypto
3346 3484 3533 3542 multa
3561 3485 3735 3559 signa

2084 3576 2156 3631 de
2202 3575 2344 3631 ccelo
2398 3574 2619 3630 fecisse.
2662 3575 2786 3631 Non
2834 3591 2991 3630 enim
3035 3574 3399 3647 impossibile
3447 3579 3573 3630 erat
3613 3575 3734 3631 Deo

2084 3665 2321 3738 signum
2371 3664 2443 3719 de
2481 3662 2625 3719 coelo
2673 3664 2999 3730 ostendere,
3031 3663 3135 3718 sed
3184 3662 3267 3718 illi
3316 3662 3541 3737 indigni
3567 3667 3738 3719 erant

2084 3754 2320 3827 signum
2343 3753 2413 3809 de
2434 3752 2577 3809 coelo
2597 3753 2811 3819 videre,
2826 3752 2926 3825 qui
2950 3756 3163 3809 terram
3189 3752 3518 3827 diligentes,
3534 3769 3732 3826 regem

2083 3843 2210 3901 οωὶί
2241 3847 2463 3900 tentare
2493 3843 2809 3897 audebant.
2824 3842 2909 3897 Ad
2933 3858 3080 3914 quos
3104 3842 3293 3915 magis
3316 3840 3415 3898 illa
3441 3841 3739 3898 sententia

2083 3933 2376 4007 dirigitur,
2404 3932 2462 3986 in
2497 3949 2615 4003 qua
2645 3929 2929 3987 Dominus
2958 3928 3065 3986 ait:
3099 3929 3402 3987 Generatio
3433 3931 3556 3986 haec
3575 3930 3734 3986 mala

2080 4027 2139 4080 et
2165 4022 2433 4078 adultera
2456 4019 2693 4094 signum
2724 4019 2968 4091 quierit:
3000 4024 3059 4075 et
3088 4019 3321 4093 signum
3346 4020 3468 4076 non
3497 4019 3739 4075 dabitur

2080 4110 2282 4181 ei,nisi
2301 4110 2537 4183 signum
2553 4109 2718 4164 Jonaa
2747 4108 3061 4181 prophetae.
3091 4132 3112 4158 ι
3143 4108 3361 4164 Horum
3384 4108 3560 4165 etiam
3575 4102 3741 4165 simi-

2078 4200 2388 4257 litudinem
2419 4199 2692 4254 videntur
2719 4196 2804 4253 illi
2837 4200 3053 4265 tenere,
3078 4197 3179 4268 qui
3211 4197 3523 4271 hypocritae
3539 4197 3731 4254 nomi-

2080 4295 2317 4359 nantur,
2336 4287 2478 4360 quia
2505 4285 2605 4360 qui
2639 4286 2769 4341 ﬁcte
2792 4286 2975 4341 Deum
3002 4292 3295 4359 quarunt,
3318 4285 3733 4344 minimeinve-

2079 4379 2270 4445 niunt,
2303 4376 2446 4450 quia
2479 4375 2663 4447 longe
2710 4379 2801 4430 est
2833 4392 2867 4430 a
2897 4375 3300 4446 peccatoribus
3345 4374 3505 4431 salus
3549 4376 3731 4443 (Psal.

2078 4465 2406 4538 cxvm),»et
2436 4488 2465 4515 ‹‹
2497 4480 2677 4536 prope
2707 4466 2797 4519 est
2824 4464 3101 4520 omnibus
3133 4463 3539 4520 invocantibus
3569 4481 3733 4531 eum,

317 4552 596 4618 colentes,
630 4569 808 4624 prope
836 4549 1163 4608 Jerusalem
1194 4553 1551 4620 statuerunt,
1586 4552 1646 4607 in
1677 4552 1823 4610 valle
1856 4556 1962 4612 To-
1999 4563 2047 4629 D
2079 4554 2250 4629 (Ρεαι.
2283 4553 2488 4625 exmv),
2525 4575 2553 4603 »
2588 4569 2704 4608 non
2735 4551 2795 4607 in
2828 4552 3222 4622 simulatione,
3247 4553 3348 4609 sed
3378 4552 3439 4608 in
3467 4551 3734 4609 veritate.

316 4639 592 4715 pheth,in
624 4639 751 4696 loco
781 4639 1199 4707 amoenissime,
1228 4638 1325 4694 ubi
1361 4656 1475 4695 non
1499 4640 1690 4697 solum
1722 4642 1968 4702 thuraet

316 4729 606 4787 sacriﬁcia
633 4730 685 4786 ei
711 4729 1048 4798 offerebant,
1065 4729 1167 4785 sed
1193 4727 1369 4783 etiam
1399 4726 1553 4785 ﬁlios
1577 4746 1716 4786 suos
1737 4736 1793 4787 et
1818 4732 1969 4792 ﬁlias

316 4837 455 4876 suas
483 4837 584 4893 per
612 4819 808 4892 ignem
832 4817 1340 4875 sibisacriﬁcando
1352 4818 1798 4890 transferebant,
1816 4823 1971 4880 sicut

317 4907 620 4965 Manasses
632 4905 1079 4964 crudelissimus
1091 4905 1970 4981 parricidafeeisselegitur.Pro-

316 4999 445 5068 pter
465 4996 622 5052 hunc
642 4996 835 5051 locum
858 4995 1146 5052 Dominus
1169 4993 1492 5067 saepissime
1515 5012 1619 5067 per
1630 4998 1964 5072 prophetas,

318 5082 571 5139 maxime
584 5088 780 5139 autem
792 5082 1214 5155 perJeremiam
1226 5082 1564 5139 terribiliter
1574 5087 1966 5146 comminatus

316 5181 406 5228 est
434 5170 665 5226 dicens:
686 5193 712 5218 ‹‹
734 5171 1062 5228 Pesuerunt
1082 5171 1434 5228 oli‘endicula
1463 5188 1571 5228 sua
1599 5172 1659 5228 in
1692 5175 1886 5242 domo,
1904 5177 1963 5234 in

317 5259 784 5331 quainvocatum
808 5263 898 5314 est
919 5276 1131 5315 nomen
1154 5276 1373 5329 meum,
1389 5264 1445 5316 ct
1461 5260 1798 5334 polluerunt
1811 5282 1962 5324 eam.

316 5348 388 5403 Et
415 5347 849 5404 aediﬁcaverunt
878 5346 1103 5403 excelso
1133 5348 1423 5420 Tepheth,
1456 5349 1557 5421 qui
1590 5355 1679 5407 est
1729 5353 1787 5408 in
1818 5355 1969 5413 valle

318 5436 424 5492 ﬁlii
446 5437 673 5502 Ennon,
708 5440 772 5491 ut
802 5435 1176 5491 incenderent
1205 5435 1357 5492 ﬁlios
1381 5454 1521 5494 suos
1550 5444 1608 5494 et
1644 5440 1794 5498 filias
1830 5460 1968 5502 suas

316 5525 460 5600 igni,
502 5542 630 5598 quae
663 5542 778 5580 non
811 5522 1079 5598 praecepi,
1114 5540 1217 5580 nec
1248 5524 1493 5598 cogitavi
1533 5526 1592 5582 in
1615 5531 1787 5587 corde
1817 5550 1966 5590 meo.

320 5614 452 5679 ideo
473 5631 607 5674 ecce
635 5615 760 5673 dies
789 5613 1048 5681 veniunt,
1083 5612 1225 5671 dicit
1245 5613 1548 5687 Dominus,
1582 5621 1639 5674 et
1667 5635 1784 5677 non
1817 5622 1971 5678 dice~

2077 4668 2106 4695 ‹‹
2142 4649 2272 4716 Ipse
2302 4646 2521 4707 autem,
2556 4644 2623 4696 ut
2658 4639 2802 4696 vidit
2830 4639 3212 4714 cogitationes
3242 4657 3467 4709 eorum,
3500 4638 3667 4718 dixit.
3706 4664 3735 4689 ν»

2078 4731 2225 4798 Quia
2252 4731 2535 4787 exteriora
2566 4729 2738 4803 signa
2766 4746 2865 4786 eos
2890 4747 3005 4785 non
3028 4729 3174 4785 velle
3185 4730 3419 4787 credere
3435 4729 3731 4801 cognovit.

2076 4821 2345 4895 protinus
2377 4818 2829 4893 cogitationibus
2849 4836 3053 4874 eorum
3084 4817 3405 4892 respondit,
3424 4823 3489 4875 ut
3519 4817 3734 4874 saltem

2077 4909 2161 4966 sic
2192 4910 2251 4965 in
2278 4926 2344 4965 eo
2379 4908 2746 4965 Divinitatem
2778 4908 3013 4964 credere
3032 4906 3512 4980 cogerentur,qui
3535 4906 3737 4963 cordis

2073 4999 2309 5054 videbat
2355 5014 2587 5054 arcana.
2630 4999 2710 5052 Ac
2755 4995 2805 5053 si
2855 4997 3117 5054 diceret:
3152 4997 3369 5054 Eadem
3423 4997 3733 5067 majestate

2075 5106 2193 5161 qua
2220 5086 2601 5160 cogitationes
2630 5086 2824 5142 cordis
2855 5085 3101 5154 intueor,
3118 5102 3362 5158 possum
3393 5082 3450 5141 et
3468 5084 3642 5157 signa
3658 5084 3731 5140 de

2074 5175 2217 5233 cmlo
2248 5175 2572 5231 ostendere.
2608 5173 2803 5231 Solius
2825 5174 2985 5230 enim
3026 5174 3259 5231 Domini
3290 5177 3381 5230 est
3424 5173 3727 5247 cogitatio-

2075 5283 2180 5322 nes
2211 5263 2403 5321 cordis
2444 5262 2679 5332 intueri,
2712 5262 2943 5319 dicente
2988 5264 3291 5335 Scriptura
3324 5280 3336 5317 :
3377 5286 3398 5312 ε
3427 5263 3537 5331 Τυ,
3572 5262 3729 5319 Deus

2077 5354 2240 5412 solus
2273 5352 2426 5409 nosti
2450 5353 2627 5409 corda
2656 5351 2915 5409 ﬁliorum
2947 5353 3256 5408 hominum
3286 5355 3371 5422 (ΙΙ
3396 5358 3529 5409 Par.
3561 5354 3664 5420 v1).
3698 5373 3727 5401 ››

2078 5445 2147 5500 Et
2177 5443 2393 5499 iterum
2421 5457 2433 5497 :
2471 5463 2498 5491 «
2530 5441 2714 5497 Homo
2745 5442 2901 5499 videt
2930 5442 2989 5498 in
3016 5442 3182 5511 facie,
3217 5441 3373 5498 Deus
3421 5444 3620 5497 autem
3668 5440 3761 5495 in-

2080 5532 2272 5590 corde.
2305 5554 2333 5579 ››

2155 5644 2182 5671 ‹‹
2198 5619 2382 5677 Omne
2412 5634 2662 5692 regnum
2683 5621 2743 5679 in
2763 5621 3022 5696 seipsum
3043 5621 3319 5691 divisum,
3335 5617 3721 5677 desolabitur:
