4028 6176
273 324 385 384 257

274 480 301 507 «
334 460 390 513 et
419 458 845 534 domussupra
875 460 1114 517 domum
1151 461 1335 516 cadet.
1373 484 1393 513 ι
1448 460 1622 516 Juxta
1671 458 1927 514 litteram
1958 458 2014 525 Α

272 546 352 602 ita
383 553 500 617 est;
534 547 585 604 si
612 548 766 605 enim
803 567 1046 624 regnum
1080 551 1140 607 in
1172 551 1431 623 seipsum
1458 550 1706 605 divisum
1734 547 1925 613 fuerit,

274 640 337 691 ut
367 636 526 692 aliud
557 654 674 706 rex,
704 638 861 694 aliud
898 640 1213 713 principes,
1237 639 1395 696 aliud
1424 640 1625 706 duces,
1646 639 1802 694 aliud
1829 638 1933 693 mi-

270 724 402 782 lites
433 727 714 795 sentiant,
732 728 1149 785 desolationem
1170 729 1407 802 patitur.
1424 727 1705 784 Similiter
1719 728 1930 784 domus

271 813 317 869 si
348 814 537 871 divisa
567 815 762 883 fuerit,
798 822 862 872 ut
892 816 1049 873 aliud
1083 817 1192 889 vir,
1224 816 1381 873 aliud
1415 834 1579 886 uxor,
1614 816 1769 871 aliud
1803 815 1927 880 filii,

270 902 428 959 aliud
460 909 758 978 parentes,
792 905 950 962 aliud
984 907 1156 976 servi,
1192 906 1416 963 etaliud
1433 905 1927 980 dominisapiant,

274 992 474 1067 utique
504 998 561 1049 et
592 994 718 1068 ipsa
751 994 954 1052 ruinas
985 996 1256 1069 patietur.
1286 995 1510 1052 Dicitur
1529 995 1683 1051 enim
1717 995 1930 1052 domus

275 1096 453 1155 supra
482 1082 726 1138 domum
758 1085 984 1140 cadere.
1020 1085 1257 1158 quando
1289 1084 1487 1140 anima
1537 1084 1721 1157 patris
1766 1100 1930 1139 com-

275 1175 542 1227 movetur
571 1176 773 1229 contra
804 1172 1013 1237 filium,
1046 1178 1103 1230 et
1133 1173 1237 1229 filii
1268 1182 1470 1229 contra
1491 1177 1737 1247 patrem,
1759 1172 1841 1229 sic
1858 1173 1929 1228 de

276 1259 517 1333 reliquis
534 1278 547 1315 :
563 1260 627 1316 in
640 1261 1155 1335 quasimilitudinc
1168 1266 1483 1337 tentatores
1496 1280 1634 1319 suos
1647 1261 1930 1318 Dominus

276 1367 308 1404 a
336 1366 514 1422 regno
546 1351 763 1405 diaboli
798 1356 995 1407 monet
1026 1348 1311 1418 recedere,
1332 1352 1488 1424 quod
1517 1351 1771 1406 divisum
1791 1351 1849 1405 in
1868 1368 1930 1407 se

275 1444 636 1511 cognoscunt
663 1439 762 1494 d?u
798 1445 951 1496 stare
982 1458 1096 1496 non
1147 1457 1336 1513 posse.
1370 1443 1445 1495 Ac
1479 1441 1527 1496 si
1581 1440 1822 1495 diceret:
1872 1438 1928 1494 Si

273 1544 443 1583 omne
477 1545 724 1601 regnum
758 1529 815 1584 in
850 1547 912 1585 se
938 1529 1191 1585 divisum
1225 1535 1377 1586 stare
1408 1548 1520 1585 non
1543 1534 1749 1602 potest,
1773 1530 1927 1603 quod

274 1617 471 1690 negari
531 1616 695 1673 nullo
747 1619 918 1674 modo
973 1620 1239 1692 potestis,
1292 1619 1654 1676 velocissime
1676 1608 1720 1674 'a
1751 1635 1928 1691 regno

271 1705 489 1762 diaboli
522 1708 797 1774 recedite,
829 1709 985 1780 quod
1019 1709 1133 1765 cito
1167 1727 1443 1766 casurum
1480 1727 1593 1765 non
1628 1708 1925 1765 dubitetis.
1961 1695 1969 1703 ’

273 1795 540 1867 Regnum
572 1796 728 1852 enim
759 1796 975 1854 diaboli
1010 1798 1069 1855 in
1098 1797 1217 1898 illis
1240 1799 1422 1900 est,in
1457 1799 1787 1900 quibusper
1803 1814 1931 1900 pee-
1958 1834 2006 1900 Β

272 1889 464 1941 catum
499 1892 728 1959 regnat.
762 1889 924 1953 Quod
958 1887 1229 1960 quamvis
1279 1887 1357 1944 sit
1404 1887 1633 1944 unitum
1669 1888 1725 1943 in
1777 1887 1926 1943 mala

272 1973 593 2042 voluntate,
626 1980 823 2032 tamen
856 1976 1109 2033 divisum
1145 1981 1233 2032 est
1258 1977 1316 2032 in
1358 1978 1711 2049 operatione.
1765 1977 1929 2033 Alius

278 2063 513 2135 quidem
546 2064 924 2131 adulterium,
956 2065 1109 2122 alius
1148 2065 1555 2134 homicidium,
1607 2066 1758 2122 alius
1809 2068 1929 2122 fur-

283 2156 428 2217 tum,
460 2151 614 2207 alius
643 2151 1018 2225 sacrilegium
1051 2157 1361 2225 perpetrat,
1388 2154 1487 2209 sed
1502 2157 1695 2209 tamen
1714 2169 1781 2209 ex
1815 2170 1931 2209 una

287 2240 470 2296 radice
504 2240 670 2296 malae
704 2241 1022 2298 voluntatis
1051 2243 1392 2315 procedunt.

356 2356 381 2379 α
415 2331 472 2386 Si
504 2336 702 2386 autem
733 2336 791 2387 et
836 2331 1084 2387 Satanas
1129 2332 1189 2387 in
1238 2332 1496 2404 seipsum
1552 2331 1774 2388 divisus
1819 2337 1927 2401 est,
1970 2396 1975 2399 μ

291 2442 319 2467 ‹‹
348 2420 634 2491 quomodo
666 2420 1104 2493 stabitregnum
1120 2421 1328 2493 ipsius,
1343 2421 1690 2493 quiadicitis
1705 2422 1758 2476 iu
1776 2422 1930 2477 Beel-

288 2530 317 2556 ι(
349 2509 522 2563 zebub
556 2524 649 2564 me
680 2508 888 2579 ejicere
932 2509 1261 2565 daemonia?
1293 2532 1320 2559 υ
1366 2514 1428 2564 In
1479 2510 1692 2583 quibus
1737 2511 1930 2567 verbis

292 2596 557 2653 Dominus
591 2615 730 2653 suos
759 2598 1078 2654 tentatores
1109 2598 1567 2671 prudentissimo
1590 2599 1930 2673 syllogismo

289 2684 417 2741 hinc
447 2685 581 2741 inde
614 2685 928 2752 concludit,
966 2704 1037 2742 ne
1059 2692 1256 2759 aptam
1290 2688 1725 2760 responsionem
1770 2689 1930 2745 inve-

289 2775 406 2829 nire
435 2779 694 2846 possent.
730 2774 891 2839 Quod
928 2791 1043 2830 non
1096 2774 1286 2832 solum
1339 2766 1452 2845 hic,
1507 2779 1605 2833 sed
1656 2778 1832 2834 etiam
1869 2779 1928 2834 in

289 2861 551 2934 pluribus
582 2862 727 2918 locis
760 2864 1096 2935 frequenter
1127 2864 1332 2920 fecisse
1350 2865 1579 2938 legitur,
1604 2867 1756 2922 sicut
1774 2867 1925 2935 fecit,

284 2945 511 3024 quando
539 2956 827 3007 venerunt
858 2953 929 3007 ad
961 2969 1096 3008 eum
1116 2952 1374 3008 dicentes
1391 2953 1796 3023 :‘Dicnobis,in
1813 2972 1931 3027 qua

289 3045 561 3114 potestate
592 3040 715 3096 haec
747 3040 932 3097 facis?
961 3042 1029 3096 Et
1057 3040 1140 3096 ait
1169 3040 1536 3097 illisnDicite
1567 3042 1710 3098 mihi
1744 3048 1800 3098 et
1829 3061 1929 3099 vos

290 3145 463 3185 unum
492 3131 759 3198 verbum,
793 3134 850 3185 et
880 3146 986 3203 ego
1017 3129 1206 3186 dicam
1236 3130 1399 3187 vobis
1421 3131 1479 3186 in
1512 3147 1628 3203 qua
1645 3137 1929 3204 potestate

1504 325 1855 388 llOMllJAZ
1900 322 2001 384 DE
2047 327 2443 392 TEMPORE.

3566 342 3688 407 958

2114 485 2139 509 «
2178 462 2311 518 [deo
2338 462 2447 536 ipsi
2472 464 2706 537 jndices
2735 466 2908 523 vestri
2940 472 3129 523 erunt.
3163 491 3190 518 δ)
3224 470 3282 526 Id
3314 476 3420 537 est,
3453 473 3688 533 infirma

2039 556 2093 605 et
2123 554 2587 626 contemptibilia
2618 558 2821 612 mundi
2837 574 2963 630 quae
2978 574 3082 631 ego
3096 558 3237 632 elegi
3255 563 3688 620 utconfundant

2040 639 2229 707 fortia,
2264 642 2536 721 discipuli
2570 645 2706 711 mei,
2740 646 2838 719 qui
2870 647 3202 704 curationes
3220 648 3548 705 daemonum
3578 656 3689 707 Deo

2039 732 2093 783 ct
2126 746 2238 789 non
2272 730 2593 789 Beelzebub
2624 734 2949 809 assignant,
2973 760 3000 785 ‹‹
3025 737 3688 808 judicesvestrierunt,»

2038 820 2178 874 tunc
2209 818 2450 887 scilicet,
2484 844 2511 870 «
2547 824 2782 894 quando
2812 825 3033 880 venerit
3050 814 3691 889 Filiushominis,etse-

2039 906 2186 962 derit
2219 907 2275 962 in
2310 910 2445 965 sede
2478 912 2806 983 majestatis
2836 914 3277 979 sure,sedebunt
3308 915 3490 987 etipsi
3514 933 3692 990 super

2039 995 2207 1052 sedes
2237 997 2566 1067 duodecim,
2591 1000 2929 1071 judicantes
2958 1003 3266 1059 duodecim
3291 1004 3482 1061 tribus
3513 1005 3691 1061 Israel

2038 1086 2266 1152 (Matth.
2302 1092 2436 1155 xux).
2477 1111 2496 1137 ι
2531 1087 2632 1144 Vel
2667 1093 2820 1145 certe
2852 1090 3003 1146 ﬁlios
3028 1107 3228 1146 eorum
3251 1091 3566 1148 exorcist‘as
3598 1111 3694 1167 ap-
3740 1093 3751 1101 ’

2039 1173 2238 1246 pellat,
2273 1176 2373 1248 qui
2404 1193 2472 1232 ex
2503 1194 2664 1233 more
2695 1177 2940 1251 antiquo
2973 1178 3028 1233 in
3064 1180 3265 1235 eodem
3286 1180 3500 1253 populo
3514 1180 3691 1238 habe-

2038 1262 2270 1331 bantur,
2305 1264 2374 1320 ad
2409 1282 2661 1337 quorum
2689 1266 3083 1322 invocationes
3112 1266 3199 1322 vel
3232 1269 3688 1340 conjurationes,

2039 1350 2331 1407 daemones
2362 1353 2434 1407 ab
2467 1353 2806 1410 hominibus
2829 1355 3410 1428 pellebantur.Cujus
3426 1358 3504 1413 rei
3526 1358 3693 1415 testis

2039 1444 2127 1494 est
2152 1439 2445 1513 Josephus
2490 1441 2998 1516 historiographus
3045 1445 3437 1514 Hebraeorum,
3491 1445 3590 1519 qui
3632 1446 3691 1500 in

2039 1527 2202 1584 libris
2258 1531 2541 1603 antiquis,
2604 1537 2729 1587 tum
2780 1532 2935 1587 inter
2990 1538 3195 1589 caetera
3242 1551 3368 1607 quae
3408 1536 3480 1591 de
3528 1535 3693 1592 Salo-

2040 1620 2231 1674 monis
2263 1620 2552 1693 sapientia
2584 1623 3079 1690 commemoravit,
3113 1624 3325 1695 adjecit
3355 1629 3411 1680 et
3439 1624 3569 1692 hoc,
3603 1625 3693 1681 di-

2037 1724 2203 1764 cens:
2236 1708 2509 1764 Praestitit
2538 1715 2733 1766 autem
2766 1699 3049 1768 Dominus
3080 1711 3397 1781 Salomoni,
3422 1719 3486 1769 ut
3508 1704 3692 1770 etiam

2039 1797 2333 1854 daemones
2363 1799 2620 1871 ejiceret,
2652 1802 2710 1856 et
2733 1800 3155 1858 incantationes
3175 1801 3450 1873 instituit,
3476 1802 3693 1876 quibus

2038 1886 2412 1959 aegritudines
2442 1886 2669 1944 soleant
2712 1888 2991 1962 mitigari,
3043 1906 3173 1962 quae
3220 1907 3362 1946 cura
3408 1891 3692 1973 hactenus

2038 1975 2193 2046 apud
2227 1992 2333 2032 nos
2364 1975 2617 2033 multum
2649 1977 2838 2035 valere
2867 1977 3253 2052 dignoscitur.
3268 1979 3397 2035 Vidi
3414 1980 3570 2035 enim
3585 1997 3692 2055 ego

2038 2063 2354 2133 quemdam
2386 2064 2748 2134 Eleazarum,
2765 2066 2836 2121 de
2852 2070 3023 2138 gente
3051 2070 3271 2135 nostra,
3295 2072 3577 2140 praesente
3588 2067 3695 2126 Ve-

2039 2149 2311 2223 spasiano
2340 2156 2397 2207 et
2423 2152 2573 2218 Tito,
2608 2152 2839 2226 alioque
2872 2154 3047 2210 simul
3081 2156 3357 2223 exercitu,
3391 2161 3692 2214 curantem

2037 2256 2137 2294 eos
2168 2239 2267 2311 qui
2301 2256 2334 2295 a
2361 2240 2724 2298 dmmonibus
2754 2244 3130 2299 vexabantur.
3156 2245 3351 2302 Genus
3372 2247 3693 2302 curationis

2041 2328 2147 2382 fuit
2177 2328 2550 2399 hujusmodi:
2588 2330 2790 2386 Intulit
2811 2332 3054 2387 naribus
3071 2333 3198 2404 ejus
3230 2335 3692 2406 quiadzemonio

2038 2417 2375 2484 vexabatur,
2410 2418 2696 2474 annulum
2729 2421 2932 2476 subter
2961 2421 3212 2477 radicem
3242 2423 3555 2479 habentem
3606 2424 3687 2479 si-

2038 2505 2356 2577 gnaculum
2389 2524 2421 2561 a
2451 2507 2760 2564 Salomone
2781 2514 3199 2574 monstratum,
3224 2515 3279 2566 et
3301 2516 3535 2583 repente
3552 2513 3697 2568 ceci—

2039 2594 2123 2648 dit
2152 2594 2347 2650 homo.
2385 2597 2450 2650 At
2469 2595 2564 2650 ille
2586 2598 2914 2667 eonjuravit
2933 2600 3419 2671 eumjuramento
3437 2600 3695 2657 Salomo-

2038 2682 2152 2747 nis,
2185 2683 2467 2753 objicicns
2497 2686 2683 2740 eidem
2717 2687 2999 2753 carnima,
3026 2704 3152 2759 quae
3171 2688 3444 2744 Salomon
3460 2706 3693 2763 compo-

2039 2772 2157 2826 suit
2189 2789 2364 2844 super
2393 2790 2548 2841 eum,
2584 2774 2814 2830 dicens:
2841 2775 3058 2830 Deinde
3077 2793 3179 2847 per
3200 2793 3369 2832 nares
3390 2777 3692 2835 odorantis

2038 2862 2389 2916 daemonium
2423 2863 2688 2929 extraxit,
2722 2868 2779 2918 et
2809 2881 2880 2919 ne
2911 2863 3064 2918 ultra
3080 2865 3150 2919 ad
3170 2881 3303 2919 eum
3318 2866 3505 2921 redire
3521 2867 3693 2922 aude:

2039 2956 2144 3015 ret,
2177 2951 2244 3005 ad
2244 2953 2268 3022 j
2279 2968 2455 3006 urans
2468 2956 2830 3008 contestatus
2841 2955 2948 3008 est.
2964 2953 3032 3007 Et
3045 2957 3110 3008 ut
3124 2954 3453 3010 ostenderet
3464 2953 3695 3010 Eleaza-

2039 3057 2138 3094 rus
2173 3038 2320 3094 hanc
2354 3057 2416 3094 se
2448 3040 2659 3095 habere
2688 3040 2984 3111 virtutem,
3010 3041 3261 3113 ponebat
3280 3041 3339 3096 in
3361 3042 3554 3099 medio
3578 3037 3694 3115 pel-

2039 3128 2153 3182 vim
2188 3127 2421 3199 plenam
2455 3145 2631 3200 aqua,
2661 3128 2781 3183 sive
2799 3129 3103 3201 quodlibet
3120 3147 3241 3199 vas,
3265 3131 3608 3204 praecipiens
3626 3136 3693 3188 ut

289 3218 404 3274 hac
431 3219 576 3274 facio
608 3218 805 3286 (Matth
857 3223 997 3287 xu).
1032 3241 1058 3269 »
1094 3219 1256 3283 Quod
1288 3219 1337 3275 si
1372 3237 1485 3275 non
1513 3203 1786 3288 feceritis,
1824 3239 1927 3277 nec
1958 3203 2002 3271 C
2041 3233 2308 3287 egressus
2338 3217 2409 3272 ab
2441 3216 2681 3289 hpmine
2712 3217 2861 3272 hanc
2892 3222 3189 3287 everteret,
3225 3219 3374 3274 dans
3413 3221 3691 3277 omnibus

290 3324 389 3380 ego
417 3306 605 3363 dicam
631 3308 797 3363 vobis
830 3307 887 3362 in
939 3325 1054 3379 qua
1103 3312 1389 3380 potestate
1437 3308 1559 3364 haec
1603 3310 1769 3366 facio.
1822 3312 1927 3366 Ba-

292 3397 559 3469 ptismum
589 3397 833 3453 Joannis
865 3397 1020 3452 unde
1051 3401 1193 3464 erat,
1227 3397 1299 3453 de
1319 3397 1463 3454 caele
1493 3415 1563 3453 an
1584 3415 1652 3454 ex
1680 3399 1929 3454 homini-

292 3485 431 3541 bus?
456 3487 526 3541 At
554 3485 638 3540 illi
672 3485 1071 3558 cogitaverunt
1100 3485 1253 3541 intra
1281 3502 1343 3541 se
1376 3487 1654 3543 dicentes:
1684 3488 1744 3543 Si
1775 3488 1930 3543 dixe-

286 3574 458 3629 rimus
486 3575 557 3630 de
590 3574 758 3642 coelo,
792 3574 941 3631 dicet
979 3575 1179 3631 nobis:
1214 3577 1402 3641 Quare
1433 3592 1571 3649 ergo
1602 3593 1718 3631 non
1770 3594 1926 3633 rece-

283 3662 444 3734 pistis
473 3663 665 3719 illud?
691 3664 748 3719 Si
778 3681 846 3719 ex
872 3663 1238 3732 hominibus,
1270 3665 1444 3720 turba
1490 3681 1616 3737 quae
1645 3682 1679 3720 a
1705 3665 1928 3721 Joanne

283 3757 366 3808 est
408 3753 721 3825 baptizata,
767 3752 1055 3825 lapidabit
1102 3770 1229 3808 nos.
1287 3753 1358 3808 Et
1405 3770 1518 3808 non
1570 3754 1927 3810 invenientes

283 3841 409 3913 quid
442 3842 725 3909 dicerent,
760 3841 1068 3897 siluerunt.
1114 3842 1208 3898 Sic
1258 3846 1315 3896 et
1344 3842 1402 3897 in
1435 3841 1543 3897 hoc
1591 3840 1738 3909 loco,
1789 3842 1929 3914 quia

281 3920 535 3986 conﬁteri
621 3928 917 3997 nolebant,
997 3930 1155 4002 quod
1235 3930 1505 3987 Christus
1580 3930 1641 3986 in
1714 3930 1927 3986 virtute

281 4018 375 4074 Dei
428 4020 726 4074 dzemones
785 4019 1041 4090 ejiceret,
1107 4036 1209 4075 nec
1277 4018 1570 4075 afﬁrmare
1636 4023 1924 4092 poterant,

284 4109 425 4178 quod
453 4109 705 4164 Satanas
751 4108 1030 4163 Satanam
1085 4108 1341 4179 ejiceret,
1395 4124 1501 4163 nec
1553 4108 1794 4165 liberam
1838 4126 1925 4166 re-

284 4197 651 4267 sponsionem
708 4196 1090 4264 invenientes,
1151 4197 1519 4253 obstructum
1570 4201 1659 4254 est
1719 4216 1784 4254 os
1841 4196 1923 4254 lo-

287 4286 579 4355 quentium
615 4285 839 4358 iniqua.
874 4286 1113 4358 PrOpter
1138 4286 1292 4357 quod
1325 4287 1679 4343 «tradentur
1709 4287 1767 4343 in
1800 4304 1926 4343 mae

287 4389 389 4430 nus
415 4373 618 4448 gladii,
645 4378 702 4430 et
734 4378 927 4447 partes
955 4373 1216 4447 vulpium
1242 4379 1414 4430 erunt
1430 4377 1601 4445 (Psal.
1636 4376 1820 4448 ιχιι’).››
1839 4378 1923 4432 Ad

286 4479 531 4533 quorum
560 4462 851 4521 malitiam
883 4464 1339 4520 convincendam
1371 4464 1562 4521 adhuc
1600 4466 1922 4538 subjunxit,

285 4552 477 4610 dicens
496 4571 509 4610 :

343 4666 369 4692 ‹‹
402 4642 461 4698 Si
493 4659 603 4715 ego
634 4643 694 4697 in
727 4640 1048 4698 Beelzebub
1077 4642 1244 4714 ejicio
1284 4642 1592 4711 daemonia,
1617 4644 1719 4700 filii
1750 4645 1925 4701 vestri

281 4752 301 4779 ι
332 4731 392 4786 in
428 4747 547 4803 quo
578 4730 864 4803 ejiciunt?
899 4754 926 4780 ››
959 4730 1134 4787 Filios
1166 4748 1368 4788 eorum
1416 4733 1735 4807 discipulos
1784 4751 1924 4790 suos

270 4819 429 4885 dicit,
464 4819 567 4893 qui
602 4819 728 4876 sine
760 4818 938 4875 dubio
969 4838 1038 4876 ex
1066 4836 1268 4877 eorum
1295 4822 1568 4895 progenie
1598 4824 1717 4878 nati
1736 4826 1923 4889 erant,

270 4910 485 4980 quibus
512 4909 640 4980 jam
670 4911 1019 4981 potestatem
1046 4908 1923 4982 etfugandidzemonesdederat,

274 5002 444 5071 atque
469 4997 737 5054 calcandi
779 5015 960 5070 super
1005 5014 1239 5054 omnem
1291 5003 1635 5072 potestatem
1676 5001 1923 5069 inimici,

270 5087 501 5143 dicens:
541 5109 563 5137 κ
602 5087 669 5142 In
699 5087 939 5144 nomine
956 5104 1084 5143 meo
1116 5088 1382 5144 infirmos
1413 5094 1632 5157 curate,
1664 5090 1923 5162 leprosos

274 5177 574 5245 mundate,
609 5193 792 5232 caecos
822 5174 1171 5243 illuminate,
1196 5177 1712 5250 daamonesejicite.
1734 5181 1926 5237 Gratis

277 5265 608 5338 accepistis,
634 5266 819 5339 gratis
849 5266 1001 5322 date.
1056 5266 1276 5338 (Matth.
1311 5268 1426 5338 xx).
1459 5290 1487 5318 »
1537 5270 1616 5324 Ac
1648 5268 1697 5322 si
1745 5269 1924 5325 dixis-

280 5358 394 5409 set:
427 5352 489 5410 Si
520 5354 794 5428 discipnli
827 5355 965 5423 mei,
999 5354 1102 5410 ﬁlii
1138 5356 1343 5428 utique
1367 5355 1567 5424 vestri,
1599 5357 1657 5412 in
1689 5358 1925 5415 nomine

282 5456 399 5498 meo
428 5443 722 5500 daemonia
745 5444 1007 5516 ejiciunt,
1042 5461 1222 5517 quare
1251 5461 1353 5500 vos
1382 5444 1537 5501 idem
1571 5462 1718 5518 opus
1750 5446 1811 5503 in
1832 5464 1925 5505 me

282 5529 519 5606 principi
550 5532 972 5589 damoniorum
998 5533 1316 5591 Beelzebub
1348 5538 1405 5592 et
1436 5551 1550 5591 non
1587 5540 1697 5593 Deo
1729 5537 1925 5612 signa-

282 5616 386 5678 tis?

2037 3306 2317 3361 indicium
2352 3306 2504 3378 quod
2538 3302 2835 3362 hominem
2867 3305 3221 3379 reliquisset.
3255 3307 3417 3374 Quod
3435 3325 3569 3365 cum
3588 3310 3691 3366 ﬁe-

2037 3400 2144 3461 ret,
2178 3395 2619 3450 admirabantur
2636 3394 2982 3468 sapientiam
3002 3395 3351 3453 Salomonis.
3378 3398 3462 3453 Ad
3476 3397 3689 3455 horum

2037 3502 2172 3558 ergo
2190 3483 2607 3539 exorcistarum
2622 3485 3138 3556 comparationem,
3156 3485 3440 3542 Dominus
3463 3487 3690 3544 scribas

2037 3579 2094 3630 et
2126 3574 2449 3629 Pharisaeos
2478 3573 2844 3645 constringit,
2878 3574 3158 3630 dieens:«
3188 3572 3245 3629 Si
3277 3589 3382 3647 ego
3403 3574 3695 3639 inBeelzd-

2035 3663 2155 3718 bub
2188 3662 2354 3734 ejicio
2385 3662 2691 3724 daemonia,
2727 3662 2829 3717 ﬁlii
2860 3663 3035 3719 vestri
3064 3663 3122 3718 in
3154 3665 3691 3736 quoejiciunt?»Ac

2035 3753 2084 3808 si
2117 3752 2366 3807 diceret:
2402 3752 2460 3807 Si
2494 3750 2916 3807 exorcistarum
2935 3751 3327 3825 expulsioDeo
3343 3752 3621 3810 tribuitur
3635 3758 3693 3811 et

2034 3859 2151 3898 non
2185 3840 2758 3912 dzemonibus,quare
2773 3840 2926 3897 idem
2942 3858 3091 3914 opus
3108 3841 3164 3897 in
3182 3860 3275 3898 me
3289 3860 3405 3899 non
3423 3844 3690 3900 eamdem

2034 3931 2209 3988 habet
2240 3928 2664 3986 reverentiam?
2695 3952 2721 3979 ‹‹
2743 3930 2870 3986 ideo
2885 3928 2995 4002 ipsi
3004 3932 3028 4002 j
3043 3930 3238 3987 udices
3254 3928 3429 3988 vestri
3446 3937 3636 4002 erunt,
3658 3954 3688 3983 »

2034 4036 2150 4075 non
2184 4019 2241 4073 in
2276 4022 2584 4090 potestate,
2618 4019 2718 4074 sed
2753 4021 3206 4092 comparatione.
3232 4021 3398 4076 Sicut
3428 4023 3583 4077 enim
3609 4038 3693 4078 re-

2034 4108 2172 4181 gina
2199 4108 2368 4175 Saba,
2401 4107 2641 4163 veniens
2659 4125 2692 4163 a
2712 4107 2927 4163 ﬁnibus
2940 4112 3107 4165 terrae
3121 4108 3322 4165 audire
3339 4111 3689 4183 sapientiam

2034 4196 2385 4263 Salomonis,
2410 4196 2753 4267 judicatura
2781 4200 2871 4252 est
2899 4213 3018 4262 eos,
3051 4198 3151 4269 qui
3206 4200 3489 4268 majorem
3525 4199 3689 4254 Chri-

2035 4291 2190 4343 stum
2223 4285 2532 4342 Salomone
2562 4284 2764 4339 audire
2796 4289 3299 4358 contempserunt:
3324 4289 3381 4341 et
3409 4287 3561 4342 sicut
3590 4286 3689 4341 Ni-

2036 4378 2223 4431 nivitze
2255 4378 2495 4447 agentes
2526 4373 2927 4447 paenitentiam
2946 4374 3019 4430 ad
3040 4373 3509 4446 praedicationem
3527 4373 3686 4430 Jona

2026 4464 2347 4537 judicaturi
2379 4468 2517 4519 sunt
2540 4480 2661 4529 eos,
2693 4463 2793 4535 qui
2826 4464 3108 4536 majorem
3140 4462 3290 4519 Jona
3329 4463 3685 4520 Salvatorem

1954 4577 2002 4643 Β
2036 4554 2241 4611 audire
2269 4552 2601 4619 noluerunt,
2637 4551 2721 4608 sic
2753 4558 2809 4607 et
2837 4551 2935 4608 isti
2966 4552 3281 4619 exorcistaa,
3316 4556 3423 4625 qut
3441 4552 3686 4609 curatio-

2038 4661 2171 4700 nem
2204 4644 2535 4698 dmmonum
2569 4641 2684 4696 Deo
2710 4640 3070 4710 tribuebant,
3097 4642 3364 4712 judicare
3408 4642 3689 4698 dicuntur

2032 4751 2132 4790 eos
2164 4730 2649 4805 quieurationem
2698 4731 3033 4786 daemonum
3085 4729 3423 4799 Beelzebub,
3470 4734 3527 4788 et
3571 4748 3686 4788 non

2036 4827 2147 4877 Deo
2178 4819 2580 4893 assignabant.
3136 4887 3144 4894 _

2106 4934 2132 4961 ‹‹
2170 4910 2342 4966 Porro
2373 4908 2423 4964 si
2455 4908 2514 4963 in
2542 4907 2725 4981 digito
2754 4908 2854 4964 Dei
2887 4907 3057 4977 ejicio
3087 4906 3395 4973 daemonia,
3430 4909 3687 4982 profecto

2041 5025 2059 5050 α
2094 4998 2358 5073 pervenit
2386 4998 2447 5053 in
2475 5013 2576 5053 vos
2607 5013 2853 5069 regnum
2888 4996 3003 5053 Dei.
3040 5019 3067 5048 »
3103 4992 3332 5072 Digitus
3374 4995 3496 5068 Dei,
3554 4998 3684 5072 Spi-

2033 5090 2184 5145 ritus
2201 5091 2441 5144 sanctus
2453 5083 2820 5158 intelligitur,
2838 5087 2991 5158 quod
3008 5087 3318 5143 Matthaeus
3333 5086 3689 5161 evangelista

2034 5177 2405 5235 manifestius
2456 5175 2732 5242 declarat,
2783 5192 2917 5230 cum
2963 5175 3134 5232 dixit:
3172 5199 3199 5226 ‹‹
3232 5175 3291 5232 Si
3341 5182 3538 5233 autem
3580 5181 3686 5251 ego

2034 5269 2091 5323 in
2126 5267 2346 5339 Spiritu
2377 5265 2545 5337 ejicio
2579 5266 2876 5321 daemones
2905 5264 3111 5334 (Matth.
3145 5268 3266 5334 κη).
3303 5289 3332 5315 ››
3365 5264 3429 5322 Et
3447 5266 3688 5340 pulchre

2032 5374 2137 5429 per
2167 5355 2418 5427 digitum
2449 5353 2547 5408 Dei
2571 5353 2827 5425 Spiritus
2843 5359 3083 5410 sanctus
3105 5355 3558 5428 tignratur,quia
3579 5355 3688 5410 sid-

2036 5449 2099 5500 ut
2129 5444 2329 5517 digitis
2359 5441 2581 5514 aliquid
2613 5459 2926 5515 operemur
2955 5443 3042 5499 vel
3076 5444 3448 5518 stringimus,
3469 5443 3552 5500 sic
3578 5442 3685 5499 Pa-

2033 5540 2123 5591 ter
2145 5540 2203 5589 et
2238 5532 2415 5588 Filius
2435 5549 2537 5604 per
2548 5531 2828 5605 Spiritum
2845 5537 3115 5589 sanctum
3133 5534 3332 5589 omnia
3346 5536 3684 5605 operantur,

2036 5624 2263 5683 dicente
2292 5620 2635 5682 Psalmista:
2680 5622 2930 5684 «Verbo
2987 5621 3221 5682 Domini
3281 5618 3409 5679 caeli
3468 5616 3685 5681 ﬁrmati
