4028 6176
364 367 487 429 239

915 364 1321 427 HAYMONIS
1372 363 1919 425 llALBEHSTAT.
1967 365 2210 426 EI’ISC.
2260 366 2435 427 ()PP.
2483 366 2679 427 PARS
2725 368 2800 427 ll.
2837 401 2913 412 —
2952 367 3222 429 HOMIL.

3655 362 3772 426 260

368 505 527 569 sunt,
569 503 623 556 et
679 498 885 572 spiritu
945 498 1062 555 oris
1120 499 1268 569 ejus,
1333 497 1525 554 omnis
1582 496 1763 553 virtus
1810 514 2010 554 earum
2042 498 2463 568 Ainimicitiae,
2488 499 2910 565 contentiones,
2930 499 3345 566 aemulationes,
3375 495 3771 565 iraz,rixe.dis-

366 590 533 660 (Psal.
566 592 763 657 xxx”).
792 611 818 637 ››
854 590 967 644 lloe
992 586 1393 660 digitotabulze
1408 586 2010 660 Testamentiscriptae

364 681 521 735 sunt.
555 677 635 733 De
665 677 772 733 hoc
803 678 977 733 etiam
1010 676 1192 751 digito
1228 676 1380 749 magi
1415 675 1471 730 in
1503 677 1740 749 .Egypto
1754 675 2010 748 superati

362 766 661 822 dixerunt:
700 764 922 839 Digitus
953 764 1051 821 Dei
1084 769 1173 821 est
1205 764 1530 836 iste.Cujus
1554 762 2008 836 pulcherrimam

360 855 757 927 operationem
788 853 1073 926 prepheta
1104 853 1530 920 admirabatur,
1564 869 1697 908 cum
1744 851 2005 909 dicebat:

360 968 387 994 ‹‹
422 943 706 1010 Quoniam
737 943 945 999 videbo
977 942 1148 998 caalos
1179 946 1332 1010 tuos,
1366 959 1543 1015 opera
1559 942 2011 1015 digitorumtuo-

360 1051 489 1089 rum
524 1034 691 1106 (Psal.
726 1035 864 1102 vm).
901 1055 929 1081 ››
960 1030 1061 1087 Vel
1093 1036 1246 1087 certe
1278 1048 1382 1104 per
1413 1030 1664 1105 digitum
1705 1030 1806 1087 Dei
1856 1036 2009 1087 recte

357 1121 609 1196 Spiritus
624 1125 862 1177 sanctus
878 1119 1243 1193 intelligitur,
1260 1120 1397 1193 quia
1410 1121 1564 1176 sicut
1577 1120 1633 1174 in
1661 1119 1859 1175 nulllis
1876 1119 2008 1176 aliis

356 1210 634 1267 membris
666 1215 890 1265 tantam
921 1208 1292 1282 partitionem
1315 1209 1623 1274 habemus,
1645 1213 1924 1281 quantam
1946 1208 2003 1264 in

353 1301 573 1374 digitis,
614 1300 695 1355 sic
745 1303 800 1354 et
840 1298 1093 1371 Spiritus
1126 1298 1312 1354 sancti
1364 1299 1517 1354 dona
1567 1298 1794 1354 diversa
1844 1302 2002 1363 sunt,

343 1391 513 1460 juxta
541 1387 952 1460 accipientium
986 1386 1349 1459 qualitatem,
1383 1391 1529 1441 teste
1561 1384 1855 1458 Apostolo,
1903 1386 2001 1458 qui

350 1479 459 1535 ait:
495 1501 522 1527 α
554 1477 663 1533 Alii
692 1476 925 1548 quidem
966 1474 1978 1548 per-Spiritumdatursermosapien

350 1568 464 1635 tiae,
497 1567 593 1624 alii
626 1584 818 1622 scrzno
870 1565 1123 1620 scientia:
1177 1564 1499 1620 secundum
1550 1564 1822 1619 eumdem
1872 1564 2000 1637 Spi-

349 1657 556 1714 ritum:
591 1655 757 1711 alteri
789 1655 933 1710 ﬁdes
964 1654 1023 1709 in
1046 1654 1248 1709 eodem
1282 1653 1523 1725 Spiritu:
1560 1652 1656 1708 alii
1691 1653 1877 1726 gratia
1907 1671 1999 1709 sa-

347 1747 597 1802 nitatum
630 1745 688 1799 in
722 1760 839 1799 uno
872 1743 1109 1816 spiritu,
1142 1742 1240 1798 alii
1272 1742 1530 1815 operatio
1563 1742 1869 1809 virtutum,
1902 1742 1998 1797 alii

346 1831 775 1908 prophetia.alii
790 1831 1065 1888 discretio
1080 1830 1522 1904 spirituum,alii
1543 1848 1757 1903 genera
1773 1830 1999 1904 lingua-

345 1942 499 1993 rum,
533 1922 631 1979 alii
662 1920 1061 1995 interpretatio
1094 1937 1455 1976 sermonum.
1491 1922 1618 1975 llzec
1650 1924 1846 1976 autem
1878 1936 1999 1975 om-

344 2016 443 2073 nia
467 2017 742 2088 Operatur
771 2028 927 2066 unus
958 2008 1999 2082 atqueidemSpiritus,dividenssin-

342 2105 497 2181 gulis
528 2107 699 2176 prout
724 2100 846 2156 vult
876 2100 920 2173 (1
951 2101 1079 2156 Cor.
1111 2100 1231 2171 xu).
1269 2122 1295 2148 ››
1328 2099 1490 2167 Quod
1523 2104 1717 2154 autem
1749 2115 1994 2172 regnum

342 2196 440 2251 Dei
474 2195 531 2248 in
565 2209 664 2247 eos
695 2191 1027 2263 pervenisse
1059 2189 1221 2251 dicit,
1241 2189 1326 2243 vel
1358 2188 1634 2260 deseipso
1651 2188 1811 2256 dicit,
1846 2187 1997 2243 sicut

341 2282 475 2340 alibi
511 2282 621 2337 ait:
657 2303 683 2329 «
719 2280 984 2351 Regnum
1018 2277 1117 2332 Dei
1150 2278 1303 2331 intra
1327 2293 1428 2331 vos
1458 2282 1549 2332 est
1575 2279 1724 2341 (Luc
1777 2282 1927 2344 xvii),
1965 2298 1992 2325 ››

338 2373 424 2428 vel
456 2371 598 2427 illud
623 2368 917 2441 judicium
963 2366 1334 2422 discretionis
1381 2365 1627 2438 intelligi
1679 2363 1821 2432 vult,
1877 2381 1992 2437 quo

337 2462 759 2518 discernuntur
780 2456 855 2529 pii
876 2456 947 2511 ab
968 2454 1340 2527 impiis,justi
1357 2455 1427 2509 ab
1443 2453 1992 2527 iniquis.Compres-

338 2552 420 2609 sis
449 2566 583 2606 vero
612 2542 1372 2610 calumniatoruminsidiis,
1408 2542 1987 2614 quidicebantDeum

336 2641 393 2696 in
430 2637 749 2695 Beelzebub
780 2634 988 2707 ejicere
1019 2633 1326 2700 daemonia,
1362 2633 1432 2687 de
1462 2649 1568 2687 sua
1598 2631 1852 2698 victoria,
1889 2649 1986 2705 pa-

338 2730 591 2801 riterque
619 2728 951 2783 daemonum
982 2721 1324 2795 expulsiene
1352 2720 1531 2776 libere
1552 2719 1832 2793 loquitur,
1857 2722 1991 2777 sub-

326 2820 622 2892 jungens:

407 2932 434 2959 ‹‹
467 2907 612 2963 Cum
644 2903 812 2959 fortis
840 2905 1103 2957 armatus
1134 2899 1389 2955 custodit
1435 2899 1651 2954 atrium
1699 2916 1894 2969 suum,
1924 2899 1984 2954 in

334 3021 362 3048 ‹‹
398 3012 536 3069 pace
567 2996 705 3049 sunt
730 3009 797 3047 ea
829 3007 957 3063 quae
989 2988 1267 3061 possidet.
1308 3012 1333 3037 ››
1386 2989 1614 3045 Fortem
1668 2993 1981 3058 armatum,

332 3084 634 3142 diabolum
683 3080 845 3147 dicit,
897 3079 1068 3151 cujus
1118 3078 1332 3135 atrium
1382 3082 1505 3134 erat
1553 3079 1832 3145 mundus,
1883 3096 1986 3151 per

332 3192 507 3249 quem
541 3169 1072 3246 praevaricationem
1098 3168 1270 3242 primi
1305 3168 1558 3223 hominis
1578 3168 1981 3241 sibisubjuga-

2123 587 2447 653 scnsiones,
2471 593 2659 655 sectae,
2696 588 2946 656 invidia,
2966 588 3300 655 homicidia,
3325 587 3657 657 ebrietates,
3681 602 3770 641 co-

2122 677 2528 746 messationes,
2563 681 2619 732 et
2650 677 2741 733 his
2792 677 3038 735 similia:
3088 676 3189 751 qui
3239 675 3378 732 talia
3425 678 3630 747 agunt,
3678 690 3769 729 re-

2119 781 2303 838 gnum
2339 765 2435 823 Dei
2468 766 3279 839 noneonsequentur(6al.v).
3311 764 3462 822 »Sed
3489 763 3772 819 Dominus

2118 853 2248 928 ipsa
2280 872 2445 910 arma
2473 855 2691 911 diaboli
2722 855 2985 923 abstulit,
3020 856 3257 928 quando
3287 852 3770 913 iuconversisho-

2119 944 2381 1001 minibus
2411 943 2551 1000 vitia
2582 944 2641 999 in
2670 945 2916 1000 virtutes
2939 944 3340 1008 commutavit,
3360 946 3422 999 ut
3443 960 3549 1017 pro
3570 959 3773 1016 super-

2120 1032 2215 1089 bia
2242 1033 2658 1100 humilitatem,
2694 1051 2794 1107 pro
2826 1033 3057 1089 luxuria
3087 1034 3435 1101 castitatem,
3461 1049 3564 1104 pro
3586 1031 3772 1087 avari-

2117 1123 2201 1178 tia
2231 1122 2562 1197 largitatem
2596 1122 2923 1196 diligerent.
2956 1122 3059 1178 Vel
3091 1123 3291 1179 aliter:
3326 1125 3499 1179 Arma
3548 1118 3775 1179 diaboli

2116 1217 2284 1267 erant
2317 1229 2481 1285 reges
2513 1216 2569 1267 et
2599 1213 2915 1285 principes,
2949 1211 3006 1267 in
3039 1211 3256 1284 quibus
3286 1210 3443 1266 velut
3490 1211 3549 1265 in
3584 1209 3769 1266 armis

2115 1302 2460 1369 conﬁdebat,
2494 1302 2771 1374 quoniam
2806 1301 3065 1373 quandiu
3100 1299 3368 1373 praelatos
3391 1299 3449 1354 in
3469 1316 3579 1354 sua
3611 1302 3770 1372 pote-

2116 1393 2262 1444 state
2284 1391 2535 1457 tenebat,
2562 1407 2677 1445 non
2704 1389 2867 1445 facile
2893 1391 3189 1460 subjectos
3212 1388 3452 1460 perdere
3494 1388 3763 1442 timebat.

2113 1478 2247 1542 Quae
2279 1496 2443 1534 arma
2474 1478 2754 1535 Dominus
2783 1477 2833 1533 ei
2865 1478 3127 1547 abstulit,
3158 1478 3393 1550 quando
3427 1494 3539 1533 non
3568 1475 3763 1532 solum

2114 1568 2429 1640 subjectos,
2464 1568 2564 1622 sed
2618 1568 2792 1623 etiam
2844 1567 3221 1639 imperatores
3270 1572 3327 1622 et
3375 1582 3539 1638 reges
3585 1569 3764 1637 atque

2112 1656 2361 1729 pricipes
2394 1657 2465 1712 ad
2498 1674 2665 1712 suam
2704 1656 2879 1711 ﬁdem
2924 1656 3227 1711 convertit.
3278 1655 3460 1720 Quam
3511 1654 3766 1726 perfecte

2111 1763 2341 1818 quoque
2376 1746 2656 1801 Dominus
2689 1746 2759 1801 de
2791 1746 3033 1817 antiquo
3067 1745 3231 1801 hoste
3276 1743 3762 1815 triumphaverat,

2112 1833 2667 1889 manifestaturcum
2680 1833 3117 1906 subjungiturzu
3136 1832 3400 1906 Etspolia
3414 1833 3543 1903 ejus
3559 1830 3761 1886 distri-

2107 1946 2135 1973 ‹‹
2172 1923 2327 1978 buet.
2365 1946 2392 1971 ››
2423 1922 2672 1978 Victoris
2702 1928 2792 1979 est
2823 1927 3017 1978 autem
3033 1921 3599 1995 spoliadistribuere.
3620 1920 3765 1992 Spo-

2105 2011 2181 2066 lia
2212 2028 2344 2067 vero
2376 2011 2550 2066 iidem
2584 2011 2851 2067 homines
2885 2016 3070 2079 erant,
3121 2028 3268 2083 quos
3301 2008 3569 2066 diabolus
3600 2008 3762 2064 velut

2104 2098 2566 2156 violentissimus
2596 2101 2789 2172 prmdo
2815 2101 2884 2156 de
2903 2100 3174 2172 paradiso
3189 2100 3619 2172 rapueratoua:
3643 2097 3757 2152 Do-

2106 2188 2303 2244 minus
2324 2189 2624 2244 distribuit
2643 2189 2876 2260 quando
2900 2193 3134 2261 propter
3154 2188 3466 2243 lucrandos
3487 2186 3760 2241 homines

2103 2277 2426 2351 discipuios
2456 2278 2660 2333 suosin
2692 2280 2994 2333 universas
3011 2283 3205 2350 partes
3223 2276 3429 2331 mundi
3449 2275 3760 2331 misit.Sic-

2104 2374 2167 2425 ut
2198 2368 2354 2423 enim
2389 2384 2485 2422 rex
2516 2371 2647 2438 post
2679 2367 3045 2439 triumphum
3075 2366 3325 2422 victoria;
3349 2365 3514 2421 laatus
3554 2364 3757 2419 militi-

2100 2458 2212 2513 bus
2245 2456 2371 2512 suis
2403 2455 2591 2528 spolia
2621 2456 2847 2523 dividit;
2878 2456 2962 2511 sic
2996 2455 3272 2511 Dominus
3294 2454 3601 2527 discipulis
3624 2470 3757 2509 SUIB

2100 2551 2295 2620 partes
2327 2544 2531 2600 mundi
2566 2546 2637 2600 ad
2670 2544 3105 2617 praedicandum
3139 2543 3459 2600 distribuit.
3494 2543 3661 2598 Petro
3690 2548 3753 2598 et

2100 2635 2276 2691 Paulo
2309 2635 2574 2702 Romam,
2607 2634 2847 2689 Andreae
2882 2634 3175 2701 Achaiam,
3208 2634 3418 2690 Jacobo
3457 2632 3747 2700 Judzeam,

2095 2724 2305 2782 Joanni
2337 2724 2557 2790 Asiam,
2590 2721 2860 2796 Philippo
2910 2723 3279 2795 Ethiopiam,
3331 2722 3750 2778 Bartholomaao

2095 2814 2345 2882 Indiam,
2378 2812 2464 2869 sic
2491 2816 2547 2868 et
2576 2813 2647 2869 de
2680 2811 2917 2885 reliquis
2948 2812 3340 2868 sentiendum.

2169 2927 2196 2955 (ι
2230 2904 2335 2971 Qui
2369 2920 2484 2958 non
2514 2906 2601 2958 est
2630 2918 2860 2957 mecum
2892 2905 3097 2957 contra
3127 2918 3219 2957 me
3249 2905 3355 2958 est.
3392 2901 3462 2956 Et
3489 2900 3588 2973 qui
3624 2916 3747 2955 non

2097 3016 2124 3045 ‹‹
2151 2992 2371 3065 colligit
2402 2976 2654 3059 mecum,
2686 2989 2986 3063 dispergit.
3024 3013 3051 3040 »
3074 2992 3438 3062 Quamquam
3471 2989 3593 3045 haec
3613 3006 3749 3045 sen-

2092 3082 2273 3138 tentia
2304 3082 2375 3136 rle
2402 3080 2625 3137 Judaeis
2653 3084 2710 3134 et
2739 3079 3027 3135 haereticis
3046 3079 3231 3152 possit
3261 3079 3743 3149 intelligi,tamen

2093 3170 2423 3242 specialiter
2451 3169 2521 3224 ad
2554 3167 2853 3223 diabolum
2897 3167 3166 3240 pertinet,
3202 3168 3301 3240 qui
3333 3168 3406 3223 ab
3436 3165 3603 3221 initio
3649 3168 3748 3223 fur

329 3246 509 3321 verat.
544 3262 704 3327 Quod
738 3260 875 3316 dum
912 3258 1078 3315 fortis
1125 3258 1463 3327 custodiret,
1517 3258 1573 3311 in
1624 3273 1765 3328 pace
1816 3261 1981 3311 erant
2012 3246 2055 3311 C
2093 3259 2203 3313 fuit
2230 3263 2287 3315 et
2317 3257 2587 3323 mendax,
2638 3255 2782 3311 etin
2829 3258 3067 3312 veritate
3100 3274 3214 3311 non
3266 3256 3444 3312 stetit.
3497 3256 3567 3310 Et
3610 3255 3745 3313 ideo

329 3354 530 3410 omnia
554 3369 683 3423 quae
715 3348 1070 3422 possidebat,
1103 3347 1242 3418 quia
1268 3346 1467 3401 nullus
1499 3350 1617 3401 tam
1643 3345 1844 3414 justus
1871 3346 1980 3399 fuit

331 3449 463 3498 ante
491 3441 808 3496 adventum
840 3435 1203 3507 Domini,qui
1238 3435 1316 3489 ita
1346 3435 1597 3506 perfecte
1628 3434 1677 3488 ei
1711 3433 1979 3489 resistere

329 3533 545 3603 posset,
579 3532 645 3582 ut
677 3542 862 3598 genus
893 3523 1220 3578 humanum
1256 3524 1327 3577 ab
1360 3524 1488 3592 ejus
1506 3525 1791 3594 potestate
1820 3520 1979 3577 tolle-

328 3620 434 3671 ret.
467 3614 552 3670 Ab
582 3611 690 3668 hoc
721 3628 868 3682 opus
897 3609 1342 3682 exspectabatur
1373 3608 1531 3663 illius
1560 3609 1977 3682 adventus,qui

330 3705 456 3761 sine
482 3706 718 3777 peccato
747 3703 1027 3755 venturus
1056 3703 1178 3753 erat
1207 3698 1591 3767 inmundum,
1610 3698 1678 3753 de
1711 3699 1977 3771 quosub-

329 3794 514 3849 ditur:

402 3905 427 3931 ‹‹
463 3881 523 3937 Si
572 3882 768 3936 autem
840 3875 1045 3933 fortior
1108 3873 1205 3931 illo
1263 3876 1699 3949 superveniens,
1778 3875 1981 3933 vicerit

330 3993 357 4021 ‹‹
391 3986 546 4025 eum.
583 3991 609 4018 ››
641 3966 865 4023 Fortior
890 3963 989 4020 illo
1023 3964 1306 4020 Dominus
1353 3965 1526 4021 Jesus
1567 3964 1833 4022 Christus
1868 3971 1975 4036 est,

264 4080 269 4083 ’
330 4059 401 4115 de
433 4074 549 4132 quo
564 4054 876 4113 Psalmista
889 4053 1119 4120 cecinit,
1136 4052 1337 4110 dicens
1359 4072 1372 4122 ;
1392 4076 1419 4104 ‹‹
1444 4054 1730 4111 Dominus
1747 4055 1910 4111 fortis
1924 4061 1980 4112 et

329 4153 557 4222 potens,
596 4144 874 4203 Dominus
905 4147 1111 4216 potens
1142 4143 1199 4198 in
1234 4142 1430 4215 pra-lio
1460 4145 1633 4211 (Psal.
1657 4144 1978 4215 xxm).»llle

328 4240 526 4294 autem
558 4233 859 4292 diabolum
894 4232 1742 4306 solusvicit,inquovestigium
1758 4234 1975 4307 peccati

328 4328 609 4401 antiquus
640 4325 827 4382 hostis
857 4321 1352 4379 nalluminvenire
1364 4323 1574 4395 potuit,
1603 4324 1976 4397 dicenteipso

325 4416 385 4473 in
421 4414 754 4491 Evangelia:
794 4438 821 4465 ‹‹
857 4413 1029 4469 Venit
1057 4413 1127 4468 ad
1152 4429 1245 4468 me
1261 4412 1533 4485 princeps
1550 4412 1730 4486 hujus
1748 4414 1973 4482 mundi,

325 4512 383 4565 et
413 4508 472 4561 in
504 4523 596 4562 me
629 4522 744 4560 non
792 4502 971 4559 habet
1020 4501 1343 4574 quidquam
1394 4503 1569 4574 (Joan.
1601 4504 1736 4575 xw).
1774 4525 1800 4551 ››
1832 4502 1977 4567 Quia

2088 3347 2229 3419 quia
2258 3364 2291 3402 a
2320 3345 2433 3401 Deo
2465 3344 2759 3411 discessit,
2793 3350 2997 3400 contra
3025 3344 3190 3401 illum
3226 3346 3352 3413 fuit,
3386 3345 3445 3400 id
3478 3350 3565 3400 est
3603 3361 3745 3400 con-

2088 3435 2304 3490 trarius
2335 3434 2462 3505 ejus
2484 3434 2791 3502 voluntati,
2811 3438 2958 3490 teste
2979 3434 3253 3507 Apostolo
3270 3436 3459 3501 :«Quae
3475 3434 3633 3489 enim
3653 3439 3748 3490 est

2088 3524 2392 3580 conventio
2424 3523 2637 3579 Christi
2672 3524 2738 3579 ad
2772 3523 2990 3579 Belial?
3021 3528 3266 3596 autquae
3285 3541 3420 3596 pars
3436 3522 3745 3579 ﬁdelicum

2088 3612 2348 3668 inﬁdeli?
2377 3617 2479 3669 aut
2505 3630 2631 3685 quze
2660 3612 2906 3668 societas
2937 3611 3053 3667 luci
3090 3613 3161 3668 ad
3180 3612 3600 3684 tenebras?»(ll
3616 3612 3749 3669 Cor.

2086 3702 2181 3775 νι.)
2211 3700 2404 3757 Nulla.
2436 3701 2738 3758 Contraria
2767 3701 2925 3756 enim
2960 3702 3113 3758 intra
3145 3718 3206 3757 se
3250 3705 3390 3757 sunt
3431 3706 3489 3756 et
3518 3701 3757 3758 diversa

2089 3810 2213 3867 quae
2247 3791 2531 3847 Dominus
2553 3791 2743 3863 jubet,
2778 3794 2835 3846 et
2854 3789 3123 3845 diabolus
3141 3790 3436 3864 suggerit:
3461 3790 3755 3847 Dominus

2087 3880 2347 3955 praecipit
2378 3878 3075 3947 humilitatem,diabolus
3092 3879 3353 3952 suggerit
3382 3879 3749 3951 superbiam:

2088 3970 2374 4027 Dominus
2402 3967 2751 4036 castitatem,
2786 3966 3053 4023 diabolus
3085 3966 3404 4023 luxuriam:
3458 3968 3748 4024 Dominus

2088 4058 2480 4125 concordiam,
2515 4055 2782 4113 diabolus
2802 4055 3176 4112 discordiam.
3212 4057 3279 4112 Et
3296 4057 3423 4112 ideo
3444 4055 3585 4128 quia
3603 4074 3743 4113 cum

2086 4150 2185 4207 illo
2218 4166 2334 4205 non
2365 4147 2605 4220 colligit,
2640 4146 2945 4219 dispergit,
2979 4146 3132 4201 sicut
3161 4147 3234 4201 de
3266 4163 3331 4202 eo
3353 4145 3491 4202 alibi
3529 4146 3644 4201 sub
3676 4146 3742 4201 ﬁ-

2085 4256 2232 4311 gura
2278 4237 2401 4309 lupi
2451 4235 2696 4291 dicitur:
2750 4258 2777 4285 α
2807 4235 2875 4290 Et
2917 4233 3093 4307 lupus
3137 4234 3307 4307 rapit,
3353 4239 3410 4291 et
3455 4234 3747 4309 dispergit

2085 4345 2219 4385 oves
2250 4327 2424 4400 (Joan.
2460 4325 2533 4397 ι).
2571 4348 2597 4373 ››

2157 4442 2185 4467 ‹‹
2218 4417 2361 4473 Cum
2396 4415 2740 4469 immundus
2770 4415 3013 4486 spiritus
3031 4414 3318 4470 exieritab
3334 4414 3592 4483 homine,
3612 4432 3742 4470 am-

2085 4530 2112 4557 ‹‹
2147 4506 2312 4562 bulat
2342 4522 2444 4577 per
2471 4503 2597 4559 loca
2629 4504 2793 4560 arida
2822 4508 2881 4560 et
2911 4503 3216 4575 inaquosa.
3253 4526 3278 4554 η
3310 4504 3472 4572 Quod
3497 4503 3620 4558 haec
3662 4504 3743 4559 si-

327 4612 464 4668 ergo
494 4598 697 4649 contra
727 4592 892 4647 illum
925 4607 1090 4647 arma
1119 4589 1544 4663 persecutionis
1586 4592 1833 4659 exacuit,
1874 4592 1976 4664 qui
2008 4615 2053 4679 D
2087 4582 2356 4651 militudo
2388 4591 2720 4665 specialiter
2749 4593 2819 4647 ad
2852 4592 3187 4647 Judaeorum
3223 4590 3504 4665 populum
3556 4593 3742 4664 perti-

327 4683 454 4740 sine
484 4685 718 4756 peccato
747 4686 891 4749 erat,
906 4680 1113 4735 merito
1136 4679 1193 4734 in
1207 4679 1610 4752 peccatoribus
1626 4685 1972 4753 potestatem

329 4770 547 4838 amisit,
579 4769 825 4826 Domino
855 4768 1081 4824 dicente
1098 4784 1110 4822 :
1128 4792 1154 4817 ‹‹
1172 4766 1613 4836 Nunchoraest,
1632 4773 1693 4824 ut
1705 4770 1976 4843 princeps

328 4859 533 4916 mundi
547 4858 813 4930 ejiciatur
827 4857 1285 4929 foras(Joan.x1I).
1299 4880 1318 4907 ι
1335 4857 1627 4913 Etiterum
1644 4858 1699 4912 in
1716 4859 1972 4931 Evange-

326 4947 437 5004 lio:
471 4971 499 4998 «
532 4947 813 5003 Videbam
844 4947 1121 5003 Satanam
1153 4944 1593 5019 sicutfulgurde
1614 4947 1975 5003 coelocaden-

327 5040 444 5092 tem
478 5037 624 5109 (Luc.
656 5039 771 5105 xu).
804 5057 832 5087 »
866 5035 989 5091 Non
1021 5040 1255 5091 venerat
1270 5034 1555 5091 Dominus
1588 5040 1650 5091 ut
1667 5054 1849 5092 unum
1871 5037 1971 5093 ho-

328 5125 547 5181 minem
580 5125 948 5181 solummodo
979 5142 1008 5181 a
1041 5124 1328 5181 damonio
1360 5124 1649 5193 liberaret,
1675 5126 1775 5181 sed
1795 5126 1971 5182 etiam

327 5219 392 5270 ut
420 5215 492 5270 ab
524 5214 789 5269 universo
821 5230 1030 5285 genere
1060 5213 1319 5269 humano
1350 5215 1479 5285 ejus
1511 5219 1856 5286 potestatem
1871 5232 1970 5271 ex-

326 5301 586 5375 pelleret,
619 5301 773 5356 unde
786 5301 1167 5373 subjungitur
1182 5320 1194 5357 :
1212 5326 1237 5351 ‹‹
1255 5302 1534 5359 Universa
1550 5304 1851 5375 armaejus
1869 5322 1971 5360 au-

327 5413 356 5441 «
391 5390 554 5458 feret,
589 5391 646 5446 in
681 5389 898 5463 quibus
928 5389 1276 5447 conﬁdebat.
1315 5415 1335 5439 η
1370 5394 1546 5448 Arma
1576 5392 1812 5461 diaboli,
1836 5394 1975 5450 vitia

324 5482 382 5534 et
410 5484 649 5551 peccata
679 5482 838 5546 sunt,
860 5476 1057 5550 qualia
1087 5480 1581 5550 Apostolusdicit:
1619 5506 1645 5532 α
1670 5481 1974 5539 Manifesta

326 5572 522 5626 autem
556 5572 695 5624 sunt
726 5584 898 5640 opera
930 5566 1141 5634 carnis,
1194 5584 1320 5640 qua:
1353 5577 1491 5625 sunt
1541 5571 1970 5641 fornicationes,

325 5658 734 5733 immunditiis,
767 5656 1031 5728 luxuriae,
1065 5654 1355 5716 idolorum
1380 5659 1651 5733 servitus,
1673 5661 1973 5739 veneﬁcia,

2084 4682 2553 4749 neat,Matthaaus
2584 4680 2940 4753 evangelista
2970 4680 3277 4737 manifeste
3294 4681 3569 4748 declarat,
3598 4698 3739 4737 cum

2086 4777 2219 4846 post
2244 4771 2469 4827 ﬁnitam
2502 4769 2841 4842 parabolam
2884 4770 3199 4826 Dominum
3232 4770 3447 4826 dixisse
3477 4786 3739 4826 comme-

2085 4866 2306 4931 morat,
2368 4861 2524 4917 «Sic
2584 4861 2695 4916 erit
2742 4862 2799 4917 et
2852 4859 3212 4933 generationi
3269 4860 3405 4916 huic
3464 4861 3739 4932 pessimus

2085 4951 2407 5025 (Mutthall).
2444 4972 2471 4999 »
2523 4948 2678 5006 Nulli
2708 4948 2953 5005 dubium
3007 4955 3093 5005 est
3125 4950 3360 5021 quando
3404 4949 3592 5005 Judaei
3626 4955 3738 5004 Do-

2083 5040 2311 5095 minum
2345 5038 2671 5106 coluerunt,
2705 5043 2763 5094 et
2789 5037 2937 5111 legis
2956 5043 3240 5111 praecepta
3260 5039 3735 5106 observaverunt,

2080 5128 2452 5184 immundum
2487 5128 2759 5200 spiritum
2778 5127 2852 5183 ab
2868 5128 2953 5183 eis
2975 5127 3205 5183 exiisse.
3226 5128 3331 5193 Qui
3351 5126 3617 5183 ambulat
3633 5144 3741 5199 per

2081 5217 2207 5273 loca
2239 5217 2402 5272 arida
2432 5221 2489 5272 et
2506 5216 2809 5289 inaquosa,
2830 5216 2886 5271 id
2907 5214 3467 5289 estpersolitudines
3484 5220 3543 5271 et
3558 5217 3739 5271 corda

2082 5306 2439 5362 inﬁdelium:
2487 5305 2587 5377 qui
2615 5304 2762 5361 aridi
2815 5310 2979 5361 erant
3009 5322 3043 5361 a
3076 5304 3428 5378 pinguedine
3478 5304 3735 5378 Spiritus

2084 5396 2355 5461 sancti,et
2385 5394 2653 5466 inaquosi
2685 5394 2757 5448 ab
2785 5395 2943 5449 unda
2972 5393 3347 5468 baptismatis
3395 5393 3591 5449 alieni.
3622 5394 3734 5449 Sed

2084 5502 2215 5540 cum
2256 5483 2493 5539 Domino
2525 5483 2584 5537 in
2618 5483 2905 5538 mundum
2933 5483 3215 5551 veniente,
3240 5483 3487 5556 gentiles
3504 5499 3611 5556 per
3631 5500 3735 5540 un-

2082 5575 2216 5629 dam
2246 5571 2701 5646 baptismatis,et
2717 5572 2963 5645 gratiam
2983 5572 3235 5646 Spiritus
3266 5573 3450 5628 sancti
3482 5590 3516 5627 a
3539 5589 3602 5628 se
3622 5573 3729 5629 im-

2083 5663 2373 5722 mundum
2404 5661 2677 5739 spiritum
2698 5660 3025 5738 ejecissent,
3049 5685 3076 5715 ‹‹
3110 5678 3377 5740 quarens
3391 5661 3653 5741 requiem
3677 5666 3735 5722 et
