  <div class='ocr_page' id='page_1' title='image "/cluster/home/n/w/nwhite01/storage/ocr_20150623/118/hvd.32044073505158/136.png"; bbox 0 0 4028 6176; ppageno 0'>
   <div class='ocr_carea' id='block_1_1' title="bbox 200 354 2360 423">
    <p class='ocr_par' dir='ltr' id='par_1_1' title="bbox 200 354 2360 423">
     <span class='ocr_line' id='line_1_1' title="bbox 200 354 2360 423; baseline 0.003 -8"><span class='ocrx_word' id='word_1_1' title='bbox 200 354 293 416; x_wconf 76' lang='grc'>261</span> <span class='ocrx_word' id='word_1_2' title='bbox 1418 354 1772 420; x_wconf 72' lang='lat' dir='ltr'>HOMILLE</span> <span class='ocrx_word' id='word_1_3' title='bbox 1818 357 1915 420; x_wconf 87' lang='lat' dir='ltr'>DE</span> <span class='ocrx_word' id='word_1_4' title='bbox 1960 357 2360 423; x_wconf 76' lang='lat' dir='ltr'>&#39;I‘EMPORE.</span> 
     </span>
    </p>
   </div>
   <div class='ocr_carea' id='block_1_2' title="bbox 3472 367 3596 429">
    <p class='ocr_par' dir='ltr' id='par_1_2' title="bbox 3472 367 3596 429">
     <span class='ocr_line' id='line_1_2' title="bbox 3472 367 3596 429; baseline -0.008 -1"><span class='ocrx_word' id='word_1_5' title='bbox 3472 367 3596 429; x_wconf 76' lang='grc'>262</span> 
     </span>
    </p>
   </div>
   <div class='ocr_carea' id='block_1_3' title="bbox 201 486 3596 569">
    <p class='ocr_par' dir='ltr' id='par_1_3' title="bbox 201 486 3596 569">
     <span class='ocr_line' id='line_1_3' title="bbox 201 486 3596 569; baseline 0.005 -31"><span class='ocrx_word' id='word_1_6' title='bbox 201 511 225 538; x_wconf 83' lang='grc'>«</span> <span class='ocrx_word' id='word_1_7' title='bbox 248 504 346 543; x_wconf 92' lang='lat' dir='ltr'>non</span> <span class='ocrx_word' id='word_1_8' title='bbox 379 486 704 552; x_wconf 89' lang='lat' dir='ltr'>inveniens,</span> <span class='ocrx_word' id='word_1_9' title='bbox 733 486 901 542; x_wconf 83' lang='lat' dir='ltr'>dicit:</span> <span class='ocrx_word' id='word_1_10' title='bbox 934 488 1211 544; x_wconf 81' lang='lat' dir='ltr'>Revertar</span> <span class='ocrx_word' id='word_1_11' title='bbox 1240 488 1298 544; x_wconf 91' lang='lat' dir='ltr'>in</span> <span class='ocrx_word' id='word_1_12' title='bbox 1331 489 1572 546; x_wconf 92' lang='lat' dir='ltr'>domum</span> <span class='ocrx_word' id='word_1_13' title='bbox 1608 507 1821 559; x_wconf 88' lang='lat' dir='ltr'>meam,</span> <span class='ocrx_word' id='word_1_14' title='bbox 1853 494 1908 560; x_wconf 77' lang='grc' dir='ltr'>Α</span> <span class='ocrx_word' id='word_1_15' title='bbox 1938 508 2179 549; x_wconf 89' lang='lat' dir='ltr'>manum</span> <span class='ocrx_word' id='word_1_16' title='bbox 2214 510 2381 549; x_wconf 89' lang='lat' dir='ltr'>suam</span> <span class='ocrx_word' id='word_1_17' title='bbox 2416 493 2472 550; x_wconf 93' lang='lat' dir='ltr'>in</span> <span class='ocrx_word' id='word_1_18' title='bbox 2496 498 2779 564; x_wconf 90' lang='lat' dir='ltr'>aratrum,</span> <span class='ocrx_word' id='word_1_19' title='bbox 2808 497 2864 550; x_wconf 89' lang='lat' dir='ltr'>et</span> <span class='ocrx_word' id='word_1_20' title='bbox 2886 494 3202 568; x_wconf 80' lang='lat' dir='ltr'>respiciens</span> <span class='ocrx_word' id='word_1_21' title='bbox 3224 499 3399 564; x_wconf 90' lang='lat' dir='ltr'>retro,</span> <span class='ocrx_word' id='word_1_22' title='bbox 3424 500 3596 569; x_wconf 89' lang='lat' dir='ltr'>aptus</span> 
     </span>
    </p>
   </div>
   <div class='ocr_carea' id='block_1_4' title="bbox 202 575 1824 648">
    <p class='ocr_par' dir='ltr' id='par_1_4' title="bbox 202 575 1824 648">
     <span class='ocr_line' id='line_1_4' title="bbox 202 575 1824 648; baseline 0.002 -17"><span class='ocrx_word' id='word_1_23' title='bbox 202 600 219 626; x_wconf 83' lang='grc' dir='ltr'>ι</span> <span class='ocrx_word' id='word_1_24' title='bbox 251 577 391 632; x_wconf 89' lang='lat' dir='ltr'>unde</span> <span class='ocrx_word' id='word_1_25' title='bbox 415 575 580 631; x_wconf 82' lang='lat' dir='ltr'>exivi.</span> <span class='ocrx_word' id='word_1_26' title='bbox 610 599 637 624; x_wconf 85' lang='grc'><strong>››</strong></span> <span class='ocrx_word' id='word_1_27' title='bbox 655 576 815 641; x_wconf 87' lang='lat' dir='ltr'>Quod</span> <span class='ocrx_word' id='word_1_28' title='bbox 840 581 930 633; x_wconf 91' lang='lat' dir='ltr'>est</span> <span class='ocrx_word' id='word_1_29' title='bbox 955 577 1168 648; x_wconf 84' lang='lat' dir='ltr'>dicere,</span> <span class='ocrx_word' id='word_1_30' title='bbox 1188 579 1464 635; x_wconf 85' lang='lat' dir='ltr'>Revertar</span> <span class='ocrx_word' id='word_1_31' title='bbox 1479 580 1550 635; x_wconf 91' lang='lat' dir='ltr'>ad</span> <span class='ocrx_word' id='word_1_32' title='bbox 1572 579 1824 648; x_wconf 80' lang='lat' dir='ltr'>Judaeos,</span> 
     </span>
    </p>
   </div>
   <div class='ocr_carea' id='block_1_5' title="bbox 197 664 579 739">
    <p class='ocr_par' dir='ltr' id='par_1_5' title="bbox 197 664 579 739">
     <span class='ocr_line' id='line_1_5' title="bbox 197 664 579 739; baseline -0.01 -16"><span class='ocrx_word' id='word_1_33' title='bbox 197 682 323 739; x_wconf 86' lang='lat' dir='ltr'>quos</span> <span class='ocrx_word' id='word_1_34' title='bbox 344 664 579 738; x_wconf 86' lang='lat' dir='ltr'>reliqui.</span> 
     </span>
    </p>
   </div>
   <div class='ocr_carea' id='block_1_6' title="bbox 259 753 1831 830">
    <p class='ocr_par' dir='ltr' id='par_1_6' title="bbox 259 753 1831 830">
     <span class='ocr_line' id='line_1_6' title="bbox 259 753 1831 830; baseline 0.005 -25"><span class='ocrx_word' id='word_1_35' title='bbox 259 778 282 805; x_wconf 75' lang='grc' dir='ltr'><em>α</em></span> <span class='ocrx_word' id='word_1_36' title='bbox 306 756 525 811; x_wconf 87' lang='lat' dir='ltr'>Etcum</span> <span class='ocrx_word' id='word_1_37' title='bbox 553 754 792 824; x_wconf 78' lang='lat' dir='ltr'>venerit,</span> <span class='ocrx_word' id='word_1_38' title='bbox 822 753 1040 811; x_wconf 92' lang='lat' dir='ltr'>invenit</span> <span class='ocrx_word' id='word_1_39' title='bbox 1061 756 1256 830; x_wconf 90' lang='lat' dir='ltr'>scopis</span> <span class='ocrx_word' id='word_1_40' title='bbox 1283 758 1646 824; x_wconf 87' lang='lat' dir='ltr'>mundatam,</span> <span class='ocrx_word' id='word_1_41' title='bbox 1670 762 1725 813; x_wconf 89' lang='lat' dir='ltr'>et</span> <span class='ocrx_word' id='word_1_42' title='bbox 1745 775 1831 813; x_wconf 91' lang='lat' dir='ltr'>or-</span> 
     </span>
    </p>
   </div>
   <div class='ocr_carea' id='block_1_7' title="bbox 199 842 1827 918">
    <p class='ocr_par' dir='ltr' id='par_1_7' title="bbox 199 842 1827 918">
     <span class='ocr_line' id='line_1_7' title="bbox 199 842 1827 918; baseline 0.002 -19"><span class='ocrx_word' id='word_1_43' title='bbox 199 869 219 893; x_wconf 74' lang='lat' dir='ltr'>a</span> <span class='ocrx_word' id='word_1_44' title='bbox 243 848 451 899; x_wconf 87' lang='lat' dir='ltr'>natam.</span> <span class='ocrx_word' id='word_1_45' title='bbox 491 867 512 894; x_wconf 77' lang='grc' dir='ltr'><strong>ι</strong></span> <span class='ocrx_word' id='word_1_46' title='bbox 552 842 860 899; x_wconf 60' lang='lat' dir='ltr'>Mattheus</span> <span class='ocrx_word' id='word_1_47' title='bbox 890 861 1144 918; x_wconf 83' lang='lat' dir='ltr'>namque</span> <span class='ocrx_word' id='word_1_48' title='bbox 1175 844 1349 901; x_wconf 83' lang='lat' dir='ltr'>dicit:</span> <span class='ocrx_word' id='word_1_49' title='bbox 1383 868 1411 895; x_wconf 87' lang='grc'>‹‹</span> <span class='ocrx_word' id='word_1_50' title='bbox 1444 847 1671 902; x_wconf 78' lang='lat' dir='ltr'>Invenit</span> <span class='ocrx_word' id='word_1_51' title='bbox 1699 862 1827 902; x_wconf 90' lang='lat' dir='ltr'>eam</span> 
     </span>
    </p>
   </div>
   <div class='ocr_carea' id='block_1_8' title="bbox 197 934 1826 1006">
    <p class='ocr_par' dir='ltr' id='par_1_8' title="bbox 197 934 1826 1006">
     <span class='ocr_line' id='line_1_8' title="bbox 197 934 1826 1006; baseline 0.002 -18"><span class='ocrx_word' id='word_1_52' title='bbox 197 938 500 999; x_wconf 76' lang='lat' dir='ltr'>vacantem,</span> <span class='ocrx_word' id='word_1_53' title='bbox 554 934 746 1004; x_wconf 83' lang='lat' dir='ltr'>scopis</span> <span class='ocrx_word' id='word_1_54' title='bbox 796 935 1161 1002; x_wconf 90' lang='lat' dir='ltr'>mundatam,</span> <span class='ocrx_word' id='word_1_55' title='bbox 1197 937 1252 989; x_wconf 90' lang='lat' dir='ltr'>et</span> <span class='ocrx_word' id='word_1_56' title='bbox 1282 939 1549 992; x_wconf 89' lang='lat' dir='ltr'>ornatam</span> <span class='ocrx_word' id='word_1_57' title='bbox 1604 936 1826 1006; x_wconf 77' lang='lat' dir='ltr'>(Matth.</span> 
     </span>
    </p>
   </div>
   <div class='ocr_carea' id='block_1_9' title="bbox 195 1020 1829 1096">
    <p class='ocr_par' dir='ltr' id='par_1_9' title="bbox 195 1020 1829 1096">
     <span class='ocr_line' id='line_1_9' title="bbox 195 1020 1829 1096; baseline -0.001 -17"><span class='ocrx_word' id='word_1_58' title='bbox 195 1026 297 1090; x_wconf 74' lang='grc' dir='ltr'>ιη).</span> <span class='ocrx_word' id='word_1_59' title='bbox 326 1044 352 1071; x_wconf 78' lang='grc'>››</span> <span class='ocrx_word' id='word_1_60' title='bbox 382 1021 644 1077; x_wconf 73' lang='lat' dir='ltr'>Vacabat</span> <span class='ocrx_word' id='word_1_61' title='bbox 675 1020 830 1077; x_wconf 88' lang='lat' dir='ltr'>enim</span> <span class='ocrx_word' id='word_1_62' title='bbox 863 1022 1074 1078; x_wconf 89' lang='lat' dir='ltr'>domus</span> <span class='ocrx_word' id='word_1_63' title='bbox 1105 1023 1465 1092; x_wconf 72' lang='lat' dir='ltr'>Judmorum,</span> <span class='ocrx_word' id='word_1_64' title='bbox 1496 1024 1633 1096; x_wconf 85' lang='lat' dir='ltr'>quia</span> <span class='ocrx_word' id='word_1_65' title='bbox 1665 1023 1829 1079; x_wconf 89' lang='lat' dir='ltr'>Chri—</span> 
     </span>
    </p>
   </div>
   <div class='ocr_carea' id='block_1_10' title="bbox 196 1110 1830 1184">
    <p class='ocr_par' dir='ltr' id='par_1_10' title="bbox 196 1110 1830 1184">
     <span class='ocr_line' id='line_1_10' title="bbox 196 1110 1830 1184; baseline 0.001 -17"><span class='ocrx_word' id='word_1_66' title='bbox 196 1117 327 1168; x_wconf 87' lang='lat' dir='ltr'>stum</span> <span class='ocrx_word' id='word_1_67' title='bbox 378 1111 672 1184; x_wconf 92' lang='lat' dir='ltr'>hospitem</span> <span class='ocrx_word' id='word_1_68' title='bbox 707 1110 765 1166; x_wconf 93' lang='lat' dir='ltr'>in</span> <span class='ocrx_word' id='word_1_69' title='bbox 799 1128 860 1166; x_wconf 89' lang='lat' dir='ltr'>se</span> <span class='ocrx_word' id='word_1_70' title='bbox 893 1129 1006 1168; x_wconf 91' lang='lat' dir='ltr'>non</span> <span class='ocrx_word' id='word_1_71' title='bbox 1058 1111 1332 1180; x_wconf 91' lang='lat' dir='ltr'>habebat,</span> <span class='ocrx_word' id='word_1_72' title='bbox 1366 1112 1518 1168; x_wconf 86' lang='lat' dir='ltr'>sicut</span> <span class='ocrx_word' id='word_1_73' title='bbox 1548 1113 1830 1169; x_wconf 84' lang='lat' dir='ltr'>Dominus</span> 
     </span>
    </p>
   </div>
   <div class='ocr_carea' id='block_1_11' title="bbox 197 1199 1832 1273">
    <p class='ocr_par' dir='ltr' id='par_1_11' title="bbox 197 1199 1832 1273">
     <span class='ocr_line' id='line_1_11' title="bbox 197 1199 1832 1273; baseline 0 -17"><span class='ocrx_word' id='word_1_74' title='bbox 197 1202 294 1256; x_wconf 83' lang='lat' dir='ltr'>ait:</span> <span class='ocrx_word' id='word_1_75' title='bbox 326 1224 353 1249; x_wconf 74' lang='grc' dir='ltr'>«ε</span> <span class='ocrx_word' id='word_1_76' title='bbox 388 1201 534 1255; x_wconf 84' lang='lat' dir='ltr'>Ecce</span> <span class='ocrx_word' id='word_1_77' title='bbox 567 1199 928 1273; x_wconf 80' lang='lat' dir='ltr'>relinquetur</span> <span class='ocrx_word' id='word_1_78' title='bbox 956 1200 1119 1256; x_wconf 88' lang='lat' dir='ltr'>vobis</span> <span class='ocrx_word' id='word_1_79' title='bbox 1143 1201 1351 1258; x_wconf 89' lang='lat' dir='ltr'>domus</span> <span class='ocrx_word' id='word_1_80' title='bbox 1378 1206 1568 1257; x_wconf 86' lang='lat' dir='ltr'>vestra</span> <span class='ocrx_word' id='word_1_81' title='bbox 1601 1202 1832 1258; x_wconf 87' lang='lat' dir='ltr'>deserta</span> 
     </span>
    </p>
   </div>
   <div class='ocr_carea' id='block_1_12' title="bbox 196 1289 1829 1364">
    <p class='ocr_par' dir='ltr' id='par_1_12' title="bbox 196 1289 1829 1364">
     <span class='ocr_line' id='line_1_12' title="bbox 196 1289 1829 1364; baseline -0.001 -17"><span class='ocrx_word' id='word_1_82' title='bbox 196 1291 388 1359; x_wconf 76' lang='lat' dir='ltr'>(Matth.</span> <span class='ocrx_word' id='word_1_83' title='bbox 445 1290 629 1361; x_wconf 86' lang='lat' dir='ltr'>xxm).</span> <span class='ocrx_word' id='word_1_84' title='bbox 665 1312 690 1338; x_wconf 88' lang='grc'>››</span> <span class='ocrx_word' id='word_1_85' title='bbox 744 1312 768 1339; x_wconf 86' lang='grc'><strong>‹‹</strong></span> <span class='ocrx_word' id='word_1_86' title='bbox 801 1289 1004 1364; x_wconf 74' lang='lat' dir='ltr'>Scapis</span> <span class='ocrx_word' id='word_1_87' title='bbox 1050 1291 1416 1357; x_wconf 87' lang='lat' dir='ltr'>mundatam,</span> <span class='ocrx_word' id='word_1_88' title='bbox 1451 1311 1475 1342; x_wconf 73' lang='grc' dir='ltr'>ι»</span> <span class='ocrx_word' id='word_1_89' title='bbox 1524 1291 1829 1347; x_wconf 87' lang='lat' dir='ltr'>circumci-</span> 
     </span>
    </p>
   </div>
   <div class='ocr_carea' id='block_1_13' title="bbox 197 1377 1829 1449">
    <p class='ocr_par' dir='ltr' id='par_1_13' title="bbox 197 1377 1829 1449">
     <span class='ocr_line' id='line_1_13' title="bbox 197 1377 1829 1449; baseline 0 -14"><span class='ocrx_word' id='word_1_90' title='bbox 197 1380 334 1435; x_wconf 88' lang='lat' dir='ltr'>sione</span> <span class='ocrx_word' id='word_1_91' title='bbox 364 1382 419 1432; x_wconf 92' lang='lat' dir='ltr'>et</span> <span class='ocrx_word' id='word_1_92' title='bbox 452 1377 815 1445; x_wconf 68' lang='lat' dir='ltr'>caeremoniis</span> <span class='ocrx_word' id='word_1_93' title='bbox 847 1378 1202 1435; x_wconf 77' lang='lat' dir='ltr'>carnalibus.</span> <span class='ocrx_word' id='word_1_94' title='bbox 1238 1404 1266 1429; x_wconf 85' lang='lat'>»</span> <span class='ocrx_word' id='word_1_95' title='bbox 1291 1380 1589 1449; x_wconf 81' lang='lat' dir='ltr'>Ornatam,</span> <span class='ocrx_word' id='word_1_96' title='bbox 1628 1404 1653 1428; x_wconf 78' lang='grc' dir='ltr'><strong>υ</strong></span> <span class='ocrx_word' id='word_1_97' title='bbox 1688 1380 1829 1435; x_wconf 88' lang='lat' dir='ltr'>scri-</span> 
     </span>
    </p>
   </div>
   <div class='ocr_carea' id='block_1_14' title="bbox 198 1466 1526 1540">
    <p class='ocr_par' dir='ltr' id='par_1_14' title="bbox 198 1466 1526 1540">
     <span class='ocr_line' id='line_1_14' title="bbox 198 1466 1526 1540; baseline 0.002 -18"><span class='ocrx_word' id='word_1_98' title='bbox 198 1469 404 1535; x_wconf 82' lang='lat' dir='ltr'>barum,</span> <span class='ocrx_word' id='word_1_99' title='bbox 439 1472 500 1522; x_wconf 88' lang='lat' dir='ltr'>et</span> <span class='ocrx_word' id='word_1_100' title='bbox 529 1466 955 1523; x_wconf 78' lang='lat' dir='ltr'>Pharisaeorum</span> <span class='ocrx_word' id='word_1_101' title='bbox 990 1467 1526 1540; x_wconf 84' lang='lat' dir='ltr'>superstitionibus.</span> 
     </span>
    </p>
   </div>
   <div class='ocr_carea' id='block_1_15' title="bbox 259 1556 1830 1632">
    <p class='ocr_par' dir='ltr' id='par_1_15' title="bbox 259 1556 1830 1632">
     <span class='ocr_line' id='line_1_15' title="bbox 259 1556 1830 1632; baseline 0.002 -21"><span class='ocrx_word' id='word_1_102' title='bbox 259 1581 277 1605; x_wconf 82' lang='grc' dir='ltr'>ι</span> <span class='ocrx_word' id='word_1_103' title='bbox 309 1557 375 1611; x_wconf 87' lang='lat' dir='ltr'>Et</span> <span class='ocrx_word' id='word_1_104' title='bbox 403 1560 545 1612; x_wconf 91' lang='lat' dir='ltr'>tunc</span> <span class='ocrx_word' id='word_1_105' title='bbox 574 1556 734 1612; x_wconf 80' lang='lat' dir='ltr'>vadit</span> <span class='ocrx_word' id='word_1_106' title='bbox 776 1561 833 1612; x_wconf 90' lang='lat' dir='ltr'>et</span> <span class='ocrx_word' id='word_1_107' title='bbox 864 1556 1115 1613; x_wconf 83' lang='lat' dir='ltr'>assumit</span> <span class='ocrx_word' id='word_1_108' title='bbox 1145 1562 1367 1631; x_wconf 84' lang='lat' dir='ltr'>septem</span> <span class='ocrx_word' id='word_1_109' title='bbox 1410 1557 1556 1614; x_wconf 89' lang='lat' dir='ltr'>alios</span> <span class='ocrx_word' id='word_1_110' title='bbox 1587 1558 1830 1632; x_wconf 84' lang='lat' dir='ltr'>spiritus</span> 
     </span>
    </p>
   </div>
   <div class='ocr_carea' id='block_1_16' title="bbox 200 1646 1829 1719">
    <p class='ocr_par' dir='ltr' id='par_1_16' title="bbox 200 1646 1829 1719">
     <span class='ocr_line' id='line_1_16' title="bbox 200 1646 1829 1719; baseline 0.002 -18"><span class='ocrx_word' id='word_1_111' title='bbox 200 1668 220 1694; x_wconf 85' lang='lat'><strong>«</strong></span> <span class='ocrx_word' id='word_1_112' title='bbox 248 1646 549 1718; x_wconf 84' lang='lat' dir='ltr'>nequiores</span> <span class='ocrx_word' id='word_1_113' title='bbox 589 1663 673 1715; x_wconf 90' lang='lat' dir='ltr'>se,</span> <span class='ocrx_word' id='word_1_114' title='bbox 705 1649 762 1701; x_wconf 91' lang='lat' dir='ltr'>et</span> <span class='ocrx_word' id='word_1_115' title='bbox 792 1646 1041 1719; x_wconf 87' lang='lat' dir='ltr'>ingressi</span> <span class='ocrx_word' id='word_1_116' title='bbox 1080 1647 1351 1702; x_wconf 90' lang='lat' dir='ltr'>habitant</span> <span class='ocrx_word' id='word_1_117' title='bbox 1382 1647 1480 1703; x_wconf 88' lang='lat' dir='ltr'>ibi.</span> <span class='ocrx_word' id='word_1_118' title='bbox 1521 1672 1548 1696; x_wconf 83' lang='grc'><strong>››</strong></span> <span class='ocrx_word' id='word_1_119' title='bbox 1585 1652 1829 1704; x_wconf 89' lang='lat' dir='ltr'>Domum</span> 
     </span>
    </p>
   </div>
   <div class='ocr_carea' id='block_1_17' title="bbox 198 1735 1835 1810">
    <p class='ocr_par' dir='ltr' id='par_1_17' title="bbox 198 1735 1835 1810">
     <span class='ocr_line' id='line_1_17' title="bbox 198 1735 1835 1810; baseline 0.001 -19"><span class='ocrx_word' id='word_1_120' title='bbox 198 1752 351 1808; x_wconf 87' lang='lat' dir='ltr'>quam</span> <span class='ocrx_word' id='word_1_121' title='bbox 371 1740 681 1807; x_wconf 83' lang='lat' dir='ltr'>vacantem</span> <span class='ocrx_word' id='word_1_122' title='bbox 703 1735 940 1801; x_wconf 79' lang='lat' dir='ltr'>invenit,</span> <span class='ocrx_word' id='word_1_123' title='bbox 965 1753 1080 1791; x_wconf 89' lang='lat' dir='ltr'>non</span> <span class='ocrx_word' id='word_1_124' title='bbox 1108 1735 1300 1792; x_wconf 90' lang='lat' dir='ltr'>solum</span> <span class='ocrx_word' id='word_1_125' title='bbox 1322 1736 1446 1810; x_wconf 91' lang='lat' dir='ltr'>ipse</span> <span class='ocrx_word' id='word_1_126' title='bbox 1469 1737 1568 1809; x_wconf 89' lang='lat' dir='ltr'>qui</span> <span class='ocrx_word' id='word_1_127' title='bbox 1593 1737 1835 1809; x_wconf 51' lang='lat' dir='ltr'>relique:</span> 
     </span>
    </p>
   </div>
   <div class='ocr_carea' id='block_1_18' title="bbox 196 1823 1908 1931">
    <p class='ocr_par' dir='ltr' id='par_1_18' title="bbox 196 1823 1908 1931">
     <span class='ocr_line' id='line_1_18' title="bbox 196 1823 1908 1931; baseline 0.001 -52"><span class='ocrx_word' id='word_1_128' title='bbox 196 1828 270 1879; x_wconf 86' lang='lat' dir='ltr'>rat</span> <span class='ocrx_word' id='word_1_129' title='bbox 292 1823 530 1891; x_wconf 83' lang='lat' dir='ltr'>invadit,</span> <span class='ocrx_word' id='word_1_130' title='bbox 561 1823 663 1879; x_wconf 90' lang='lat' dir='ltr'>sed</span> <span class='ocrx_word' id='word_1_131' title='bbox 684 1824 857 1879; x_wconf 89' lang='lat' dir='ltr'>etiam</span> <span class='ocrx_word' id='word_1_132' title='bbox 886 1823 1030 1880; x_wconf 89' lang='lat' dir='ltr'>alios</span> <span class='ocrx_word' id='word_1_133' title='bbox 1056 1830 1277 1897; x_wconf 89' lang='lat' dir='ltr'>septem</span> <span class='ocrx_word' id='word_1_134' title='bbox 1298 1826 1609 1898; x_wconf 88' lang='lat' dir='ltr'>nequiores</span> <span class='ocrx_word' id='word_1_135' title='bbox 1630 1843 1830 1882; x_wconf 88' lang='lat' dir='ltr'>secum</span> <span class='ocrx_word' id='word_1_136' title='bbox 1864 1867 1908 1931; x_wconf 79' lang='grc' dir='ltr'><strong>Β</strong></span> 
     </span>
    </p>
   </div>
   <div class='ocr_carea' id='block_1_19' title="bbox 196 1912 1828 1987">
    <p class='ocr_par' dir='ltr' id='par_1_19' title="bbox 196 1912 1828 1987">
     <span class='ocr_line' id='line_1_19' title="bbox 196 1912 1828 1987; baseline 0.001 -18"><span class='ocrx_word' id='word_1_137' title='bbox 196 1913 444 1980; x_wconf 84' lang='lat' dir='ltr'>assumit,</span> <span class='ocrx_word' id='word_1_138' title='bbox 494 1912 552 1967; x_wconf 92' lang='lat' dir='ltr'>id</span> <span class='ocrx_word' id='word_1_139' title='bbox 586 1918 675 1967; x_wconf 85' lang='lat' dir='ltr'>est</span> <span class='ocrx_word' id='word_1_140' title='bbox 705 1917 924 1984; x_wconf 89' lang='lat' dir='ltr'>septem</span> <span class='ocrx_word' id='word_1_141' title='bbox 959 1913 1096 1969; x_wconf 85' lang='lat' dir='ltr'>vitia</span> <span class='ocrx_word' id='word_1_142' title='bbox 1128 1914 1494 1987; x_wconf 82' lang='lat' dir='ltr'>principalia,</span> <span class='ocrx_word' id='word_1_143' title='bbox 1529 1933 1655 1987; x_wconf 66' lang='lat' dir='ltr'>qua:</span> <span class='ocrx_word' id='word_1_144' title='bbox 1688 1918 1828 1972; x_wconf 88' lang='lat' dir='ltr'>sunt</span> 
     </span>
    </p>
   </div>
   <div class='ocr_carea' id='block_1_20' title="bbox 195 2000 1830 2076">
    <p class='ocr_par' dir='ltr' id='par_1_20' title="bbox 195 2000 1830 2076">
     <span class='ocr_line' id='line_1_20' title="bbox 195 2000 1830 2076; baseline 0.001 -18"><span class='ocrx_word' id='word_1_145' title='bbox 195 2002 467 2076; x_wconf 87' lang='lat' dir='ltr'>superbia,</span> <span class='ocrx_word' id='word_1_146' title='bbox 488 2000 647 2075; x_wconf 88' lang='lat' dir='ltr'>gula,</span> <span class='ocrx_word' id='word_1_147' title='bbox 670 2002 993 2069; x_wconf 90' lang='lat' dir='ltr'>fornicatio,</span> <span class='ocrx_word' id='word_1_148' title='bbox 1012 2003 1273 2071; x_wconf 89' lang='lat' dir='ltr'>avaritia,</span> <span class='ocrx_word' id='word_1_149' title='bbox 1293 2003 1400 2072; x_wconf 85' lang='lat' dir='ltr'>ira,</span> <span class='ocrx_word' id='word_1_150' title='bbox 1418 2004 1830 2066; x_wconf 87' lang='lat' dir='ltr'>tristitia,vana</span> 
     </span>
    </p>
   </div>
   <div class='ocr_carea' id='block_1_21' title="bbox 194 2091 1827 2165">
    <p class='ocr_par' dir='ltr' id='par_1_21' title="bbox 194 2091 1827 2165">
     <span class='ocr_line' id='line_1_21' title="bbox 194 2091 1827 2165; baseline 0.002 -19"><span class='ocrx_word' id='word_1_151' title='bbox 194 2091 376 2165; x_wconf 82' lang='lat' dir='ltr'>gloria.</span> <span class='ocrx_word' id='word_1_152' title='bbox 396 2091 560 2147; x_wconf 90' lang='lat' dir='ltr'>Sicut</span> <span class='ocrx_word' id='word_1_153' title='bbox 577 2092 733 2147; x_wconf 89' lang='lat' dir='ltr'>enim</span> <span class='ocrx_word' id='word_1_154' title='bbox 754 2091 1119 2164; x_wconf 79' lang='lat' dir='ltr'>septenarius</span> <span class='ocrx_word' id='word_1_155' title='bbox 1138 2110 1420 2149; x_wconf 89' lang='lat' dir='ltr'>numerus</span> <span class='ocrx_word' id='word_1_156' title='bbox 1440 2110 1571 2149; x_wconf 89' lang='lat' dir='ltr'>cum</span> <span class='ocrx_word' id='word_1_157' title='bbox 1600 2094 1656 2148; x_wconf 88' lang='lat' dir='ltr'>in</span> <span class='ocrx_word' id='word_1_158' title='bbox 1677 2095 1827 2149; x_wconf 87' lang='lat' dir='ltr'>bono</span> 
     </span>
    </p>
   </div>
   <div class='ocr_carea' id='block_1_22' title="bbox 193 2180 1829 2255">
    <p class='ocr_par' dir='ltr' id='par_1_22' title="bbox 193 2180 1829 2255">
     <span class='ocr_line' id='line_1_22' title="bbox 193 2180 1829 2255; baseline 0.002 -20"><span class='ocrx_word' id='word_1_159' title='bbox 193 2181 429 2253; x_wconf 89' lang='lat' dir='ltr'>ponitur,</span> <span class='ocrx_word' id='word_1_160' title='bbox 464 2197 670 2237; x_wconf 89' lang='lat' dir='ltr'>omnes</span> <span class='ocrx_word' id='word_1_161' title='bbox 701 2180 963 2248; x_wconf 83' lang='lat' dir='ltr'>virtutes,</span> <span class='ocrx_word' id='word_1_162' title='bbox 1009 2198 1135 2253; x_wconf 78' lang='lat' dir='ltr'>quae</span> <span class='ocrx_word' id='word_1_163' title='bbox 1166 2199 1269 2254; x_wconf 90' lang='lat' dir='ltr'>per</span> <span class='ocrx_word' id='word_1_164' title='bbox 1295 2182 1543 2255; x_wconf 82' lang='lat' dir='ltr'>gratiam</span> <span class='ocrx_word' id='word_1_165' title='bbox 1575 2182 1829 2254; x_wconf 77' lang='lat' dir='ltr'>Spiritus</span> 
     </span>
    </p>
   </div>
   <div class='ocr_carea' id='block_1_23' title="bbox 194 2269 1826 2343">
    <p class='ocr_par' dir='ltr' id='par_1_23' title="bbox 194 2269 1826 2343">
     <span class='ocr_line' id='line_1_23' title="bbox 194 2269 1826 2343; baseline 0.002 -19"><span class='ocrx_word' id='word_1_166' title='bbox 194 2271 358 2325; x_wconf 87' lang='lat' dir='ltr'>sancti</span> <span class='ocrx_word' id='word_1_167' title='bbox 386 2269 655 2325; x_wconf 82' lang='lat' dir='ltr'>tidelibus</span> <span class='ocrx_word' id='word_1_168' title='bbox 672 2270 906 2337; x_wconf 88' lang='lat' dir='ltr'>dantur,</span> <span class='ocrx_word' id='word_1_169' title='bbox 930 2270 1241 2341; x_wconf 80' lang='lat' dir='ltr'>significat,</span> <span class='ocrx_word' id='word_1_170' title='bbox 1262 2273 1345 2327; x_wconf 92' lang='lat' dir='ltr'>sic</span> <span class='ocrx_word' id='word_1_171' title='bbox 1367 2290 1500 2326; x_wconf 91' lang='lat' dir='ltr'>cum</span> <span class='ocrx_word' id='word_1_172' title='bbox 1525 2289 1627 2343; x_wconf 92' lang='lat' dir='ltr'>pro</span> <span class='ocrx_word' id='word_1_173' title='bbox 1651 2271 1826 2337; x_wconf 85' lang='lat' dir='ltr'>malo,</span> 
     </span>
    </p>
   </div>
   <div class='ocr_carea' id='block_1_24' title="bbox 194 2359 1829 2431">
    <p class='ocr_par' dir='ltr' id='par_1_24' title="bbox 194 2359 1829 2431">
     <span class='ocr_line' id='line_1_24' title="bbox 194 2359 1829 2431; baseline 0.001 -17"><span class='ocrx_word' id='word_1_174' title='bbox 194 2360 373 2415; x_wconf 87' lang='lat' dir='ltr'>omnia</span> <span class='ocrx_word' id='word_1_175' title='bbox 396 2359 537 2415; x_wconf 87' lang='lat' dir='ltr'>vitia</span> <span class='ocrx_word' id='word_1_176' title='bbox 558 2376 684 2431; x_wconf 72' lang='lat' dir='ltr'>qua:</span> <span class='ocrx_word' id='word_1_177' title='bbox 711 2359 1026 2415; x_wconf 88' lang='lat' dir='ltr'>virtutibus</span> <span class='ocrx_word' id='word_1_178' title='bbox 1044 2364 1182 2415; x_wconf 89' lang='lat' dir='ltr'>sunt</span> <span class='ocrx_word' id='word_1_179' title='bbox 1201 2361 1511 2416; x_wconf 89' lang='lat' dir='ltr'>contraria.</span> <span class='ocrx_word' id='word_1_180' title='bbox 1535 2385 1560 2410; x_wconf 91' lang='grc'>‹‹</span> <span class='ocrx_word' id='word_1_181' title='bbox 1588 2362 1657 2416; x_wconf 87' lang='lat' dir='ltr'>Et</span> <span class='ocrx_word' id='word_1_182' title='bbox 1679 2362 1829 2415; x_wconf 80' lang='lat' dir='ltr'>fiunt</span> 
     </span>
    </p>
   </div>
   <div class='ocr_carea' id='block_1_25' title="bbox 195 2447 1827 2522">
    <p class='ocr_par' dir='ltr' id='par_1_25' title="bbox 195 2447 1827 2522">
     <span class='ocr_line' id='line_1_25' title="bbox 195 2447 1827 2522; baseline 0.001 -19"><span class='ocrx_word' id='word_1_183' title='bbox 195 2472 218 2497; x_wconf 77' lang='grc' dir='ltr'>α</span> <span class='ocrx_word' id='word_1_184' title='bbox 248 2448 556 2504; x_wconf 86' lang='lat' dir='ltr'>novissima</span> <span class='ocrx_word' id='word_1_185' title='bbox 582 2447 839 2503; x_wconf 87' lang='lat' dir='ltr'>hominis</span> <span class='ocrx_word' id='word_1_186' title='bbox 866 2448 1025 2503; x_wconf 90' lang='lat' dir='ltr'>illius</span> <span class='ocrx_word' id='word_1_187' title='bbox 1047 2449 1245 2521; x_wconf 83' lang='lat' dir='ltr'>pejora</span> <span class='ocrx_word' id='word_1_188' title='bbox 1273 2448 1567 2522; x_wconf 86' lang='lat' dir='ltr'>prioribus</span> <span class='ocrx_word' id='word_1_189' title='bbox 1594 2472 1619 2498; x_wconf 85' lang='grc'><strong>››</strong></span> <span class='ocrx_word' id='word_1_190' title='bbox 1644 2450 1827 2505; x_wconf 89' lang='lat' dir='ltr'>Multo</span> 
     </span>
    </p>
   </div>
   <div class='ocr_carea' id='block_1_26' title="bbox 195 2536 1829 2611">
    <p class='ocr_par' dir='ltr' id='par_1_26' title="bbox 195 2536 1829 2611">
     <span class='ocr_line' id='line_1_26' title="bbox 195 2536 1829 2611; baseline 0.001 -19"><span class='ocrx_word' id='word_1_191' title='bbox 195 2538 334 2593; x_wconf 85' lang='lat' dir='ltr'>enim</span> <span class='ocrx_word' id='word_1_192' title='bbox 366 2554 520 2593; x_wconf 89' lang='lat' dir='ltr'>nunc</span> <span class='ocrx_word' id='word_1_193' title='bbox 553 2537 779 2610; x_wconf 85' lang='lat' dir='ltr'>pejores</span> <span class='ocrx_word' id='word_1_194' title='bbox 806 2542 943 2593; x_wconf 89' lang='lat' dir='ltr'>sunt</span> <span class='ocrx_word' id='word_1_195' title='bbox 968 2536 1174 2606; x_wconf 64' lang='lat' dir='ltr'>Judaei,</span> <span class='ocrx_word' id='word_1_196' title='bbox 1204 2555 1379 2611; x_wconf 88' lang='lat' dir='ltr'>quam</span> <span class='ocrx_word' id='word_1_197' title='bbox 1408 2542 1725 2611; x_wconf 89' lang='lat' dir='ltr'>antequam</span> <span class='ocrx_word' id='word_1_198' title='bbox 1748 2538 1829 2594; x_wconf 88' lang='lat' dir='ltr'>le-</span> 
     </span>
    </p>
   </div>
   <div class='ocr_carea' id='block_1_27' title="bbox 198 2625 1830 2699">
    <p class='ocr_par' dir='ltr' id='par_1_27' title="bbox 198 2625 1830 2699">
     <span class='ocr_line' id='line_1_27' title="bbox 198 2625 1830 2699; baseline 0 -18"><span class='ocrx_word' id='word_1_199' title='bbox 198 2642 313 2696; x_wconf 82' lang='lat' dir='ltr'>gem</span> <span class='ocrx_word' id='word_1_200' title='bbox 342 2626 719 2698; x_wconf 85' lang='lat' dir='ltr'>accepissent,</span> <span class='ocrx_word' id='word_1_201' title='bbox 767 2625 946 2681; x_wconf 87' lang='lat' dir='ltr'>relicti</span> <span class='ocrx_word' id='word_1_202' title='bbox 982 2644 1015 2681; x_wconf 92' lang='lat' dir='ltr'>a</span> <span class='ocrx_word' id='word_1_203' title='bbox 1064 2626 1197 2694; x_wconf 90' lang='lat' dir='ltr'>Deo,</span> <span class='ocrx_word' id='word_1_204' title='bbox 1232 2632 1289 2682; x_wconf 90' lang='lat' dir='ltr'>et</span> <span class='ocrx_word' id='word_1_205' title='bbox 1322 2626 1446 2682; x_wconf 88' lang='lat' dir='ltr'>sine</span> <span class='ocrx_word' id='word_1_206' title='bbox 1495 2627 1619 2699; x_wconf 86' lang='lat' dir='ltr'>lege</span> <span class='ocrx_word' id='word_1_207' title='bbox 1647 2633 1702 2682; x_wconf 91' lang='lat' dir='ltr'>et</span> <span class='ocrx_word' id='word_1_208' title='bbox 1732 2644 1830 2683; x_wconf 88' lang='lat' dir='ltr'>sa-</span> 
     </span>
    </p>
   </div>
   <div class='ocr_carea' id='block_1_28' title="bbox 196 2714 1832 2788">
    <p class='ocr_par' dir='ltr' id='par_1_28' title="bbox 196 2714 1832 2788">
     <span class='ocr_line' id='line_1_28' title="bbox 196 2714 1832 2788; baseline 0.002 -20"><span class='ocrx_word' id='word_1_209' title='bbox 196 2714 428 2770; x_wconf 86' lang='lat' dir='ltr'>cerdotio</span> <span class='ocrx_word' id='word_1_210' title='bbox 461 2714 616 2781; x_wconf 87' lang='lat' dir='ltr'>facti,</span> <span class='ocrx_word' id='word_1_211' title='bbox 645 2719 701 2770; x_wconf 90' lang='lat' dir='ltr'>et</span> <span class='ocrx_word' id='word_1_212' title='bbox 727 2715 973 2787; x_wconf 87' lang='lat' dir='ltr'>dispersi</span> <span class='ocrx_word' id='word_1_213' title='bbox 998 2716 1068 2770; x_wconf 91' lang='lat' dir='ltr'>de</span> <span class='ocrx_word' id='word_1_214' title='bbox 1099 2721 1269 2788; x_wconf 88' lang='lat' dir='ltr'>gente</span> <span class='ocrx_word' id='word_1_215' title='bbox 1301 2716 1359 2771; x_wconf 93' lang='lat' dir='ltr'>in</span> <span class='ocrx_word' id='word_1_216' title='bbox 1390 2720 1642 2788; x_wconf 84' lang='lat' dir='ltr'>gentem,</span> <span class='ocrx_word' id='word_1_217' title='bbox 1675 2721 1731 2772; x_wconf 88' lang='lat' dir='ltr'>et</span> <span class='ocrx_word' id='word_1_218' title='bbox 1760 2717 1832 2772; x_wconf 91' lang='lat' dir='ltr'>de</span> 
     </span>
    </p>
   </div>
   <div class='ocr_carea' id='block_1_29' title="bbox 200 2802 1832 2877">
    <p class='ocr_par' dir='ltr' id='par_1_29' title="bbox 200 2802 1832 2877">
     <span class='ocr_line' id='line_1_29' title="bbox 200 2802 1832 2877; baseline 0.002 -20"><span class='ocrx_word' id='word_1_219' title='bbox 200 2819 360 2877; x_wconf 83' lang='lat' dir='ltr'>regno</span> <span class='ocrx_word' id='word_1_220' title='bbox 389 2803 447 2858; x_wconf 93' lang='lat' dir='ltr'>in</span> <span class='ocrx_word' id='word_1_221' title='bbox 495 2819 742 2876; x_wconf 86' lang='lat' dir='ltr'>regnum</span> <span class='ocrx_word' id='word_1_222' title='bbox 775 2804 846 2863; x_wconf 88' lang='lat' dir='ltr'>ad</span> <span class='ocrx_word' id='word_1_223' title='bbox 902 2802 1183 2876; x_wconf 87' lang='lat' dir='ltr'>pepulum</span> <span class='ocrx_word' id='word_1_224' title='bbox 1218 2804 1489 2860; x_wconf 90' lang='lat' dir='ltr'>alterum.</span> <span class='ocrx_word' id='word_1_225' title='bbox 1524 2803 1632 2861; x_wconf 88' lang='lat' dir='ltr'>Sed</span> <span class='ocrx_word' id='word_1_226' title='bbox 1668 2804 1832 2860; x_wconf 85' lang='lat' dir='ltr'>valde</span> 
     </span>
    </p>
   </div>
   <div class='ocr_carea' id='block_1_30' title="bbox 198 2891 1833 2958">
    <p class='ocr_par' dir='ltr' id='par_1_30' title="bbox 198 2891 1833 2958">
     <span class='ocr_line' id='line_1_30' title="bbox 198 2891 1833 2958; baseline 0.001 -12"><span class='ocrx_word' id='word_1_227' title='bbox 198 2892 497 2947; x_wconf 86' lang='lat' dir='ltr'>cavendum</span> <span class='ocrx_word' id='word_1_228' title='bbox 559 2897 670 2958; x_wconf 87' lang='lat' dir='ltr'>est,</span> <span class='ocrx_word' id='word_1_229' title='bbox 703 2909 775 2947; x_wconf 89' lang='lat' dir='ltr'>ne</span> <span class='ocrx_word' id='word_1_230' title='bbox 838 2892 981 2948; x_wconf 84' lang='lat' dir='ltr'>forte</span> <span class='ocrx_word' id='word_1_231' title='bbox 1038 2891 1175 2949; x_wconf 90' lang='lat' dir='ltr'>vitia</span> <span class='ocrx_word' id='word_1_232' title='bbox 1236 2893 1570 2949; x_wconf 78' lang='lat' dir='ltr'>Judaeorum</span> <span class='ocrx_word' id='word_1_233' title='bbox 1624 2894 1695 2949; x_wconf 91' lang='lat' dir='ltr'>ad</span> <span class='ocrx_word' id='word_1_234' title='bbox 1727 2910 1833 2949; x_wconf 91' lang='lat' dir='ltr'>nos</span> 
     </span>
    </p>
   </div>
   <div class='ocr_carea' id='block_1_31' title="bbox 197 2981 1834 3056">
    <p class='ocr_par' dir='ltr' id='par_1_31' title="bbox 197 2981 1834 3056">
     <span class='ocr_line' id='line_1_31' title="bbox 197 2981 1834 3056; baseline 0.002 -21"><span class='ocrx_word' id='word_1_235' title='bbox 197 2985 495 3038; x_wconf 84' lang='lat' dir='ltr'>transeant.</span> <span class='ocrx_word' id='word_1_236' title='bbox 555 2982 647 3037; x_wconf 81' lang='lat' dir='ltr'>Ait</span> <span class='ocrx_word' id='word_1_237' title='bbox 703 2981 901 3037; x_wconf 89' lang='lat' dir='ltr'>enim:</span> <span class='ocrx_word' id='word_1_238' title='bbox 938 3004 965 3031; x_wconf 83' lang='lat'><strong>«</strong></span> <span class='ocrx_word' id='word_1_239' title='bbox 1000 2981 1143 3038; x_wconf 89' lang='lat' dir='ltr'>Cum</span> <span class='ocrx_word' id='word_1_240' title='bbox 1194 2982 1538 3039; x_wconf 92' lang='lat' dir='ltr'>immundus</span> <span class='ocrx_word' id='word_1_241' title='bbox 1590 2983 1834 3056; x_wconf 89' lang='lat' dir='ltr'>spiritus</span> 
     </span>
    </p>
   </div>
   <div class='ocr_carea' id='block_1_32' title="bbox 198 3070 1836 3127">
    <p class='ocr_par' dir='ltr' id='par_1_32' title="bbox 198 3070 1836 3127">
     <span class='ocr_line' id='line_1_32' title="bbox 198 3070 1836 3127; baseline 0.001 -3"><span class='ocrx_word' id='word_1_242' title='bbox 198 3071 385 3127; x_wconf 79' lang='lat' dir='ltr'>exierit</span> <span class='ocrx_word' id='word_1_243' title='bbox 414 3072 483 3127; x_wconf 88' lang='lat' dir='ltr'>ab</span> <span class='ocrx_word' id='word_1_244' title='bbox 516 3071 772 3127; x_wconf 90' lang='lat' dir='ltr'>homine.</span> <span class='ocrx_word' id='word_1_245' title='bbox 803 3095 830 3122; x_wconf 83' lang='lat'>»</span> <span class='ocrx_word' id='word_1_246' title='bbox 863 3070 1068 3126; x_wconf 90' lang='lat' dir='ltr'>Omnis</span> <span class='ocrx_word' id='word_1_247' title='bbox 1099 3072 1255 3127; x_wconf 91' lang='lat' dir='ltr'>enim</span> <span class='ocrx_word' id='word_1_248' title='bbox 1279 3072 1559 3127; x_wconf 87' lang='lat' dir='ltr'>catholica</span> <span class='ocrx_word' id='word_1_249' title='bbox 1579 3071 1836 3127; x_wconf 84' lang='lat' dir='ltr'>Ecclesia</span> 
     </span>
    </p>
   </div>
   <div class='ocr_carea' id='block_1_33' title="bbox 195 3159 1837 3233">
    <p class='ocr_par' dir='ltr' id='par_1_33' title="bbox 195 3159 1837 3233">
     <span class='ocr_line' id='line_1_33' title="bbox 195 3159 1837 3233; baseline 0.001 -21"><span class='ocrx_word' id='word_1_250' title='bbox 195 3159 384 3226; x_wconf 84' lang='lat' dir='ltr'>credit,</span> <span class='ocrx_word' id='word_1_251' title='bbox 409 3160 561 3232; x_wconf 88' lang='lat' dir='ltr'>quod</span> <span class='ocrx_word' id='word_1_252' title='bbox 594 3177 698 3233; x_wconf 88' lang='lat' dir='ltr'>per</span> <span class='ocrx_word' id='word_1_253' title='bbox 722 3160 942 3215; x_wconf 89' lang='lat' dir='ltr'>undam</span> <span class='ocrx_word' id='word_1_254' title='bbox 968 3160 1339 3233; x_wconf 87' lang='lat' dir='ltr'>baptismatis</span> <span class='ocrx_word' id='word_1_255' title='bbox 1364 3164 1419 3215; x_wconf 90' lang='lat' dir='ltr'>et</span> <span class='ocrx_word' id='word_1_256' title='bbox 1444 3160 1691 3233; x_wconf 84' lang='lat' dir='ltr'>gratiam</span> <span class='ocrx_word' id='word_1_257' title='bbox 1713 3160 1810 3232; x_wconf 90' lang='lat' dir='ltr'>Spi</span> <span class='ocrx_word' id='word_1_258' title='bbox 1833 3194 1837 3198; x_wconf 69' lang='grc'><strong>›</strong></span> 
     </span>
    </p>
   </div>
   <div class='ocr_carea' id='block_1_34' title="bbox 1936 583 3593 657">
    <p class='ocr_par' dir='ltr' id='par_1_34' title="bbox 1936 583 3593 657">
     <span class='ocr_line' id='line_1_34' title="bbox 1936 583 3593 657; baseline 0.002 -21"><span class='ocrx_word' id='word_1_259' title='bbox 1936 586 2027 637; x_wconf 90' lang='lat' dir='ltr'>est</span> <span class='ocrx_word' id='word_1_260' title='bbox 2058 598 2236 655; x_wconf 87' lang='lat' dir='ltr'>regno</span> <span class='ocrx_word' id='word_1_261' title='bbox 2268 583 2366 638; x_wconf 89' lang='lat' dir='ltr'>Dei</span> <span class='ocrx_word' id='word_1_262' title='bbox 2402 585 2553 655; x_wconf 83' lang='lat' dir='ltr'>(Luc.</span> <span class='ocrx_word' id='word_1_263' title='bbox 2600 588 2699 653; x_wconf 84' lang='lat' dir='ltr'>1x).</span> <span class='ocrx_word' id='word_1_264' title='bbox 2736 606 2764 633; x_wconf 77' lang='grc' dir='ltr'>›ι</span> <span class='ocrx_word' id='word_1_265' title='bbox 2810 584 2935 640; x_wconf 90' lang='lat' dir='ltr'>Non</span> <span class='ocrx_word' id='word_1_266' title='bbox 2976 584 3129 639; x_wconf 91' lang='lat' dir='ltr'>enim</span> <span class='ocrx_word' id='word_1_267' title='bbox 3164 600 3334 657; x_wconf 62' lang='lat' dir='ltr'>poena</span> <span class='ocrx_word' id='word_1_268' title='bbox 3364 601 3467 656; x_wconf 87' lang='lat' dir='ltr'>par</span> <span class='ocrx_word' id='word_1_269' title='bbox 3498 586 3593 640; x_wconf 70' lang='lat' dir='ltr'>de-</span> 
     </span>
    </p>
   </div>
   <div class='ocr_carea' id='block_1_35' title="bbox 1844 668 3597 745">
    <p class='ocr_par' dir='ltr' id='par_1_35' title="bbox 1844 668 3597 745">
     <span class='ocr_line' id='line_1_35' title="bbox 1844 668 3597 745; baseline 0.003 -22"><span class='ocrx_word' id='word_1_270' title='bbox 1844 728 1847 731; x_wconf 96' lang='lat'><em>_</em></span> <span class='ocrx_word' id='word_1_271' title='bbox 1938 668 2109 725; x_wconf 86' lang='lat' dir='ltr'>betur</span> <span class='ocrx_word' id='word_1_272' title='bbox 2153 670 2224 735; x_wconf 86' lang='lat' dir='ltr'>ei,</span> <span class='ocrx_word' id='word_1_273' title='bbox 2287 671 2387 743; x_wconf 87' lang='lat' dir='ltr'>qui</span> <span class='ocrx_word' id='word_1_274' title='bbox 2448 671 2699 728; x_wconf 90' lang='lat' dir='ltr'>multum</span> <span class='ocrx_word' id='word_1_275' title='bbox 2732 690 2745 741; x_wconf 91' lang='lat'><strong>;</strong></span> <span class='ocrx_word' id='word_1_276' title='bbox 2778 677 2831 729; x_wconf 90' lang='lat' dir='ltr'>et</span> <span class='ocrx_word' id='word_1_277' title='bbox 2875 671 2979 741; x_wconf 92' lang='lat' dir='ltr'>illi,</span> <span class='ocrx_word' id='word_1_278' title='bbox 3036 674 3134 745; x_wconf 90' lang='lat' dir='ltr'>qui</span> <span class='ocrx_word' id='word_1_279' title='bbox 3194 689 3403 745; x_wconf 91' lang='lat' dir='ltr'>parum</span> <span class='ocrx_word' id='word_1_280' title='bbox 3459 689 3597 745; x_wconf 84' lang='lat' dir='ltr'>pec-</span> 
     </span>
    </p>
   </div>
   <div class='ocr_carea' id='block_1_36' title="bbox 1939 758 3597 835">
    <p class='ocr_par' dir='ltr' id='par_1_36' title="bbox 1939 758 3597 835">
     <span class='ocr_line' id='line_1_36' title="bbox 1939 758 3597 835; baseline 0.002 -21"><span class='ocrx_word' id='word_1_281' title='bbox 1939 763 2053 827; x_wconf 87' lang='lat' dir='ltr'>cat,</span> <span class='ocrx_word' id='word_1_282' title='bbox 2082 758 2327 815; x_wconf 86' lang='lat' dir='ltr'>Domino</span> <span class='ocrx_word' id='word_1_283' title='bbox 2361 761 2419 816; x_wconf 90' lang='lat' dir='ltr'>in</span> <span class='ocrx_word' id='word_1_284' title='bbox 2450 761 2761 835; x_wconf 87' lang='lat' dir='ltr'>Evangelio</span> <span class='ocrx_word' id='word_1_285' title='bbox 2808 762 3064 819; x_wconf 87' lang='lat' dir='ltr'>dicente:</span> <span class='ocrx_word' id='word_1_286' title='bbox 3101 787 3127 811; x_wconf 84' lang='grc'>‹‹</span> <span class='ocrx_word' id='word_1_287' title='bbox 3164 762 3375 817; x_wconf 89' lang='lat' dir='ltr'>Servus</span> <span class='ocrx_word' id='word_1_288' title='bbox 3407 761 3597 817; x_wconf 71' lang='lat' dir='ltr'>sricns</span> 
     </span>
    </p>
   </div>
   <div class='ocr_carea' id='block_1_37' title="bbox 1936 848 3597 924">
    <p class='ocr_par' dir='ltr' id='par_1_37' title="bbox 1936 848 3597 924">
     <span class='ocr_line' id='line_1_37' title="bbox 1936 848 3597 924; baseline 0.003 -22"><span class='ocrx_word' id='word_1_289' title='bbox 1936 848 2294 905; x_wconf 89' lang='lat' dir='ltr'>voluntatem</span> <span class='ocrx_word' id='word_1_290' title='bbox 2330 850 2557 907; x_wconf 89' lang='lat' dir='ltr'>Domini</span> <span class='ocrx_word' id='word_1_291' title='bbox 2590 850 2702 918; x_wconf 89' lang='lat' dir='ltr'>sui,</span> <span class='ocrx_word' id='word_1_292' title='bbox 2726 856 2783 907; x_wconf 91' lang='lat' dir='ltr'>et</span> <span class='ocrx_word' id='word_1_293' title='bbox 2808 868 2922 907; x_wconf 91' lang='lat' dir='ltr'>non</span> <span class='ocrx_word' id='word_1_294' title='bbox 2947 851 3192 908; x_wconf 84' lang='lat' dir='ltr'>facienst</span> <span class='ocrx_word' id='word_1_295' title='bbox 3214 849 3386 922; x_wconf 90' lang='lat' dir='ltr'>digne</span> <span class='ocrx_word' id='word_1_296' title='bbox 3407 849 3597 924; x_wconf 82' lang='lat' dir='ltr'>plagis</span> 
     </span>
    </p>
   </div>
   <div class='ocr_carea' id='block_1_38' title="bbox 1937 936 2861 1010">
    <p class='ocr_par' dir='ltr' id='par_1_38' title="bbox 1937 936 2861 1010">
     <span class='ocr_line' id='line_1_38' title="bbox 1937 936 2861 1010; baseline 0.003 -17"><span class='ocrx_word' id='word_1_297' title='bbox 1937 936 2235 1010; x_wconf 87' lang='lat' dir='ltr'>vapulabit</span> <span class='ocrx_word' id='word_1_298' title='bbox 2266 939 2466 995; x_wconf 91' lang='lat' dir='ltr'>multis</span> <span class='ocrx_word' id='word_1_299' title='bbox 2498 940 2648 1009; x_wconf 84' lang='lat' dir='ltr'>(Luc.</span> <span class='ocrx_word' id='word_1_300' title='bbox 2681 944 2803 1009; x_wconf 82' lang='lat' dir='ltr'>xu).</span> <span class='ocrx_word' id='word_1_301' title='bbox 2834 961 2861 989; x_wconf 83' lang='grc'><strong>››</strong></span> 
     </span>
    </p>
   </div>
   <div class='ocr_carea' id='block_1_39' title="bbox 2010 1027 3597 1100">
    <p class='ocr_par' dir='ltr' id='par_1_39' title="bbox 2010 1027 3597 1100">
     <span class='ocr_line' id='line_1_39' title="bbox 2010 1027 3597 1100; baseline 0.003 -19"><span class='ocrx_word' id='word_1_302' title='bbox 2010 1048 2037 1075; x_wconf 76' lang='grc' dir='ltr'><em>α</em></span> <span class='ocrx_word' id='word_1_303' title='bbox 2076 1027 2311 1082; x_wconf 83' lang='lat' dir='ltr'>Factum</span> <span class='ocrx_word' id='word_1_304' title='bbox 2346 1032 2435 1084; x_wconf 88' lang='lat' dir='ltr'>est</span> <span class='ocrx_word' id='word_1_305' title='bbox 2466 1033 2685 1100; x_wconf 86' lang='lat' dir='ltr'>autem,</span> <span class='ocrx_word' id='word_1_306' title='bbox 2727 1045 2859 1083; x_wconf 91' lang='lat' dir='ltr'>cum</span> <span class='ocrx_word' id='word_1_307' title='bbox 2895 1027 3016 1083; x_wconf 68' lang='lat' dir='ltr'>haec</span> <span class='ocrx_word' id='word_1_308' title='bbox 3046 1027 3283 1096; x_wconf 88' lang='lat' dir='ltr'>diceret,</span> <span class='ocrx_word' id='word_1_309' title='bbox 3316 1028 3597 1086; x_wconf 79' lang='lat' dir='ltr'>extollens</span> 
     </span>
    </p>
   </div>
   <div class='ocr_carea' id='block_1_40' title="bbox 1940 1116 3594 1192">
    <p class='ocr_par' dir='ltr' id='par_1_40' title="bbox 1940 1116 3594 1192">
     <span class='ocr_line' id='line_1_40' title="bbox 1940 1116 3594 1192; baseline 0.002 -22"><span class='ocrx_word' id='word_1_310' title='bbox 1940 1138 1966 1164; x_wconf 91' lang='grc'><strong><em>‹‹</em></strong></span> <span class='ocrx_word' id='word_1_311' title='bbox 2003 1132 2200 1173; x_wconf 76' lang='lat' dir='ltr'>vocem</span> <span class='ocrx_word' id='word_1_312' title='bbox 2231 1117 2496 1188; x_wconf 84' lang='lat' dir='ltr'>quaedam</span> <span class='ocrx_word' id='word_1_313' title='bbox 2530 1116 2742 1173; x_wconf 89' lang='lat' dir='ltr'>mulier</span> <span class='ocrx_word' id='word_1_314' title='bbox 2765 1118 2837 1174; x_wconf 89' lang='lat' dir='ltr'>de</span> <span class='ocrx_word' id='word_1_315' title='bbox 2860 1118 3051 1183; x_wconf 85' lang='lat' dir='ltr'>turba,</span> <span class='ocrx_word' id='word_1_316' title='bbox 3078 1119 3240 1174; x_wconf 88' lang='lat' dir='ltr'>dixit.</span> <span class='ocrx_word' id='word_1_317' title='bbox 3272 1142 3297 1169; x_wconf 88' lang='grc'><strong>››</strong></span> <span class='ocrx_word' id='word_1_318' title='bbox 3323 1142 3350 1169; x_wconf 84' lang='grc'><strong>››</strong></span> <span class='ocrx_word' id='word_1_319' title='bbox 3372 1118 3594 1192; x_wconf 72' lang='lat' dir='ltr'>Magnae</span> 
     </span>
    </p>
   </div>
   <div class='ocr_carea' id='block_1_41' title="bbox 1940 1204 3595 1280">
    <p class='ocr_par' dir='ltr' id='par_1_41' title="bbox 1940 1204 3595 1280">
     <span class='ocr_line' id='line_1_41' title="bbox 1940 1204 3595 1280; baseline 0.002 -21"><span class='ocrx_word' id='word_1_320' title='bbox 1940 1204 2263 1261; x_wconf 87' lang='lat' dir='ltr'>devotionis</span> <span class='ocrx_word' id='word_1_321' title='bbox 2285 1206 2405 1261; x_wconf 74' lang='lat' dir='ltr'>haec</span> <span class='ocrx_word' id='word_1_322' title='bbox 2439 1205 2649 1262; x_wconf 90' lang='lat' dir='ltr'>mulier</span> <span class='ocrx_word' id='word_1_323' title='bbox 2680 1205 3024 1272; x_wconf 90' lang='lat' dir='ltr'>ostenditur,</span> <span class='ocrx_word' id='word_1_324' title='bbox 3048 1224 3176 1280; x_wconf 82' lang='lat' dir='ltr'>quae</span> <span class='ocrx_word' id='word_1_325' title='bbox 3199 1206 3373 1263; x_wconf 85' lang='lat' dir='ltr'>fidem</span> <span class='ocrx_word' id='word_1_326' title='bbox 3402 1208 3595 1263; x_wconf 86' lang='lat' dir='ltr'>Domi-</span> 
     </span>
    </p>
   </div>
   <div class='ocr_carea' id='block_1_42' title="bbox 1940 1293 3596 1368">
    <p class='ocr_par' dir='ltr' id='par_1_42' title="bbox 1940 1293 3596 1368">
     <span class='ocr_line' id='line_1_42' title="bbox 1940 1293 3596 1368; baseline 0.001 -20"><span class='ocrx_word' id='word_1_327' title='bbox 1940 1293 2080 1349; x_wconf 71' lang='lat' dir='ltr'>nica:</span> <span class='ocrx_word' id='word_1_328' title='bbox 2115 1294 2553 1363; x_wconf 89' lang='lat' dir='ltr'>incarnationis,</span> <span class='ocrx_word' id='word_1_329' title='bbox 2581 1312 2758 1368; x_wconf 89' lang='lat' dir='ltr'>quam</span> <span class='ocrx_word' id='word_1_330' title='bbox 2790 1296 2961 1351; x_wconf 91' lang='lat' dir='ltr'>corde</span> <span class='ocrx_word' id='word_1_331' title='bbox 2993 1294 3277 1368; x_wconf 90' lang='lat' dir='ltr'>concepit,</span> <span class='ocrx_word' id='word_1_332' title='bbox 3301 1294 3453 1351; x_wconf 88' lang='lat' dir='ltr'>inter</span> <span class='ocrx_word' id='word_1_333' title='bbox 3475 1300 3596 1351; x_wconf 88' lang='lat' dir='ltr'>tur-</span> 
     </span>
    </p>
   </div>
   <div class='ocr_carea' id='block_1_43' title="bbox 1940 1382 3596 1457">
    <p class='ocr_par' dir='ltr' id='par_1_43' title="bbox 1940 1382 3596 1457">
     <span class='ocr_line' id='line_1_43' title="bbox 1940 1382 3596 1457; baseline 0.001 -19"><span class='ocrx_word' id='word_1_334' title='bbox 1940 1383 2044 1439; x_wconf 88' lang='lat' dir='ltr'>bas</span> <span class='ocrx_word' id='word_1_335' title='bbox 2062 1382 2535 1457; x_wconf 88' lang='lat' dir='ltr'>malignantium,</span> <span class='ocrx_word' id='word_1_336' title='bbox 2561 1383 3132 1456; x_wconf 88' lang='lat' dir='ltr'>reprehendentium,</span> <span class='ocrx_word' id='word_1_337' title='bbox 3153 1388 3207 1440; x_wconf 91' lang='lat' dir='ltr'>et</span> <span class='ocrx_word' id='word_1_338' title='bbox 3230 1383 3596 1440; x_wconf 88' lang='lat' dir='ltr'>calumnian-</span> 
     </span>
    </p>
   </div>
   <div class='ocr_carea' id='block_1_44' title="bbox 1939 1472 3595 1542">
    <p class='ocr_par' dir='ltr' id='par_1_44' title="bbox 1939 1472 3595 1542">
     <span class='ocr_line' id='line_1_44' title="bbox 1939 1472 3595 1542; baseline 0.001 -16"><span class='ocrx_word' id='word_1_339' title='bbox 1939 1472 2243 1541; x_wconf 74' lang='lat' dir='ltr'>tium,0re</span> <span class='ocrx_word' id='word_1_340' title='bbox 2291 1472 2525 1528; x_wconf 87' lang='lat' dir='ltr'>credulo</span> <span class='ocrx_word' id='word_1_341' title='bbox 2573 1474 2840 1529; x_wconf 82' lang='lat' dir='ltr'>confessa</span> <span class='ocrx_word' id='word_1_342' title='bbox 2879 1476 2986 1542; x_wconf 86' lang='lat' dir='ltr'>est,</span> <span class='ocrx_word' id='word_1_343' title='bbox 3037 1473 3274 1530; x_wconf 90' lang='lat' dir='ltr'>dicens:</span> <span class='ocrx_word' id='word_1_344' title='bbox 3323 1497 3349 1523; x_wconf 87' lang='lat'><strong>«</strong></span> <span class='ocrx_word' id='word_1_345' title='bbox 3386 1474 3595 1530; x_wconf 90' lang='lat' dir='ltr'>Beatus</span> 
     </span>
    </p>
   </div>
   <div class='ocr_carea' id='block_1_45' title="bbox 1941 1560 3595 1634">
    <p class='ocr_par' dir='ltr' id='par_1_45' title="bbox 1941 1560 3595 1634">
     <span class='ocr_line' id='line_1_45' title="bbox 1941 1560 3595 1634; baseline 0.004 -24"><span class='ocrx_word' id='word_1_346' title='bbox 1941 1584 1967 1610; x_wconf 90' lang='grc'><strong>‹‹</strong></span> <span class='ocrx_word' id='word_1_347' title='bbox 2002 1566 2202 1616; x_wconf 88' lang='lat' dir='ltr'>venter</span> <span class='ocrx_word' id='word_1_348' title='bbox 2233 1560 2330 1633; x_wconf 87' lang='lat' dir='ltr'>qui</span> <span class='ocrx_word' id='word_1_349' title='bbox 2364 1565 2417 1617; x_wconf 90' lang='lat' dir='ltr'>te</span> <span class='ocrx_word' id='word_1_350' title='bbox 2451 1561 2720 1634; x_wconf 88' lang='lat' dir='ltr'>portavit,</span> <span class='ocrx_word' id='word_1_351' title='bbox 2749 1565 2805 1616; x_wconf 89' lang='lat' dir='ltr'>et</span> <span class='ocrx_word' id='word_1_352' title='bbox 2837 1561 3014 1617; x_wconf 90' lang='lat' dir='ltr'>ubera</span> <span class='ocrx_word' id='word_1_353' title='bbox 3046 1578 3172 1634; x_wconf 72' lang='lat' dir='ltr'>quae</span> <span class='ocrx_word' id='word_1_354' title='bbox 3205 1561 3436 1618; x_wconf 88' lang='lat' dir='ltr'>suxisti.</span> <span class='ocrx_word' id='word_1_355' title='bbox 3472 1584 3500 1611; x_wconf 89' lang='grc'><strong>››</strong></span> <span class='ocrx_word' id='word_1_356' title='bbox 3533 1562 3595 1616; x_wconf 92' lang='lat' dir='ltr'>ln</span> 
     </span>
    </p>
   </div>
   <div class='ocr_carea' id='block_1_46' title="bbox 1941 1649 3594 1722">
    <p class='ocr_par' dir='ltr' id='par_1_46' title="bbox 1941 1649 3594 1722">
     <span class='ocr_line' id='line_1_46' title="bbox 1941 1649 3594 1722; baseline 0.002 -19"><span class='ocrx_word' id='word_1_357' title='bbox 1941 1649 2156 1722; x_wconf 89' lang='lat' dir='ltr'>quibus</span> <span class='ocrx_word' id='word_1_358' title='bbox 2188 1650 2378 1706; x_wconf 87' lang='lat' dir='ltr'>verbis</span> <span class='ocrx_word' id='word_1_359' title='bbox 2413 1668 2525 1705; x_wconf 87' lang='lat' dir='ltr'>non</span> <span class='ocrx_word' id='word_1_360' title='bbox 2555 1650 2744 1706; x_wconf 86' lang='lat' dir='ltr'>solum</span> <span class='ocrx_word' id='word_1_361' title='bbox 2779 1655 3095 1720; x_wconf 67' lang='lat' dir='ltr'>praesentes</span> <span class='ocrx_word' id='word_1_362' title='bbox 3118 1649 3594 1721; x_wconf 87' lang='lat' dir='ltr'>calumniatores,</span> 
     </span>
    </p>
   </div>
   <div class='ocr_carea' id='block_1_47' title="bbox 1943 1737 3595 1809">
    <p class='ocr_par' dir='ltr' id='par_1_47' title="bbox 1943 1737 3595 1809">
     <span class='ocr_line' id='line_1_47' title="bbox 1943 1737 3595 1809; baseline 0.002 -17"><span class='ocrx_word' id='word_1_363' title='bbox 1943 1737 2039 1809; x_wconf 87' lang='lat' dir='ltr'>qui</span> <span class='ocrx_word' id='word_1_364' title='bbox 2074 1738 2346 1794; x_wconf 82' lang='lat' dir='ltr'>dicebant</span> <span class='ocrx_word' id='word_1_365' title='bbox 2376 1755 2510 1794; x_wconf 91' lang='lat' dir='ltr'>eum</span> <span class='ocrx_word' id='word_1_366' title='bbox 2561 1738 2619 1792; x_wconf 90' lang='lat' dir='ltr'>in</span> <span class='ocrx_word' id='word_1_367' title='bbox 2670 1737 2990 1794; x_wconf 89' lang='lat' dir='ltr'>Beelzebub</span> <span class='ocrx_word' id='word_1_368' title='bbox 3031 1739 3237 1809; x_wconf 86' lang='lat' dir='ltr'>ejicere</span> <span class='ocrx_word' id='word_1_369' title='bbox 3287 1739 3595 1808; x_wconf 77' lang='lat' dir='ltr'>daemonia,</span> 
     </span>
    </p>
   </div>
   <div class='ocr_carea' id='block_1_48' title="bbox 1943 1826 3596 1894">
    <p class='ocr_par' dir='ltr' id='par_1_48' title="bbox 1943 1826 3596 1894">
     <span class='ocr_line' id='line_1_48' title="bbox 1943 1826 3596 1894; baseline 0.002 -13"><span class='ocrx_word' id='word_1_370' title='bbox 1943 1826 2267 1894; x_wconf 78' lang='lat' dir='ltr'>confundit,</span> <span class='ocrx_word' id='word_1_371' title='bbox 2302 1828 2400 1883; x_wconf 91' lang='lat' dir='ltr'>sed</span> <span class='ocrx_word' id='word_1_372' title='bbox 2434 1827 2610 1883; x_wconf 87' lang='lat' dir='ltr'>etiam</span> <span class='ocrx_word' id='word_1_373' title='bbox 2659 1826 2925 1882; x_wconf 80' lang='lat' dir='ltr'>futurum</span> <span class='ocrx_word' id='word_1_374' title='bbox 2969 1843 3170 1882; x_wconf 90' lang='lat' dir='ltr'>eorum</span> <span class='ocrx_word' id='word_1_375' title='bbox 3204 1844 3459 1884; x_wconf 89' lang='lat' dir='ltr'>errorem</span> <span class='ocrx_word' id='word_1_376' title='bbox 3489 1828 3596 1884; x_wconf 89' lang='lat' dir='ltr'>de-</span> 
     </span>
    </p>
   </div>
   <div class='ocr_carea' id='block_1_49' title="bbox 1939 1914 3594 1987">
    <p class='ocr_par' dir='ltr' id='par_1_49' title="bbox 1939 1914 3594 1987">
     <span class='ocr_line' id='line_1_49' title="bbox 1939 1914 3594 1987; baseline 0.002 -18"><span class='ocrx_word' id='word_1_377' title='bbox 1939 1914 2134 1983; x_wconf 92' lang='lat' dir='ltr'>struit,</span> <span class='ocrx_word' id='word_1_378' title='bbox 2170 1914 2268 1987; x_wconf 89' lang='lat' dir='ltr'>qui</span> <span class='ocrx_word' id='word_1_379' title='bbox 2299 1914 2511 1970; x_wconf 90' lang='lat' dir='ltr'>dicturi</span> <span class='ocrx_word' id='word_1_380' title='bbox 2543 1919 2709 1970; x_wconf 88' lang='lat' dir='ltr'>erant</span> <span class='ocrx_word' id='word_1_381' title='bbox 2740 1914 3056 1971; x_wconf 91' lang='lat' dir='ltr'>Dominum</span> <span class='ocrx_word' id='word_1_382' title='bbox 3088 1933 3204 1971; x_wconf 92' lang='lat' dir='ltr'>non</span> <span class='ocrx_word' id='word_1_383' title='bbox 3234 1932 3429 1971; x_wconf 87' lang='lat' dir='ltr'>veram</span> <span class='ocrx_word' id='word_1_384' title='bbox 3463 1934 3594 1972; x_wconf 84' lang='lat' dir='ltr'>car-</span> 
     </span>
    </p>
   </div>
   <div class='ocr_carea' id='block_1_50' title="bbox 1939 2003 3598 2077">
    <p class='ocr_par' dir='ltr' id='par_1_50' title="bbox 1939 2003 3598 2077">
     <span class='ocr_line' id='line_1_50' title="bbox 1939 2003 3598 2077; baseline 0.002 -21"><span class='ocrx_word' id='word_1_385' title='bbox 1939 2018 2072 2057; x_wconf 88' lang='lat' dir='ltr'>nem</span> <span class='ocrx_word' id='word_1_386' title='bbox 2095 2020 2164 2058; x_wconf 90' lang='lat' dir='ltr'>ex</span> <span class='ocrx_word' id='word_1_387' title='bbox 2191 2003 2372 2059; x_wconf 91' lang='lat' dir='ltr'>Maria</span> <span class='ocrx_word' id='word_1_388' title='bbox 2393 2003 2615 2077; x_wconf 89' lang='lat' dir='ltr'>virgine</span> <span class='ocrx_word' id='word_1_389' title='bbox 2655 2003 3074 2076; x_wconf 89' lang='lat' dir='ltr'>assumpsisse.</span> <span class='ocrx_word' id='word_1_390' title='bbox 3110 2004 3169 2061; x_wconf 92' lang='lat' dir='ltr'>Si</span> <span class='ocrx_word' id='word_1_391' title='bbox 3200 2005 3359 2060; x_wconf 90' lang='lat' dir='ltr'>enim</span> <span class='ocrx_word' id='word_1_392' title='bbox 3402 2010 3598 2061; x_wconf 91' lang='lat' dir='ltr'>ventre</span> 
     </span>
    </p>
   </div>
   <div class='ocr_carea' id='block_1_51' title="bbox 1938 2092 3595 2166">
    <p class='ocr_par' dir='ltr' id='par_1_51' title="bbox 1938 2092 3595 2166">
     <span class='ocr_line' id='line_1_51' title="bbox 1938 2092 3595 2166; baseline 0.003 -21"><span class='ocrx_word' id='word_1_393' title='bbox 1938 2096 2223 2163; x_wconf 87' lang='lat' dir='ltr'>portatus,</span> <span class='ocrx_word' id='word_1_394' title='bbox 2261 2092 2655 2165; x_wconf 86' lang='lat' dir='ltr'>uberibusque</span> <span class='ocrx_word' id='word_1_395' title='bbox 2684 2097 2772 2149; x_wconf 89' lang='lat' dir='ltr'>est</span> <span class='ocrx_word' id='word_1_396' title='bbox 2817 2092 3086 2161; x_wconf 91' lang='lat' dir='ltr'>laetatus,</span> <span class='ocrx_word' id='word_1_397' title='bbox 3130 2098 3291 2165; x_wconf 90' lang='lat' dir='ltr'>patet</span> <span class='ocrx_word' id='word_1_398' title='bbox 3338 2094 3595 2166; x_wconf 85' lang='lat' dir='ltr'>profecto</span> 
     </span>
    </p>
   </div>
   <div class='ocr_carea' id='block_1_52' title="bbox 1939 2181 3597 2256">
    <p class='ocr_par' dir='ltr' id='par_1_52' title="bbox 1939 2181 3597 2256">
     <span class='ocr_line' id='line_1_52' title="bbox 1939 2181 3597 2256; baseline 0.002 -21"><span class='ocrx_word' id='word_1_399' title='bbox 1939 2181 2091 2252; x_wconf 88' lang='lat' dir='ltr'>quod</span> <span class='ocrx_word' id='word_1_400' title='bbox 2142 2181 2706 2237; x_wconf 89' lang='lat' dir='ltr'>consubstantialem</span> <span class='ocrx_word' id='word_1_401' title='bbox 2752 2198 2985 2236; x_wconf 89' lang='lat' dir='ltr'>carnem</span> <span class='ocrx_word' id='word_1_402' title='bbox 3044 2183 3251 2239; x_wconf 89' lang='lat' dir='ltr'>matris</span> <span class='ocrx_word' id='word_1_403' title='bbox 3312 2184 3597 2256; x_wconf 87' lang='lat' dir='ltr'>suscepit,</span> 
     </span>
    </p>
   </div>
   <div class='ocr_carea' id='block_1_53' title="bbox 1938 2269 3600 2346">
    <p class='ocr_par' dir='ltr' id='par_1_53' title="bbox 1938 2269 3600 2346">
     <span class='ocr_line' id='line_1_53' title="bbox 1938 2269 3600 2346; baseline 0.003 -23"><span class='ocrx_word' id='word_1_404' title='bbox 1938 2269 2189 2324; x_wconf 86' lang='lat' dir='ltr'>maxime</span> <span class='ocrx_word' id='word_1_405' title='bbox 2205 2287 2337 2324; x_wconf 91' lang='lat' dir='ltr'>cum</span> <span class='ocrx_word' id='word_1_406' title='bbox 2356 2272 2678 2325; x_wconf 87' lang='lat' dir='ltr'>secundum</span> <span class='ocrx_word' id='word_1_407' title='bbox 2703 2269 2974 2344; x_wconf 82' lang='lat' dir='ltr'>physicos</span> <span class='ocrx_word' id='word_1_408' title='bbox 2998 2272 3054 2326; x_wconf 88' lang='lat' dir='ltr'>in</span> <span class='ocrx_word' id='word_1_409' title='bbox 3077 2277 3273 2327; x_wconf 87' lang='lat' dir='ltr'>ventre</span> <span class='ocrx_word' id='word_1_410' title='bbox 3296 2290 3600 2346; x_wconf 70' lang='lat' dir='ltr'>praegnan-</span> 
     </span>
    </p>
   </div>
   <div class='ocr_carea' id='block_1_54' title="bbox 1937 2358 3596 2433">
    <p class='ocr_par' dir='ltr' id='par_1_54' title="bbox 1937 2358 3596 2433">
     <span class='ocr_line' id='line_1_54' title="bbox 1937 2358 3596 2433; baseline 0.002 -21"><span class='ocrx_word' id='word_1_411' title='bbox 1937 2358 2033 2426; x_wconf 88' lang='lat' dir='ltr'>tis,</span> <span class='ocrx_word' id='word_1_412' title='bbox 2064 2358 2257 2431; x_wconf 91' lang='lat' dir='ltr'>liquor</span> <span class='ocrx_word' id='word_1_413' title='bbox 2291 2360 2599 2433; x_wconf 89' lang='lat' dir='ltr'>sanguinis</span> <span class='ocrx_word' id='word_1_414' title='bbox 2624 2365 2680 2416; x_wconf 90' lang='lat' dir='ltr'>et</span> <span class='ocrx_word' id='word_1_415' title='bbox 2725 2360 2895 2416; x_wconf 88' lang='lat' dir='ltr'>lactis</span> <span class='ocrx_word' id='word_1_416' title='bbox 2924 2377 2991 2417; x_wconf 89' lang='lat' dir='ltr'>ex</span> <span class='ocrx_word' id='word_1_417' title='bbox 3023 2378 3139 2416; x_wconf 92' lang='lat' dir='ltr'>uno</span> <span class='ocrx_word' id='word_1_418' title='bbox 3171 2362 3328 2417; x_wconf 87' lang='lat' dir='ltr'>fonte</span> <span class='ocrx_word' id='word_1_419' title='bbox 3360 2366 3596 2417; x_wconf 87' lang='lat' dir='ltr'>manat:</span> 
     </span>
    </p>
   </div>
   <div class='ocr_carea' id='block_1_55' title="bbox 1938 2448 3595 2523">
    <p class='ocr_par' dir='ltr' id='par_1_55' title="bbox 1938 2448 3595 2523">
     <span class='ocr_line' id='line_1_55' title="bbox 1938 2448 3595 2523; baseline 0.002 -21"><span class='ocrx_word' id='word_1_420' title='bbox 1938 2448 2265 2521; x_wconf 86' lang='lat' dir='ltr'>sanguinis,</span> <span class='ocrx_word' id='word_1_421' title='bbox 2289 2450 2445 2504; x_wconf 90' lang='lat' dir='ltr'>unde</span> <span class='ocrx_word' id='word_1_422' title='bbox 2469 2450 2754 2504; x_wconf 89' lang='lat' dir='ltr'>formatur</span> <span class='ocrx_word' id='word_1_423' title='bbox 2778 2448 2984 2505; x_wconf 91' lang='lat' dir='ltr'>homo:</span> <span class='ocrx_word' id='word_1_424' title='bbox 3013 2449 3201 2517; x_wconf 91' lang='lat' dir='ltr'>lactis,</span> <span class='ocrx_word' id='word_1_425' title='bbox 3226 2451 3382 2506; x_wconf 91' lang='lat' dir='ltr'>unde</span> <span class='ocrx_word' id='word_1_426' title='bbox 3405 2450 3595 2523; x_wconf 90' lang='lat' dir='ltr'>pasci-</span> 
     </span>
    </p>
   </div>
   <div class='ocr_carea' id='block_1_56' title="bbox 1940 2536 3601 2610">
    <p class='ocr_par' dir='ltr' id='par_1_56' title="bbox 1940 2536 3601 2610">
     <span class='ocr_line' id='line_1_56' title="bbox 1940 2536 3601 2610; baseline 0.002 -19"><span class='ocrx_word' id='word_1_427' title='bbox 1940 2541 2054 2592; x_wconf 88' lang='lat' dir='ltr'>tur.</span> <span class='ocrx_word' id='word_1_428' title='bbox 2084 2536 2141 2591; x_wconf 92' lang='lat' dir='ltr'>Si</span> <span class='ocrx_word' id='word_1_429' title='bbox 2164 2554 2300 2610; x_wconf 88' lang='lat' dir='ltr'>ergo</span> <span class='ocrx_word' id='word_1_430' title='bbox 2324 2536 2608 2593; x_wconf 90' lang='lat' dir='ltr'>Dominus</span> <span class='ocrx_word' id='word_1_431' title='bbox 2626 2537 2799 2593; x_wconf 85' lang='lat' dir='ltr'>Jesus</span> <span class='ocrx_word' id='word_1_432' title='bbox 2820 2538 3089 2594; x_wconf 90' lang='lat' dir='ltr'>Christus</span> <span class='ocrx_word' id='word_1_433' title='bbox 3112 2540 3264 2594; x_wconf 90' lang='lat' dir='ltr'>sicut</span> <span class='ocrx_word' id='word_1_434' title='bbox 3286 2539 3475 2596; x_wconf 72' lang='lat' dir='ltr'>caeteri</span> <span class='ocrx_word' id='word_1_435' title='bbox 3503 2540 3601 2595; x_wconf 90' lang='lat' dir='ltr'>ho-</span> 
     </span>
    </p>
   </div>
   <div class='ocr_carea' id='block_1_57' title="bbox 1941 2626 3602 2695">
    <p class='ocr_par' dir='ltr' id='par_1_57' title="bbox 1941 2626 3602 2695">
     <span class='ocr_line' id='line_1_57' title="bbox 1941 2626 3602 2695; baseline 0.003 -15"><span class='ocrx_word' id='word_1_436' title='bbox 1941 2626 2128 2681; x_wconf 91' lang='lat' dir='ltr'>mines</span> <span class='ocrx_word' id='word_1_437' title='bbox 2150 2626 2237 2681; x_wconf 89' lang='lat' dir='ltr'>lac</span> <span class='ocrx_word' id='word_1_438' title='bbox 2261 2627 2438 2693; x_wconf 89' lang='lat' dir='ltr'>suxit,</span> <span class='ocrx_word' id='word_1_439' title='bbox 2462 2630 2518 2681; x_wconf 90' lang='lat' dir='ltr'>et</span> <span class='ocrx_word' id='word_1_440' title='bbox 2540 2626 2798 2681; x_wconf 87' lang='lat' dir='ltr'>nutritus</span> <span class='ocrx_word' id='word_1_441' title='bbox 2820 2631 2928 2695; x_wconf 90' lang='lat' dir='ltr'>est,</span> <span class='ocrx_word' id='word_1_442' title='bbox 2954 2627 3231 2682; x_wconf 88' lang='lat' dir='ltr'>nimirum</span> <span class='ocrx_word' id='word_1_443' title='bbox 3257 2645 3452 2684; x_wconf 86' lang='lat' dir='ltr'>veram</span> <span class='ocrx_word' id='word_1_444' title='bbox 3480 2646 3602 2685; x_wconf 87' lang='lat' dir='ltr'>car-</span> 
     </span>
    </p>
   </div>
   <div class='ocr_carea' id='block_1_58' title="bbox 1941 2714 3600 2790">
    <p class='ocr_par' dir='ltr' id='par_1_58' title="bbox 1941 2714 3600 2790">
     <span class='ocr_line' id='line_1_58' title="bbox 1941 2714 3600 2790; baseline 0.002 -21"><span class='ocrx_word' id='word_1_445' title='bbox 1941 2731 2095 2777; x_wconf 90' lang='lat' dir='ltr'>nem,</span> <span class='ocrx_word' id='word_1_446' title='bbox 2117 2731 2232 2770; x_wconf 91' lang='lat' dir='ltr'>non</span> <span class='ocrx_word' id='word_1_447' title='bbox 2248 2714 2610 2784; x_wconf 87' lang='lat' dir='ltr'>simulatam,</span> <span class='ocrx_word' id='word_1_448' title='bbox 2626 2715 3357 2788; x_wconf 89' lang='lat' dir='ltr'>assumpsit,sicutPaulus</span> <span class='ocrx_word' id='word_1_449' title='bbox 3372 2722 3600 2790; x_wconf 88' lang='lat' dir='ltr'>aposto-</span> 
     </span>
    </p>
   </div>
   <div class='ocr_carea' id='block_1_59' title="bbox 1940 2802 3600 2871">
    <p class='ocr_par' dir='ltr' id='par_1_59' title="bbox 1940 2802 3600 2871">
     <span class='ocr_line' id='line_1_59' title="bbox 1940 2802 3600 2871; baseline 0.001 -12"><span class='ocrx_word' id='word_1_450' title='bbox 1940 2802 2033 2859; x_wconf 88' lang='lat' dir='ltr'>lus</span> <span class='ocrx_word' id='word_1_451' title='bbox 2061 2804 2167 2859; x_wconf 89' lang='lat' dir='ltr'>ait:</span> <span class='ocrx_word' id='word_1_452' title='bbox 2220 2829 2245 2853; x_wconf 80' lang='lat' dir='ltr'>u</span> <span class='ocrx_word' id='word_1_453' title='bbox 2273 2804 2379 2871; x_wconf 87' lang='lat' dir='ltr'>Qui</span> <span class='ocrx_word' id='word_1_454' title='bbox 2412 2804 2603 2860; x_wconf 89' lang='lat' dir='ltr'>factus</span> <span class='ocrx_word' id='word_1_455' title='bbox 2631 2808 2719 2859; x_wconf 91' lang='lat' dir='ltr'>est</span> <span class='ocrx_word' id='word_1_456' title='bbox 2745 2804 2795 2859; x_wconf 91' lang='lat' dir='ltr'>ei</span> <span class='ocrx_word' id='word_1_457' title='bbox 2823 2821 2891 2859; x_wconf 86' lang='lat' dir='ltr'>ex</span> <span class='ocrx_word' id='word_1_458' title='bbox 2931 2803 3152 2859; x_wconf 87' lang='lat' dir='ltr'>semine</span> <span class='ocrx_word' id='word_1_459' title='bbox 3175 2804 3357 2860; x_wconf 90' lang='lat' dir='ltr'>David</span> <span class='ocrx_word' id='word_1_460' title='bbox 3389 2822 3600 2861; x_wconf 90' lang='lat' dir='ltr'>secun-</span> 
     </span>
    </p>
   </div>
   <div class='ocr_carea' id='block_1_60' title="bbox 1943 2891 3601 2965">
    <p class='ocr_par' dir='ltr' id='par_1_60' title="bbox 1943 2891 3601 2965">
     <span class='ocr_line' id='line_1_60' title="bbox 1943 2891 3601 2965; baseline 0.002 -18"><span class='ocrx_word' id='word_1_461' title='bbox 1943 2892 2084 2948; x_wconf 89' lang='lat' dir='ltr'>dum</span> <span class='ocrx_word' id='word_1_462' title='bbox 2118 2909 2351 2948; x_wconf 87' lang='lat' dir='ltr'>carnem</span> <span class='ocrx_word' id='word_1_463' title='bbox 2383 2892 2555 2965; x_wconf 84' lang='lat' dir='ltr'>(Rom.</span> <span class='ocrx_word' id='word_1_464' title='bbox 2589 2892 2650 2963; x_wconf 84' lang='lat'>1).</span> <span class='ocrx_word' id='word_1_465' title='bbox 2689 2914 2714 2940; x_wconf 87' lang='grc'><strong>››</strong></span> <span class='ocrx_word' id='word_1_466' title='bbox 2745 2891 2826 2948; x_wconf 93' lang='lat' dir='ltr'>De</span> <span class='ocrx_word' id='word_1_467' title='bbox 2857 2908 2973 2964; x_wconf 92' lang='lat' dir='ltr'>quo</span> <span class='ocrx_word' id='word_1_468' title='bbox 3000 2891 3309 2949; x_wconf 65' lang='lat' dir='ltr'>Matlhazus</span> <span class='ocrx_word' id='word_1_469' title='bbox 3341 2893 3398 2947; x_wconf 93' lang='lat' dir='ltr'>in</span> <span class='ocrx_word' id='word_1_470' title='bbox 3432 2893 3601 2950; x_wconf 91' lang='lat' dir='ltr'>initio</span> 
     </span>
    </p>
   </div>
   <div class='ocr_carea' id='block_1_61' title="bbox 1944 2980 3600 3056">
    <p class='ocr_par' dir='ltr' id='par_1_61' title="bbox 1944 2980 3600 3056">
     <span class='ocr_line' id='line_1_61' title="bbox 1944 2980 3600 3056; baseline -0.001 -18"><span class='ocrx_word' id='word_1_471' title='bbox 1944 2981 2035 3038; x_wconf 91' lang='lat' dir='ltr'>sui</span> <span class='ocrx_word' id='word_1_472' title='bbox 2059 2980 2348 3053; x_wconf 87' lang='lat' dir='ltr'>Evangelii</span> <span class='ocrx_word' id='word_1_473' title='bbox 2382 2980 2499 3036; x_wconf 89' lang='lat' dir='ltr'>ait:</span> <span class='ocrx_word' id='word_1_474' title='bbox 2528 3004 2553 3030; x_wconf 86' lang='grc'>‹‹</span> <span class='ocrx_word' id='word_1_475' title='bbox 2579 2981 2752 3036; x_wconf 89' lang='lat' dir='ltr'>Liber</span> <span class='ocrx_word' id='word_1_476' title='bbox 2775 2980 3170 3053; x_wconf 86' lang='lat' dir='ltr'>generationis</span> <span class='ocrx_word' id='word_1_477' title='bbox 3199 2982 3335 3037; x_wconf 88' lang='lat' dir='ltr'>Jesu</span> <span class='ocrx_word' id='word_1_478' title='bbox 3365 2980 3600 3056; x_wconf 87' lang='lat' dir='ltr'>Christi,</span> 
     </span>
    </p>
   </div>
   <div class='ocr_carea' id='block_1_62' title="bbox 1944 3068 3600 3141">
    <p class='ocr_par' dir='ltr' id='par_1_62' title="bbox 1944 3068 3600 3141">
     <span class='ocr_line' id='line_1_62' title="bbox 1944 3068 3600 3141; baseline 0.002 -17"><span class='ocrx_word' id='word_1_479' title='bbox 1944 3069 2047 3124; x_wconf 83' lang='lat' dir='ltr'>filii</span> <span class='ocrx_word' id='word_1_480' title='bbox 2083 3069 2277 3136; x_wconf 90' lang='lat' dir='ltr'>David,</span> <span class='ocrx_word' id='word_1_481' title='bbox 2300 3068 2403 3123; x_wconf 85' lang='lat' dir='ltr'>filii</span> <span class='ocrx_word' id='word_1_482' title='bbox 2437 3069 2753 3124; x_wconf 83' lang='lat' dir='ltr'>Abraham.</span> <span class='ocrx_word' id='word_1_483' title='bbox 2783 3092 2812 3118; x_wconf 83' lang='lat'>»</span> <span class='ocrx_word' id='word_1_484' title='bbox 2839 3068 3234 3141; x_wconf 86' lang='lat' dir='ltr'>Spiritualiter</span> <span class='ocrx_word' id='word_1_485' title='bbox 3252 3075 3446 3125; x_wconf 90' lang='lat' dir='ltr'>autem</span> <span class='ocrx_word' id='word_1_486' title='bbox 3472 3088 3600 3127; x_wconf 91' lang='lat' dir='ltr'>mu-</span> 
     </span>
    </p>
   </div>
   <div class='ocr_carea' id='block_1_63' title="bbox 1945 3156 3600 3230">
    <p class='ocr_par' dir='ltr' id='par_1_63' title="bbox 1945 3156 3600 3230">
     <span class='ocr_line' id='line_1_63' title="bbox 1945 3156 3600 3230; baseline 0.001 -17"><span class='ocrx_word' id='word_1_487' title='bbox 1945 3157 2052 3214; x_wconf 87' lang='lat' dir='ltr'>lier</span> <span class='ocrx_word' id='word_1_488' title='bbox 2070 3158 2177 3213; x_wconf 87' lang='lat' dir='ltr'>ista</span> <span class='ocrx_word' id='word_1_489' title='bbox 2197 3158 2462 3212; x_wconf 75' lang='lat' dir='ltr'>salictam</span> <span class='ocrx_word' id='word_1_490' title='bbox 2485 3156 2776 3230; x_wconf 82' lang='lat' dir='ltr'>significat</span> <span class='ocrx_word' id='word_1_491' title='bbox 2796 3157 3133 3224; x_wconf 74' lang='lat' dir='ltr'>Ecclesium,</span> <span class='ocrx_word' id='word_1_492' title='bbox 3158 3175 3285 3230; x_wconf 75' lang='lat' dir='ltr'>quae</span> <span class='ocrx_word' id='word_1_493' title='bbox 3305 3159 3456 3215; x_wconf 88' lang='lat' dir='ltr'>inter</span> <span class='ocrx_word' id='word_1_494' title='bbox 3476 3164 3600 3215; x_wconf 87' lang='lat' dir='ltr'>tur-</span> 
     </span>
    </p>
   </div>
   <div class='ocr_carea' id='block_1_64' title="bbox 196 3232 3602 3323">
    <p class='ocr_par' dir='ltr' id='par_1_64' title="bbox 196 3232 3602 3323">
     <span class='ocr_line' id='line_1_64' title="bbox 196 3232 3602 3323; baseline 0 -21"><span class='ocrx_word' id='word_1_495' title='bbox 196 3246 334 3303; x_wconf 83' lang='lat' dir='ltr'>ritus</span> <span class='ocrx_word' id='word_1_496' title='bbox 377 3232 891 3316; x_wconf 10' lang='lat' dir='ltr'>sancti,romnibus</span> <span class='ocrx_word' id='word_1_497' title='bbox 939 3232 1194 3323; x_wconf 81' lang='lat' dir='ltr'>peccatis</span> <span class='ocrx_word' id='word_1_498' title='bbox 1235 3232 1519 3318; x_wconf 88' lang='lat' dir='ltr'>dimissis,</span> <span class='ocrx_word' id='word_1_499' title='bbox 1549 3248 1833 3305; x_wconf 65' lang='lat' dir='ltr'>daemonis</span> <span class='ocrx_word' id='word_1_500' title='bbox 1863 3232 1905 3297; x_wconf 68' lang='grc' dir='ltr'><strong>(ἶ</strong></span> <span class='ocrx_word' id='word_1_501' title='bbox 1946 3248 2051 3303; x_wconf 88' lang='lat' dir='ltr'>bas</span> <span class='ocrx_word' id='word_1_502' title='bbox 2079 3246 2435 3313; x_wconf 73' lang='lat' dir='ltr'>Judzeorum,</span> <span class='ocrx_word' id='word_1_503' title='bbox 2465 3263 2828 3318; x_wconf 89' lang='lat' dir='ltr'>paganorum</span> <span class='ocrx_word' id='word_1_504' title='bbox 2855 3251 2912 3302; x_wconf 90' lang='lat' dir='ltr'>et</span> <span class='ocrx_word' id='word_1_505' title='bbox 2937 3246 3340 3303; x_wconf 63' lang='lat' dir='ltr'>hereticorum</span> <span class='ocrx_word' id='word_1_506' title='bbox 3366 3248 3602 3305; x_wconf 85' lang='lat' dir='ltr'>credula</span> 
     </span>
    </p>
   </div>
   <div class='ocr_carea' id='block_1_65' title="bbox 197 3336 1839 3412">
    <p class='ocr_par' dir='ltr' id='par_1_65' title="bbox 197 3336 1839 3412">
     <span class='ocr_line' id='line_1_65' title="bbox 197 3336 1839 3412; baseline 0.002 -22"><span class='ocrx_word' id='word_1_507' title='bbox 197 3342 437 3406; x_wconf 83' lang='lat' dir='ltr'>potestas</span> <span class='ocrx_word' id='word_1_508' title='bbox 464 3336 807 3395; x_wconf 82' lang='lat' dir='ltr'>excluditur.</span> <span class='ocrx_word' id='word_1_509' title='bbox 841 3339 1004 3393; x_wconf 89' lang='lat' dir='ltr'>Tunc</span> <span class='ocrx_word' id='word_1_510' title='bbox 1025 3338 1289 3394; x_wconf 87' lang='lat' dir='ltr'>ambulat</span> <span class='ocrx_word' id='word_1_511' title='bbox 1308 3355 1411 3412; x_wconf 91' lang='lat' dir='ltr'>per</span> <span class='ocrx_word' id='word_1_512' title='bbox 1428 3338 1552 3394; x_wconf 90' lang='lat' dir='ltr'>loca</span> <span class='ocrx_word' id='word_1_513' title='bbox 1574 3339 1755 3406; x_wconf 89' lang='lat' dir='ltr'>arida,</span> <span class='ocrx_word' id='word_1_514' title='bbox 1783 3343 1839 3394; x_wconf 91' lang='lat' dir='ltr'>et</span> 
     </span>
    </p>
   </div>
   <div class='ocr_carea' id='block_1_66' title="bbox 196 3424 1837 3498">
    <p class='ocr_par' dir='ltr' id='par_1_66' title="bbox 196 3424 1837 3498">
     <span class='ocr_line' id='line_1_66' title="bbox 196 3424 1837 3498; baseline 0.003 -21"><span class='ocrx_word' id='word_1_515' title='bbox 196 3424 487 3498; x_wconf 88' lang='lat' dir='ltr'>inaquosa,</span> <span class='ocrx_word' id='word_1_516' title='bbox 518 3427 576 3483; x_wconf 91' lang='lat' dir='ltr'>id</span> <span class='ocrx_word' id='word_1_517' title='bbox 611 3432 720 3494; x_wconf 88' lang='lat' dir='ltr'>est,</span> <span class='ocrx_word' id='word_1_518' title='bbox 749 3428 924 3483; x_wconf 88' lang='lat' dir='ltr'>corda</span> <span class='ocrx_word' id='word_1_519' title='bbox 944 3427 1194 3483; x_wconf 90' lang='lat' dir='ltr'>aliorum</span> <span class='ocrx_word' id='word_1_520' title='bbox 1225 3427 1688 3495; x_wconf 89' lang='lat' dir='ltr'>Christianorum</span> <span class='ocrx_word' id='word_1_521' title='bbox 1711 3432 1837 3484; x_wconf 91' lang='lat' dir='ltr'>ten-</span> 
     </span>
    </p>
   </div>
   <div class='ocr_carea' id='block_1_67' title="bbox 194 3515 1834 3590">
    <p class='ocr_par' dir='ltr' id='par_1_67' title="bbox 194 3515 1834 3590">
     <span class='ocr_line' id='line_1_67' title="bbox 194 3515 1834 3590; baseline 0.002 -22"><span class='ocrx_word' id='word_1_522' title='bbox 194 3515 384 3584; x_wconf 87' lang='lat' dir='ltr'>tando,</span> <span class='ocrx_word' id='word_1_523' title='bbox 410 3515 505 3589; x_wconf 91' lang='lat' dir='ltr'>qui</span> <span class='ocrx_word' id='word_1_524' title='bbox 531 3515 683 3572; x_wconf 90' lang='lat' dir='ltr'>aridi</span> <span class='ocrx_word' id='word_1_525' title='bbox 709 3520 846 3572; x_wconf 92' lang='lat' dir='ltr'>sunt</span> <span class='ocrx_word' id='word_1_526' title='bbox 867 3533 970 3590; x_wconf 89' lang='lat' dir='ltr'>per</span> <span class='ocrx_word' id='word_1_527' title='bbox 990 3516 1435 3572; x_wconf 84' lang='lat' dir='ltr'>abstinentiam:</span> <span class='ocrx_word' id='word_1_528' title='bbox 1461 3522 1516 3572; x_wconf 90' lang='lat' dir='ltr'>et</span> <span class='ocrx_word' id='word_1_529' title='bbox 1542 3516 1834 3589; x_wconf 84' lang='lat' dir='ltr'>inaquosi,</span> 
     </span>
    </p>
   </div>
   <div class='ocr_carea' id='block_1_68' title="bbox 192 3603 1837 3679">
    <p class='ocr_par' dir='ltr' id='par_1_68' title="bbox 192 3603 1837 3679">
     <span class='ocr_line' id='line_1_68' title="bbox 192 3603 1837 3679; baseline 0.003 -23"><span class='ocrx_word' id='word_1_530' title='bbox 192 3618 223 3656; x_wconf 89' lang='lat' dir='ltr'>a</span> <span class='ocrx_word' id='word_1_531' title='bbox 247 3603 399 3659; x_wconf 81' lang='lat' dir='ltr'>ﬂuxu</span> <span class='ocrx_word' id='word_1_532' title='bbox 432 3605 694 3660; x_wconf 90' lang='lat' dir='ltr'>libidinis</span> <span class='ocrx_word' id='word_1_533' title='bbox 732 3603 928 3660; x_wconf 88' lang='lat' dir='ltr'>alieni.</span> <span class='ocrx_word' id='word_1_534' title='bbox 963 3604 1025 3660; x_wconf 92' lang='lat' dir='ltr'>In</span> <span class='ocrx_word' id='word_1_535' title='bbox 1058 3604 1277 3662; x_wconf 90' lang='lat' dir='ltr'>talibus</span> <span class='ocrx_word' id='word_1_536' title='bbox 1307 3622 1539 3678; x_wconf 90' lang='lat' dir='ltr'>quoque</span> <span class='ocrx_word' id='word_1_537' title='bbox 1573 3622 1837 3679; x_wconf 66' lang='lat' dir='ltr'>quaerens</span> 
     </span>
    </p>
   </div>
   <div class='ocr_carea' id='block_1_69' title="bbox 191 3693 1840 3767">
    <p class='ocr_par' dir='ltr' id='par_1_69' title="bbox 191 3693 1840 3767">
     <span class='ocr_line' id='line_1_69' title="bbox 191 3693 1840 3767; baseline 0.002 -22"><span class='ocrx_word' id='word_1_538' title='bbox 191 3693 463 3764; x_wconf 87' lang='lat' dir='ltr'>requiem,</span> <span class='ocrx_word' id='word_1_539' title='bbox 492 3698 547 3750; x_wconf 91' lang='lat' dir='ltr'>et</span> <span class='ocrx_word' id='word_1_540' title='bbox 579 3711 695 3749; x_wconf 89' lang='lat' dir='ltr'>non</span> <span class='ocrx_word' id='word_1_541' title='bbox 719 3694 970 3749; x_wconf 88' lang='lat' dir='ltr'>invenit:</span> <span class='ocrx_word' id='word_1_542' title='bbox 1005 3693 1153 3767; x_wconf 85' lang='lat' dir='ltr'>quia</span> <span class='ocrx_word' id='word_1_543' title='bbox 1171 3698 1363 3749; x_wconf 90' lang='lat' dir='ltr'>castas</span> <span class='ocrx_word' id='word_1_544' title='bbox 1393 3699 1449 3750; x_wconf 92' lang='lat' dir='ltr'>et</span> <span class='ocrx_word' id='word_1_545' title='bbox 1479 3712 1658 3767; x_wconf 89' lang='lat' dir='ltr'>puras</span> <span class='ocrx_word' id='word_1_546' title='bbox 1680 3711 1840 3749; x_wconf 89' lang='lat' dir='ltr'>men-</span> 
     </span>
    </p>
   </div>
   <div class='ocr_carea' id='block_1_70' title="bbox 191 3781 1837 3855">
    <p class='ocr_par' dir='ltr' id='par_1_70' title="bbox 191 3781 1837 3855">
     <span class='ocr_line' id='line_1_70' title="bbox 191 3781 1837 3855; baseline 0.002 -21"><span class='ocrx_word' id='word_1_547' title='bbox 191 3784 276 3835; x_wconf 87' lang='lat' dir='ltr'>tes</span> <span class='ocrx_word' id='word_1_548' title='bbox 310 3781 603 3855; x_wconf 85' lang='lat' dir='ltr'>ell&#39;ugiens,</span> <span class='ocrx_word' id='word_1_549' title='bbox 638 3783 977 3838; x_wconf 87' lang='lat' dir='ltr'>tenebrosas</span> <span class='ocrx_word' id='word_1_550' title='bbox 1008 3787 1064 3838; x_wconf 89' lang='lat' dir='ltr'>et</span> <span class='ocrx_word' id='word_1_551' title='bbox 1106 3781 1449 3838; x_wconf 87' lang='lat' dir='ltr'>libidinosas</span> <span class='ocrx_word' id='word_1_552' title='bbox 1499 3782 1722 3855; x_wconf 66' lang='lat' dir='ltr'>quaerit.</span> <span class='ocrx_word' id='word_1_553' title='bbox 1758 3782 1837 3838; x_wconf 92' lang='lat' dir='ltr'>De</span> 
     </span>
    </p>
   </div>
   <div class='ocr_carea' id='block_1_71' title="bbox 193 3871 1837 3939">
    <p class='ocr_par' dir='ltr' id='par_1_71' title="bbox 193 3871 1837 3939">
     <span class='ocr_line' id='line_1_71' title="bbox 193 3871 1837 3939; baseline 0.002 -16"><span class='ocrx_word' id='word_1_554' title='bbox 193 3884 308 3939; x_wconf 86' lang='lat' dir='ltr'>quo</span> <span class='ocrx_word' id='word_1_555' title='bbox 334 3872 399 3926; x_wconf 89' lang='lat' dir='ltr'>ad</span> <span class='ocrx_word' id='word_1_556' title='bbox 429 3872 665 3926; x_wconf 88' lang='lat' dir='ltr'>beatum</span> <span class='ocrx_word' id='word_1_557' title='bbox 697 3871 806 3927; x_wconf 86' lang='lat' dir='ltr'>Job</span> <span class='ocrx_word' id='word_1_558' title='bbox 832 3871 1109 3926; x_wconf 91' lang='lat' dir='ltr'>Dominus</span> <span class='ocrx_word' id='word_1_559' title='bbox 1136 3871 1242 3927; x_wconf 88' lang='lat' dir='ltr'>ait:</span> <span class='ocrx_word' id='word_1_560' title='bbox 1278 3896 1305 3921; x_wconf 86' lang='grc'>‹‹</span> <span class='ocrx_word' id='word_1_561' title='bbox 1333 3872 1450 3927; x_wconf 86' lang='lat' dir='ltr'>Sub</span> <span class='ocrx_word' id='word_1_562' title='bbox 1474 3872 1682 3927; x_wconf 88' lang='lat' dir='ltr'>umbra</span> <span class='ocrx_word' id='word_1_563' title='bbox 1703 3872 1837 3927; x_wconf 92' lang='lat' dir='ltr'>dor-</span> 
     </span>
    </p>
   </div>
   <div class='ocr_carea' id='block_1_72' title="bbox 194 3957 1836 4033">
    <p class='ocr_par' dir='ltr' id='par_1_72' title="bbox 194 3957 1836 4033">
     <span class='ocr_line' id='line_1_72' title="bbox 194 3957 1836 4033; baseline 0.004 -24"><span class='ocrx_word' id='word_1_564' title='bbox 194 3957 321 4025; x_wconf 86' lang='lat' dir='ltr'>mit,</span> <span class='ocrx_word' id='word_1_565' title='bbox 338 3958 636 4015; x_wconf 86' lang='lat' dir='ltr'>in&#39;sccreto</span> <span class='ocrx_word' id='word_1_566' title='bbox 655 3957 861 4014; x_wconf 89' lang='lat' dir='ltr'>calami</span> <span class='ocrx_word' id='word_1_567' title='bbox 889 3960 947 4015; x_wconf 90' lang='lat' dir='ltr'>in</span> <span class='ocrx_word' id='word_1_568' title='bbox 970 3958 1113 4016; x_wconf 90' lang='lat' dir='ltr'>locis</span> <span class='ocrx_word' id='word_1_569' title='bbox 1136 3960 1514 4016; x_wconf 89' lang='lat' dir='ltr'>humentibus</span> <span class='ocrx_word' id='word_1_570' title='bbox 1533 3960 1665 4033; x_wconf 86' lang='lat' dir='ltr'>(Job.</span> <span class='ocrx_word' id='word_1_571' title='bbox 1690 3964 1836 4030; x_wconf 79' lang='lat' dir='ltr'>XL).»</span> 
     </span>
    </p>
   </div>
   <div class='ocr_carea' id='block_1_73' title="bbox 191 4046 1831 4122">
    <p class='ocr_par' dir='ltr' id='par_1_73' title="bbox 191 4046 1831 4122">
     <span class='ocr_line' id='line_1_73' title="bbox 191 4046 1831 4122; baseline 0.002 -22"><span class='ocrx_word' id='word_1_572' title='bbox 191 4046 297 4100; x_wconf 81' lang='lat' dir='ltr'>Sed</span> <span class='ocrx_word' id='word_1_573' title='bbox 334 4064 454 4103; x_wconf 92' lang='lat' dir='ltr'>cum</span> <span class='ocrx_word' id='word_1_574' title='bbox 484 4048 607 4104; x_wconf 87' lang='lat' dir='ltr'>zelo</span> <span class='ocrx_word' id='word_1_575' title='bbox 639 4047 833 4115; x_wconf 63' lang='lat' dir='ltr'>,divini</span> <span class='ocrx_word' id='word_1_576' title='bbox 868 4048 1087 4105; x_wconf 89' lang='lat' dir='ltr'>amoris</span> <span class='ocrx_word' id='word_1_577' title='bbox 1120 4050 1293 4105; x_wconf 84' lang='lat' dir='ltr'>fuerit</span> <span class='ocrx_word' id='word_1_578' title='bbox 1321 4049 1622 4122; x_wconf 83' lang='lat' dir='ltr'>expulsus,</span> <span class='ocrx_word' id='word_1_579' title='bbox 1649 4050 1791 4105; x_wconf 90' lang='lat' dir='ltr'>dicit</span> <span class='ocrx_word' id='word_1_580' title='bbox 1818 4067 1831 4104; x_wconf 87' lang='lat'>:</span> 
     </span>
    </p>
   </div>
   <div class='ocr_carea' id='block_1_74' title="bbox 195 4134 1835 4194">
    <p class='ocr_par' dir='ltr' id='par_1_74' title="bbox 195 4134 1835 4194">
     <span class='ocr_line' id='line_1_74' title="bbox 195 4134 1835 4194; baseline 0.002 -4"><span class='ocrx_word' id='word_1_581' title='bbox 195 4158 219 4181; x_wconf 70' lang='grc' dir='ltr'>ιι</span> <span class='ocrx_word' id='word_1_582' title='bbox 252 4134 514 4193; x_wconf 79' lang='lat' dir='ltr'>Revertar</span> <span class='ocrx_word' id='word_1_583' title='bbox 544 4138 602 4192; x_wconf 92' lang='lat' dir='ltr'>in</span> <span class='ocrx_word' id='word_1_584' title='bbox 631 4138 871 4193; x_wconf 91' lang='lat' dir='ltr'>domum</span> <span class='ocrx_word' id='word_1_585' title='bbox 906 4154 1097 4194; x_wconf 89' lang='lat' dir='ltr'>meam</span> <span class='ocrx_word' id='word_1_586' title='bbox 1126 4139 1278 4194; x_wconf 90' lang='lat' dir='ltr'>unde</span> <span class='ocrx_word' id='word_1_587' title='bbox 1301 4138 1468 4194; x_wconf 85' lang='lat' dir='ltr'>exivi.</span> <span class='ocrx_word' id='word_1_588' title='bbox 1493 4160 1520 4189; x_wconf 87' lang='grc'><strong>››</strong></span> <span class='ocrx_word' id='word_1_589' title='bbox 1551 4140 1715 4194; x_wconf 89' lang='lat' dir='ltr'>Tunc</span> <span class='ocrx_word' id='word_1_590' title='bbox 1742 4156 1835 4194; x_wconf 89' lang='lat' dir='ltr'>va-</span> 
     </span>
    </p>
   </div>
   <div class='ocr_carea' id='block_1_75' title="bbox 193 4223 1832 4301">
    <p class='ocr_par' dir='ltr' id='par_1_75' title="bbox 193 4223 1832 4301">
     <span class='ocr_line' id='line_1_75' title="bbox 193 4223 1832 4301; baseline 0.005 -25"><span class='ocrx_word' id='word_1_591' title='bbox 193 4223 292 4279; x_wconf 87' lang='lat' dir='ltr'>riis</span> <span class='ocrx_word' id='word_1_592' title='bbox 327 4226 504 4283; x_wconf 89' lang='lat' dir='ltr'>modis</span> <span class='ocrx_word' id='word_1_593' title='bbox 536 4232 797 4283; x_wconf 89' lang='lat' dir='ltr'>mentem</span> <span class='ocrx_word' id='word_1_594' title='bbox 831 4227 1090 4283; x_wconf 91' lang='lat' dir='ltr'>hominis</span> <span class='ocrx_word' id='word_1_595' title='bbox 1122 4232 1346 4283; x_wconf 77' lang='lat' dir='ltr'>tentare</span> <span class='ocrx_word' id='word_1_596' title='bbox 1394 4227 1620 4300; x_wconf 89' lang='lat' dir='ltr'>incipit,</span> <span class='ocrx_word' id='word_1_597' title='bbox 1650 4245 1832 4301; x_wconf 83' lang='lat' dir='ltr'>quem</span> 
     </span>
    </p>
   </div>
   <div class='ocr_carea' id='block_1_76' title="bbox 194 4313 1836 4388">
    <p class='ocr_par' dir='ltr' id='par_1_76' title="bbox 194 4313 1836 4388">
     <span class='ocr_line' id='line_1_76' title="bbox 194 4313 1836 4388; baseline 0.004 -22"><span class='ocrx_word' id='word_1_598' title='bbox 194 4327 294 4381; x_wconf 89' lang='lat' dir='ltr'>per</span> <span class='ocrx_word' id='word_1_599' title='bbox 320 4313 668 4387; x_wconf 87' lang='lat' dir='ltr'>baptismum</span> <span class='ocrx_word' id='word_1_600' title='bbox 707 4315 1039 4387; x_wconf 89' lang='lat' dir='ltr'>reliquerat.</span> <span class='ocrx_word' id='word_1_601' title='bbox 1071 4316 1183 4372; x_wconf 88' lang='lat' dir='ltr'>Sed</span> <span class='ocrx_word' id='word_1_602' title='bbox 1217 4315 1355 4388; x_wconf 89' lang='lat' dir='ltr'>quia</span> <span class='ocrx_word' id='word_1_603' title='bbox 1385 4321 1524 4372; x_wconf 90' lang='lat' dir='ltr'>sunt</span> <span class='ocrx_word' id='word_1_604' title='bbox 1553 4316 1723 4372; x_wconf 93' lang='lat' dir='ltr'>multi</span> <span class='ocrx_word' id='word_1_605' title='bbox 1752 4322 1836 4373; x_wconf 88' lang='lat' dir='ltr'>te—</span> 
     </span>
    </p>
   </div>
   <div class='ocr_carea' id='block_1_77' title="bbox 194 4399 1838 4473">
    <p class='ocr_par' dir='ltr' id='par_1_77' title="bbox 194 4399 1838 4473">
     <span class='ocr_line' id='line_1_77' title="bbox 194 4399 1838 4473; baseline 0.004 -19"><span class='ocrx_word' id='word_1_606' title='bbox 194 4399 312 4469; x_wconf 89' lang='lat' dir='ltr'>pidi</span> <span class='ocrx_word' id='word_1_607' title='bbox 335 4402 660 4473; x_wconf 88' lang='lat' dir='ltr'>Christiani,</span> <span class='ocrx_word' id='word_1_608' title='bbox 692 4408 845 4460; x_wconf 89' lang='lat' dir='ltr'>recte</span> <span class='ocrx_word' id='word_1_609' title='bbox 866 4405 935 4460; x_wconf 92' lang='lat' dir='ltr'>de</span> <span class='ocrx_word' id='word_1_610' title='bbox 958 4406 1158 4460; x_wconf 89' lang='lat' dir='ltr'>eadem</span> <span class='ocrx_word' id='word_1_611' title='bbox 1183 4405 1357 4461; x_wconf 92' lang='lat' dir='ltr'>domo</span> <span class='ocrx_word' id='word_1_612' title='bbox 1379 4405 1654 4462; x_wconf 88' lang='lat' dir='ltr'>subditur</span> <span class='ocrx_word' id='word_1_613' title='bbox 1678 4422 1690 4462; x_wconf 91' lang='lat'>:</span> <span class='ocrx_word' id='word_1_614' title='bbox 1717 4431 1741 4455; x_wconf 91' lang='grc'>‹‹</span> <span class='ocrx_word' id='word_1_615' title='bbox 1768 4407 1838 4462; x_wconf 88' lang='lat' dir='ltr'>Et</span> 
     </span>
    </p>
   </div>
   <div class='ocr_carea' id='block_1_78' title="bbox 195 4493 1836 4567">
    <p class='ocr_par' dir='ltr' id='par_1_78' title="bbox 195 4493 1836 4567">
     <span class='ocr_line' id='line_1_78' title="bbox 195 4493 1836 4567; baseline 0.007 -26"><span class='ocrx_word' id='word_1_616' title='bbox 195 4504 327 4545; x_wconf 91' lang='lat' dir='ltr'>cum</span> <span class='ocrx_word' id='word_1_617' title='bbox 354 4494 587 4564; x_wconf 87' lang='lat' dir='ltr'>venerit,</span> <span class='ocrx_word' id='word_1_618' title='bbox 620 4493 837 4551; x_wconf 87' lang='lat' dir='ltr'>invenit</span> <span class='ocrx_word' id='word_1_619' title='bbox 866 4510 992 4549; x_wconf 90' lang='lat' dir='ltr'>eam</span> <span class='ocrx_word' id='word_1_620' title='bbox 1024 4498 1348 4561; x_wconf 86' lang='lat' dir='ltr'>vacantem,</span> <span class='ocrx_word' id='word_1_621' title='bbox 1374 4494 1563 4567; x_wconf 85' lang='lat' dir='ltr'>scopis</span> <span class='ocrx_word' id='word_1_622' title='bbox 1586 4497 1836 4552; x_wconf 86' lang='lat' dir='ltr'>munda-</span> 
     </span>
    </p>
   </div>
   <div class='ocr_carea' id='block_1_79' title="bbox 1945 3334 3602 3408">
    <p class='ocr_par' dir='ltr' id='par_1_79' title="bbox 1945 3334 3602 3408">
     <span class='ocr_line' id='line_1_79' title="bbox 1945 3334 3602 3408; baseline 0.001 -17"><span class='ocrx_word' id='word_1_623' title='bbox 1945 3353 2082 3391; x_wconf 89' lang='lat' dir='ltr'>voce</span> <span class='ocrx_word' id='word_1_624' title='bbox 2112 3336 2425 3391; x_wconf 90' lang='lat' dir='ltr'>Dominum</span> <span class='ocrx_word' id='word_1_625' title='bbox 2482 3335 2775 3390; x_wconf 82' lang='lat' dir='ltr'>Christum</span> <span class='ocrx_word' id='word_1_626' title='bbox 2825 3334 3154 3391; x_wconf 80' lang='lat' dir='ltr'>confitetur.</span> <span class='ocrx_word' id='word_1_627' title='bbox 3188 3336 3369 3408; x_wconf 87' lang='lat' dir='ltr'>Cujus</span> <span class='ocrx_word' id='word_1_628' title='bbox 3402 3353 3602 3393; x_wconf 85' lang='lat' dir='ltr'>revera</span> 
     </span>
    </p>
   </div>
   <div class='ocr_carea' id='block_1_80' title="bbox 1946 3423 3601 3498">
    <p class='ocr_par' dir='ltr' id='par_1_80' title="bbox 1946 3423 3601 3498">
     <span class='ocr_line' id='line_1_80' title="bbox 1946 3423 3601 3498; baseline 0.001 -17"><span class='ocrx_word' id='word_1_629' title='bbox 1946 3442 2082 3481; x_wconf 91' lang='lat' dir='ltr'>voce</span> <span class='ocrx_word' id='word_1_630' title='bbox 2102 3429 2300 3483; x_wconf 85' lang='lat' dir='ltr'>venter</span> <span class='ocrx_word' id='word_1_631' title='bbox 2316 3425 2509 3479; x_wconf 75' lang='lat' dir='ltr'>Mariae</span> <span class='ocrx_word' id='word_1_632' title='bbox 2522 3423 2765 3496; x_wconf 87' lang='lat' dir='ltr'>virginis</span> <span class='ocrx_word' id='word_1_633' title='bbox 2779 3424 2985 3480; x_wconf 89' lang='lat' dir='ltr'>beatus</span> <span class='ocrx_word' id='word_1_634' title='bbox 3002 3424 3351 3496; x_wconf 66' lang='lat' dir='ltr'>praadicatur</span> <span class='ocrx_word' id='word_1_635' title='bbox 3368 3427 3516 3498; x_wconf 80' lang='lat' dir='ltr'>(Luc.</span> <span class='ocrx_word' id='word_1_636' title='bbox 3539 3425 3576 3497; x_wconf 81' lang='grc' dir='ltr'>ι)</span> <span class='ocrx_word' id='word_1_637' title='bbox 3588 3468 3601 3492; x_wconf 92' lang='grc'><em>,</em></span> 
     </span>
    </p>
   </div>
   <div class='ocr_carea' id='block_1_81' title="bbox 1947 3512 3605 3587">
    <p class='ocr_par' dir='ltr' id='par_1_81' title="bbox 1947 3512 3605 3587">
     <span class='ocr_line' id='line_1_81' title="bbox 1947 3512 3605 3587; baseline -0.001 -17"><span class='ocrx_word' id='word_1_638' title='bbox 1947 3522 2074 3587; x_wconf 76' lang='lat' dir='ltr'>quae</span> <span class='ocrx_word' id='word_1_639' title='bbox 2094 3515 2273 3570; x_wconf 88' lang='lat' dir='ltr'>totius</span> <span class='ocrx_word' id='word_1_640' title='bbox 2293 3514 2495 3569; x_wconf 89' lang='lat' dir='ltr'>mundi</span> <span class='ocrx_word' id='word_1_641' title='bbox 2522 3513 2967 3585; x_wconf 83' lang='lat' dir='ltr'>Redemptorem</span> <span class='ocrx_word' id='word_1_642' title='bbox 2991 3512 3203 3568; x_wconf 88' lang='lat' dir='ltr'>meruit</span> <span class='ocrx_word' id='word_1_643' title='bbox 3220 3517 3474 3586; x_wconf 88' lang='lat' dir='ltr'>portare,</span> <span class='ocrx_word' id='word_1_644' title='bbox 3498 3515 3605 3571; x_wconf 87' lang='lat' dir='ltr'>sic-</span> 
     </span>
    </p>
   </div>
   <div class='ocr_carea' id='block_1_82' title="bbox 1948 3602 3603 3678">
    <p class='ocr_par' dir='ltr' id='par_1_82' title="bbox 1948 3602 3603 3678">
     <span class='ocr_line' id='line_1_82' title="bbox 1948 3602 3603 3678; baseline -0.002 -18"><span class='ocrx_word' id='word_1_645' title='bbox 1948 3610 2012 3660; x_wconf 91' lang='lat' dir='ltr'>ut</span> <span class='ocrx_word' id='word_1_646' title='bbox 2041 3605 2170 3678; x_wconf 90' lang='lat' dir='ltr'>ipsa</span> <span class='ocrx_word' id='word_1_647' title='bbox 2200 3605 2271 3658; x_wconf 90' lang='lat' dir='ltr'>de</span> <span class='ocrx_word' id='word_1_648' title='bbox 2302 3620 2363 3660; x_wconf 89' lang='lat' dir='ltr'>se</span> <span class='ocrx_word' id='word_1_649' title='bbox 2395 3602 2506 3659; x_wconf 88' lang='lat' dir='ltr'>ait:</span> <span class='ocrx_word' id='word_1_650' title='bbox 2559 3627 2585 3652; x_wconf 89' lang='grc'>‹‹</span> <span class='ocrx_word' id='word_1_651' title='bbox 2615 3603 2697 3658; x_wconf 91' lang='lat' dir='ltr'>Ex</span> <span class='ocrx_word' id='word_1_652' title='bbox 2726 3602 2835 3659; x_wconf 89' lang='lat' dir='ltr'>hoc</span> <span class='ocrx_word' id='word_1_653' title='bbox 2864 3603 3095 3658; x_wconf 88' lang='lat' dir='ltr'>beatam</span> <span class='ocrx_word' id='word_1_654' title='bbox 3128 3614 3223 3658; x_wconf 89' lang='lat' dir='ltr'>me</span> <span class='ocrx_word' id='word_1_655' title='bbox 3254 3602 3449 3659; x_wconf 92' lang='lat' dir='ltr'>dicent</span> <span class='ocrx_word' id='word_1_656' title='bbox 3478 3619 3603 3658; x_wconf 91' lang='lat' dir='ltr'>om-</span> 
     </span>
    </p>
   </div>
   <div class='ocr_carea' id='block_1_83' title="bbox 1948 3692 3603 3768">
    <p class='ocr_par' dir='ltr' id='par_1_83' title="bbox 1948 3692 3603 3768">
     <span class='ocr_line' id='line_1_83' title="bbox 1948 3692 3603 3768; baseline -0.003 -17"><span class='ocrx_word' id='word_1_657' title='bbox 1948 3712 2052 3751; x_wconf 90' lang='lat' dir='ltr'>nes</span> <span class='ocrx_word' id='word_1_658' title='bbox 2081 3693 2505 3768; x_wconf 86' lang='lat' dir='ltr'>generationes.</span> <span class='ocrx_word' id='word_1_659' title='bbox 2540 3715 2567 3742; x_wconf 86' lang='lat'>»</span> <span class='ocrx_word' id='word_1_660' title='bbox 2622 3693 2691 3747; x_wconf 90' lang='lat' dir='ltr'>Et</span> <span class='ocrx_word' id='word_1_661' title='bbox 2721 3692 3012 3748; x_wconf 87' lang='lat' dir='ltr'>Elizabeth</span> <span class='ocrx_word' id='word_1_662' title='bbox 3041 3709 3053 3747; x_wconf 89' lang='lat'>:</span> <span class='ocrx_word' id='word_1_663' title='bbox 3090 3716 3118 3742; x_wconf 87' lang='grc'>‹‹</span> <span class='ocrx_word' id='word_1_664' title='bbox 3170 3696 3345 3748; x_wconf 89' lang='lat' dir='ltr'>Beata</span> <span class='ocrx_word' id='word_1_665' title='bbox 3382 3708 3444 3748; x_wconf 89' lang='lat' dir='ltr'>es</span> <span class='ocrx_word' id='word_1_666' title='bbox 3475 3708 3603 3764; x_wconf 77' lang='lat' dir='ltr'>quas</span> 
     </span>
    </p>
   </div>
   <div class='ocr_carea' id='block_1_84' title="bbox 1947 3780 3603 3846">
    <p class='ocr_par' dir='ltr' id='par_1_84' title="bbox 1947 3780 3603 3846">
     <span class='ocr_line' id='line_1_84' title="bbox 1947 3780 3603 3846; baseline -0.002 -7"><span class='ocrx_word' id='word_1_667' title='bbox 1947 3782 2266 3839; x_wconf 88' lang='lat' dir='ltr'>credidisti.</span> <span class='ocrx_word' id='word_1_668' title='bbox 2298 3804 2325 3832; x_wconf 88' lang='grc'>››</span> <span class='ocrx_word' id='word_1_669' title='bbox 2358 3783 2680 3838; x_wconf 80' lang='lat' dir='ltr'>Confirmat</span> <span class='ocrx_word' id='word_1_670' title='bbox 2710 3786 2905 3837; x_wconf 87' lang='lat' dir='ltr'>autem</span> <span class='ocrx_word' id='word_1_671' title='bbox 2937 3780 3110 3837; x_wconf 89' lang='lat' dir='ltr'>verba</span> <span class='ocrx_word' id='word_1_672' title='bbox 3143 3780 3430 3846; x_wconf 90' lang='lat' dir='ltr'>mulieris,</span> <span class='ocrx_word' id='word_1_673' title='bbox 3468 3798 3603 3836; x_wconf 90' lang='lat' dir='ltr'>cum</span> 
     </span>
    </p>
   </div>
   <div class='ocr_carea' id='block_1_85' title="bbox 1947 3871 2292 3945">
    <p class='ocr_par' dir='ltr' id='par_1_85' title="bbox 1947 3871 2292 3945">
     <span class='ocr_line' id='line_1_85' title="bbox 1947 3871 2292 3945; baseline -0.009 -17"><span class='ocrx_word' id='word_1_674' title='bbox 1947 3871 2292 3945; x_wconf 75' lang='lat' dir='ltr'>subiungit:</span> 
     </span>
    </p>
   </div>
   <div class='ocr_carea' id='block_1_86' title="bbox 2021 3958 3607 4031">
    <p class='ocr_par' dir='ltr' id='par_1_86' title="bbox 2021 3958 3607 4031">
     <span class='ocr_line' id='line_1_86' title="bbox 2021 3958 3607 4031; baseline 0.001 -18"><span class='ocrx_word' id='word_1_675' title='bbox 2021 3984 2049 4013; x_wconf 74' lang='grc' dir='ltr'>α</span> <span class='ocrx_word' id='word_1_676' title='bbox 2081 3959 2374 4027; x_wconf 88' lang='lat' dir='ltr'>Quinimo,</span> <span class='ocrx_word' id='word_1_677' title='bbox 2405 3958 2554 4014; x_wconf 89' lang='lat' dir='ltr'>beati</span> <span class='ocrx_word' id='word_1_678' title='bbox 2589 3958 2687 4031; x_wconf 91' lang='lat' dir='ltr'>qui</span> <span class='ocrx_word' id='word_1_679' title='bbox 2715 3958 2965 4015; x_wconf 89' lang='lat' dir='ltr'>audiunt</span> <span class='ocrx_word' id='word_1_680' title='bbox 2993 3960 3235 4016; x_wconf 90' lang='lat' dir='ltr'>verbum</span> <span class='ocrx_word' id='word_1_681' title='bbox 3271 3959 3387 4026; x_wconf 89' lang='lat' dir='ltr'>Dei,</span> <span class='ocrx_word' id='word_1_682' title='bbox 3423 3963 3480 4014; x_wconf 89' lang='lat' dir='ltr'>ct</span> <span class='ocrx_word' id='word_1_683' title='bbox 3511 3976 3607 4015; x_wconf 90' lang='lat' dir='ltr'>cu-</span> 
     </span>
    </p>
   </div>
   <div class='ocr_carea' id='block_1_87' title="bbox 1949 4046 3602 4105">
    <p class='ocr_par' dir='ltr' id='par_1_87' title="bbox 1949 4046 3602 4105">
     <span class='ocr_line' id='line_1_87' title="bbox 1949 4046 3602 4105; baseline 0.002 -4"><span class='ocrx_word' id='word_1_684' title='bbox 1949 4072 1977 4101; x_wconf 82' lang='grc'>‹‹</span> <span class='ocrx_word' id='word_1_685' title='bbox 2004 4049 2268 4105; x_wconf 90' lang='lat' dir='ltr'>stodiunt</span> <span class='ocrx_word' id='word_1_686' title='bbox 2289 4046 2452 4103; x_wconf 91' lang='lat' dir='ltr'>illud.</span> <span class='ocrx_word' id='word_1_687' title='bbox 2478 4049 2601 4103; x_wconf 78' lang='lat' dir='ltr'>nAc</span> <span class='ocrx_word' id='word_1_688' title='bbox 2625 4047 2671 4102; x_wconf 92' lang='lat' dir='ltr'>si</span> <span class='ocrx_word' id='word_1_689' title='bbox 2692 4047 2965 4104; x_wconf 81' lang='lat' dir='ltr'>dixisset:</span> <span class='ocrx_word' id='word_1_690' title='bbox 2993 4049 3164 4104; x_wconf 86' lang='lat' dir='ltr'>Juxta</span> <span class='ocrx_word' id='word_1_691' title='bbox 3183 4053 3345 4104; x_wconf 88' lang='lat' dir='ltr'>tuam</span> <span class='ocrx_word' id='word_1_692' title='bbox 3371 4052 3602 4105; x_wconf 86' lang='lat' dir='ltr'>senten-</span> 
     </span>
    </p>
   </div>
   <div class='ocr_carea' id='block_1_88' title="bbox 1947 4136 3603 4211">
    <p class='ocr_par' dir='ltr' id='par_1_88' title="bbox 1947 4136 3603 4211">
     <span class='ocr_line' id='line_1_88' title="bbox 1947 4136 3603 4211; baseline -0.002 -17"><span class='ocrx_word' id='word_1_693' title='bbox 1947 4139 2087 4195; x_wconf 90' lang='lat' dir='ltr'>tiam</span> <span class='ocrx_word' id='word_1_694' title='bbox 2118 4136 2519 4211; x_wconf 89' lang='lat' dir='ltr'>principaliter</span> <span class='ocrx_word' id='word_1_695' title='bbox 2545 4137 2750 4192; x_wconf 91' lang='lat' dir='ltr'>beatus</span> <span class='ocrx_word' id='word_1_696' title='bbox 2781 4137 2878 4193; x_wconf 91' lang='lat' dir='ltr'>ille</span> <span class='ocrx_word' id='word_1_697' title='bbox 2905 4141 3106 4193; x_wconf 89' lang='lat' dir='ltr'>venter</span> <span class='ocrx_word' id='word_1_698' title='bbox 3123 4141 3212 4192; x_wconf 89' lang='lat' dir='ltr'>est</span> <span class='ocrx_word' id='word_1_699' title='bbox 3233 4136 3333 4209; x_wconf 91' lang='lat' dir='ltr'>qui</span> <span class='ocrx_word' id='word_1_700' title='bbox 3357 4153 3449 4192; x_wconf 88' lang='lat' dir='ltr'>me</span> <span class='ocrx_word' id='word_1_701' title='bbox 3470 4153 3603 4209; x_wconf 86' lang='lat' dir='ltr'>por-</span> 
     </span>
    </p>
   </div>
   <div class='ocr_carea' id='block_1_89' title="bbox 1944 4224 3601 4297">
    <p class='ocr_par' dir='ltr' id='par_1_89' title="bbox 1944 4224 3601 4297">
     <span class='ocr_line' id='line_1_89' title="bbox 1944 4224 3601 4297; baseline -0.003 -13"><span class='ocrx_word' id='word_1_702' title='bbox 1944 4228 2121 4284; x_wconf 90' lang='lat' dir='ltr'>tavit:</span> <span class='ocrx_word' id='word_1_703' title='bbox 2157 4226 2256 4283; x_wconf 90' lang='lat' dir='ltr'>sed</span> <span class='ocrx_word' id='word_1_704' title='bbox 2289 4230 2346 4281; x_wconf 90' lang='lat' dir='ltr'>ct</span> <span class='ocrx_word' id='word_1_705' title='bbox 2374 4242 2575 4281; x_wconf 89' lang='lat' dir='ltr'>omnes</span> <span class='ocrx_word' id='word_1_706' title='bbox 2609 4225 2785 4293; x_wconf 90' lang='lat' dir='ltr'>beati,</span> <span class='ocrx_word' id='word_1_707' title='bbox 2813 4225 2912 4297; x_wconf 91' lang='lat' dir='ltr'>qui</span> <span class='ocrx_word' id='word_1_708' title='bbox 2947 4226 3194 4280; x_wconf 90' lang='lat' dir='ltr'>audiunt</span> <span class='ocrx_word' id='word_1_709' title='bbox 3225 4225 3466 4280; x_wconf 87' lang='lat' dir='ltr'>verbum</span> <span class='ocrx_word' id='word_1_710' title='bbox 3500 4224 3601 4281; x_wconf 88' lang='lat' dir='ltr'>Dei</span> 
     </span>
    </p>
   </div>
   <div class='ocr_carea' id='block_1_90' title="bbox 1945 4312 3605 4373">
    <p class='ocr_par' dir='ltr' id='par_1_90' title="bbox 1945 4312 3605 4373">
     <span class='ocr_line' id='line_1_90' title="bbox 1945 4312 3605 4373; baseline -0.003 1"><span class='ocrx_word' id='word_1_711' title='bbox 1945 4321 2003 4373; x_wconf 90' lang='lat' dir='ltr'>et</span> <span class='ocrx_word' id='word_1_712' title='bbox 2031 4314 2374 4373; x_wconf 90' lang='lat' dir='ltr'>custodiunt</span> <span class='ocrx_word' id='word_1_713' title='bbox 2397 4312 2562 4369; x_wconf 90' lang='lat' dir='ltr'>illud.</span> <span class='ocrx_word' id='word_1_714' title='bbox 2598 4313 2698 4367; x_wconf 90' lang='lat' dir='ltr'>Cui</span> <span class='ocrx_word' id='word_1_715' title='bbox 2726 4318 2921 4368; x_wconf 89' lang='lat' dir='ltr'>autem</span> <span class='ocrx_word' id='word_1_716' title='bbox 2954 4313 3252 4369; x_wconf 89' lang='lat' dir='ltr'>beatitudo</span> <span class='ocrx_word' id='word_1_717' title='bbox 3285 4312 3477 4367; x_wconf 70' lang='lat' dir='ltr'>Mariae</span> <span class='ocrx_word' id='word_1_718' title='bbox 3508 4313 3605 4369; x_wconf 87' lang='lat' dir='ltr'>de-</span> 
     </span>
    </p>
   </div>
   <div class='ocr_carea' id='block_1_91' title="bbox 1943 4402 3600 4475">
    <p class='ocr_par' dir='ltr' id='par_1_91' title="bbox 1943 4402 3600 4475">
     <span class='ocr_line' id='line_1_91' title="bbox 1943 4402 3600 4475; baseline -0.003 -12"><span class='ocrx_word' id='word_1_719' title='bbox 1943 4407 2136 4475; x_wconf 89' lang='lat' dir='ltr'>lectat,</span> <span class='ocrx_word' id='word_1_720' title='bbox 2172 4404 2406 4460; x_wconf 90' lang='lat' dir='ltr'>studeat</span> <span class='ocrx_word' id='word_1_721' title='bbox 2436 4402 2687 4458; x_wconf 88' lang='lat' dir='ltr'>libenter</span> <span class='ocrx_word' id='word_1_722' title='bbox 2707 4402 2911 4458; x_wconf 89' lang='lat' dir='ltr'>audire</span> <span class='ocrx_word' id='word_1_723' title='bbox 2932 4404 3173 4459; x_wconf 87' lang='lat' dir='ltr'>verbum</span> <span class='ocrx_word' id='word_1_724' title='bbox 3198 4402 3295 4458; x_wconf 91' lang='lat' dir='ltr'>Dei</span> <span class='ocrx_word' id='word_1_725' title='bbox 3322 4405 3375 4456; x_wconf 88' lang='lat' dir='ltr'>et</span> <span class='ocrx_word' id='word_1_726' title='bbox 3406 4406 3600 4458; x_wconf 91' lang='lat' dir='ltr'>custo-</span> 
     </span>
    </p>
   </div>
   <div class='ocr_carea' id='block_1_92' title="bbox 1945 4488 3604 4565">
    <p class='ocr_par' dir='ltr' id='par_1_92' title="bbox 1945 4488 3604 4565">
     <span class='ocr_line' id='line_1_92' title="bbox 1945 4488 3604 4565; baseline -0.004 -13"><span class='ocrx_word' id='word_1_727' title='bbox 1945 4496 2089 4563; x_wconf 91' lang='lat' dir='ltr'>dire,</span> <span class='ocrx_word' id='word_1_728' title='bbox 2120 4496 2325 4550; x_wconf 88' lang='lat' dir='ltr'>beatus</span> <span class='ocrx_word' id='word_1_729' title='bbox 2350 4493 2477 4549; x_wconf 90' lang='lat' dir='ltr'>erit.</span> <span class='ocrx_word' id='word_1_730' title='bbox 2509 4490 2786 4565; x_wconf 88' lang='lat' dir='ltr'>Quisquis</span> <span class='ocrx_word' id='word_1_731' title='bbox 2809 4508 2947 4564; x_wconf 88' lang='lat' dir='ltr'>ergo</span> <span class='ocrx_word' id='word_1_732' title='bbox 2968 4491 3209 4548; x_wconf 89' lang='lat' dir='ltr'>verbum</span> <span class='ocrx_word' id='word_1_733' title='bbox 3236 4488 3331 4547; x_wconf 90' lang='lat' dir='ltr'>Dei</span> <span class='ocrx_word' id='word_1_734' title='bbox 3355 4489 3604 4546; x_wconf 90' lang='lat' dir='ltr'>libenter</span> 
     </span>
    </p>
   </div>
   <div class='ocr_carea' id='block_1_93' title="bbox 195 4580 3600 4669">
    <p class='ocr_par' dir='ltr' id='par_1_93' title="bbox 195 4580 3600 4669">
     <span class='ocr_line' id='line_1_93' title="bbox 195 4580 3600 4669; baseline 0.001 -36"><span class='ocrx_word' id='word_1_735' title='bbox 195 4580 314 4669; x_wconf 78' lang='lat' dir='ltr'>tam</span> <span class='ocrx_word' id='word_1_736' title='bbox 343 4585 393 4635; x_wconf 90' lang='lat' dir='ltr'>et</span> <span class='ocrx_word' id='word_1_737' title='bbox 431 4586 719 4639; x_wconf 87' lang='lat' dir='ltr'>ornatam.</span> <span class='ocrx_word' id='word_1_738' title='bbox 757 4606 786 4631; x_wconf 88' lang='grc'><strong>››</strong></span> <span class='ocrx_word' id='word_1_739' title='bbox 836 4582 1176 4652; x_wconf 83' lang='lat' dir='ltr'>Vacantem,</span> <span class='ocrx_word' id='word_1_740' title='bbox 1212 4582 1268 4638; x_wconf 92' lang='lat' dir='ltr'>id</span> <span class='ocrx_word' id='word_1_741' title='bbox 1302 4588 1390 4639; x_wconf 91' lang='lat' dir='ltr'>est</span> <span class='ocrx_word' id='word_1_742' title='bbox 1420 4601 1453 4639; x_wconf 86' lang='lat' dir='ltr'>a</span> <span class='ocrx_word' id='word_1_743' title='bbox 1484 4584 1634 4640; x_wconf 91' lang='lat' dir='ltr'>bono</span> <span class='ocrx_word' id='word_1_744' title='bbox 1665 4601 1837 4657; x_wconf 91' lang='lat' dir='ltr'>opere</span> <span class='ocrx_word' id='word_1_745' title='bbox 1868 4607 1916 4669; x_wconf 66' lang='grc' dir='ltr'>ι)</span> <span class='ocrx_word' id='word_1_746' title='bbox 1947 4585 2129 4653; x_wconf 90' lang='lat' dir='ltr'>audit,</span> <span class='ocrx_word' id='word_1_747' title='bbox 2155 4583 2450 4640; x_wconf 90' lang='lat' dir='ltr'>Christum</span> <span class='ocrx_word' id='word_1_748' title='bbox 2479 4581 2767 4654; x_wconf 90' lang='lat' dir='ltr'>concipit:</span> <span class='ocrx_word' id='word_1_749' title='bbox 2801 4581 2848 4637; x_wconf 92' lang='lat' dir='ltr'>si</span> <span class='ocrx_word' id='word_1_750' title='bbox 2874 4586 3070 4637; x_wconf 90' lang='lat' dir='ltr'>autem</span> <span class='ocrx_word' id='word_1_751' title='bbox 3102 4581 3161 4636; x_wconf 92' lang='lat' dir='ltr'>in</span> <span class='ocrx_word' id='word_1_752' title='bbox 3194 4597 3365 4653; x_wconf 89' lang='lat' dir='ltr'>opere</span> <span class='ocrx_word' id='word_1_753' title='bbox 3395 4596 3600 4669; x_wconf 78' lang='lat' dir='ltr'>perpe-</span> 
     </span>
    </p>
   </div>
   <div class='ocr_carea' id='block_1_94' title="bbox 197 4668 1835 4746">
    <p class='ocr_par' dir='ltr' id='par_1_94' title="bbox 197 4668 1835 4746">
     <span class='ocr_line' id='line_1_94' title="bbox 197 4668 1835 4746; baseline 0.005 -26"><span class='ocrx_word' id='word_1_754' title='bbox 197 4668 524 4740; x_wconf 84' lang='lat' dir='ltr'>torpentem.</span> <span class='ocrx_word' id='word_1_755' title='bbox 554 4696 581 4722; x_wconf 88' lang='grc'>‹‹</span> <span class='ocrx_word' id='word_1_756' title='bbox 619 4672 824 4745; x_wconf 91' lang='lat' dir='ltr'>Scopis</span> <span class='ocrx_word' id='word_1_757' title='bbox 850 4672 1217 4741; x_wconf 89' lang='lat' dir='ltr'>mundatam,</span> <span class='ocrx_word' id='word_1_758' title='bbox 1252 4695 1277 4722; x_wconf 86' lang='grc'>››</span> <span class='ocrx_word' id='word_1_759' title='bbox 1309 4672 1365 4728; x_wconf 93' lang='lat' dir='ltr'>id</span> <span class='ocrx_word' id='word_1_760' title='bbox 1397 4676 1485 4729; x_wconf 89' lang='lat' dir='ltr'>est</span> <span class='ocrx_word' id='word_1_761' title='bbox 1516 4690 1617 4746; x_wconf 89' lang='lat' dir='ltr'>per</span> <span class='ocrx_word' id='word_1_762' title='bbox 1647 4672 1835 4746; x_wconf 87' lang='lat' dir='ltr'>bapti-</span> 
     </span>
    </p>
   </div>
   <div class='ocr_carea' id='block_1_95' title="bbox 193 4760 1832 4834">
    <p class='ocr_par' dir='ltr' id='par_1_95' title="bbox 193 4760 1832 4834">
     <span class='ocr_line' id='line_1_95' title="bbox 193 4760 1832 4834; baseline 0.007 -27"><span class='ocrx_word' id='word_1_763' title='bbox 193 4769 380 4815; x_wconf 89' lang='lat' dir='ltr'>smum</span> <span class='ocrx_word' id='word_1_764' title='bbox 409 4778 442 4816; x_wconf 88' lang='lat' dir='ltr'>a</span> <span class='ocrx_word' id='word_1_765' title='bbox 467 4760 778 4834; x_wconf 69' lang='lat' dir='ltr'>praeteritis</span> <span class='ocrx_word' id='word_1_766' title='bbox 799 4761 1053 4834; x_wconf 88' lang='lat' dir='ltr'>peccatis</span> <span class='ocrx_word' id='word_1_767' title='bbox 1083 4760 1367 4817; x_wconf 82' lang='lat' dir='ltr'>ablatam.</span> <span class='ocrx_word' id='word_1_768' title='bbox 1392 4761 1690 4831; x_wconf 89' lang='lat' dir='ltr'>Ornatam,</span> <span class='ocrx_word' id='word_1_769' title='bbox 1723 4764 1832 4819; x_wconf 92' lang='lat' dir='ltr'>sub</span> 
     </span>
    </p>
   </div>
   <div class='ocr_carea' id='block_1_96' title="bbox 199 4842 1833 4910">
    <p class='ocr_par' dir='ltr' id='par_1_96' title="bbox 199 4842 1833 4910">
     <span class='ocr_line' id='line_1_96' title="bbox 199 4842 1833 4910; baseline 0.007 -13"><span class='ocrx_word' id='word_1_770' title='bbox 199 4842 634 4908; x_wconf 86' lang='lat' dir='ltr'>Christianitatis</span> <span class='ocrx_word' id='word_1_771' title='bbox 657 4850 860 4906; x_wconf 87' lang='lat' dir='ltr'>habitu</span> <span class='ocrx_word' id='word_1_772' title='bbox 885 4849 1180 4908; x_wconf 84' lang='lat' dir='ltr'>simulatis</span> <span class='ocrx_word' id='word_1_773' title='bbox 1194 4850 1532 4907; x_wconf 87' lang='lat' dir='ltr'>virtutibus.</span> <span class='ocrx_word' id='word_1_774' title='bbox 1558 4875 1584 4902; x_wconf 93' lang='grc'>‹‹</span> <span class='ocrx_word' id='word_1_775' title='bbox 1606 4853 1673 4908; x_wconf 90' lang='lat' dir='ltr'>Et</span> <span class='ocrx_word' id='word_1_776' title='bbox 1695 4856 1833 4910; x_wconf 91' lang='lat' dir='ltr'>tunc</span> 
     </span>
    </p>
   </div>
   <div class='ocr_carea' id='block_1_97' title="bbox 201 4934 1830 5014">
    <p class='ocr_par' dir='ltr' id='par_1_97' title="bbox 201 4934 1830 5014">
     <span class='ocr_line' id='line_1_97' title="bbox 201 4934 1830 5014; baseline 0.007 -27"><span class='ocrx_word' id='word_1_777' title='bbox 201 4934 349 4991; x_wconf 85' lang='lat' dir='ltr'>vadit</span> <span class='ocrx_word' id='word_1_778' title='bbox 372 4944 424 4994; x_wconf 91' lang='lat' dir='ltr'>et</span> <span class='ocrx_word' id='word_1_779' title='bbox 450 4939 701 4997; x_wconf 87' lang='lat' dir='ltr'>assumit</span> <span class='ocrx_word' id='word_1_780' title='bbox 726 4943 949 5013; x_wconf 88' lang='lat' dir='ltr'>septem</span> <span class='ocrx_word' id='word_1_781' title='bbox 976 4939 1121 4996; x_wconf 92' lang='lat' dir='ltr'>alios</span> <span class='ocrx_word' id='word_1_782' title='bbox 1152 4939 1396 5013; x_wconf 91' lang='lat' dir='ltr'>spiritus</span> <span class='ocrx_word' id='word_1_783' title='bbox 1413 4940 1722 5014; x_wconf 89' lang='lat' dir='ltr'>nequiores</span> <span class='ocrx_word' id='word_1_784' title='bbox 1749 4959 1830 5011; x_wconf 90' lang='lat' dir='ltr'>se,</span> 
     </span>
    </p>
   </div>
   <div class='ocr_carea' id='block_1_98' title="bbox 204 5022 1830 5103">
    <p class='ocr_par' dir='ltr' id='par_1_98' title="bbox 204 5022 1830 5103">
     <span class='ocr_line' id='line_1_98' title="bbox 204 5022 1830 5103; baseline 0.008 -29"><span class='ocrx_word' id='word_1_785' title='bbox 204 5025 255 5076; x_wconf 86' lang='lat' dir='ltr'>et</span> <span class='ocrx_word' id='word_1_786' title='bbox 279 5022 510 5099; x_wconf 86' lang='lat' dir='ltr'>ingressi</span> <span class='ocrx_word' id='word_1_787' title='bbox 536 5027 807 5086; x_wconf 88' lang='lat' dir='ltr'>habitant</span> <span class='ocrx_word' id='word_1_788' title='bbox 832 5028 931 5084; x_wconf 93' lang='lat' dir='ltr'>ibi.</span> <span class='ocrx_word' id='word_1_789' title='bbox 958 5051 986 5079; x_wconf 84' lang='grc'><strong>››</strong></span> <span class='ocrx_word' id='word_1_790' title='bbox 1013 5027 1169 5084; x_wconf 89' lang='lat' dir='ltr'>Solet</span> <span class='ocrx_word' id='word_1_791' title='bbox 1191 5028 1548 5101; x_wconf 88' lang='lat' dir='ltr'>contingere,</span> <span class='ocrx_word' id='word_1_792' title='bbox 1571 5035 1636 5085; x_wconf 90' lang='lat' dir='ltr'>ut</span> <span class='ocrx_word' id='word_1_793' title='bbox 1657 5048 1830 5103; x_wconf 88' lang='lat' dir='ltr'>quem</span> 
     </span>
    </p>
   </div>
   <div class='ocr_carea' id='block_1_99' title="bbox 205 5114 1834 5191">
    <p class='ocr_par' dir='ltr' id='par_1_99' title="bbox 205 5114 1834 5191">
     <span class='ocr_line' id='line_1_99' title="bbox 205 5114 1834 5191; baseline 0.007 -26"><span class='ocrx_word' id='word_1_794' title='bbox 205 5116 325 5168; x_wconf 86' lang='lat' dir='ltr'>ante</span> <span class='ocrx_word' id='word_1_795' title='bbox 339 5114 687 5189; x_wconf 86' lang='lat' dir='ltr'>baptismum</span> <span class='ocrx_word' id='word_1_796' title='bbox 712 5136 815 5191; x_wconf 91' lang='lat' dir='ltr'>per</span> <span class='ocrx_word' id='word_1_797' title='bbox 835 5117 1027 5174; x_wconf 89' lang='lat' dir='ltr'>solum</span> <span class='ocrx_word' id='word_1_798' title='bbox 1053 5116 1331 5191; x_wconf 91' lang='lat' dir='ltr'>originale</span> <span class='ocrx_word' id='word_1_799' title='bbox 1352 5122 1655 5189; x_wconf 89' lang='lat' dir='ltr'>peccatum</span> <span class='ocrx_word' id='word_1_800' title='bbox 1680 5124 1834 5176; x_wconf 88' lang='lat' dir='ltr'>tene-</span> 
     </span>
    </p>
   </div>
   <div class='ocr_carea' id='block_1_100' title="bbox 211 5198 1835 5279">
    <p class='ocr_par' dir='ltr' id='par_1_100' title="bbox 211 5198 1835 5279">
     <span class='ocr_line' id='line_1_100' title="bbox 211 5198 1835 5279; baseline 0.006 -25"><span class='ocrx_word' id='word_1_801' title='bbox 211 5198 317 5268; x_wconf 86' lang='lat' dir='ltr'>bat,</span> <span class='ocrx_word' id='word_1_802' title='bbox 346 5210 535 5275; x_wconf 84' lang='lat' dir='ltr'>postea</span> <span class='ocrx_word' id='word_1_803' title='bbox 583 5224 685 5279; x_wconf 89' lang='lat' dir='ltr'>per</span> <span class='ocrx_word' id='word_1_804' title='bbox 726 5207 915 5263; x_wconf 91' lang='lat' dir='ltr'>multa</span> <span class='ocrx_word' id='word_1_805' title='bbox 968 5206 1110 5262; x_wconf 88' lang='lat' dir='ltr'>vitia</span> <span class='ocrx_word' id='word_1_806' title='bbox 1162 5206 1479 5279; x_wconf 88' lang='lat' dir='ltr'>possideat.</span> <span class='ocrx_word' id='word_1_807' title='bbox 1525 5229 1552 5257; x_wconf 84' lang='lat'><strong><em>«</em></strong></span> <span class='ocrx_word' id='word_1_808' title='bbox 1584 5208 1655 5262; x_wconf 90' lang='lat' dir='ltr'>Et</span> <span class='ocrx_word' id='word_1_809' title='bbox 1684 5209 1835 5264; x_wconf 83' lang='lat' dir='ltr'>fiunt</span> 
     </span>
    </p>
   </div>
   <div class='ocr_carea' id='block_1_101' title="bbox 208 5291 1834 5369">
    <p class='ocr_par' dir='ltr' id='par_1_101' title="bbox 208 5291 1834 5369">
     <span class='ocr_line' id='line_1_101' title="bbox 208 5291 1834 5369; baseline 0.007 -27"><span class='ocrx_word' id='word_1_810' title='bbox 208 5291 498 5349; x_wconf 86' lang='lat' dir='ltr'>novissima</span> <span class='ocrx_word' id='word_1_811' title='bbox 544 5295 803 5351; x_wconf 89' lang='lat' dir='ltr'>hominis</span> <span class='ocrx_word' id='word_1_812' title='bbox 833 5294 994 5352; x_wconf 87' lang='lat' dir='ltr'>illius</span> <span class='ocrx_word' id='word_1_813' title='bbox 1026 5297 1224 5369; x_wconf 88' lang='lat' dir='ltr'>pejora</span> <span class='ocrx_word' id='word_1_814' title='bbox 1275 5294 1590 5367; x_wconf 89' lang='lat' dir='ltr'>prioribus.</span> <span class='ocrx_word' id='word_1_815' title='bbox 1628 5319 1654 5345; x_wconf 88' lang='lat'>»</span> <span class='ocrx_word' id='word_1_816' title='bbox 1687 5297 1834 5363; x_wconf 87' lang='lat' dir='ltr'>Quia</span> 
     </span>
    </p>
   </div>
   <div class='ocr_carea' id='block_1_102' title="bbox 209 5372 1832 5458">
    <p class='ocr_par' dir='ltr' id='par_1_102' title="bbox 209 5372 1832 5458">
     <span class='ocr_line' id='line_1_102' title="bbox 209 5372 1832 5458; baseline 0.008 -29"><span class='ocrx_word' id='word_1_817' title='bbox 209 5372 342 5435; x_wconf 82' lang='lat' dir='ltr'>sicut</span> <span class='ocrx_word' id='word_1_818' title='bbox 367 5381 433 5437; x_wconf 89' lang='lat' dir='ltr'>de</span> <span class='ocrx_word' id='word_1_819' title='bbox 473 5381 692 5439; x_wconf 89' lang='lat' dir='ltr'>talibus</span> <span class='ocrx_word' id='word_1_820' title='bbox 722 5384 927 5441; x_wconf 89' lang='lat' dir='ltr'>Petrus</span> <span class='ocrx_word' id='word_1_821' title='bbox 957 5384 1259 5458; x_wconf 88' lang='lat' dir='ltr'>apostolus</span> <span class='ocrx_word' id='word_1_822' title='bbox 1287 5384 1403 5440; x_wconf 88' lang='lat' dir='ltr'>ait:</span> <span class='ocrx_word' id='word_1_823' title='bbox 1448 5406 1476 5434; x_wconf 84' lang='lat'><strong><em>«</em></strong></span> <span class='ocrx_word' id='word_1_824' title='bbox 1512 5383 1720 5440; x_wconf 86' lang='lat' dir='ltr'>Melius</span> <span class='ocrx_word' id='word_1_825' title='bbox 1749 5386 1832 5442; x_wconf 89' lang='lat' dir='ltr'>eis</span> 
     </span>
    </p>
   </div>
   <div class='ocr_carea' id='block_1_103' title="bbox 213 5462 1834 5548">
    <p class='ocr_par' dir='ltr' id='par_1_103' title="bbox 213 5462 1834 5548">
     <span class='ocr_line' id='line_1_103' title="bbox 213 5462 1834 5548; baseline 0.008 -29"><span class='ocrx_word' id='word_1_826' title='bbox 213 5462 377 5525; x_wconf 83' lang='lat' dir='ltr'>fuerat</span> <span class='ocrx_word' id='word_1_827' title='bbox 403 5489 514 5527; x_wconf 90' lang='lat' dir='ltr'>non</span> <span class='ocrx_word' id='word_1_828' title='bbox 569 5489 883 5546; x_wconf 86' lang='lat' dir='ltr'>agnoscere</span> <span class='ocrx_word' id='word_1_829' title='bbox 926 5474 1082 5530; x_wconf 91' lang='lat' dir='ltr'>viam</span> <span class='ocrx_word' id='word_1_830' title='bbox 1140 5474 1423 5542; x_wconf 87' lang='lat' dir='ltr'>veritatis,</span> <span class='ocrx_word' id='word_1_831' title='bbox 1478 5489 1656 5546; x_wconf 89' lang='lat' dir='ltr'>quam</span> <span class='ocrx_word' id='word_1_832' title='bbox 1702 5480 1834 5548; x_wconf 89' lang='lat' dir='ltr'>post</span> 
     </span>
    </p>
   </div>
   <div class='ocr_carea' id='block_1_104' title="bbox 214 5555 1830 5635">
    <p class='ocr_par' dir='ltr' id='par_1_104' title="bbox 214 5555 1830 5635">
     <span class='ocr_line' id='line_1_104' title="bbox 214 5555 1830 5635; baseline 0.007 -25"><span class='ocrx_word' id='word_1_833' title='bbox 214 5555 537 5626; x_wconf 73' lang='lat' dir='ltr'>agnitionem</span> <span class='ocrx_word' id='word_1_834' title='bbox 568 5567 719 5617; x_wconf 90' lang='lat' dir='ltr'>retro</span> <span class='ocrx_word' id='word_1_835' title='bbox 751 5563 1003 5620; x_wconf 89' lang='lat' dir='ltr'>converti</span> <span class='ocrx_word' id='word_1_836' title='bbox 1033 5564 1114 5632; x_wconf 84' lang='grc' dir='ltr'>(Π</span> <span class='ocrx_word' id='word_1_837' title='bbox 1141 5569 1286 5620; x_wconf 81' lang='lat' dir='ltr'>I’elr.</span> <span class='ocrx_word' id='word_1_838' title='bbox 1321 5563 1405 5635; x_wconf 80' lang='grc' dir='ltr'>ιι).</span> <span class='ocrx_word' id='word_1_839' title='bbox 1438 5583 1464 5615; x_wconf 75' lang='grc' dir='ltr'><strong><em>η</em></strong></span> <span class='ocrx_word' id='word_1_840' title='bbox 1505 5563 1583 5619; x_wconf 91' lang='lat' dir='ltr'>De</span> <span class='ocrx_word' id='word_1_841' title='bbox 1615 5562 1830 5621; x_wconf 88' lang='lat' dir='ltr'>talibus</span> 
     </span>
    </p>
   </div>
   <div class='ocr_carea' id='block_1_105' title="bbox 215 5649 1831 5729">
    <p class='ocr_par' dir='ltr' id='par_1_105' title="bbox 215 5649 1831 5729">
     <span class='ocr_line' id='line_1_105' title="bbox 215 5649 1831 5729; baseline 0.009 -28"><span class='ocrx_word' id='word_1_842' title='bbox 215 5649 378 5704; x_wconf 78' lang='lat' dir='ltr'>autem</span> <span class='ocrx_word' id='word_1_843' title='bbox 403 5649 686 5709; x_wconf 87' lang='lat' dir='ltr'>Dominus</span> <span class='ocrx_word' id='word_1_844' title='bbox 712 5651 771 5710; x_wconf 89' lang='lat' dir='ltr'>in</span> <span class='ocrx_word' id='word_1_845' title='bbox 791 5652 1101 5729; x_wconf 86' lang='lat' dir='ltr'>Evangelio</span> <span class='ocrx_word' id='word_1_846' title='bbox 1122 5652 1289 5714; x_wconf 87' lang='lat' dir='ltr'>dicit:</span> <span class='ocrx_word' id='word_1_847' title='bbox 1324 5652 1558 5712; x_wconf 85' lang='lat' dir='ltr'>«Nemo</span> <span class='ocrx_word' id='word_1_848' title='bbox 1591 5653 1831 5717; x_wconf 85' lang='lat' dir='ltr'>mittens</span> 
     </span>
    </p>
   </div>
   <div class='ocr_carea' id='block_1_106' title="bbox 1946 4666 3602 4743">
    <p class='ocr_par' dir='ltr' id='par_1_106' title="bbox 1946 4666 3602 4743">
     <span class='ocr_line' id='line_1_106' title="bbox 1946 4666 3602 4743; baseline -0.004 -13"><span class='ocrx_word' id='word_1_849' title='bbox 1946 4674 2203 4743; x_wconf 89' lang='lat' dir='ltr'>traverit,</span> <span class='ocrx_word' id='word_1_850' title='bbox 2237 4672 2533 4728; x_wconf 90' lang='lat' dir='ltr'>Christum</span> <span class='ocrx_word' id='word_1_851' title='bbox 2563 4670 2735 4743; x_wconf 85' lang='lat' dir='ltr'>parit.</span> <span class='ocrx_word' id='word_1_852' title='bbox 2760 4670 2921 4726; x_wconf 91' lang='lat' dir='ltr'>Unde</span> <span class='ocrx_word' id='word_1_853' title='bbox 2943 4670 3231 4726; x_wconf 90' lang='lat' dir='ltr'>Dominus</span> <span class='ocrx_word' id='word_1_854' title='bbox 3258 4669 3491 4726; x_wconf 89' lang='lat' dir='ltr'>cuidam</span> <span class='ocrx_word' id='word_1_855' title='bbox 3520 4666 3602 4723; x_wconf 88' lang='lat' dir='ltr'>di-</span> 
     </span>
    </p>
   </div>
   <div class='ocr_carea' id='block_1_107' title="bbox 1944 4758 3600 4835">
    <p class='ocr_par' dir='ltr' id='par_1_107' title="bbox 1944 4758 3600 4835">
     <span class='ocr_line' id='line_1_107' title="bbox 1944 4758 3600 4835; baseline -0.005 -15"><span class='ocrx_word' id='word_1_856' title='bbox 1944 4764 2094 4820; x_wconf 89' lang='lat' dir='ltr'>centi</span> <span class='ocrx_word' id='word_1_857' title='bbox 2127 4761 2239 4818; x_wconf 90' lang='lat' dir='ltr'>sibi</span> <span class='ocrx_word' id='word_1_858' title='bbox 2287 4761 2488 4835; x_wconf 80' lang='lat' dir='ltr'>(Matth.</span> <span class='ocrx_word' id='word_1_859' title='bbox 2522 4759 2621 4832; x_wconf 87' lang='lat' dir='ltr'>xu)</span> <span class='ocrx_word' id='word_1_860' title='bbox 2649 4777 2661 4815; x_wconf 91' lang='lat'>:</span> <span class='ocrx_word' id='word_1_861' title='bbox 2696 4783 2722 4811; x_wconf 86' lang='lat'>«</span> <span class='ocrx_word' id='word_1_862' title='bbox 2755 4760 2899 4816; x_wconf 90' lang='lat' dir='ltr'>Ecce</span> <span class='ocrx_word' id='word_1_863' title='bbox 2931 4764 3118 4816; x_wconf 90' lang='lat' dir='ltr'>mater</span> <span class='ocrx_word' id='word_1_864' title='bbox 3145 4762 3266 4828; x_wconf 89' lang='lat' dir='ltr'>tua,</span> <span class='ocrx_word' id='word_1_865' title='bbox 3306 4762 3362 4814; x_wconf 89' lang='lat' dir='ltr'>et</span> <span class='ocrx_word' id='word_1_866' title='bbox 3392 4758 3600 4812; x_wconf 81' lang='lat' dir='ltr'>fratres</span> 
     </span>
    </p>
   </div>
   <div class='ocr_carea' id='block_1_108' title="bbox 1942 4846 3600 4923">
    <p class='ocr_par' dir='ltr' id='par_1_108' title="bbox 1942 4846 3600 4923">
     <span class='ocr_line' id='line_1_108' title="bbox 1942 4846 3600 4923; baseline -0.005 -13"><span class='ocrx_word' id='word_1_867' title='bbox 1942 4852 2029 4910; x_wconf 89' lang='lat' dir='ltr'>tui</span> <span class='ocrx_word' id='word_1_868' title='bbox 2034 4852 2190 4923; x_wconf 68' lang='lat' dir='ltr'>foris</span> <span class='ocrx_word' id='word_1_869' title='bbox 2225 4855 2401 4919; x_wconf 87' lang='lat' dir='ltr'>stant,</span> <span class='ocrx_word' id='word_1_870' title='bbox 2432 4854 2757 4922; x_wconf 65' lang='lat' dir='ltr'>quaerentes</span> <span class='ocrx_word' id='word_1_871' title='bbox 2786 4854 2865 4919; x_wconf 91' lang='lat' dir='ltr'>te,</span> <span class='ocrx_word' id='word_1_872' title='bbox 2891 4872 2918 4899; x_wconf 87' lang='lat'><strong><em>»</em></strong></span> <span class='ocrx_word' id='word_1_873' title='bbox 2950 4847 3285 4922; x_wconf 87' lang='lat' dir='ltr'>respondit:</span> <span class='ocrx_word' id='word_1_874' title='bbox 3320 4869 3347 4897; x_wconf 89' lang='grc'>‹‹</span> <span class='ocrx_word' id='word_1_875' title='bbox 3373 4846 3432 4901; x_wconf 91' lang='lat' dir='ltr'>Si</span> <span class='ocrx_word' id='word_1_876' title='bbox 3465 4846 3600 4918; x_wconf 88' lang='lat' dir='ltr'>quis</span> 
     </span>
    </p>
   </div>
   <div class='ocr_carea' id='block_1_109' title="bbox 1944 4937 3597 5010">
    <p class='ocr_par' dir='ltr' id='par_1_109' title="bbox 1944 4937 3597 5010">
     <span class='ocr_line' id='line_1_109' title="bbox 1944 4937 3597 5010; baseline -0.005 -11"><span class='ocrx_word' id='word_1_877' title='bbox 1944 4943 2142 4999; x_wconf 83' lang='lat' dir='ltr'>fecerit</span> <span class='ocrx_word' id='word_1_878' title='bbox 2172 4940 2529 4997; x_wconf 89' lang='lat' dir='ltr'>voluntatem</span> <span class='ocrx_word' id='word_1_879' title='bbox 2553 4937 2741 4994; x_wconf 89' lang='lat' dir='ltr'>Patris</span> <span class='ocrx_word' id='word_1_880' title='bbox 2764 4938 2900 5006; x_wconf 90' lang='lat' dir='ltr'>mei,</span> <span class='ocrx_word' id='word_1_881' title='bbox 2932 4937 3055 5010; x_wconf 91' lang='lat' dir='ltr'>ipse</span> <span class='ocrx_word' id='word_1_882' title='bbox 3083 4953 3250 4993; x_wconf 91' lang='lat' dir='ltr'>meus</span> <span class='ocrx_word' id='word_1_883' title='bbox 3278 4937 3471 5004; x_wconf 81' lang='lat' dir='ltr'>frater,</span> <span class='ocrx_word' id='word_1_884' title='bbox 3505 4951 3597 4991; x_wconf 90' lang='lat' dir='ltr'>so-</span> 
     </span>
    </p>
   </div>
   <div class='ocr_carea' id='block_1_110' title="bbox 1926 5023 3598 5099">
    <p class='ocr_par' dir='ltr' id='par_1_110' title="bbox 1926 5023 3598 5099">
     <span class='ocr_line' id='line_1_110' title="bbox 1926 5023 3598 5099; baseline -0.005 -11"><span class='ocrx_word' id='word_1_885' title='bbox 1926 5034 2059 5097; x_wconf 85' lang='lat' dir='ltr'>ror,</span> <span class='ocrx_word' id='word_1_886' title='bbox 2091 5035 2147 5087; x_wconf 90' lang='lat' dir='ltr'>et</span> <span class='ocrx_word' id='word_1_887' title='bbox 2179 5034 2364 5085; x_wconf 90' lang='lat' dir='ltr'>mater</span> <span class='ocrx_word' id='word_1_888' title='bbox 2393 5031 2499 5084; x_wconf 91' lang='lat' dir='ltr'>est.</span> <span class='ocrx_word' id='word_1_889' title='bbox 2526 5049 2553 5077; x_wconf 88' lang='lat'><strong>»</strong></span> <span class='ocrx_word' id='word_1_890' title='bbox 2605 5025 2809 5083; x_wconf 91' lang='lat' dir='ltr'>Omnis</span> <span class='ocrx_word' id='word_1_891' title='bbox 2845 5026 3060 5099; x_wconf 90' lang='lat' dir='ltr'>quippe</span> <span class='ocrx_word' id='word_1_892' title='bbox 3090 5025 3191 5099; x_wconf 90' lang='lat' dir='ltr'>qui</span> <span class='ocrx_word' id='word_1_893' title='bbox 3220 5025 3461 5082; x_wconf 90' lang='lat' dir='ltr'>verbum</span> <span class='ocrx_word' id='word_1_894' title='bbox 3494 5023 3598 5079; x_wconf 88' lang='lat' dir='ltr'>Dei</span> 
     </span>
    </p>
   </div>
   <div class='ocr_carea' id='block_1_111' title="bbox 1942 5113 3600 5190">
    <p class='ocr_par' dir='ltr' id='par_1_111' title="bbox 1942 5113 3600 5190">
     <span class='ocr_line' id='line_1_111' title="bbox 1942 5113 3600 5190; baseline -0.005 -13"><span class='ocrx_word' id='word_1_895' title='bbox 1942 5121 2189 5178; x_wconf 89' lang='lat' dir='ltr'>audiens</span> <span class='ocrx_word' id='word_1_896' title='bbox 2234 5116 2581 5190; x_wconf 90' lang='lat' dir='ltr'>impleverit,</span> <span class='ocrx_word' id='word_1_897' title='bbox 2616 5116 2876 5187; x_wconf 88' lang='lat' dir='ltr'>quotidie</span> <span class='ocrx_word' id='word_1_898' title='bbox 2929 5114 3227 5171; x_wconf 91' lang='lat' dir='ltr'>Christum</span> <span class='ocrx_word' id='word_1_899' title='bbox 3259 5113 3513 5186; x_wconf 91' lang='lat' dir='ltr'>concipit</span> <span class='ocrx_word' id='word_1_900' title='bbox 3542 5117 3600 5169; x_wconf 88' lang='lat' dir='ltr'>et</span> 
     </span>
    </p>
   </div>
   <div class='ocr_carea' id='block_1_112' title="bbox 1942 5200 3598 5283">
    <p class='ocr_par' dir='ltr' id='par_1_112' title="bbox 1942 5200 3598 5283">
     <span class='ocr_line' id='line_1_112' title="bbox 1942 5200 3598 5283; baseline -0.005 -18"><span class='ocrx_word' id='word_1_901' title='bbox 1942 5209 2113 5283; x_wconf 88' lang='lat' dir='ltr'>parit.</span> <span class='ocrx_word' id='word_1_902' title='bbox 2149 5209 2217 5263; x_wconf 89' lang='lat' dir='ltr'>Et</span> <span class='ocrx_word' id='word_1_903' title='bbox 2246 5222 2421 5280; x_wconf 90' lang='lat' dir='ltr'>quem</span> <span class='ocrx_word' id='word_1_904' title='bbox 2452 5208 2653 5260; x_wconf 90' lang='lat' dir='ltr'>venter</span> <span class='ocrx_word' id='word_1_905' title='bbox 2694 5203 2885 5260; x_wconf 69' lang='lat' dir='ltr'>Mariae</span> <span class='ocrx_word' id='word_1_906' title='bbox 2919 5204 3169 5279; x_wconf 89' lang='lat' dir='ltr'>portavit</span> <span class='ocrx_word' id='word_1_907' title='bbox 3198 5200 3598 5275; x_wconf 89' lang='lat' dir='ltr'>corporaliter,</span> 
     </span>
    </p>
   </div>
   <div class='ocr_carea' id='block_1_113' title="bbox 1941 5289 3594 5372">
    <p class='ocr_par' dir='ltr' id='par_1_113' title="bbox 1941 5289 3594 5372">
     <span class='ocr_line' id='line_1_113' title="bbox 1941 5289 3594 5372; baseline -0.005 -17"><span class='ocrx_word' id='word_1_908' title='bbox 1941 5299 2067 5372; x_wconf 91' lang='lat' dir='ltr'>ipse</span> <span class='ocrx_word' id='word_1_909' title='bbox 2084 5300 2273 5371; x_wconf 90' lang='lat' dir='ltr'>portat</span> <span class='ocrx_word' id='word_1_910' title='bbox 2289 5291 2689 5367; x_wconf 87' lang='lat' dir='ltr'>spiritualiter.</span> <span class='ocrx_word' id='word_1_911' title='bbox 2710 5293 2861 5349; x_wconf 91' lang='lat' dir='ltr'>Bene</span> <span class='ocrx_word' id='word_1_912' title='bbox 2874 5298 3070 5349; x_wconf 90' lang='lat' dir='ltr'>autem</span> <span class='ocrx_word' id='word_1_913' title='bbox 3090 5298 3401 5367; x_wconf 88' lang='lat' dir='ltr'>postquam</span> <span class='ocrx_word' id='word_1_914' title='bbox 3420 5289 3594 5349; x_wconf 85' lang='lat' dir='ltr'>dixit:</span> 
     </span>
    </p>
   </div>
   <div class='ocr_carea' id='block_1_114' title="bbox 1943 5379 3598 5457">
    <p class='ocr_par' dir='ltr' id='par_1_114' title="bbox 1943 5379 3598 5457">
     <span class='ocr_line' id='line_1_114' title="bbox 1943 5379 3598 5457; baseline -0.001 -20"><span class='ocrx_word' id='word_1_915' title='bbox 1943 5412 1970 5437; x_wconf 91' lang='grc'>‹‹</span> <span class='ocrx_word' id='word_1_916' title='bbox 2006 5386 2162 5443; x_wconf 89' lang='lat' dir='ltr'>Beati</span> <span class='ocrx_word' id='word_1_917' title='bbox 2196 5385 2293 5457; x_wconf 87' lang='lat' dir='ltr'>qui</span> <span class='ocrx_word' id='word_1_918' title='bbox 2328 5383 2576 5439; x_wconf 89' lang='lat' dir='ltr'>audiunt</span> <span class='ocrx_word' id='word_1_919' title='bbox 2602 5382 2844 5438; x_wconf 85' lang='lat' dir='ltr'>verbum</span> <span class='ocrx_word' id='word_1_920' title='bbox 2877 5382 2999 5449; x_wconf 89' lang='lat' dir='ltr'>Dei,</span> <span class='ocrx_word' id='word_1_921' title='bbox 3037 5406 3064 5433; x_wconf 87' lang='grc'><strong>››</strong></span> <span class='ocrx_word' id='word_1_922' title='bbox 3099 5379 3445 5454; x_wconf 85' lang='lat' dir='ltr'>subjunxit:</span> <span class='ocrx_word' id='word_1_923' title='bbox 3480 5401 3507 5431; x_wconf 89' lang='grc'>‹‹</span> <span class='ocrx_word' id='word_1_924' title='bbox 3541 5384 3598 5435; x_wconf 89' lang='lat' dir='ltr'>et</span> 
     </span>
    </p>
   </div>
   <div class='ocr_carea' id='block_1_115' title="bbox 1941 5470 3594 5543">
    <p class='ocr_par' dir='ltr' id='par_1_115' title="bbox 1941 5470 3594 5543">
     <span class='ocr_line' id='line_1_115' title="bbox 1941 5470 3594 5543; baseline -0.005 -11"><span class='ocrx_word' id='word_1_925' title='bbox 1941 5475 2279 5532; x_wconf 89' lang='lat' dir='ltr'>custodiunt</span> <span class='ocrx_word' id='word_1_926' title='bbox 2309 5472 2473 5537; x_wconf 91' lang='lat' dir='ltr'>illud,</span> <span class='ocrx_word' id='word_1_927' title='bbox 2504 5493 2529 5519; x_wconf 78' lang='grc' dir='ltr'><em>η</em></span> <span class='ocrx_word' id='word_1_928' title='bbox 2562 5470 2698 5543; x_wconf 90' lang='lat' dir='ltr'>quia</span> <span class='ocrx_word' id='word_1_929' title='bbox 2754 5472 2823 5527; x_wconf 88' lang='lat' dir='ltr'>ad</span> <span class='ocrx_word' id='word_1_930' title='bbox 2858 5472 3283 5528; x_wconf 88' lang='lat' dir='ltr'>beatitudinem</span> <span class='ocrx_word' id='word_1_931' title='bbox 3316 5473 3594 5526; x_wconf 68' lang='lat' dir='ltr'>aeternam</span> 
     </span>
    </p>
   </div>
   <div class='ocr_carea' id='block_1_116' title="bbox 1940 5556 3594 5639">
    <p class='ocr_par' dir='ltr' id='par_1_116' title="bbox 1940 5556 3594 5639">
     <span class='ocr_line' id='line_1_116' title="bbox 1940 5556 3594 5639; baseline -0.007 -18"><span class='ocrx_word' id='word_1_932' title='bbox 1940 5563 2384 5639; x_wconf 88' lang='lat' dir='ltr'>promerendam</span> <span class='ocrx_word' id='word_1_933' title='bbox 2418 5577 2532 5615; x_wconf 91' lang='lat' dir='ltr'>non</span> <span class='ocrx_word' id='word_1_934' title='bbox 2561 5560 2789 5632; x_wconf 81' lang='lat' dir='ltr'>prolicit</span> <span class='ocrx_word' id='word_1_935' title='bbox 2819 5562 3059 5617; x_wconf 86' lang='lat' dir='ltr'>verbum</span> <span class='ocrx_word' id='word_1_936' title='bbox 3091 5560 3192 5617; x_wconf 91' lang='lat' dir='ltr'>Dei</span> <span class='ocrx_word' id='word_1_937' title='bbox 3225 5559 3448 5624; x_wconf 89' lang='lat' dir='ltr'>audire,</span> <span class='ocrx_word' id='word_1_938' title='bbox 3480 5556 3594 5611; x_wconf 88' lang='lat' dir='ltr'>nisi</span> 
     </span>
    </p>
   </div>
   <div class='ocr_carea' id='block_1_117' title="bbox 1941 5644 3591 5733">
    <p class='ocr_par' dir='ltr' id='par_1_117' title="bbox 1941 5644 3591 5733">
     <span class='ocr_line' id='line_1_117' title="bbox 1941 5644 3591 5733; baseline -0.007 -21"><span class='ocrx_word' id='word_1_939' title='bbox 1941 5669 2189 5733; x_wconf 80' lang='lat' dir='ltr'>quisque</span> <span class='ocrx_word' id='word_1_940' title='bbox 2210 5651 2354 5710; x_wconf 89' lang='lat' dir='ltr'>illud</span> <span class='ocrx_word' id='word_1_941' title='bbox 2377 5651 2610 5711; x_wconf 84' lang='lat' dir='ltr'>studeat</span> <span class='ocrx_word' id='word_1_942' title='bbox 2638 5650 2953 5723; x_wconf 89' lang='lat' dir='ltr'>custodire,</span> <span class='ocrx_word' id='word_1_943' title='bbox 2982 5650 3229 5709; x_wconf 89' lang='lat' dir='ltr'>Domino</span> <span class='ocrx_word' id='word_1_944' title='bbox 3252 5648 3478 5705; x_wconf 85' lang='lat' dir='ltr'>dicente</span> <span class='ocrx_word' id='word_1_945' title='bbox 3507 5644 3591 5702; x_wconf 89' lang='lat' dir='ltr'>di-</span> 
     </span>
    </p>
   </div>
  </div>
