4028 6176
382 324 501 425 ⁵³6³

958 316 1358 382 HAYMONiS
1405 314 1923 379 HALBERS'I‘A'I‘
1971 274 2211 375 raise.
2261 315 2432 377 ore.
2479 317 2681 379 PARS
2727 319 2800 378 ιι.
2838 353 2911 362 -
2943 315 3211 379 nona.

3680 314 3805 374 264

383 456 665 530 scipnlis:
713 478 739 501 ‹‹
773 452 946 521 Scitis
977 451 1116 517 haec,
1170 450 1320 506 beati
1374 448 1555 515 eritis,
1589 448 1636 503 si
1693 446 1943 503 feceritis
1970 462 2037 501 ea
2071 449 2119 513 Α
2151 446 2316 501 testis
2366 451 2472 516 cst,
2526 448 2623 519 qui
2658 448 2765 504 ait:
2803 472 2829 498 ‹‹
2883 448 3228 521 Prophetam
3278 447 3440 503 vobis
3490 446 3802 503 suseitabit

382 552 572 614 (Joan.
606 547 748 610 xm).
782 565 808 589 »ι
841 540 1003 596 Unde
1032 540 1287 595 Joannes
1323 539 1380 592 in
1410 536 1742 611 Apocalypsi
1777 553 1911 591 cum
1944 534 2037 590 di-

379 636 588 690 xisset:
626 631 890 686 «Beatus
912 630 1019 702 qui
1046 628 1209 684 audit
1232 628 1407 683 verba
1440 624 1901 699 prephetiaelibri
1936 623 2039 679 hu-

372 724 497 795 jus,
534 744 560 771 ιι
621 719 905 792 adjunxit,
965 741 992 767 ‹‹
1034 721 1090 773 et
1147 719 1338 773 servat
1395 733 1521 788 qua:
1578 713 1639 768 in
1696 730 1763 768 ea
1822 711 2039 785 scripta

382 816 521 868 sunt
553 810 732 882 (Apoc.
766 808 826 880 1).
856 831 877 858 ι
934 805 1056 862 Non
1090 806 1268 869 enim,
1300 809 1365 860 ut
1394 803 1473 859 ait
1502 801 1833 877 Apostolus,
1868 801 2035 856 audi-

381 904 536 956 tores
562 894 869 970 lcgisjusti
900 898 1039 949 sunt
1070 894 1220 967 apud
1252 893 1463 958 Deum,
1489 892 1587 948 sed
1612 892 1858 948 factores
1889 888 2036 963 legis

374 986 860 1061 justiﬁeabuntur
884 985 1052 1057 (Rom.
1090 982 1365 1055 i).Audire
1396 985 1451 1037 et
1472 998 1586 1036 non
1614 981 1821 1043 facere,
1849 979 2036 1051 magis

381 1076 630 1150 pertinet
659 1073 731 1130 ad
764 1072 1192 1129 contumaciam
1235 1088 1413 1144 quam
1464 1068 1533 1125 ad
1583 1067 2030 1126 beatitudinem.

380 1165 543 1222 Unde
562 1163 815 1219 Jacobus
833 1161 1001 1216 dicit:
1028 1184 1054 1210 ‹‹
1080 1159 1293 1216 Scienti
1317 1161 1534 1215 bonum
1560 1163 1612 1214 et
1634 1175 1746 1213 non
1776 1156 2033 1224 facienti,

382 1257 681 1326 peccatum
714 1254 804 1307 est
830 1249 911 1305 illi
971 1251 1105 1323 (Jac.
1146 1253 1241 1318 ιν).
1278 1272 1304 1299 ››
1345 1250 1415 1304 Et
1444 1247 1696 1304 Jacobns
1726 1264 1737 1302 :
1777 1270 1803 1296 ‹‹
1837 1248 2033 1303 Estote

380 1343 625 1401 factores
654 1340 834 1401 verbi,
867 1342 925 1393 et
956 1356 1071 1394 non
1119 1340 1412 1394 auditores
1458 1340 1711 1402 tantum,
1769 1334 2032 1391 fallentes

376 1430 782 1500 vosmetipsos.
833 1427 977 1491 Quia
1025 1428 1071 1482 si
1098 1428 1230 1498 quis
1261 1426 1491 1481 auditor
1518 1430 1606 1480 est
1636 1424 1791 1480 verbi
1820 1429 1882 1498 et
1914 1441 2029 1479 non

380 1522 579 1585 factor,
628 1518 720 1572 hic
752 1517 1189 1588 comparabitur
1229 1517 1351 1571 viro
1384 1513 1773 1570 consideranti
1804 1510 2027 1568 vultum

378 1607 697 1664 nativitatis
729 1624 845 1657 eum
880 1606 934 1658 in
969 1604 1226 1677 speculo.
1250 1602 1649 1659 Consideravit
1680 1603 1834 1658 enim
1869 1619 1949 1669 se,
1975 1606 2031 1656 et

379 1697 556 1754 abiit:
591 1700 648 1751 et
678 1696 877 1752 statim
908 1694 1124 1749 oblitus
1152 1699 1240 1749 est
1263 1691 1451 1765 qualis
1474 1693 1666 1749 fuerit.
1691 1692 1796 1757 Qui
1829 1696 2025 1747 autem

378 1784 733 1860 perspexerit
762 1784 820 1839 in
851 1783 976 1856 lege
999 1781 1264 1855 perfecta:
1291 1781 1596 1848 libertatis,
1621 1784 1677 1836 et
1697 1797 2030 1855 permanse-

378 1875 475 1941 rit,
508 1891 623 1930 non
654 1872 886 1929 auditor
913 1870 1232 1928 obliviosus
1251 1871 1461 1938 factus,
1482 1873 1583 1927 sed
1608 1871 1791 1928 factor
1810 1868 2023 1942 operis,

378 1962 472 2018 hic
502 1963 706 2018 beatus
738 1960 795 2016 in
829 1958 977 2017 facto
1010 1978 1117 2016 suo
1149 1961 1259 2017 erit
1287 1961 1422 2030 (Jac.
1458 1961 1513 2033 ι).
1548 1983 1577 2011 ››

945 2120 1459 2195 HOMILIAXLlIl.

771 2264 934 2303 ream
975 2264 1234 2303 saeuae».
1274 2264 1411 2302 pos'r
1463 2247 1635 2302 Oculi.

448 2409 610 2477 (Luc.
646 2412 747 2475 IV.)
773 2431 799 2457 «
838 2409 898 2462 In
932 2406 1031 2463 illo
1051 2409 1332 2480 tempore,
1359 2408 1631 2463 dixerunt
1656 2406 1928 2461 Pharisaei
1957 2408 2029 2463 ad

302 2496 311 2511 ί
378 2522 405 2548 ‹‹
440 2499 670 2553 Jesum:
698 2497 925 2560 Quanta
944 2496 1276 2552 audivimus
1303 2498 1468 2560 facta,
1494 2519 1520 2545 »
1546 2500 1602 2551 et
1624 2494 1866 2567 reliqua.
1887 2496 2030 2559 Quo-

378 2603 509 2641 rum
523 2585 731 2640 insana
750 2586 1008 2658 perfidia,
1027 2603 1229 2641 sanam
1246 2584 1399 2654 (licet
1412 2583 1693 2657 nesciens)
1710 2584 1882 2640 fidem
1899 2602 2033 2641 con-

378 2675 712 2747 ﬁteturquze
735 2672 1030 2730 Christum
1051 2674 1363 2730 Dominum
1386 2673 1615 2729 fabrum
1634 2675 2029 2746 cognominat,

377 2768 433 2819 et
464 2763 755 2819 medicum
776 2766 959 2819 vocat.
985 2764 1170 2819 Faber
1192 2764 1349 2819 enim
1372 2770 1457 2818 est
1483 2780 1670 2831 verus,
1696 2764 1836 2835 quia
1857 2787 1878 2813 α
1905 2780 2029 2820 om-

376 2852 475 2909 nia
506 2870 608 2926 per
638 2852 834 2925 ipsum
867 2853 1019 2909 facta
1048 2857 1186 2909 sunt
1215 2854 1392 2925 (Joan.
1430 2852 1499 2923 l):
1524 2874 1551 2901 ››
1583 2852 1868 2919 medicus,
1892 2852 2034 2926 quia

377 2942 576 2999 omnia
600 2941 915 3015 peripsum
934 2945 1257 2997 restaurata
1279 2942 1490 2997 suntin
1515 2941 1675 2998 cmlis
1695 2946 1752 2998 et
1774 2943 1830 2996 in
1855 2946 2029 3011 terra,

377 3036 435 3087 et
465 3032 617 3087 sicut
647 3024 716 3085 de
747 3046 809 3086 se
839 3030 965 3103 ipso
988 3034 1262 3086 testatur:
1294 3031 1464 3086 «Non
1487 3031 1706 3087 habent
1726 3048 1873 3104 opus
1901 3031 2028 3086 sani

378 3120 626 3187 medico,
685 3119 787 3175 sed
847 3117 999 3175 male
1047 3118 1329 3175 habentes
1379 3120 1567 3190 (Marc.
1602 3120 1747 3192 11)..»
1796 3121 1867 3176 Et
1893 3120 2033 3193 quia

2147 534 2432 591 Dominus
2462 535 2615 591 Deus
2645 541 2834 592 vester
2855 538 2924 593 de
2948 537 3224 592 fratribus
3255 535 3481 602 vestris,
3518 538 3797 608 tanquam

2147 640 2240 679 me
2277 624 2469 696 ipsum
2510 625 2705 680 audite
2745 627 2919 697 (Deut.
2947 626 3124 697 xvm).
3162 650 3186 674 »ι
3220 625 3342 679 Non
3376 623 3566 680 solum
3598 630 3798 681 autem

2144 710 2268 783 ipse
2299 712 2399 785 qui
2430 717 2606 786 caput
2636 716 2691 769 et
2720 712 3004 769 Dominus
3026 717 3110 767 est
3142 712 3584 785 prophetarum,
3608 714 3707 768 sed
3739 718 3801 769 et

2146 799 2320 872 Elias,
2379 800 2682 868 Jeremias,
2732 802 3038 874 caeterique
3086 802 3379 876 prophetae
3434 801 3691 860 minores
3733 802 3797 858 in

2144 890 2336 961 patria
2364 907 2541 963 quam
2564 890 2623 945 in
2647 890 2855 947 exteris
2884 891 3220 964 regionibus
3242 891 3425 946 habiti
3457 896 3594 947 sunt
3618 907 3632 946 :
3658 890 3801 964 quia

2145 976 2567 1052 propemodum
2601 980 2865 1037 naturale
2884 985 2991 1046 est,
3016 980 3170 1036 cives
3202 997 3434 1053 semper
3457 979 3680 1036 civibus
3709 980 3798 1037 in-

2142 1068 2355 1122 videre.
2387 1068 2510 1123 Non
2543 1070 2695 1124 enim
2730 1069 3103 1125 considerant
3132 1068 3439 1141 praesentia
3468 1068 3574 1123 viri
3596 1086 3795 1142 opera,

2143 1157 2243 1211 sed
2279 1156 2541 1230 fragilem
2574 1158 2953 1214 recordautur
2999 1158 3328 1225 infantiam,
3367 1158 3533 1230 quasi
3590 1176 3705 1213 non
3737 1163 3799 1215 et

2142 1245 2255 1317 ipsi
2287 1263 2389 1318 per
2418 1246 2651 1302 eosdem
2679 1245 2867 1302 aetatis
2897 1246 3112 1319 gradus
3138 1247 3210 1302 ad
3244 1251 3533 1301 maturam
3565 1251 3792 1303 aetatem

2139 1334 2420 1390 venerint.

2215 1444 2243 1471 ‹‹
2276 1424 2334 1478 In
2369 1424 2606 1479 veritate
2655 1424 2781 1480 dico
2829 1425 3014 1493 vobis,
3067 1424 3262 1479 multa:
3311 1425 3497 1480 vidum
3536 1430 3703 1480 erant
3734 1425 3793 1482 in

2146 1536 2165 1561 ιι
2202 1513 2406 1567 diebus
2436 1511 2570 1567 Elize
2604 1514 2661 1568 in
2694 1513 2894 1578 Israel,
2919 1516 3155 1586 quando
3182 1515 3446 1569 clausum
3472 1520 3559 1568 est
3579 1516 3791 1569 coelum

2140 1626 2165 1651 ‹‹
2202 1601 2372 1656 annis
2421 1602 2612 1657 tribus
2660 1606 2717 1656 et
2765 1602 3067 1659 mensibus
3100 1620 3216 1669 sex,
3267 1620 3398 1658 cum
3458 1604 3609 1658 facta
3636 1610 3796 1660 esset

2139 1714 2166 1741 ‹‹
2202 1690 2386 1747 fames
2422 1691 2713 1763 magnain
2737 1695 2910 1760 terra,
2945 1697 3000 1746 et
3024 1693 3095 1747 ad
3130 1690 3352 1747 nullam
3376 1692 3610 1748 illarum
3644 1693 3791 1749 mis-

2138 1804 2163 1830 «
2202 1798 2303 1837 sus
2324 1785 2413 1836 est
2435 1780 2608 1848 Elias,
2637 1780 2744 1835 nisi
2772 1780 2828 1835 in
2858 1785 3093 1853 Sarepta
3114 1781 3363 1837 Sidoniae
3381 1782 3453 1836 ad
3478 1782 3788 1839 mulierem

2137 1894 2163 1919 ‹‹
2193 1869 2450 1925 viduam.
2475 1891 2503 1919 »
2538 1869 2684 1937 Non,
2709 1870 2922 1942 inquit,
2946 1870 3053 1926 hoc
3075 1871 3230 1942 quod
3252 1871 3447 1927 divina
3467 1871 3793 1928 fastidiosis

2137 1960 2361 2015 civibus
2376 1958 2653 2015 beneficia
2666 1959 3391 2033 subtraho,prophetarum
3404 1961 3583 2032 gestis
3595 1961 3800 2016 adver-

2138 2052 2324 2114 satur,
2348 2047 2486 2121 quia
2507 2048 2658 2103 sicut
2685 2048 2836 2105 fame
2855 2049 3151 2121 quondam
3176 2065 3411 2104 omnem
3430 2053 3645 2105 terram
3668 2066 3797 2123 pre-

2138 2143 2353 2208 mente,
2368 2136 2715 2209 nemojestin
2733 2136 2930 2193 .ludaea
2948 2142 3209 2210 repertus
3222 2137 3354 2194 Elite
3370 2139 3583 2212 dignus
3595 2138 3800 2212 hospi-

2140 2228 2240 2296 tio,
2267 2227 2366 2282 sed
2388 2231 2593 2282 exterae
2617 2228 2808 2299 gentis
2827 2228 2997 2282 vidua
3014 2233 3102 2281 est
3123 2226 3387 2299 quasita,
3412 2246 3540 2299 (ius:
3563 2229 3636 2283 ob
3660 2228 3805 2284 fidei

2138 2316 2389 2389 gratiam
2420 2334 2454 2371 a
2486 2320 2647 2370 tanto
2680 2316 2961 2388 propheta
3000 2316 3224 2371 visitari
3256 2317 3513 2373 deberet.
3550 2319 3615 2373 Et
3645 2317 3807 2374 sicut

2140 2405 2342 2461 multis
2374 2405 2588 2459 ibidem
2622 2404 3040 2460 exsistentibus
3074 2404 3340 2477 leprosis,
3374 2404 3634 2461 Naaman
3669 2412 3803 2462 tan-

2139 2500 2263 2550 tum
2299 2494 2499 2567 Syrus,
2533 2493 2671 2566 quia
2717 2494 2917 2549 devote
2961 2494 3287 2566 quaesierat,
3322 2496 3395 2550 ab
3428 2495 3628 2550 Elisazo
3661 2514 3804 2569 pro-

2141 2584 2316 2657 pheta
2343 2584 2532 2638 curari
2568 2582 2924 2655 promeruit:
2959 2584 3041 2639 sic
3073 2588 3128 2639 et
3176 2601 3275 2639 vos
3308 2602 3421 2640 non
3457 2584 3570 2640 alia
3616 2602 3802 2658 quam

2140 2672 2367 2728 invidiae
2390 2672 2758 2745 perﬁdiceque
2780 2689 2958 2727 causa
2980 2690 3233 2746 superno
3254 2690 3494 2729 munere
3520 2673 3794 2746 privabit.

2140 2764 2396 2827 Quorum
2430 2760 2478 2818 si
2511 2762 2659 2816 facta
2686 2760 3101 2834 prophetarum
3135 2761 3310 2818 etiam
3342 2760 3646 2836 allegorice
3672 2764 3800 2820 dis-

2140 2851 2397 2907 cussoris
2427 2849 2685 2906 invenies
2709 2850 2965 2922 profecto
2999 2849 3311 2906 Dominum
3352 2849 3410 2905 in
3443 2851 3631 2922 patria
3660 2868 3795 2920 sua,

2140 2958 2174 2997 a
2198 2958 2311 3014 qua
2343 2945 2608 3012 receptus
2639 2956 2752 2994 non
2783 2944 2872 2995 est
2900 2939 3165 3012 perfidia,
3190 2940 3525 3012 superbiam
3556 2944 3797 2997 notasse

2136 3030 2493 3086 Judaeorum.
2518 3028 2763 3085 Nomine
2779 3045 2912 3085 vero
2931 3028 3363 3102 Capharnaum,
3387 3046 3512 3101 qua:
3526 3046 3658 3100 ager
3668 3046 3798 3086 cou-

2138 3120 2424 3176 solatinnis
2473 3119 2912 3191 interpretatur,
2962 3116 3227 3190 gentium
3257 3118 3604 3190 praedicasse
3633 3116 3798 3173 salu-

376 3209 635 3265 diximus
651 3226 767 3281 quo
791 3208 1183 3265 instrumento
1199 3208 1541 3276 fabricandi,
1560 3208 1827 3266 dicamus
1843 3214 1899 3265 et
1916 3226 2031 3281 quo
2061 3197 2105 3263 C
2142 3213 2279 3276 tem,
2302 3206 2399 3261 ubi
2419 3208 2641 3277 majora
2661 3206 2921 3278 quotidie
2946 3208 3113 3279 signa
3130 3223 3232 3279 per
3252 3206 3543 3279 apostolos
3566 3211 3802 3279 aposto-

376 3296 577 3354 utatur
600 3315 808 3370 genere
842 3296 1188 3354 medicandi.
1224 3321 1250 3347 ‹‹
1277 3298 1616 3354 ΡΓΪΙΞῘΟΓῘΘΠδ
1646 3299 1791 3353 vidit
1813 3315 2029 3353 cmcum

376 3390 579 3441 natum
612 3402 645 3439 a
668 3386 985 3449 nativitate,
1012 3386 1242 3457 exspuit
1264 3386 1322 3439 in
1344 3390 1580 3454 terram,
1606 3390 1663 3440 et
1688 3386 1820 3441 fecit
1842 3385 2029 3440 lutum

377 3472 447 3527 de
477 3476 671 3545 sputo.
714 3472 1019 3543 linivitque
1059 3490 1235 3546 super
1265 3472 1463 3528 oculos
1494 3475 1641 3545 ejus,
1678 3477 1733 3528 et
1764 3471 1909 3527 dixit
1936 3472 2029 3531 ei:

375 3560 555 3625 Vade,
597 3564 653 3615 et
682 3560 810 3615 lava
841 3561 897 3618 in
935 3561 1223 3617 natatoria
1251 3559 1420 3628 Siloe,
1474 3562 1627 3633 quod
1684 3562 2031 3634 interpreta-

377 3654 473 3704 tur
522 3650 742 3704 missus.
803 3648 957 3704 Abiit
1017 3666 1154 3722 ergo
1188 3655 1244 3704 et
1297 3648 1454 3719 lavit,
1510 3655 1567 3705 et
1617 3651 1771 3705 venit
1829 3650 2031 3707 videns

376 3738 552 3810 (loan.
589 3740 684 3802 Ix).
719 3760 746 3787 ι)
780 3736 1041 3810 Agnosee
1065 3739 1243 3810 igitur
1268 3755 1494 3811 magnae
1521 3739 1761 3794 modum
1797 3739 2028 3795 medici-

378 3844 485 3893 nae,
518 3831 575 3882 et
621 3826 831 3899 gaude,
881 3825 1020 3894 quia
1051 3844 1153 3898 per
1182 3827 1330 3883 hanc
1372 3827 1706 3884 illuminare
1739 3827 2026 3884 meruisti.

378 3916 591 3970 Lutum
623 3915 692 3970 de
719 3920 895 3983 terra,
917 3932 1051 3971 caro
1075 3914 1286 3971 Christi
1311 3920 1418 3973 est.
1447 3921 1695 3990 Sputum
1727 3917 1798 3974 de
1820 3918 2026 3991 capite,

381 4002 658 4060 Divinitas
686 4003 814 4075 ejus
835 4008 943 4071 est,
970 4005 1106 4077 quia
1128 4009 1303 4077 caput
1336 4004 1545 4062 Christi
1581 4006 1756 4063 Deus.
1780 4010 2028 4080 Sputum

377 4092 499 4149 luto
524 4092 850 4148 immistum
884 4110 990 4149 nos
1016 4090 1310 4150 illuminat
1339 4094 1395 4149 in
1431 4096 1719 4151 natatoria
1750 4096 1902 4152 Siloe
1933 4097 2031 4153 ba-

376 4181 642 4255 ptizatos,
665 4183 806 4255 quia
829 4183 1125 4239 «Verbum
1148 4200 1280 4239 caro
1303 4183 1519 4240 factum
1544 4189 1653 4255 est,
1669 4188 1725 4241 et
1746 4185 2031 4242 habitavit

376 4272 436 4325 in
470 4270 664 4337 nobis,
696 4273 752 4326 et
781 4270 1038 4327 vidimus
1058 4270 1300 4344 gloriam
1334 4274 1459 4345 ejus
1487 4274 1662 4345 (lacn.
1699 4279 1760 4343 ι),
1796 4297 1822 4323 ››
1852 4291 2028 4348 quam

375 4361 540 4434 prius
572 4360 830 4416 tenebris
862 4360 1198 4417 arcentibus
1219 4362 1709 4436 comprehendere
1729 4380 1843 4420 non
1868 4367 2027 4436 pote-

376 4466 598 4505 ramus.
633 4448 740 4505 Per
785 4450 1014 4505 fabrum
1048 4467 1184 4523 ergo
1224 4450 1521 4507 Christum
1572 4457 1802 4508 creatus
1848 4470 1933 4519 es,
1966 4456 2032 4508 ut

376 4555 556 4631 esses.
591 4537 695 4593 Per
725 4538 1020 4595 medicum
1048 4536 1346 4631 Christum
1381 4545 1675 4597 recreatus
1705 4558 1786 4609 es,
1812 4546 1876 4597 ut
1896 4546 2029 4613 post
2061 4567 2107 4631 D

375 4624 617 4681 vulnera
633 4643 812 4683 sanus
833 4645 1014 4695 esses,
1035 4627 1135 4701 qui
1158 4627 1229 4684 ab
1252 4628 1635 4686 irridentibus
1656 4630 1881 4687 civibus
1906 4630 2030 4703 qui-

378 4715 510 4771 dem
544 4714 799 4789 seipsum
835 4734 1059 4786 curare,
1084 4716 1193 4773 hoc
1224 4721 1332 4784 est,
1367 4717 1425 4773 in
1448 4735 1556 4775 sua
1576 4719 1763 4792 patria
1783 4718 2029 4776 virtutes

379 4805 567 4861 facere
607 4811 896 4862 monetur.
928 4806 1036 4862 Sed
1070 4823 1183 4861 non
1218 4806 1402 4863 otiose
1435 4807 1505 4863 ab
1534 4808 1889 4882 evangelista
1916 4808 2028 4866 alio

378 4898 709 4967 excusatur,
733 4896 872 4969 quia
898 4910 1013 4952 non
1037 4900 1262 4970 poterat
1294 4896 1371 4952 ibi
1390 4897 1663 4954 virtutem
1687 4898 1892 4968 facere,
1917 4898 2031 4956 nisi

380 4998 596 5054 paucos
622 4982 885 5041 infirmos
902 4984 1196 5059 impositis
1218 4985 1492 5043 manibus
1514 4987 1766 5043 curavit:
1786 4992 1841 5044 et
1862 4988 2032 5044 mira-

379 5070 553 5126 batur
603 5076 839 5144 propter
868 5073 1336 5130 incredulitatem
1382 5074 1637 5144 illorum,
1670 5093 1743 5133 ne
1784 5076 2031 5134 fortasse

381 5159 514 5233 quis
569 5158 830 5216 viliorem
892 5162 1061 5218 nobis
1093 5164 1217 5219 fieri
1275 5164 1485 5221 debere
1543 5165 1742 5237 patrias
1802 5170 2034 5239 putaret

382 5244 674 5305 affectum.
702 5249 950 5304 Amabat
982 5250 1176 5323 itaque
1205 5252 1379 5322 cives,
1409 5253 1507 5309 sed
1538 5253 1647 5326 ipsi
1670 5270 1730 5310 se
1753 5253 2032 5312 charitate

382 5337 688 5410 patriaque
719 5334 896 5391 libere
927 5337 1253 5410 privabant.

453 5448 480 5475 ‹‹
513 5422 607 5480 Ait
633 5428 830 5480 autem
856 5442 869 5481 :
915 5428 1097 5482 Amen
1132 5428 1257 5485 dico
1288 5431 1472 5499 vobis,
1530 5432 1667 5504 quia
1698 5450 1869 5491 nemo
1900 5451 2029 5508 pro-

382 5537 412 5566 «
446 5512 622 5588 pheta
663 5518 936 5587 acceptus
989 5519 1079 5572 est
1106 5515 1166 5572 in
1221 5520 1409 5590 patria
1440 5537 1566 5576 sua.
1601 5544 1630 5572 ››
1683 5522 2029 5595 Prophetam

382 5603 495 5667 dici
547 5604 604 5663 in
654 5602 968 5681 Scripturis
1019 5605 1330 5667 Dominum
1361 5608 1680 5682 Christum,
1716 5615 1771 5669 et
1804 5611 2030 5689 Moyses

2140 3295 2447 3367 torumque
2480 3311 2869 3362 successores,
2903 3312 3016 3351 non
3045 3301 3161 3351 tam
3189 3296 3248 3350 in
3280 3312 3588 3368 corporum
3612 3312 3797 3368 quam

2139 3383 2197 3439 in
2232 3383 2560 3439 animarum
2602 3383 2905 3439 sanatione
2946 3384 3265 3455 pariantur.
3302 3385 3484 3458 Igitur
3511 3384 3691 3440 vidua
3721 3384 3801 3440 ad

2142 3490 2318 3545 quam
2348 3473 2665 3529 missusest
2684 3471 2854 3541 Elias,
2874 3474 3134 3546 gentium
3161 3474 3427 3547 designat
3450 3473 3799 3539 Ecclesiam,

2140 3578 2266 3635 qua:
2299 3580 2331 3617 a
2362 3579 2468 3617 suo
2499 3560 2721 3617 diutius
2751 3564 2839 3617 est
2888 3564 3185 3618 conditore
3224 3564 3471 3631 deserta,
3505 3562 3799 3635 populum

2142 3656 2291 3707 recte
2339 3650 2468 3705 fidei
2521 3650 2780 3719 nescivit,
2814 3651 2981 3723 quasi
3016 3670 3337 3725 pauperum
3370 3652 3557 3708 tilium
3608 3669 3802 3726 egena

2139 3742 2289 3814 stipe
2340 3740 2658 3802 nutriebat.
2691 3740 2749 3795 id
2782 3745 2871 3796 est
2899 3742 3072 3797 verbo
3106 3742 3329 3797 fructus
3358 3745 3590 3815 experte
3620 3743 3798 3798 doce-

2137 3831 2255 3899 bat,
2288 3830 2471 3886 donec
2503 3830 2817 3885 adveniens
2837 3847 3029 3885 sermo
3052 3831 3445 3903 propheticus,
3478 3831 3576 3903 qui
3602 3832 3796 3888 exsic-

2137 3923 2264 3975 cato
2293 3917 2499 3975 vellere
2524 3918 2774 3985 Israelis,
2798 3923 2997 3991 utpote
3026 3918 3225 3975 clausa
3246 3919 3371 3975 cceli
3395 3921 3602 3992 jauua,
3637 3920 3796 3978 fame

2137 4004 2577 4081 periclitabatur
2605 4007 2661 4062 in
2691 4008 2907 4071 Iudaea,
2933 4013 3270 4081 pasceretur
3294 4010 3372 4066 ibi
3405 4010 3581 4066 simul
3613 4015 3671 4065 et
3692 4027 3796 4082 pa-

2122 4101 2342 4168 ‘sceret,
2377 4102 2434 4153 et
2460 4102 2728 4169 receptus
2770 4095 3038 4155 videlicet
3067 4115 3100 4153 a
3128 4098 3522 4170 credentibus,
3555 4104 3611 4155 et
3650 4098 3795 4154 refi-

2137 4187 2298 4244 ciens
2318 4188 2443 4260 ipse
2465 4187 2784 4241 credentes.
2809 4185 2971 4243 Unde
3002 4188 3146 4243 bene
3177 4187 3297 4244 haec
3328 4189 3503 4244 vidua
3532 4189 3590 4244 in
3622 4188 3797 4245 Sare-

2138 4280 2237 4347 pta
2274 4274 2522 4331 Sidoniae
2576 4274 2791 4330 dicitur
2819 4292 2944 4331 esse
2989 4282 3235 4334 morata.
3279 4277 3517 4333 Sidonia
3547 4279 3791 4352 quippe,

2136 4364 2362 4421 venatio
2390 4360 2613 4418 inutilis
2644 4382 2657 4431 ;
2687 4365 2929 4437 Sarepta
2959 4382 3094 4421 vero
3126 4367 3438 4423 incendium
3482 4367 3569 4423 vel
3606 4385 3794 4437 angu-

2135 4455 2241 4509 stia
2266 4455 2429 4526 panis
2460 4452 2900 4525 interpretatur,
2926 4454 3063 4526 quia
3087 4478 3113 4505 «
3144 4455 3238 4511 ubi
3263 4456 3579 4512 abundavit
3596 4474 3795 4530 pecca-

2138 4546 2286 4613 tum,
2336 4542 2834 4615 superabundavit
2858 4546 3047 4617 gratia
3080 4546 3253 4617 (Rom.
3283 4549 3360 4615 v).
3398 4570 3420 4595 ι
3457 4545 3567 4601 Ubi
3618 4547 3795 4602 rebus

2139 4630 2517 4704 supervacuis
2547 4630 2939 4703 acquirendis,
2963 4634 3131 4705 quasi
3163 4634 3495 4708 aucupandi
3516 4652 3661 4691 cura
3683 4637 3796 4692 im-

2141 4721 2521 4794 pendebatur,
2550 4721 2647 4775 ubi
2673 4720 2797 4777 dire
2828 4722 2970 4778 satis
2999 4722 3335 4780 incendium
3366 4725 3560 4792 famis,
3594 4725 3795 4798 panis-

2140 4826 2254 4882 que
2310 4808 2633 4882 spiritualis
2690 4815 2861 4865 antea
2918 4811 3094 4866 fiebat
3146 4812 3439 4886 angustia,
3487 4812 3566 4867 ibi
3605 4814 3795 4870 farina

2139 4897 2452 4971 oleumque
2476 4914 2573 4953 ore
2596 4897 2929 4971 prophetico
2961 4899 3343 4973 benedicitur,
3374 4900 3431 4957 id
3453 4905 3543 4957 est
3565 4901 3793 4959 fruetus

2140 4992 2197 5044 et
2226 4987 2490 5043 hilaritas
2510 4986 2837 5053 charitatis,
2862 4988 2979 5043 sive
2995 4989 3182 5061 gratia
3198 4989 3453 5062 corporis
3475 4991 3791 5060 Dominiei,

2140 5084 2196 5134 et
2226 5075 2561 5133 chrismatis
2604 5075 2799 5131 unctio
2822 5076 3162 5133 indefeetivo
3187 5080 3345 5135 verbi
3372 5079 3628 5136 caelestis
3662 5099 3790 5138 mu-

2141 5185 2276 5224 nere
2294 5166 2668 5223 fecundatur:
2693 5166 2863 5237 cujus
2882 5166 3162 5223 hactenus
3182 5168 3239 5223 in
3257 5169 3410 5224 vasis
3432 5169 3628 5226 oleum
3648 5187 3789 5244 gau-

2140 5256 2217 5312 dii
2252 5253 2595 5329 spiritualis,
2648 5257 2705 5308 et
2735 5253 3154 5312 benedictionis
3195 5256 3380 5313 farina
3409 5275 3524 5314 non
3555 5259 3787 5327 defecit,

2140 5345 2478 5418 caeterisque
2511 5360 2624 5398 non
2675 5342 2918 5398 credunt
2946 5344 3241 5416 gentibus,
3276 5346 3473 5420 inopia
3501 5348 3676 5420 panis
3707 5349 3791 5405 di-

2138 5434 2254 5491 vini
2290 5433 2539 5502 miseris,
2572 5437 2631 5488 et
2653 5432 2885 5489 venatui
2914 5432 3125 5490 deditis
3155 5434 3368 5491 inutili.
3398 5436 3543 5493 Nam
3576 5442 3636 5495 et
3667 5436 3795 5511 ipsa

2143 5524 2530 5597 pulcherrime
2560 5521 2872 5595 mysticum
2905 5521 3038 5590 sibi,
3066 5522 3409 5598 priusquam
3442 5534 3788 5592 moreretur,

2140 5630 2349 5691 panem
2386 5614 2623 5684 factura,
2657 5611 2774 5669 duo
2796 5610 3038 5686 saligna
3056 5612 3326 5691 colligam
3348 5614 3493 5677 velle
3509 5619 3788 5678 testatur:
