3926 6170
157 430 268 490 269

154 652 335 708 tiones
364 652 675 709 hominum
708 653 1184 727 trausgredimini
1219 659 1510 727 praecepta
1539 653 1800 726 omnipo-

150 741 319 797 tentis
349 741 489 796 Dei?

216 853 246 881 «ι
271 830 420 886 Nam
454 830 611 887 Deus
642 830 788 887 dixit
819 847 832 885 :
868 831 1099 887 Honora
1129 835 1355 906 patrem
1387 836 1556 887 tuum
1589 835 1647 887 et
1672 847 1798 886 ma-

156 945 181 970 κ
200 924 348 975 trem
366 924 555 988 tuam,
569 924 626 975 et
641 919 741 992 qui
758 919 1119 975 maledixeri:
1137 919 1285 993 patri
1300 918 1386 975 vel
1401 918 1594 987 matri,
1611 923 1798 975 morte

150 1032 175 1057 α
205 1007 491 1064 moriatur
505 1008 827 1077 (δαψιλεῖ).
847 1030 875 1058 η
910 1008 1104 1065 Honor
1132 1008 1349 1065 etenim
1380 1008 1440 1063 in
1472 1008 1795 1081 Scripturis

151 1096 454 1170 dupliciter
472 1096 778 1170 accipitur,
799 1102 855 1153 et
876 1115 979 1170 pro
992 1097 1313 1154 reverentia
1331 1096 1602 1153 videlicet
1621 1096 1797 1153 hono-

152 1186 244 1254 ris,
259 1191 315 1241 et
343 1202 450 1258 pro
480 1186 718 1241 datione
752 1186 1034 1242 muneris.
1057 1185 1217 1242 Unde
1240 1189 1297 1241 et
1319 1185 1535 1241 Paulus
1565 1190 1795 1259 aposto-

152 1274 238 1330 lus
266 1274 445 1331 dixit:
481 1298 509 1324 ‹‹
543 1274 871 1348 Presbyteri
901 1274 1122 1347 duplici
1156 1274 1374 1331 honore
1404 1274 1796 1346 habeantur(l

154 1365 279 1420 Tim.
308 1367 387 1432 v).
420 1386 454 1442 3»
486 1364 556 1418 Et
587 1380 601 1418 :
638 1384 665 1412 «
702 1365 931 1420 Honora
972 1363 1199 1430 viduas,
1247 1380 1376 1436 quae
1425 1380 1555 1419 vere
1603 1363 1790 1418 viduae

150 1457 298 1508 sunt.
314 1453 418 1507 »1η
434 1469 553 1524 quo
569 1451 695 1508 loco
719 1469 833 1507 non
858 1456 1092 1507 tantum
1114 1452 1301 1508 honor
1314 1469 1417 1525 pro
1439 1451 1791 1507 salutatione

148 1546 200 1597 et
226 1540 545 1597 reverentia
564 1540 869 1613 accipitur,
896 1544 1181 1613 quantum
1206 1539 1382 1596 etiam
1407 1556 1509 1612 pro
1535 1540 1787 1596 datione.

150 1655 174 1679 ι(
202 1630 426 1685 Honora
456 1634 684 1702 patrem
714 1634 885 1684 tuum
917 1633 974 1685 et
1007 1634 1253 1684 matrem
1287 1634 1515 1694 tuam,»
1540 1633 1597 1684 et
1626 1628 1685 1683 in
1708 1646 1792 1684 re-

150 1718 396 1775 verentia
417 1718 689 1774 videlicet
719 1717 1081 1791 obsequii,et
1101 1718 1160 1772 in
1184 1716 1394 1772 dandis
1421 1717 1787 1773 muneribus.

154 1809 191 1862 E
220 1807 509 1864 contrario
538 1806 694 1879 quod
720 1806 863 1862 dixit
888 1823 902 1862 :
939 1829 968 1858 ιι
1000 1805 1101 1879 qui
1132 1805 1495 1862 maledixerit
1524 1806 1674 1879 patri
1700 1806 1789 1861 vel

152 1897 332 1964 matri,
366 1919 395 1948 »
430 1895 741 1952 maledicto
772 1912 886 1951 non
919 1900 1151 1952 tantum
1184 1913 1287 1968 pro
1329 1896 1500 1951 verbo
1558 1910 1785 1968 aspero,

161 1987 257 2042 sed
279 1985 451 2042 etiam
484 2002 589 2057 pro
620 1985 1021 2041 subtractione
1054 1984 1320 2041 beneﬁcii
1350 1985 1606 2057 ponitur.
1645 1984 1788 2040 Prte-

148 2075 339 2131 videns
351 2074 507 2130 omni
516 2079 722 2147 potens
737 2074 890 2130 Deus
905 2072 1337 2130 imbecillitates
1350 2080 1405 2129 et
1417 2078 1615 2129 aetates
1630 2090 1790 2129 sene-

153 2164 319 2220 ctutis
349 2163 970 2237 parentum,przecepit
1000 2160 1137 2218 ﬁliis
1159 2178 1362 2218 eorum
1386 2166 1450 2217 ut
1473 2166 1788 2235 postquam

153 2253 216 2307 ad
247 2255 604 2308 senectutem
636 2256 905 2325 parentes
935 2250 1171 2307 illorum
1199 2251 1668 2324 pervenirent,ut
1692 2250 1789 2307 ho-

152 2358 338 2398 norem
362 2342 446 2397 eis
471 2341 899 2413 impenderent,
916 2357 1030 2395 non
1060 2340 1252 2395 solum
1280 2340 1337 2394 in
1362 2340 1665 2412 obsequio,
1686 2340 1785 2395 sed

154 2430 317 2485 etiam
350 2431 406 2485 in
438 2429 672 2486 datione
717 2430 1000 2486 muneris.
1033 2429 1315 2485 Videntes
1360 2429 1469 2484 hoc
1500 2428 1703 2485 scribze
1734 2432 1791 2483 et

156 2519 437 2586 Pharisaei,
453 2519 610 2592 quod
642 2535 710 2575 ea
736 2535 864 2591 qua:
886 2519 1179 2574 dabantur
1200 2518 1539 2591 parentibus
1558 2535 1589 2573 a
1610 2516 1789 2573 lucris

161 2624 349 2664 eorum
368 2609 719 2681 deperirent,
734 2611 1191 2680 composuerunt
1214 2607 1363 2663 hanc
1382 2605 1711 2679 strepham,
1727 2610 1793 2661 ut

158 2696 400 2754 dicereut
414 2696 561 2753 l‘also
574 2696 820 2771 intelligi
836 2696 946 2753 hoc
962 2701 1315 2769 praeceptum
1329 2713 1363 2750 a
1376 2697 1401 2752 J
1412 2694 1613 2762 udazis,
1630 2696 1787 2768 quod

157 2786 356 2842 dicitur
383 2804 398 2843 :
433 2811 459 2837 «
492 2786 725 2842 Honora
754 2791 980 2859 patrem
1011 2791 1180 2841 tuum
1222 2790 1280 2841 et
1322 2789 1590 2855 matrem,
1626 2806 1653 2833 »
1685 2784 1784 2840 sed

159 2876 340 2947 potius
369 2880 595 2949 patrem
627 2874 713 2930 vel
746 2873 1313 2947 matrem,templum
1342 2879 1399 2929 et
1419 2874 1786 2947 Synagogam

156 2964 353 3021 debere
371 2963 641 3036 intelligi,
656 2968 719 3019 ut
731 2979 848 3019 non
872 2963 1408 3037 przecepissetomni
1416 2966 1621 3035 potens
1636 2966 1787 3017 Deus

156 3053 422 3111 honorare
441 3058 713 3126 parentes
736 3056 1020 3121 carnales,
1036 3051 1135 3109 sed
1162 3052 1357 3125 potius
1376 3050 1662 3124 quidquid
1683 3050 1786 3106 ha-

157 3142 344 3197 berent
372 3142 589 3215 templo
619 3146 677 3197 et
705 3142 1022 3215 Synagogze
1048 3141 1486 3197 distribuerent.
1501 3140 1663 3207 Quod
1691 3156 1789 3195 au-

158 3228 364 3286 dientes
391 3229 711 3302 simplices,
743 3246 935 3285 errore
961 3229 1208 3295 seducti,
1241 3228 1527 3300 quidquid
1574 3228 1788 3282 habere

1395 430 1749 493 ΗΟΜιιιιΕ
1791 431 1892 492 DE
1935 432 2093 493 TEM
2105 432 2329 494 PORE.

154 562 268 617 sint
294 568 585 636 prmeepta
613 564 711 620 Dei
744 564 1235 637 adimplere,cum
1259 581 1358 620 vos
1385 563 1803 637 proptertradi-
1831 567 1884 633 Α

1819 1940 1867 2006 Β

3440 434 3561 495 270
3634 530 3647 533 _

1991 588 2017 613 α
2053 565 2176 620 Non
2210 566 2364 638 quod
2399 566 2457 622 in
2489 583 2554 622 os
2586 567 2782 634 intrat,
2814 567 3155 640 coinquinat
3182 566 3501 624 hominem.
3529 590 3557 618 ››

1910 652 1968 709 Si
2003 670 2138 726 ergo
2171 656 2325 726 quod
2361 655 2539 711 intrat
2569 656 2628 712 in
2660 674 2724 712 os
2748 674 2862 713 non
2884 657 3556 729 coinquinathominem,

1909 741 2114 796 merito
2146 743 2429 814 qumritur
2449 760 2553 799 cur
2583 744 2800 801 Paulus
2829 744 3128 817 apostolus
3150 744 3419 818 prohibet
3452 761 3557 801 nos

1907 846 2023 885 non
2054 830 2205 886 vesci
2238 832 2309 888 de
2341 832 2706 906 idolothytis,
2736 833 2823 890 vel
2855 851 2960 890 cur
2988 834 3143 890 dicat
3175 851 3188 889 :
3225 856 3252 883 ‹‹
3285 834 3409 890 Non
3453 851 3557 906 po-

1903 917 2072 974 testis
2103 917 2344 974 calicem
2378 919 2611 977 Domini
2643 922 2861 991 bibere,
2882 928 2941 979 et
2969 922 3211 979 calicem
3244 922 3558 978 daemonio-

1905 1023 2037 1062 rum
2068 1008 2116 1077 (I
2140 1007 2259 1064 Cor.
2284 1011 2404 1078 vn).
2441 1031 2468 1058 »
2497 1011 2583 1067 Ad
2610 1010 2721 1066 hoc
2752 1010 3068 1067 dicendum
3100 1015 3210 1079 est,
3244 1012 3402 1084 quod
3453 1010 3556 1068 illa

1903 1095 2143 1167 quidem
2174 1102 2442 1153 creatura
2474 1114 2574 1171 per
2601 1116 2663 1155 se
2694 1100 2918 1155 munda
2941 1105 2999 1156 et
3047 1100 3201 1156 bona
3236 1105 3328 1157 est
3361 1117 3374 1155 :
3412 1116 3552 1157 cum

1900 1189 2093 1241 autem
2119 1185 2288 1243 idolis
2317 1186 3551 1262 fueritconsecrata,propterinvocationem

1901 1273 2233 1330 daemonum
2245 1279 2303 1331 et
2317 1274 2627 1343 idolorum,
2642 1278 2879 1333 sordida
2890 1281 2946 1332 et
2957 1276 3549 1345 immundael‘licitur,

1905 1364 1961 1416 et
1994 1361 2124 1418 ideo
2147 1362 2479 1435 praecipitur
2508 1364 2675 1420 nobis
2704 1383 2818 1421 non
2851 1366 2922 1421 de
2953 1365 3170 1435 talibus
3213 1366 3547 1421 comedere.

1900 1449 2106 1507 Omnis
2136 1450 2289 1506 enim
2316 1451 2515 1524 religio
2538 1458 2594 1509 et
2615 1454 2896 1511 sanctitas
2916 1455 3279 1523 Judaaorum,
3296 1455 3549 1515 maxime

1898 1538 1959 1593 in
1982 1539 2307 1595 differentia
2328 1539 2593 1596 ciborum
2627 1543 2984 1598 mundorum
3013 1548 3072 1599 et
3100 1544 3547 1611 immundorum

1898 1628 2258 1684 consistebat
2286 1645 2299 1684 :
2334 1630 2434 1685 sed
2482 1629 2856 1702 omnipotens
2886 1631 3039 1687 Deus
3078 1633 3233 1704 quod
3265 1631 3324 1688 in
3356 1632 3548 1688 Veteri

1898 1716 2273 1773 Testamento
2297 1717 2544 1774 discrete
2559 1719 2777 1792 posuit,
2793 1719 2979 1776 hocin
2996 1721 3154 1776 Novo
3173 1722 3548 1777 Testamento

1898 1804 2212 1862 indiscrete
2244 1806 2325 1862 uti
2350 1806 2551 1878 jussit.
2587 1808 2965 1880 Prwcipiebat
2991 1808 3147 1865 enim
3179 1809 3550 1881 omnipotens

1900 1893 2055 1951 Deus
2080 1911 2291 1951 manus
2323 1895 2579 1965 abluere,
2604 1913 2721 1954 non
2740 1913 2894 1969 aqua
2923 1897 3234 1970 corporali,
3251 1899 3352 1954 sed
3376 1915 3542 1957 mun-

1900 1982 2043 2039 ditia
2071 1984 2358 2041 bonorum
2391 2002 2655 2057 operum,
2692 1991 2755 2041 ut
2786 1987 2946 2059 digni
2980 1986 3266 2057 simus,in
3296 2003 3548 2059 quorum

1899 2072 2173 2128 manibus
2204 2090 2396 2130 sermo
2419 2074 2519 2130 Dei
2552 2076 2736 2131 ﬁeret.
2762 2074 2855 2132 Sic
2886 2092 3039 2148 saepe
3058 2076 3118 2132 in
3141 2076 3332 2132 Veteri
3352 2076 3551 2132 Testa-

1899 2166 2094 2216 mento
2125 2160 2401 2235 legimus:
2421 2164 2659 2219 Factum
2679 2168 2768 2220 est
2786 2165 3027 2221 verbum
3040 2163 3271 2221 Domini
3287 2164 3347 2220 in
3366 2181 3546 2231 manu

1896 2248 2161 2305 Jeremize
2191 2255 2249 2306 et
2278 2251 2465 2322 Isaiae,
2497 2256 2555 2307 et
2587 2256 2954 2309 cmterorum.
2988 2253 3052 2309 lu
3100 2270 3281 2310 manu
3329 2252 3547 2309 etenim

1897 2353 2101 2394 eorum
2149 2339 2340 2396 factus
2389 2346 2478 2396 est
2524 2358 2717 2397 sermo
2761 2342 3009 2411 Domini,
3043 2342 3183 2414 quia
3212 2342 3351 2398 talia
3380 2346 3548 2399 erant

1898 2442 2075 2499 opera
2102 2444 2325 2496 eorum,
2361 2434 2425 2485 ut
2455 2429 2615 2503 digni
2664 2434 2861 2486 essent
2899 2432 2969 2486 ad
3013 2448 3160 2504 quos
3204 2448 3396 2488 sermo
3446 2432 3545 2487 Dei

1898 2515 2080 2572 ﬁeret.

1971 2628 1997 2655 ‹‹
2024 2607 2187 2662 Tunc
2228 2608 2570 2665 accedentes
2617 2607 2890 2682 discipuli
2940 2611 3092 2681 ejus,
3123 2609 3395 2667 dixerunt
3440 2608 3492 2664 ei
3528 2625 3542 2667 :

1898 2715 1927 2744 «
1961 2694 2087 2751 Scis
2119 2696 2256 2767 quia
2282 2697 2791 2763 Phariszei,audito
2824 2697 2933 2753 hoc
2962 2698 3547 2769 verbo,scandalizati

1903 2805 1926 2834 ι
1962 2788 2121 2839 sunt.
2158 2807 2185 2834 ››
2219 2786 2295 2840 Ex
2322 2785 2430 2841 hoc
2460 2786 2585 2842 loco
2618 2787 2792 2842 datur
2823 2785 3092 2860 intelligi,
3115 2788 3273 2859 quod
3299 2787 3546 2845 scanda-

1897 2868 2021 2926 lum
2054 2872 2112 2928 in
2146 2874 2503 2947 quibusdam
2534 2874 2676 2931 locis
2708 2875 3030 2930 cavendum
3060 2880 3149 2932 est
3180 2870 3544 2943 hominibus,

1896 2960 1955 3014 in
1973 2961 2330 3033 quibusdam
2344 2980 2476 3020 vero
2491 2981 2594 3035 pro
2609 2963 2792 3019 nihilo
2806 2963 3167 3038 contemptui
3183 2962 3542 3020 habendum.

1896 3048 2014 3105 Hoc
2063 3049 2238 3106 etiam
2291 3050 2576 3107 Dominus
2618 3070 2725 3107 suo
2756 3051 3019 3124 exemplo
3052 3052 3239 3109 docet.
3267 3050 3542 3124 Legimus

1895 3139 2051 3193 enim
2102 3138 2239 3194 alibi
2290 3139 2493 3208 (Matth.
2527 3140 2663 3211 xvu)
2715 3141 2868 3212 quod
2919 3140 3259 3199 accedentes
3306 3140 3412 3205 illi,
3444 3141 3547 3213 qui

1894 3226 2112 3282 tributa
2144 3226 2518 3300 requirebant
2547 3246 2581 3283 a
2612 3227 2846 3301 populo,
2872 3230 2944 3284 ad
2974 3229 3203 3283 Petrum
3237 3228 3540 3284 dixerunt:

158 3320 506 3390 poterant,in
538 3318 756 3390 templo
778 3318 1115 3373 oll'erebant.
1136 3318 1278 3373 Cum
1296 3332 1428 3372 vero
1448 3316 1787 3389 contigisset
1818 3310 1860 3376 C
1900 3338 1928 3366 «
1960 3316 2237 3387 Magister
2265 3322 2455 3372 vester
2484 3334 2597 3371 non
2631 3316 2802 3372 solvit
2836 3316 3164 3390 didragma.
3198 3316 3419 3372 Etcum
3451 3317 3542 3373 in-

157 3412 213 3463 ut
230 3414 387 3482 pater
409 3407 498 3464 vel
531 3412 718 3464 mater
747 3412 1071 3481 quaererent
1094 3407 1164 3462 ab
1183 3407 1266 3463 eis
1289 3406 1525 3478 aliquod
1550 3405 1783 3478 supple-

159 3502 423 3566 mentum,
456 3497 733 3553 dicebant
765 3514 778 3552 :

220 3585 469 3642 «Munus
501 3585 893 3659 quodcunque
917 3589 1004 3640 est
1026 3602 1094 3640 ex
1124 3583 1359 3655 me,tibi
1391 3583 1667 3656 proderit,
1686 3581 1785 3637 nid

160 3678 239 3729 est
252 3673 508 3748 nunquid
532 3673 680 3729 illud
703 3690 921 3729 munus
934 3674 1087 3747 quod
1103 3671 1283 3729 semel
1298 3673 1414 3728 Deo
1435 3671 1641 3740 obtuli,
1661 3671 1709 3726 si
1726 3672 1786 3726 in

162 3768 281 3818 tuos
311 3782 450 3820 usus
481 3764 831 3835 expendere,
865 3762 971 3818 tibi
1002 3762 1302 3835 proderit?
1332 3762 1450 3818 Hoc
1481 3760 1787 3817 audientes

166 3850 257 3918 illi,
286 3852 579 3909 malebant
608 3869 725 3924 prae
757 3850 955 3924 inopia
983 3852 1164 3907 vitam
1197 3851 1683 3922 amittere,quam
1716 3850 1788 3904 de

168 3941 497 3999 consecratis
530 3940 754 4013 aliquid
785 3945 1043 4013 tangere.
1066 3940 1259 3996 Potest
1283 3943 1340 3996 et
1359 3936 1788 4011 aliterintelligi

170 4026 265 4084 hoc
292 4032 436 4103 quod
468 4029 714 4087 dicitur:
736 4052 763 4079 «
792 4046 1011 4085 munus
1040 4030 1433 4101 quodcunque
1462 4033 1551 4084 est
1579 4045 1647 4083 ex
1675 4042 1788 4093 me,

171 4115 262 4173 tibi
289 4119 556 4191 proderit.
578 4142 599 4169 ιι
626 4120 703 4175 Ac
732 4118 781 4173 si
813 4118 1056 4174 diceret:
1074 4118 1287 4173 Munus
1314 4117 1468 4189 quod
1485 4122 1596 4173 Deo
1613 4115 1790 4171 oll‘ero

174 4220 232 4260 ex
259 4208 579 4265 substantia
608 4224 758 4276 mea,
794 4206 949 4264 sicut
979 4206 1236 4280 proderit
1266 4205 1433 4275 mihi,
1466 4207 1548 4262 ita
1577 4210 1635 4262 et
1662 4204 1787 4261 tibi.

176 4293 230 4349 Et
272 4296 383 4354 haec
432 4297 701 4367 dicendo,
735 4314 853 4354 non
898 4296 1205 4352 honoravit
1252 4300 1476 4368 patrem
1527 4294 1615 4351 vel
1667 4311 1792 4351 ma-

174 4387 323 4443 trem.

236 4497 262 4524 «
292 4475 629 4550 Hypocritm,
671 4475 819 4532 bene
875 4473 1239 4547 prophetavit
1287 4474 1358 4530 de
1395 4474 1559 4529 vobis
1589 4472 1790 4540 Isaias,

180 4583 204 4610 α
230 4563 415 4622 dicens
448 4584 461 4621 :
498 4563 755 4638 Populus
785 4563 879 4619 hic
910 4562 1081 4619 labiis
1116 4580 1207 4620 me
1236 4562 1503 4631 honorat,
1537 4579 1637 4618 cor
1692 4578 1794 4618 au-

1894 3410 2108 3461 trasset
2161 3406 2216 3459 in
2267 3407 2531 3472 domum,
2566 3405 2840 3477 praevenit
2892 3421 3027 3460 eum
3071 3406 3244 3461 Jesus
3292 3405 3540 3462 dicens:

1896 3494 2043 3560 Quid
2076 3494 2180 3549 tibi
2212 3495 2484 3550 vtdetur?
2517 3496 2701 3567 Reges
2730 3494 3017 3567 gentium,
3048 3512 3082 3550 a
3110 3494 3327 3567 quibus
3385 3495 3543 3551 acci-

1897 3583 2066 3655 piunt
2097 3582 2359 3639 tributa?
2386 3586 2433 3638 A
2463 3582 2599 3640 filiis
2643 3583 2789 3652 suis,
2826 3601 2900 3639 an
2948 3584 3020 3639 ab
3071 3582 3323 3640 alienis?
3346 3585 3416 3640 Et
3446 3583 3543 3641 ille

1894 3671 2039 3727 dixit
2071 3674 2191 3729 :Ab
2223 3672 2451 3729 alienis.
2485 3675 2555 3729 Et
2586 3673 2732 3729 dixit
2762 3674 2845 3729 ei:
2872 3674 3018 3745 Ergo
3050 3672 3218 3729 liberi
3250 3678 3390 3730 sunt
3415 3674 3544 3731 lilii.

1897 3761 1971 3817 Ut
1993 3766 2185 3817 autem
2220 3779 2333 3818 non
2368 3762 2836 3818 scandalizemus
2867 3779 2985 3830 eos,
3016 3763 3161 3819 vade
3191 3763 3262 3818 ad
3297 3765 3549 3831 mare,et

1898 3850 2063 3906 mitte
2093 3851 2358 3920 hamum,
2379 3858 2436 3907 et
2463 3869 2596 3908 eum
2619 3851 2970 3924 piscegqui
3004 3852 3168 3924 prius
3199 3851 3547 3909 ascenderit.

1898 3938 2070 3996 tolle:
2103 3945 2178 4010 et,
2213 3946 2414 4013 aperto
2437 3957 2535 3997 ore
2566 3941 2717 4012 ejus,
2752 3938 3010 4001 ilnies
3037 3944 3313 3997 staterem
3341 3958 3355 4010 ;
3379 3940 3549 3998 illum

1900 4045 2164 4101 sumens,
2196 4030 2270 4085 da
2294 4047 2398 4101 pro
2430 4047 2524 4086 me
2555 4034 2612 4085 et
2641 4033 2717 4085 te.
2748 4051 2775 4077 »
2810 4028 2931 4084 lllic
2952 4029 3154 4085 vitavit
3184 4029 3550 4097 scandalum,

1900 4116 1996 4173 hic
2022 4121 2216 4173 autem
2250 4119 2349 4173 ubi
2376 4118 2503 4174 sine
2532 4134 2714 4174 causa
2747 4118 2956 4173 scribae
2988 4122 3045 4173 et
3076 4116 3349 4173 Pharisazi
3380 4135 3554 4174 scan-

1902 4205 2310 4262 dalizabantur
2367 4210 2573 4262 contra
2614 4206 2953 4269 Dominum,
3004 4222 3108 4277 pro
3160 4204 3342 4261 nihilo
3391 4204 3558 4261 duxit

1901 4294 2246 4353 scandalum
2277 4311 2504 4351 eorum.
2538 4296 2619 4350 Ex
2648 4310 2765 4366 qua
2798 4310 2858 4349 re
2890 4294 3063 4349 datur
3112 4291 3383 4365 intelligi,
3414 4292 3554 4365 quia

1903 4386 1983 4443 ibi
2014 4386 2188 4442 debet
2227 4383 2572 4441 scandalum
2605 4383 2817 4450 caveri,
2846 4383 2947 4439 ubi
2979 4386 3174 4455 potest
3200 4381 3261 4437 in
3314 4382 3427 4438 {ide
3470 4381 3555 4437 of-

1905 4475 2091 4533 fensio
2122 4473 2375 4530 incurri:
2399 4474 2498 4529 ubi
2530 4489 2661 4530 vero
2689 4472 2905 4529 veritas
2936 4470 3262 4544 periculum
3283 4470 3559 4528 ﬁdeisus-

1904 4565 2075 4635 tinet,
2112 4562 2325 4620 melius
2345 4566 2437 4619 est
2463 4566 2527 4618 ut
2557 4560 2902 4618 scandalum
2933 4560 3558 4633 incurratur,quamut

182 4672 204 4697 ιε
232 4655 335 4709 tem
366 4672 568 4711 eorum
600 4653 772 4727 longe
802 4656 890 4709 est
921 4670 955 4708 a
985 4669 1079 4709 me
1109 4654 1238 4724 (lsa.
1271 4656 1443 4721 XXIX).
1478 4675 1506 4703 ››
1536 4652 1661 4707 Non
1694 4651 1795 4706 bo-
1833 4679 1878 4745 Β
1904 4654 2118 4710 veritas
2161 4652 2566 4725 relinquatur;
2601 4657 2878 4708 σκάνδαλον
2907 4648 3064 4705 enim
3107 4652 3321 4716 Graece,
3353 4648 3557 4705 Latine

181 4755 300 4797 num
329 4743 470 4800 dixit
497 4744 571 4799 de
594 4742 821 4798 malitia
838 4746 1052 4812 vestra,
1069 4743 1169 4797 sed
1193 4742 1340 4798 bene
1357 4739 1801 4797 convenitvobis
1834 4737 1870 4745 ⁷
1911 4742 2152 4800 otl'ensio
2167 4739 2480 4798 diciturvel
2500 4740 2671 4798 ruina
2684 4738 2869 4813 pedis,
2889 4737 3296 4811 siveimpactio
3317 4738 3556 4809 pedum,

182 4825 272 4886 hoc
289 4832 431 4904 quod
450 4832 548 4888 ille
560 4830 734 4887 dixit:
756 4854 782 4881 ‹‹
797 4829 1057 4904 Populus
1078 4829 1173 4885 hic
1195 4830 1363 4887 labiis
1378 4846 1470 4885 me
1486 4829 1754 4886 honorat.
1770 4850 1799 4879 »

186 4914 411 4991 Populus
438 4920 777 4977 Judzeorum
808 4918 982 4975 labiis
1002 4918 1184 4975 Deum
1208 4920 1435 4976 Patrem
1457 4918 1801 4984 honorabat,

186 5006 303 5077 quia
328 5010 383 5064 in
411 5009 580 5065 illum
607 5026 670 5065 sc
701 5009 935 5065 credere
956 5009 1240 5081 jactabat,
1261 5025 1361 5064 cor
1389 5013 1584 5065 autem
1602 5023 1803 5064 eorum

186 5091 329 5168 longe
357 5104 477 5155 erat
509 5099 584 5155 ab
614 5114 703 5164 eo,
737 5096 876 5170 quia
906 5098 966 5152 in
997 5113 1267 5153 sermone
1308 5097 1621 5170 cupiebant
1667 5112 1802 5152 eum

191 5198 381 5257 capere,
412 5193 471 5244 et
495 5187 728 5243 tradere
756 5186 1030 5260 potestati
1065 5187 1359 5243 Romana.

249 5297 271 5323 α
289 5274 409 5334 Sine
442 5293 625 5333 causa
646 5280 847 5332 autem
879 5274 1079 5332 colunt
1100 5292 1214 5343 me,
1230 5275 1502 5331 docentes
1515 5274 1810 5331 doctrinas

195 5366 273 5417 «et
287 5365 898 5422 mandatahominum.
920 5387 947 5415 ››
972 5366 1231 5430 Frustra,
1248 5364 1459 5436 inquit,
1475 5380 1567 5418 me
1588 5362 1809 5430 colunt,

195 5448 450 5511 doctrinas
482 5472 624 5512 suas
654 5458 1058 5528 praeponentes
1092 5450 1398 5526 praeceptis
1438 5452 1560 5508 Dei.

199 5559 219 5583 α
244 5538 300 5596 Et
325 5544 653 5600 convocatis
704 5543 775 5599 ad
824 5560 885 5600 se
936 5541 1151 5610 turbis,
1182 5541 1330 5597 dixit
1352 5541 1438 5597 eis
1474 5558 1486 5596 :
1519 5541 1728 5597 Audite
1756 5546 1813 5597 et

204 5628 593 5707 cintelligite.»
610 5632 735 5689 Non
767 5632 889 5687 vult
920 5632 1073 5688 Deus
1104 5631 1402 5688 auditores
1433 5635 1812 5687 suostantum

206 5718 385 5795 audire,
417 5721 518 5782 sed
552 5726 681 5797 post
713 5721 979 5779 auditum
1010 5720 1186 5779 etiam
1219 5719 1564 5797 intelligere.

1910 4831 1997 4888 vel
2029 4835 2094 4887 ut
2113 4831 2448 4904 expressius
2470 4828 2806 4902 scrupulus,
2822 4827 3022 4883 Latine
3043 4825 3326 4899 permotio
3343 4824 3558 4881 mentis

1864 4960 1877 4973 .
1913 4920 2145 4976 dicitur.

1987 5032 2014 5060 ‹‹
2033 5008 2238 5065 Omnis
2260 5008 2541 5080 plantatio
2556 5023 2734 5080 quam
2749 5022 2864 5061 non
2898 5004 3180 5077 plantavit
3207 5008 3380 5060 Pater
3393 5019 3562 5061 meus

1913 5121 1941 5149 ‹‹
1978 5096 2251 5165 ccelestis,
2272 5095 2685 5151 eradicabitur.
2705 5116 2733 5144 »
2766 5093 2826 5150 Si
2858 5094 3052 5150 omnis
3082 5092 3364 5166 plantatio
3385 5110 3563 5166 quam

1912 5204 2027 5243 non
2080 5185 2368 5259 plantavit
2413 5186 2581 5241 Pater
2628 5182 2901 5247 cmlestis,
2954 5183 3371 5253 eradicabitur,
3424 5199 3565 5256 ergo

1919 5274 2187 5347 nunquid
2220 5272 2321 5328 illa
2350 5272 2633 5345 plantatio
2665 5288 2844 5345 quam
2875 5270 3158 5344 plantavit
3184 5271 3405 5329 Paulus
3434 5288 3569 5345 apo-

1919 5362 2128 5428 stolus,
2163 5360 2576 5429 eradicabitur,
2609 5360 2707 5432 qui
2740 5358 2969 5414 dicebat
2995 5361 3046 5427 (1
3073 5359 3195 5416 Cor.
3226 5362 3314 5430 ιιι)
3345 5377 3359 5415 :
3387 5383 3417 5410 ‹‹
3448 5360 3568 5433 Ego

1922 5449 2199 5523 plantavi,
2231 5447 2436 5520 Apollo
2483 5447 2738 5521 rigavit?
2770 5470 2797 5497 ››
2827 5447 2936 5503 Sed
2986 5447 3138 5503 hanc
3185 5448 3569 5522 quasstionem

1921 5537 2091 5595 solvit
2120 5537 2176 5592 id
2216 5536 2373 5608 quod
2417 5535 2801 5608 subsequitur
2832 5552 2845 5591 :
2881 5558 2909 5587 ‹‹
2943 5539 3097 5593 Deus
3134 5539 3331 5593 autem
3381 5535 3572 5592 inere-

1923 5630 2188 5685 mentum
2222 5623 2402 5682 dedit.
2439 5648 2466 5676 »
2496 5625 2557 5681 Si
2588 5629 2785 5682 autem
2828 5625 3021 5682 omnis
3068 5624 3351 5699 plantatio
3389 5638 3569 5698 quam

1923 5733 2038 5777 non
2071 5714 2357 5797 plantavit
2384 5719 2556 5774 Pater
2585 5713 2997 5783 eradicabitur,
3034 5729 3170 5787 ergo
3217 5726 3394 5785 quam
3444 5710 3570 5794 ipse
