4028 6176
409 411 523 472 271
589 389 591 392 ’

408 542 712 616 plantavit,
745 560 857 600 non
891 543 1317 600 eradicabitur?
1338 543 1420 599 Ad
1454 543 1560 598 hoc
1594 541 1905 597 dicendum
1938 545 2048 610 est,
2083 540 2137 607 Α

413 636 553 705 quia
574 632 767 687 omnis
788 632 1071 706 plantatio
1095 650 1271 706 quam
1296 633 1762 705 plantavitPater
1787 629 2058 698 scelestis,

411 738 444 776 a
470 721 703 777 nemine
726 725 916 794 potest
937 723 1239 790 eradicari,
1270 722 1378 777 nisi
1405 721 1528 793 ipse
1552 737 1857 776 assensum
1880 719 2061 774 eradi-

406 809 577 865 candi
602 811 932 882 praebuerit.
950 811 1093 866 Hinc
1117 816 1206 866 est
1228 811 1381 883 quod
1396 810 1682 865 Jeremias
1703 809 1876 863 dicit:
1896 833 1921 857 ‹‹
1942 809 2059 880 Ego

411 897 666 971 plantavi
697 903 756 955 te
773 898 1003 955 vineam
1027 899 1290 968 electam,
1307 900 1601 971 quomodo
1624 915 1901 954 conversa
1921 915 1984 954 es
2000 897 2058 952 in

406 987 863 1044 amaritudinem
895 987 1028 1044 vitis
1060 988 1262 1043 aliena:
1297 989 1432 1060 (Jcr.
1470 992 1527 1053 ιι)
1549 987 1577 1042 ‘?
1605 1011 1632 1036 »

482 1115 511 1145 «
545 1094 728 1150 Sinite
761 1094 962 1162 illos,»
993 1095 1050 1151 id
1083 1094 1530 1167 est,permittite
1563 1093 1693 1150 illos
1724 1093 1781 1148 in
1815 1095 2058 1149 damna-

410 1182 571 1240 tione
599 1199 749 1240 esse.
773 1184 916 1240 Caeci
948 1189 1112 1255 sunt,
1145 1189 1202 1240 et
1231 1185 1408 1240 duces
1440 1200 1744 1250 caecorum,
1783 1206 1809 1231 η
1839 1183 2059 1238 ευδειιο

412 1273 609 1330 diatur
637 1273 1010 1347 populorum.

483 1403 511 1430 «
544 1380 742 1437 Cacus
774 1385 968 1436 autem
1003 1382 1051 1436 si
1087 1397 1234 1437 caeco
1267 1381 1544 1436 ducatum
1580 1379 1853 1452 praebeat,
1887 1379 2059 1434 ambo

412 1490 437 1520 «ι
460 1469 519 1525 in
551 1470 774 1526 foveam
805 1472 1044 1538 eadunt.
1075 1494 1101 1518 ››
1133 1471 1334 1525 Sciens
1367 1473 1649 1525 Dominus
1680 1469 1907 1524 animos
1940 1466 2061 1522 illo-

409 1571 541 1614 rum
573 1559 1000 1632 incorrigibiles
1030 1576 1179 1626 esse,
1214 1559 1343 1614 ideo
1373 1558 1548 1613 dixit:
1581 1582 1601 1607 «
1641 1558 1837 1612 Caecus
1865 1561 2059 1612 autem

408 1647 456 1704 si
487 1661 638 1702 caeco
657 1648 936 1703 dncatum
971 1647 1501 1720 prazbeat,amboin
1536 1647 1754 1701 foveam
1779 1647 2012 1701 cadunt.
2032 1666 2059 1692 η

407 1737 551 1792 ϐωθὶ
582 1740 749 1792 erant
779 1737 985 1792 scriba:
1006 1742 1065 1792 et
1096 1736 1405 1802 Phaariszni,
1438 1742 1492 1791 et
1525 1754 1638 1791 non
1671 1735 1861 1791 solum
1895 1737 2062 1790 erant

409 1825 568 1892 caeci,
601 1827 702 1881 sed
745 1826 918 1881 etiam
973 1825 1151 1881 duces
1214 1842 1519 1881 caecorum.
1553 1824 1698 1890 Quia
1724 1842 1838 1880 non
1870 1823 2059 1878 solum

411 1913 641 1985 seipsos
673 1913 984 1970 mittebant
1015 1915 1074 1969 in‘
1092 1914 1500 1987 perditionem,
1519 1913 1618 1968 sed
1641 1913 1817 1969 etiam
1841 1917 1894 1968 et
1919 1912 2064 1968 alios
2095 1914 2142 1980 B

411 2006 544 2074 post
573 2018 634 2057 se
668 2001 993 2058 trahebant.
1031 2001 1408 2057 Manifestum
1457 2007 1545 2057 est
1589 2003 1747 2074 quia,
1781 2003 1829 2058 si
1879 2018 2066 2056 caecus

413 2091 634 2158 doctor,
653 2095 710 2146 et
737 2092 846 2164 ipsi
866 2092 964 2164 qui
999 2091 1288 2147 audierint
1312 2092 1369 2145 in
1394 2092 1615 2147 foveam
1649 2095 1874 2147 aeterna:
1908 2091 2067 2146 dam-

413 2180 670 2236 nationis
701 2185 992 2237 eorruent.

486 2310 513 2336 ‹‹
542 2285 921 2372 Respondeas
969 2292 1168 2344 autem
1221 2293 1452 2354 Petrus,
1486 2287 1630 2342 dixit
1669 2286 1716 2341 ei
1755 2287 2066 2344 :Edissere

415 2399 442 2425 ι(
480 2376 650 2432 nobis
680 2377 1019 2448 parabolam
1051 2378 1334 2432 istam.At
1360 2377 1452 2432 ille
1474 2375 1644 2430 dixit:
1670 2375 1866 2430 Adhuc
1889 2380 1946 2430 et
1969 2393 2068 2430 vos

415 2488 444 2515 ‹‹
477 2464 605 2520 sine
647 2459 945 2522 intellectu
975 2465 1159 2521 estis?
1195 2489 1220 2513 ››
1255 2466 1414 2531 Quod
1448 2483 1481 2520 a
1511 2463 1751 2519 Domino
1803 2463 1970 2535 plane
2014 2469 2071 2519 et

417 2558 614 2625 aperte
648 2555 835 2609 fuerat
855 2554 1104 2624 dictum,
1127 2559 1330 2609 Petrus
1360 2552 1685 2626 parabolice
1704 2553 1926 2607 dictum
1942 2570 2070 2608 esse

416 2643 663 2714 putavit.
719 2641 880 2698 Unde
929 2643 1374 2714 reprehenditur
1423 2660 1457 2696 a
1489 2642 1734 2696 Domino
1787 2643 2067 2697 dicente:

421 2754 448 2780 ‹‹
470 2731 671 2787 Adhuc
685 2736 741 2787 et
763 2749 864 2788 vos
883 2731 1008 2788 sine
1033 2731 1327 2787 intellectu
1352 2731 1533 2786 estis?
1555 2755 1581 2778 ››
1600 2731 1675 2784 Ex
1693 2747 1808 2802 qua
1825 2748 1882 2786 re
1902 2732 2074 2786 datur

422 2819 666 2893 intelligi
700 2821 976 2877 vitiosum
994 2837 1122 2877 esse
1154 2821 1320 2876 illum
1355 2821 1680 2876 auditorem
1704 2820 1803 2891 qui
1837 2824 1936 2874 aut
1970 2821 2070 2875 ob-

425 2921 593 2965 scure
624 2909 781 2964 dicta
811 2910 935 2964 vult
957 2909 1263 2964 manifeste
1285 2907 1631 2981 intelligere,
1649 2913 1749 2964 aut
1765 2909 2074 2965 manifeste

426 2997 582 3052 dicta
610 2997 734 3052 vult
765 2997 835 3052 ad
867 2997 1284 3054 obscuritatem
1317 3003 1670 3054 convertere.

499 3126 526 3153 «
561 3103 685 3160 Non
734 3103 1060 3177 intelligitis
1110 3106 1248 3178 quia
1283 3123 1454 3161 omne
1501 3105 1655 3177 quod
1690 3105 1745 3159 in
1776 3123 1840 3160 os
1878 3106 2074 3173 intrat,

423 3193 540 3248 «in
589 3199 846 3250 ventrem
894 3195 1075 3260 vadit,
1113 3200 1170 3249 et
1219 3194 1277 3248 in
1328 3210 1626 3249 secessum
1676 3194 2075 3248 emittitur?»

972 411 1380 475 HAYMONIS
1425 411 1968 472 HALBEItSTAT.
2016 407 2261 468 EPISC.
2310 409 2479 468 OPP.
2528 409 2727 470 PARS
2773 409 2946 470 ll.—
2979 409 3248 471 HOMIL.

3693 407 3814 480 272

2700 540 3006 597 IIOMILIA
3043 539 3231 596 XLVI.

2591 674 2745 712 ream
2785 674 2989 720 eumn
3034 674 3171 712 posr
3201 655 3382 712 Oculi.

2241 808 2424 880 (leas.
2459 813 2557 876 vi.)
2591 832 2618 858 ‹‹
2655 811 2714 864 In
2751 809 2848 866 illo
2879 814 3155 882 tempore,
3189 807 3335 864 dixit
3360 808 3528 864 Iesus
3578 807 3765 864 turbis
3799 825 3812 864 :

2169 896 2545 968 «Operamini
2581 916 2696 953 non
2729 899 2924 953 cibum
2959 898 3056 970 qui
3081 897 3248 970 perit,
3271 895 3369 952 sed
3394 895 3490 969 qui
3515 901 3819 969 permanet

2170 1009 2196 1034 ‹‹
2212 985 2270 1040 in
2290 985 2467 1040 vitam
2489 990 2786 1055 aeternam,
2807 1010 2832 1036 ››
2851 990 2906 1044 et
2924 987 3166 1059 reliqua.
3183 985 3448 1042 Carnalis
3462 985 3630 1040 cibus
3646 986 3814 1058 perit,

2177 1074 2500 1146 spiritualis
2517 1093 2650 1131 vero
2665 1078 2988 1148 permanet,
3002 1092 3174 1147 quem
3189 1074 3369 1130 Filius
3387 1073 3642 1129 hominis
3657 1073 3819 1130 vobis

2173 1164 2356 1219 dabit.
2393 1165 2558 1220 Hunc
2589 1181 2726 1238 ergo
2757 1165 2910 1220 Deus
2937 1165 3103 1220 Pater
3127 1162 3717 1237 signiﬁcavitjustum
3733 1163 3821 1218 Fi-

2168 1252 2312 1307 lium
2344 1253 2620 1309 hominis.
2654 1253 2842 1309 Nolite
2874 1253 2958 1309 sic
2986 1251 3450 1325 accipere,quasi
3481 1251 3626 1306 alios
3645 1251 3817 1319 ﬁlios,

2171 1340 2376 1396 Filium
2410 1341 2775 1407 hominis,de
2807 1341 3023 1414 quibus
3055 1340 3276 1396 dictum
3309 1343 3425 1394 est:
3462 1339 3587 1394 Filii
3622 1343 3819 1394 autem

2171 1429 2475 1485 homin-um
2501 1429 2558 1484 in
2583 1430 2939 1503 protectione
2961 1429 3187 1485 alarum
3217 1435 3449 1484 tuarum
3473 1429 3814 1500 sperabunt.

2170 1518 2281 1574 Iste
2312 1519 2493 1574 Filius
2524 1519 2782 1575 hominis
2815 1523 3216 1592 sequestratus
3264 1518 3517 1590 quadam
3567 1517 3758 1590 gratia
3788 1535 3822 1573 a

2172 1608 2332 1664 Filiis
2349 1608 2678 1675 hominum,
2695 1613 2970 1680 exceptus
2985 1626 3016 1664 a
3035 1625 3280 1663 numero
3293 1606 3623 1674 hominum,
3641 1606 3822 1662 Filius

2170 1697 2430 1752 hominis
2459 1700 2565 1753 est.
2599 1702 2714 1752 Iste
2747 1697 2927 1752 Filius
2956 1697 3236 1762 hominis,
3269 1699 3325 1751 et
3359 1695 3538 1750 Filius
3572 1695 3666 1750 Dei
3697 1702 3820 1752 est:

2170 1785 2279 1842 iste
2310 1786 2504 1854 homo,
2529 1787 2704 1842 etiam
2739 1791 2792 1840 et
2825 1787 2976 1842 Deus
3007 1791 3114 1841 est.
3136 1785 3297 1841 Unde
3328 1788 3384 1840 et
3414 1784 3541 1858 ipsa
3571 1783 3819 1851 Veritas,

2174 1892 2301 1948 quae
2335 1879 2474 1930 tunc
2505 1875 2854 1947 loquebatur
2885 1877 2954 1932 ad
2987 1875 3242 1940 Judaeos,
3275 1879 3329 1930 et
3361 1891 3517 1930 nunc
3547 1873 3822 1928 omnibus

2175 1962 2436 2034 loquitur
2466 1980 2568 2034 per
2598 1962 2939 2035 evangelicae
2974 1959 3402 2034 praedicationis
3448 1960 3640 2028 verba,
3673 1959 3820 2031 quid

2175 2051 2255 2107 sit
2275 2052 2549 2117 ostendit,
2568 2069 2680 2106 non
2701 2050 2936 2123 qualem
2959 2049 3197 2123 plurimi
3211 2054 3349 2104 tunc
3363 2049 3823 2112 aestimaverunt,

2175 2141 2261 2195 vel
2294 2142 2469 2195 etiam
2505 2157 2660 2196 nunc
2690 2141 3023 2206 aestimant;
3058 2139 3361 2210 subjunxit
3390 2155 3523 2194 vero
3557 2153 3570 2192 :

2251 2251 2279 2278 ‹‹
2312 2229 2475 2284 Hunc
2498 2229 2651 2283 enim
2679 2229 2832 2283 Deus
2863 2229 3031 2283 Pater
3062 2226 3329 2298 signavit.
3365 2249 3390 2273 ››
3413 2225 3653 2296 Signare
3683 2225 3828 2297 quid

2176 2322 2287 2382 est,
2323 2317 2434 2372 nisi
2468 2317 2766 2390 proprium
2799 2316 3017 2388 aliquid
3052 2315 3308 2388 ponere?
3338 2314 3456 2369 lloc
3483 2317 3571 2369 est
3599 2313 3832 2386 signiﬁ-

2178 2423 2328 2472 care,
2352 2423 2564 2477 ponere
2585 2405 2806 2478 aliquid
2842 2422 2957 2477 quo
2991 2423 3102 2459 non
3138 2403 3528 2459 confundatur
3557 2419 3690 2457 cum
3724 2419 3833 2458 ce-

2179 2495 2346 2549 teris:
2383 2496 2614 2567 signare
2645 2500 2752 2561 est,
2779 2494 3013 2566 signum
3046 2493 3098 2549 ei
3130 2509 3360 2565 ponere.
3381 2491 3721 2563 Cuicunque
3747 2492 3834 2546 rei

2181 2583 2350 2656 ponis
2381 2584 2639 2655 signum,
2670 2583 2797 2638 ideo
2830 2583 3001 2656 ponis
3033 2582 3270 2655 signum
3302 2599 3373 2635 ne
3413 2581 3657 2636 confusa
3689 2599 3831 2636 cum

2181 2673 2314 2728 aliis
2345 2691 2377 2728 a
2408 2677 2464 2728 te
2494 2690 2606 2727 non
2660 2673 2844 2744 possit
2883 2672 3141 2744 agnosci.
3177 2672 3344 2725 Pater
3390 2685 3529 2741 ergo
3573 2687 3707 2725 eum
3751 2671 3834 2726 si-

2181 2762 2398 2833 gnavit.
2433 2762 2577 2827 Quid
2623 2765 2712 2816 est
2759 2760 3058 2833 signavit?
3108 2760 3412 2831 Proprium
3457 2759 3692 2830 quidem
3749 2759 3834 2814 illi

2182 2851 2364 2921 dedit,
2380 2868 2450 2906 ne
2468 2867 2601 2906 cum
2627 2849 2850 2905 caeteris
2867 2853 3304 2921 compararetur
3325 2848 3684 2914 hominibus,
3699 2847 3836 2905 ideo

2183 2941 2406 2995 dictum
2437 2944 2553 2994 est:
2581 2962 2601 2989 ι
2638 2939 2812 2994 Unxit
2837 2944 2892 2995 te
2925 2939 3099 3004 Deus,
3121 2939 3277 2993 Deus
3306 2941 3464 3002 tuus,
3489 2937 3615 2992 oleo
3645 2935 3840 2994 exsul-

2183 3029 2421 3085 tationis
2454 3046 2568 3101 prin
2601 3028 2984 3101 participibus
3014 3027 3130 3082 tuis
3164 3026 3334 3097 (Psal.
3369 3028 3535 3094 κων).
3570 3049 3596 3074 ››
3632 3026 3838 3098 Itaque

2186 3119 2362 3174 nolite
2379 3117 2616 3189 (inquit)
2640 3121 3031 3184 contemnere,
3048 3115 3188 3188 quia
3204 3114 3384 3170 Filius
3402 3114 3662 3170 hominis
3676 3101 3836 3179 sum,

2186 3211 2244 3262 et
2269 3207 2511 3278 quazrite
2541 3223 2574 3261 a
2606 3222 2698 3260 me
2731 3223 2843 3260 non
2877 3205 3071 3260 cibum
3106 3204 3204 3276 qui
3228 3203 3395 3275 perit,
3428 3204 3526 3258 sed
3569 3205 3674 3276 qui
3704 3221 3838 3278 per-

419 3281 672 3355 ῧυῖρᾶηῐ
695 3283 1018 3339 it111001000
1042 3283 1581 3355 quidam.dicentes
1605 3282 1915 3336 Dominum
1941 3283 2076 3355 Ph)”
2107 3282 2149 3348 (ἶ
2190 3298 2386 3349 manet
2416 3295 2474 3348 in
2508 3293 2682 3348 vitam
2715 3299 3013 3348 mternam.
3048 3292 3140 3348 Sic
3171 3293 3329 3347 enim
3363 3289 3543 3347 Filius
3573 3290 3836 3347 hominis

418 3371 551 3425 siem
585 3369 904 3442 disciplina:
936 3373 1210 3444 ignarum
1247 3370 1595 3436 fuisse,cum
1622 3370 1676 3423 id
1711 3371 1861 3440 quod
1898 3371 2076 3426 intrat

416 3454 474 3509 in
507 3472 572 3510 os
605 3474 715 3510 non
749 3455 946 3510 statim
975 3457 1031 3510 in
1057 3473 1362 3511 secessum
1395 3455 1716 3521 emittatur,
1752 3457 1850 3510 sed
1886 3455 2076 3528 liquor

412 3531 576 3597 illius
617 3542 730 3598 cibi
777 3561 867 3615 per
918 3561 1094 3598 venas
1128 3544 1296 3615 prius
1332 3543 1704 3609 diffunditur,
1736 3543 1944 3599 deinde
1975 3563 2077 3617 per

414 3629 702 3702 quosdam
736 3633 983 3698 meatus,
1017 3632 1117 3701 qui
1161 3634 1352 3686 Graace
1385 3632 1509 3703 pori
1543 3633 1841 3700 dicuntur,
1876 3633 1934 3688 in
1983 3652 2072 3690 se-

415 3717 648 3774 cessum
697 3718 1002 3775 emittitur.
1052 3719 1161 3775 Sed
1215 3721 1359 3775 dum
1413 3720 1580 3775 illum
1616 3721 2070 3792 reprehendunt,

417 3799 586 3862 suam
633 3807 986 3880 imperitiam
1038 3809 1377 3863 ostendunt.
1416 3809 1572 3864 Licet
1616 3809 1870 3880 primum
1915 3810 2069 3867 enim

415 3891 526 3994 ille.
542 3895 968 3951 subtilissimus
998 3894 1189 3994 liq'
1219 3914 1322 3968 per
1355 3914 1530 3952 venas
1546 3897 1918 3963 dilfendatur,
1939 3917 2072 3955 mox

415 3986 481 4038 ut
509 3981 696 4038 totum
729 4000 941 4056 corpus
970 3981 1385 4057 peragi-averit,
1413 3986 1470 4040 in
1493 4003 1786 4042 secessum
1820 3989 1996 4044 vadit.

487 4111 516 4140 ‹‹
547 4091 681 4156 Quae
711 4093 905 4146 autem
939 4091 1265 4163 procedunt
1298 4092 1369 4147 de
1400 4092 1605 4158 ore,de
1635 4093 1808 4148 corde
1837 4101 2066 4164 exeunt,

413 4182 515 4235 «et
533 4195 600 4234 ea
617 4178 1002 4250 coinquinant
1016 4179 1508 4252 hominem.»lpse
1534 4180 1768 4252 exponit
1782 4199 1908 4254 qua
1934 4191 2070 4240 sunt

410 4283 480 4324 ea
510 4284 640 4340 quae
672 4266 1058 4339 coinquinant
1102 4268 1422 4335 hominem,
1456 4269 1699 4325 dicendo
1733 4287 1746 4325 :

415 4381 424 4397 '
479 4407 508 4434 ‹‹
544 4383 623 4439 De
655 4383 828 4439 corde
857 4383 1015 4439 enim
1049 4389 1262 4440 exeunt
1293 4385 1676 4457 cogitationes
1704 4386 1890 4441 malae.
1925 4410 1952 4437 ››
1987 4389 2067 4444 Ex

407 4471 519 4528 hoc
550 4471 676 4527 loco
706 4472 882 4527 datur
909 4471 1154 4545 intelligi
1188 4472 1326 4544 quia
1348 4472 1667 4545 principale
1699 4475 1927 4542 animae,
1949 4494 2062 4532 non

405 4564 497 4615 et
539 4561 868 4616 secundum
905 4560 1206 4616 Platonem
1258 4561 1316 4616 in
1349 4562 1604 4632 cerebro,
1638 4562 1738 4616 sed
1779 4564 1972 4634 potius
2003 4565 2061 4620 in

404 4648 582 4704 corde
624 4664 638 4702 :

402 4735 594 4792 male.
617 4758 643 4787 ι)
666 4737 728 4792 In
761 4737 870 4793 hoc
908 4737 1035 4794 loco
1065 4739 1238 4793 datur
1263 4738 1440 4794 etiam
1473 4737 1720 4810 intelligi
1754 4742 1910 4812 quod
1943 4743 2060 4798 dia-

401 4825 574 4882 holus
608 4843 722 4883 non
759 4831 850 4882 est
875 4831 1080 4883 auctor
1110 4826 1608 4894 malitiarum,sed
1642 4829 1836 4899 potius
1869 4830 2058 4887 incen-

401 4919 509 4970 tor.
553 4919 824 4972 Incentor
871 4915 1085 4971 etenim
1139 4919 1330 4988 potest
1360 4931 1509 4984 esse,
1544 4917 1645 4971 sed
1681 4934 1796 4972 non
1831 4924 2050 4975 auctor.

399 5002 525 5058 Non
558 5003 714 5058 enim
749 5009 940 5076 potest
972 5005 1249 5060 interiora
1279 5004 1472 5060 cordis
1497 5006 1677 5060 nostri
1711 5007 1931 5074 rimari,
1952 5011 2050 5064 sed

398 5092 742 5163 exgcstibns
757 5093 1014 5164 corporis
1027 5093 1500 5166 intelligerequid
1519 5095 1863 5165 cogitemus.
1879 5096 2050 5152 Verbi

396 5179 612 5250 gratia:
633 5179 680 5233 si
705 5180 1031 5234 videritnos
1055 5183 1385 5253 frequenter
1407 5183 1711 5252 pulchram
1746 5184 2050 5240 mulierem

396 5266 789 5339 respicere,ex
819 5272 978 5322 motu
1012 5254 1313 5325 oculorum
1349 5269 1623 5342 intelligit
1653 5289 1754 5327 cor
1784 5280 2049 5330 nostrum

393 5355 610 5411 amoris
631 5354 830 5426 jaculo
863 5371 990 5410 esse
1021 5356 1415 5413 vulneratum.
1437 5361 1516 5414 Ex
1538 5377 1656 5430 qua
1681 5361 1902 5417 ratione
1922 5380 2049 5435 pro-

393 5443 569 5499 batur
597 5443 751 5516 quod
786 5442 910 5514 ipse
937 5457 1051 5499 non
1085 5450 1174 5500 est
1203 5451 1424 5516 auctor,
1447 5449 1545 5503 sed
1577 5449 1908 5507 incentoret
1939 5469 2048 5508 cu-

389 5530 644 5596 mulator
674 5529 962 5590 malarum
992 5532 1430 5605 cogitationum.

2186 3401 2340 3449 sum,
2368 3387 2430 3437 ut
2463 3400 2576 3437 non
2610 3381 2718 3437 sim
2756 3399 2910 3437 unus
2940 3399 3008 3436 ex
3026 3381 3210 3436 vobis.
3233 3379 3326 3436 Sic
3358 3397 3488 3436 sum
3524 3379 3712 3435 Filius
3731 3381 3835 3436 ho-

2186 3470 2381 3539 minis,
2401 3476 2462 3525 ut
2485 3471 2635 3525 Deus
2657 3471 2825 3524 Pater
2849 3486 2940 3524 me
2964 3470 3242 3542 signaret.
3259 3468 3402 3531 Quid
3429 3474 3514 3522 est
3533 3467 3836 3540 signaret?

2184 3559 2491 3632 Proprium
2515 3559 2734 3632 aliquid
2765 3559 2907 3614 mihi
2941 3561 3124 3625 daret,
3151 3574 3266 3630 quo
3300 3574 3411 3612 non
3445 3558 3836 3613 confunderet

2183 3666 2313 3704 cum
2339 3665 2547 3721 genere
2577 3648 2856 3716 humano,
2880 3649 2981 3704 sed
3015 3663 3118 3721 per
3147 3661 3239 3702 me
3270 3645 3614 3702 liberaretur
3643 3662 3837 3719 genus

2182 3737 2528 3794 humanum.

2253 3851 2278 3876 ‹‹
2315 3827 2592 3882 Dixerunt
2616 3844 2751 3899 ergo
2784 3827 2855 3882 ad
2882 3844 3016 3881 eum
3046 3844 3058 3882 :
3095 3826 3244 3892 Quid
3279 3825 3580 3894 faciemus,
3609 3829 3676 3879 ut
3694 3842 3832 3897 ope-

2184 3931 2377 3971 remur
2408 3932 2582 3988 opera
2612 3915 2753 3970 Dei?
2789 3938 2814 3962 »
2847 3915 3081 3970 Dixerat
3132 3914 3287 3970 enim
3324 3912 3465 3979 illis,
3494 3914 3835 3984 ()peramini

2181 4020 2374 4060 escam
2409 4021 2520 4059 non
2553 4021 2680 4075 quae
2717 4003 2883 4075 perit,
2919 4004 3020 4059 sed
3055 4020 3181 4075 qua:
3215 4007 3517 4074 permanet
3549 4002 3606 4056 in
3651 4003 3834 4057 vitam

2180 4098 2476 4148 mternam.
2510 4091 2654 4158 Quid
2689 4089 3416 4163 faciemus,inquiunt,qui
3441 4090 3835 4159 observando,

2179 4181 2288 4236 hoc
2319 4186 2667 4253 praeceptum
2693 4180 2935 4252 implere
2959 4179 3284 4252 poterimus
3301 4179 3329 4234 Ἰ

2249 4294 2273 4318 υ
2312 4269 2633 4342 Respondit
2660 4269 2832 4325 Jesus
2863 4274 2920 4325 et
2951 4269 3096 4323 dixit
3124 4268 3373 4324 eiszlloc
3402 4271 3492 4322 est
3521 4284 3671 4340 opus
3694 4267 3831 4336 Dei,

2177 4383 2203 4408 (ς
2240 4365 2298 4413 ut
2330 4357 2578 4414 credatis
2609 4357 2666 4412 in
2700 4374 2833 4414 eum
2866 4374 3040 4429 quem
3071 4356 3230 4412 misit
3259 4356 3374 4412 ille.
3394 4378 3422 4404 »
3444 4357 3556 4410 Hoc
3587 4360 3832 4429 estergo

2176 4447 2528 4502 manducare
2556 4446 2753 4501 cibum
2785 4463 2898 4501 non
2923 4446 3024 4518 qui
3047 4445 3216 4517 perit,
3245 4444 3344 4500 sed
3387 4443 3488 4516 qui
3522 4451 3833 4517 permanet

2174 4535 2232 4590 in
2266 4536 2441 4592 vitam
2475 4540 2772 4591 aeternam.
2798 4535 3161 4592 Discernitnr
3184 4534 3424 4606 quidem
3446 4533 3518 4587 ab
3544 4533 3829 4606 operibus

687 4671 715 4698 α
767 4649 911 4714 Quia
960 4666 1029 4705 ex
1073 4650 1244 4705 corde
1303 4622 1628 4721 procedun't
1684 4622 2063 4723 cogitationes
2093 4648 2140 4713 Β
2177 4625 2512 4723 fides.sicut
2541 4623 2854 4723 Apostolus
2887 4622 3369 4723 diciEjustificari
3404 4622 3830 4723 hominem‘per

2175 4714 2349 4768 ﬁdem
2374 4713 2500 4768 sine
2530 4713 2804 4785 operibus
2830 4711 2995 4785 legis.
3015 4713 3083 4767 Et
3108 4716 3246 4767 sunt
3265 4727 3439 4782 opera
3470 4727 3600 4782 quae
3630 4710 3830 4765 viden-

2166 4805 2263 4856 tur
2293 4803 2447 4857 bona
2475 4801 2602 4856 sine
2635 4802 2746 4856 {ide
2778 4801 3092 4868 Christi,et
3121 4817 3234 4855 non
3269 4805 3406 4855 sunt
3429 4799 3602 4854 bona.
3620 4799 3829 4856 «Finis

2165 4890 2324 4945 enim
2376 4889 2524 4963 legis
2568 4889 2858 4957 Christus,
2890 4890 2961 4944 ad
3004 4889 3302 4960 justitiam
3351 4887 3512 4943 omni
3562 4887 3826 4943 credenti

2166 4982 2340 5048 (Rom.
2374 4981 2450 5049 x).
2487 5002 2514 5027 ››
2548 4978 2679 5034 Ideo
2711 4976 2901 5033 noluit
2931 4978 3264 5032 discernere
3294 4977 3366 5032 ab
3397 4992 3572 5048 Opere
3616 4976 3822 5042 ﬁdem,

2163 5069 2264 5123 sed
2289 5069 2478 5140 ipsam
2503 5067 2672 5121 ﬁdem
2698 5066 2841 5121 dixit
2862 5083 2990 5122 esse
3011 5083 3194 5138 opus;
3218 5065 3346 5138 ipsa
3366 5064 3524 5119 enim
3544 5081 3574 5119 e
3589 5069 3636 5120 at
3648 5063 3820 5129 ﬁdes,

2163 5173 2290 5227 quae
2320 5172 2423 5227 per
2471 5154 2840 5210 dilectionem
2898 5159 3189 5226 operatur.
3224 5153 3339 5208 Nec
3368 5151 3531 5219 dixit,
3567 5153 3684 5208 Hoc
3725 5157 3822 5208 est

2162 5262 2309 5316 Opus
2339 5248 2621 5314 vestrum,
2655 5244 2752 5298 sed
2789 5244 2953 5309 dixit,
2988 5267 3015 5293 ‹‹
3051 5244 3168 5298 Hoc
3187 5247 3276 5297 est
3305 5259 3452 5314 opus
3467 5241 3591 5309 Dei,
3612 5246 3818 5296 utere-

2161 5334 2314 5389 datis
2345 5333 2401 5388 in
2434 5351 2568 5388 eum
2600 5350 2773 5405 quem
2808 5331 2967 5388 misit
3005 5331 3119 5398 ille,
3152 5335 3216 5386 ut
3261 5330 3363 5402 qui
3405 5329 3716 5402 gloriatur,
3749 5329 3815 5383 in

2160 5421 2404 5478 Domino
2426 5421 2775 5494 glorietur(l
2795 5425 2918 5478 Cor.
2936 5424 2994 5493 1).
3015 5444 3041 5469 ››
3066 5421 3212 5486 Quia
3242 5435 3378 5491 ergo
3410 5417 3692 5473 invitabat
3708 5433 3817 5473 eos

2159 5512 2230 5565 ad
2256 5511 2450 5578 fidem,
2479 5508 2564 5564 illi
2593 5526 2730 5582 ergo
2761 5509 2950 5564 adhuc
2981 5509 3320 5581 quaerebant
3366 5507 3537 5579 signa
3587 5504 3811 5578 quibus

2157 5600 2478 5656 crederent.

2229 5711 2257 5740 «
2291 5688 2570 5744 Dixerunt
2599 5703 2734 5759 ergo
2766 5689 2814 5743 ei
2853 5706 2865 5757 ;
2898 5687 3060 5755 Quod
3092 5702 3229 5760 ergo
3258 5689 3318 5742 tu
3351 5683 3494 5741 facis
3541 5683 3809 5758 signum,
