3926 6170
216 281 333 345 273

1444 281 1797 347 HOM'l‘Ll/E
1840 280 1944 343 DE
1983 281 2385 348 TEMPORE.

3507 289 3628 352 274

220 434 248 468 ι
275 420 339 474 ut
368 416 675 475 videamus
704 388 771 475 et‘
790 418 1101 476 credamus
1142 416 1299 476 tibi?
1329 417 1467 491 quid
1504 416 1806 491 operaria?
1831 437 1857 469 η
1895 415 1953 483 Α
1982 424 2221 476 sanctus
2251 420 2469 495 Joseph
2502 422 2834 495 patriarcha
2870 423 3141 498 portavit,
3174 441 3347 497 quem
3378 442 3510 483 vere
3537 425 3624 485 sol

215 506 509 563 Parumne
527 510 672 574 erat,
688 508 846 580 quod
866 508 937 564 de
957 507 1219 581 quinque
1237 507 1489 581 panibus
1509 506 1660 579 pasti
1682 506 1868 562 sunt?

212 595 476 652 sciebant
505 596 617 653 hoc
646 597 1025 669 quidem,sed
1057 597 1193 653 huic
1223 598 1355 653 cibo
1387 613 1605 653 manna
1632 597 1702 653 de
1723 595 1867 652 caelo

211 684 617 758 preferebant.
636 685 923 742 Dominus
940 689 1139 742 autem
1159 687 1187 742 J
1193 703 1329 741 esus
1345 684 1521 741 talem
1539 702 1600 740 se
1617 684 1864 752 dicebat,

210 778 275 829 ut
305 774 494 844 Moysi
526 779 979 846 praeponeretur.
997 775 1121 830 Non
1144 774 1301 830 enim
1325 791 1507 830 ausus
1528 778 1615 829 est
1640 773 1869 846 Moyses

209 862 279 919 de
306 879 375 918 se
404 862 601 919 dicere
644 864 799 935 quod
845 864 1010 919 daret
1038 862 1235 918 cibum
1266 880 1381 919 non
1415 862 1516 935 qui
1563 862 1730 934 perit,
1765 863 1866 918 sed

209 950 310 1024 qui
339 950 523 1008 habet
550 951 730 1007 vitam
763 956 1060 1007 aeternam.
1093 951 1489 1007 Attendebant
1534 950 1689 1007 enim
1733 950 1868 1024 plus

209 1040 676 1114 promittentem,
692 1043 749 1096 et
768 1029 939 1112 quasi
962 1040 1115 1095 nond
1125 1057 1224 1094 um
1243 1039 1518 1096 videbant
1539 1040 1762 1112 majora
1783 1040 1868 1096 fa-

210 1129 482 1186 cientem.
498 1129 897 1185 Attendebant
920 1129 1120 1201 utique
1142 1127 1341 1201 qualia
1362 1128 1596 1184 fecisset
1616 1130 1865 1201 Moyses,

211 1217 403 1274 adhuc
438 1217 900 1289 aliqua‘majora
937 1217 1207 1273 volebant
1237 1216 1360 1273 ﬁeri
1391 1217 1465 1273 ab
1494 1234 1583 1283 eo,
1614 1217 1714 1289 qui
1744 1223 1865 1273 tam

214 1323 425 1379 magna
458 1306 863 1379 pollicebatur.
881 1307 1028 1372 Quid
1054 1306 1382 1378 (inquiunt)
1394 1306 1566 1373 facis,
1588 1310 1653 1362 ut
1673 1307 1868 1363 creda-

216 1413 346 1452 mus
376 1394 507 1465 tibi,
538 1400 598 1451 et
627 1400 694 1450 ut
722 1396 1058 1451 noverimus
1088 1394 1230 1467 quid
1260 1395 1521 1467 operaris
1540 1395 1567 1450 ’ἶ
1590 1397 1736 1461 Quia
1759 1395 1866 1451 mi-

215 1484 412 1542 racula
440 1483 688 1556 antiqua
714 1484 851 1540 huic
882 1483 1169 1540 miraculo
1199 1484 1640 1556 comparabant,
1661 1488 1718 1540 et
1738 1484 1865 1541 ideo

216 1574 379 1647 quasi
411 1573 646 1630 minora
675 1573 792 1629 ista
810 1573 1161 1646 judicabant
1200 1590 1329 1646 quae
1379 1573 1625 1629 faciebat
1669 1573 1863 1630 Jesus.

274 1686 314 1713 Α(
346 1663 547 1720 Patres
577 1661 783 1731 nostri,
804 1662 1103 1735 inquiunt,
1123 1679 1342 1718 manna
1368 1663 1867 1719 manducaverunt

217 1775 243 1802 α
273 1752 335 1808 im
362 1753 614 1820 deserto,
648 1751 803 1808 sicut
832 1752 1119 1824 scriptum
1149 1755 1270 1807 est:
1306 1750 1473 1807 Dedit
1504 1751 1621 1807 illis
1650 1770 1867 1808 manna
1895 1785 1945 1852 Β

212 1865 241 1892 κ
273 1841 654 1907 manducare,
671 1864 700 1890 ››
717 1845 773 1897 et
798 1858 913 1897 non
936 1840 1077 1897 talia
1106 1840 1366 1913 operaris
1399 1840 1597 1913 qualia
1617 1841 1864 1914 Moyses.

212 1931 395 1987 Panes
441 1930 800 1987 hordeaceos
846 1930 945 1987 ille
992 1948 1107 1986 non
1159 1929 1339 1999 dedit,
1381 1930 1484 1985 sed
1534 1947 1751 1987 manna
1797 1931 1867 1987 de

211 2020 373 2076 calo.

280 2133 311 2159 α
333 2109 486 2165 Dixit
503 2124 644 2182 ergo
665 2106 748 2164 eis
763 2108 969 2165 Jesus:
995 2110 1198 2176 Amen,
1216 2125 1386 2165 amen
1409 2107 1539 2164 dico
1561 2108 1868 2176 vobis,non

209 2222 237 2249 «ι
264 2198 493 2272 Moyses
513 2197 676 2254 dedit
694 2196 857 2253 vobis
878 2214 1091 2269 panem
1112 2197 1182 2253 de
1205 2196 1368 2263 c0310,
1384 2197 1488 2253 sed
1514 2198 1683 2253 Pater
1703 2215 1869 2254 meus

210 2310 239 2338 α
270 2288 371 2344 dat
388 2288 556 2343 vobis
576 2304 790 2360 panem
814 2287 885 2343 de
908 2285 1048 2343 caelo
1070 2302 1292 2342 verum.
1313 2286 1502 2342 Verus
1521 2286 1677 2342 enim
1701 2287 1871 2359 panis

216 2395 240 2428 ι
270 2380 361 2433 est
386 2376 490 2449 qui
520 2375 826 2432 descendit
854 2376 928 2431 de
958 2374 1121 2444 caelo,
1145 2380 1204 2431 et
1229 2376 1331 2431 dat
1357 2376 1537 2431 vitam
1572 2377 1813 2433 mundo.
1841 2400 1869 2426 ››

214 2466 394 2522 Verus
423 2481 562 2538 ergo
592 2463 693 2520 ille
724 2462 893 2536 panis
927 2467 1038 2531 est,
1074 2462 1175 2536 qui
1204 2464 1305 2519 dat
1330 2463 1511 2519 vitam
1539 2466 1781 2533 mundo,
1815 2467 1872 2521 et

210 2555 338 2627 ipse
355 2553 523 2611 cibus
541 2556 635 2609 est
653 2553 726 2609 de
748 2569 863 2624 quo
885 2551 1058 2625 paulo
1083 2556 1217 2608 ante
1240 2552 1470 2610 locutus
1494 2569 1625 2608 sum
1646 2570 1659 2607 :
1681 2576 1707 2603 ‹‹
1729 2554 1871 2627 Ope-

210 2643 421 2700 nmini
454 2643 656 2699 cibum
689 2641 789 2714 qui
820 2658 933 2697 non
968 2641 1140 2713 perit,
1174 2642 1273 2697 sed
1326 2641 1424 2713 qui
1478 2648 1782 2714 permanet
1810 2644 1869 2699 in

211 2732 387 2788 vitam
418 2736 699 2788 wternam
751 2731 922 2803 (Joan.
959 2728 1060 2802 VI).
1096 2753 1123 2779 »
1158 2730 1302 2802 Ergo
1350 2735 1409 2785 et
1459 2729 1603 2785 illud
1654 2748 1871 2788 manna

214 2820 325 2878 hoc
364 2820 757 2895 signiﬁcabat,
791 2825 849 2875 et
895 2818 999 2875 illa
1042 2819 1244 2875 omnia
1284 2818 1454 2891 signa
1501 2836 1631 2875 mea
1678 2826 1866 2877 erant.

216 2911 391 2985 Signa
420 2926 554 2969 mea
584 2907 892 2979 dilexistis,
924 2909 1081 2982 quod
1115 2907 1556 2980 signiﬁcabatur
1605 2912 1870 2966 contem-

218 2999 375 3057 uitis.

285 3112 315 3139 ‹‹
346 3088 628 3144 Dixerunt
649 3104 787 3160 ergo
814 3085 887 3142 ad
921 3103 1056 3142 eum
1083 3103 1097 3142 :
1123 3086 1388 3153 Domine,
1410 3087 1486 3142 da
1514 3086 1683 3144 nobis
1712 3105 1866 3144 scm-

1979 508 2181 565 adorat
2211 514 2267 565 et
2296 509 2457 580 luna,
2476 515 2534 567 et
2562 528 2768 570 omnes
2798 513 2978 571 stellas
3008 514 3380 579 benedicunt.
3398 515 3481 571 Ad
3516 515 3626 574 hoc

1978 598 2259 669 praedium
2286 598 2412 655 ideo
2427 601 2583 655 venit
2600 602 2905 670 Dominus,
2920 608 2985 659 ut
3004 601 3377 671 Samaritani,
3391 604 3493 677 qui
3514 605 3629 661 ha-

1978 687 2286 743 reditatem
2305 688 2418 744 sibi
2438 690 2779 760 patriarchae
2796 692 2971 749 Israel
2984 693 3277 749 vindicare
3289 694 3623 766 cupiebant,

1977 782 2360 848 agnoscerent
2390 795 2788 851 possessorem
2822 799 3020 849 suum,
3052 785 3107 837 et
3152 787 3629 840 converterentur

1978 865 2048 921 ad
2073 864 2373 922 Christum
2394 868 2495 940 qui
2515 867 2814 941 legitimus
2837 871 3179 942 patriarchas
3201 870 3385 928 haeres
3406 876 3497 928 est
3515 872 3628 928 fac-

1976 956 2092 1008 tus.
2118 955 2262 1011 Dicit
2281 957 2437 1011 enim
2460 957 2822 1031 Evangelista
2846 976 2858 1013 :
2885 983 2913 1009 «
2935 962 3104 1017 Jesus
3125 964 3322 1017 autem
3344 961 3623 1035 fatigatus

1975 1058 2045 1098 ex
2060 1043 2285 1111 itinere,
2301 1045 2540 1102 sedebat
2554 1047 2637 1103 sic
2656 1065 2834 1119 super
2850 1070 2879 1096 »
2895 1053 3159 1120 puteum.
3174 1049 3517 1123 Evangelica
3534 1068 3623 1107 sa-

1976 1138 2273 1189 cramenta
2294 1134 2352 1189 in
2375 1135 2604 1191 Domini
2629 1138 2810 1193 nostri
2832 1137 2971 1194 Jesu
2990 1138 3207 1195 Christi
3227 1138 3398 1195 dictis
3418 1139 3620 1197 factis-

1977 1238 2091 1293 que
2122 1222 2353 1294 signata
2382 1241 2496 1279 non
2524 1226 2799 1281 omnibus
2820 1230 3041 1298 patent,
3060 1232 3117 1283 et
3135 1244 3204 1283 ea
3229 1228 3494 1284 nonnulli
3517 1230 3621 1286 mi-

1977 1328 2089 1365 nus
2111 1311 2435 1384 diligebter,
2456 1314 2768 1387 minusque
2789 1316 2981 1372 sobrie
3002 1316 3459 1389 interpretando,
3480 1320 3591 1374 affe
3608 1348 3621 1357 -

1976 1404 2113 1454 runt
2145 1400 2490 1474 plerumque
2510 1420 2613 1474 pro
2646 1404 2834 1459 salute
2856 1405 3191 1476 perniciem,
3211 1409 3271 1461 et
3290 1423 3393 1479 pro
3410 1407 3620 1480 cogni-

1974 1487 2132 1545 tione
2152 1489 2410 1545 veritatis
2432 1507 2707 1547 errorem.
2728 1492 2996 1564 Interque
3018 1493 3161 1550 illud
3179 1498 3273 1551 est
3290 1511 3623 1552 sacramen-

1974 1581 2121 1645 tum,
2139 1580 2293 1651 quod
2312 1578 2595 1653 scriptum
2615 1584 2703 1635 est
2724 1580 3037 1636 deinum
3054 1581 3198 1637 hora
3213 1582 3327 1639 diei
3348 1588 3512 1640 sexta
3526 1601 3623 1640 ve-

1975 1666 2133 1722 nisse
2151 1668 2221 1722 ad
2240 1671 2481 1739 puteum
2498 1668 3045 1743 Jacob,fessumque
3065 1672 3138 1726 ab
3160 1670 3364 1728 itinere
3381 1673 3622 1749 resedis-

1976 1771 2096 1820 se,a
2110 1756 2351 1813 muliere
2363 1757 2731 1814 Samaritana
2744 1762 2944 1831 potum
2964 1759 3262 1831 petisse,et
3277 1767 3621 1835 caeteraquas

1975 1843 2035 1899 in
2057 1846 2259 1901 eodem
2280 1845 2405 1903 loco
2426 1846 2796 1903 discutienda
2816 1851 2874 1904 et
2895 1850 3303 1920 pertractanda
3323 1851 3624 1916 dicuntur.

1976 1933 2056 1989 De
2086 1951 2205 2006 qua
2234 1953 2293 1992 re
2319 1936 2376 1991 id
2408 1937 2667 2008 primum
2697 1937 3017 1993 tenendum
3046 1941 3155 2006 est,
3175 1940 3330 2010 quod
3350 1938 3409 1995 in
3440 1942 3626 1996 omni-

1978 2024 2089 2079 bus
2118 2024 2436 2096 Scripturis
2467 2042 2702 2082 summa
2730 2024 3034 2099 vigilantia
3063 2028 3343 2084 custodiri
3375 2034 3621 2105 oportet,

1978 2116 2044 2168 ut
2072 2114 2397 2169 secundum
2425 2114 2600 2169 ﬁdem
2632 2115 2699 2169 ﬁt
2730 2114 3079 2171 sacramenti
3109 2116 3287 2172 divini
3315 2119 3621 2191 expositio.

1979 2202 2131 2257 Hora
2150 2201 2330 2273 igitur
2350 2202 2460 2257 dici
2483 2206 2663 2271 sexta,
2682 2202 2839 2259 venit
2859 2204 2930 2259 ad
2953 2209 3195 2275 puteum
3219 2206 3503 2263 Dominus
3527 2225 3629 2265 no-

1980 2294 2100 2347 ster
2136 2291 2315 2347 Video
2340 2291 2396 2346 in
2422 2297 2599 2363 puteo
2620 2291 2988 2348 tenebrosam
3011 2293 3470 2365 profunditatem
3495 2313 3508 2352 :
3532 2298 3630 2353 ad-

1980 2396 2187 2435 moneo
2204 2396 2341 2452 ergo
2358 2379 2678 2453 intelligere
2696 2381 2902 2436 mundi
2925 2381 3102 2453 hujus
3122 2383 3389 2441 inﬁrmas
3411 2389 3627 2458 partes,

1979 2469 2036 2524 id
2059 2473 2148 2524 est
2168 2472 2448 2540 terrenas,
2472 2486 2589 2542 quo
2612 2469 2768 2526 venit
2783 2470 3069 2526 Dominus
3088 2471 3261 2528 Jesus
3283 2472 3426 2529 hora
3446 2478 3628 2545 sexta,

1979 2557 2037 2613 id
2069 2561 2157 2613 est
2187 2562 2349 2614 sexta
2376 2562 2543 2613 aetate
2572 2557 2801 2628 generis
2844 2559 3109 2628 humani,
3142 2563 3426 2632 tanquam
3459 2580 3629 2621 sene-

1979 2650 2133 2704 ctute
2165 2646 2375 2703 veteris
2408 2645 2687 2712 hominis,
2721 2663 2837 2719 quo
2859 2648 3143 2716 jubemur
3169 2649 3298 2704 exui
3334 2655 3397 2706 ut
3426 2651 3631 2708 indua-

1980 2752 2114 2791 mur
2143 2753 2309 2799 novo,
2334 2734 2435 2807 qui
2456 2735 2781 2790 secundum
2810 2735 2994 2790 Deum
3015 2740 3248 2792 creatus
3269 2742 3377 2795 est.
3402 2739 3626 2797 Veteris

1977 2824 2175 2897 itaque
2205 2823 2463 2879 hominis
2493 2824 2629 2889 vita,
2650 2840 2777 2895 qua:
2800 2824 3125 2879 secundum
3146 2841 3380 2881 carnem
3400 2830 3625 2900 tempo-

1977 2913 2082 2970 rali
2112 2913 2445 2969 conditione
2467 2912 2782 2985 peragitur,
2803 2915 2964 2967 sexta
2982 2915 3148 2969 aetate
3168 2918 3467 2971 senectute
3485 2932 3623 2972 con-

1976 3001 2251 3058 cluditur.
2284 3001 2407 3065 Qua
2453 3004 2768 3069 senectute,
2805 3004 2868 3055 ut
2913 3000 3058 3069 dixi,
3106 3000 3350 3059 humani
3392 3005 3624 3079 generis

1977 3090 2262 3147 Dominus
2295 3093 2492 3145 noster
2510 3092 2734 3144 creator
2753 3093 2807 3143 et
2829 3093 3127 3161 reparator
3144 3092 3395 3159 advenit,
3419 3097 3483 3148 ut
3504 3110 3625 3151 mo-

216 3198 244 3230 ι
274 3194 377 3251 per
404 3194 619 3251 panem
651 3176 826 3232 hunc.
855 3197 882 3224 ι»
914 3175 1213 3242 Quomodo
1245 3174 1456 3230 mulier
1485 3175 1585 3232 illa
1617 3178 1867 3233 Samari-
1897 3154 1942 3222 (ἶ
1980 3179 2161 3235 riente
2192 3178 2411 3234 scilicet
2437 3176 2615 3232 veteri
2644 3176 2904 3243 homine,
2936 3194 3151 3233 novum
3198 3178 3257 3233 in
3308 3196 3370 3236 se
3409 3181 3625 3238 consti-

210 3271 369 3338 κω,
399 3266 498 3323 cui
548 3265 771 3322 dictum
820 3269 910 3320 est
954 3265 1128 3337 (Joan.
1164 3265 1241 3333 η’)
1278 3281 1290 3320 :
1324 3288 1350 3315 ‹‹
1387 3264 1495 3330 Qui
1542 3264 1755 3322 biberit
1797 3268 1868 3323 de

211 3355 323 3413 hac
349 3373 525 3430 aqua,
546 3372 666 3410 non
697 3353 857 3410 sitiet
887 3371 1171 3426 unquam,
1198 3376 1224 3402 »
1245 3354 1523 3410 continuo
1543 3352 1644 3411 illa
1665 3372 1869 3411 secun-

211 3445 353 3501 dum
377 3442 597 3518 corpus
626 3442 940 3515 accipiens,
962 3443 1063 3499 sed
1091 3446 1288 3498 tamen
1319 3460 1514 3498 carere
1544 3443 1871 3517 indigentia

209 3532 411 3593 velans
434 3551 448 3589 :
475 3557 503 3583 ι(
529 3533 633 3601 Da,
655 3531 867 3604 inquit,
890 3530 1060 3597 mihi,
1082 3530 1349 3597 Domine,
1368 3532 1437 3586 de
1458 3548 1630 3604 aqua,
1657 3554 1685 3582 ››
1707 3533 1789 3589 sic
1810 3537 1869 3589 et

216 3621 315 3678 isti
346 3620 661 3687 :‘Domine,
693 3620 769 3676 da
798 3618 968 3676 nobis
998 3636 1209 3691 panem
1255 3618 1431 3687 hunc,
1465 3620 1565 3693 qui
1596 3638 1704 3677 nos
1735 3623 1866 3677 reﬁ-

218 3711 349 3780 ciat,
378 3729 484 3770 nec
500 3710 772 3767 deﬁciat.

290 3824 317 3849 κ
350 3799 502 3857 Dixit
522 3816 668 3872 ergo
692 3797 777 3854 eis
806 3796 978 3854 Jesus
1013 3815 1025 3852 :
1062 3798 1180 3870 Ego
1211 3814 1343 3853 sum
1378 3796 1544 3869 panis
1575 3798 1726 3855 vitm.
1759 3800 1866 3863 Qui

226 3912 251 3937 ιι
282 3890 433 3945 venit
461 3890 533 3946 ad
568 3904 815 3956 me,non
844 3885 1065 3942 esuriat
1084 3903 1096 3941 :
1117 3890 1176 3941 et
1197 3886 1296 3958 qui
1317 3886 1500 3942 credit
1520 3887 1578 3945 in
1611 3904 1725 3957 me,
1751 3906 1867 3945 non

230 3997 257 4024 οι
289 3977 438 4033 sitiet
468 3993 755 4049 unquam.
791 3997 820 4025 »
854 3975 960 4039 Qui
992 3974 1150 4033 venit
1180 3975 1252 4030 ad
1286 3991 1401 4043 me,
1431 3975 1541 4032 boc
1570 3981 1679 4046 est,
1713 3979 1868 4051 quod

230 4064 404 4134 ait,et
430 4064 530 4139 qui
560 4064 748 4121 credit
776 4064 837 4119 in
868 4080 982 4120 me.
1007 4065 1079 4119 Et
1107 4064 1264 4135 quod
1296 4063 1459 4133 dixit,
1484 4081 1599 4121 non
1630 4068 1867 4133 esuriet,

233 4151 335 4209 hoc
362 4154 802 4228 intelligendum
826 4156 942 4221 est,
977 4170 1092 4208 non
1125 4152 1283 4208 sitiet
1311 4170 1595 4225 unquam.
1617 4155 1871 4228 Utraque

234 4243 378 4300 enim
418 4243 519 4300 illa
560 4242 858 4316 significat
887 4245 1101 4297 aeterna
1132 4240 1391 4309 satietas,
1427 4242 1528 4298 ubi
1580 4243 1740 4299 nulla
1783 4250 1873 4302 est

235 4337 469 4404 egestas.
493 4332 710 4388 Panem
744 4330 815 4386 de
845 4329 988 4385 caelo
1016 4330 1385 4399 desideratis,
1408 4334 1540 4388 ante
1569 4349 1671 4387 vos
1703 4333 1876 4389 habe-

235 4421 325 4489 tn's,
352 4426 407 4478 et
433 4438 549 4477 non
570 4420 971 4476 manducetis.
1003 4420 1113 4475 Sed
1153 4420 1271 4475 dixi
1320 4421 1486 4478 vobis
1535 4421 1675 4494 quia
1702 4427 1759 4479 et
1788 4424 1874 4479 vi-

241 4508 396 4567 distis
426 4527 539 4581 me,
571 4517 629 4565 et
658 4526 774 4566 non
802 4508 1166 4565 credidistis.

764 4648 1071 4707 HOMILIA
1106 4650 1322 4706 XLVII.

663 4756 827 4809 suam
866 4756 1038 4796 serra
1078 4757 1218 4796 pos'r
1256 4740 1434 4796 Oculi.

304 4865 477 4936 (leas.
514 4866 614 4934 ιν.)
650 4888 671 4913 ι
710 4864 771 4921 ln
810 4862 910 4920 illo
938 4866 1221 4937 tempore,
1244 4860 1413 4919 'venit
1440 4863 1616 4921 Jesus
1645 4864 1704 4920 in
1735 4864 1880 4921 civi-

246 4959 463 5011 «etatem
490 4953 787 5023 Samaria,
822 4971 950 5026 qua:
994 4952 1213 5009 dicitur
1260 4953 1485 5022 Sichar,
1512 4954 1683 5025 juxta
1729 4973 1880 5027 prae-

236 5046 266 5091 ἐι
295 5042 450 5099 dium
482 5042 643 5115 quod
675 5042 837 5100 dedit
864 5041 1044 5098 Jacob
1072 5041 1290 5115 Joseph
1324 5040 1443 5097 ﬁlio
1476 5058 1604 5113 suo,
1635 5066 1655 5091 υ
1681 5045 1739 5099 et
1760 5043 1885 5099 reli-

245 5147 363 5203 qua.
394 5132 542 5188 Cum
577 5135 775 5187 autem
807 5130 1342 5210 dixitgevangelista
1389 5129 1448 5184 in
1502 5148 1619 5203 quo
1670 5132 1884 5204 prsidio

247 5225 356 5277 erat
384 5221 514 5277 fons
542 5220 744 5287 Jacob,
776 5219 1046 5293 addidit;

302 5331 332 5359 α
357 5310 532 5366 Jesus
565 5311 786 5374 autem,
823 5306 1101 5380 fatigatus
1142 5324 1211 5363 ex
1256 5306 1487 5373 itinere,
1538 5308 1776 5364 sedebat
1805 5307 1888 5363 sic

250 5420 272 5446 α
300 5415 475 5471 supra
500 5421 522 5449 ι
561 5400 826 5469 puteum,
855 5396 1011 5468 quod
1043 5383 1284 5452 sanctus
1312 5396 1491 5452 Jacob
1522 5396 1737 5468 Joseph
1772 5394 1889 5450 ﬁlio

248 5485 780 5558 sccidereliquerat.
812 5485 976 5549 Quod
1011 5485 1295 5558 praedium
1339 5503 1456 5541 non
1508 5490 1629 5540 tam
1678 5484 1889 5556 Joseph

249 5593 406 5648 quam
436 5574 669 5631 Christo
700 5572 963 5632 arbitror
1011 5574 1358 5633 derelictum
1393 5577 1608 5655 :‘cujus
1641 5574 1891 5646 ﬁguram

1974 3271 2183 3335 tuerct,
2204 3283 2375 3339 quem
2398 3269 2635 3320 exutum
2658 3264 2779 3320 luto
2807 3269 3055 3333 terreno,
3072 3266 3132 3322 in
3165 3265 3422 3325 cmlestia
3447 3285 3626 3343 regna

1977 3357 2338 3414 transferret.
2360 3356 2505 3427 Ergo
2527 3370 2684 3409 nunc
2707 3358 2942 3426 puteus,
2960 3359 3026 3410 ut
3046 3355 3266 3412 dictum
3284 3361 3396 3426 est,
3417 3358 3625 3415 mundi

1978 3447 2156 3518 hujus
2185 3449 2481 3500 terrenum
2504 3442 2762 3497 laborem
2785 3447 2843 3499 et
2866 3447 3146 3499 terrorem
3169 3446 3480 3503 tenebrosa
3500 3464 3630 3520 pro-

1979 3535 2261 3592 funditatc
2292 3532 2604 3605 signiﬁcat.
2637 3532 2706 3586 Et
2735 3530 3014 3604 quoniam
3058 3532 3306 3589 exterior
3334 3538 3424 3590 est
3453 3535 3629 3594 homo

1975 3629 2162 3690 vetus,
2197 3626 2253 3679 et
2285 3638 2469 3678 novus
2502 3620 2762 3685 interior,
2796 3620 3018 3676 dictum
3046 3626 3135 3677 est
3178 3622 3249 3678 ab
3298 3624 3574 3696 Apostolo
3609 3641 3623 3680 :

1978 3738 2005 3764 «
2038 3715 2110 3769 Et
2139 3712 2187 3769 si
2219 3711 2467 3768 exterior
2496 3709 2671 3765 homo
2702 3713 2900 3765 noster
2926 3710 3338 3783 corrumpitur,
3360 3712 3460 3769 sed
3482 3712 3628 3768 inte-

1977 3804 2097 3858 rior
2123 3804 2435 3857 renovatur
2465 3798 2535 3853 de
2566 3797 2658 3854 die
2687 3796 2746 3852 in
2779 3797 2931 3853 diem
2964 3798 3042 3866 (ll
3071 3799 3190 3854 Cor.
3223 3799 3318 3871 ιν).
3347 3822 3373 3849 ››
3402 3800 3626 3857 Rectis-

1978 3892 2125 3947 sime
2143 3888 2401 3954 omnino,
2416 3885 2693 3960 quoniam
2711 3885 2912 3941 omnia
2925 3885 3177 3943 visibilia
3193 3887 3266 3944 ad
3281 3889 3624 3947 exteriorem

1976 3979 2275 4036 hominem
2299 3975 2612 4049 pertinent,
2628 3973 2843 4046 quibus
2861 3974 3175 4048 disciplina
3192 3976 3528 4035 Christiana
3546 3995 3635 4036 re-

1980 4066 2229 4124 nuntiat.
2266 4067 2417 4120 tlora
2447 4066 2607 4120 sexta
2635 4062 2793 4117 venit
2822 4063 3107 4119 Dominus
3161 4065 3233 4120 ad
3275 4071 3539 4138 puteum,
3570 4066 3634 4123 id

1978 4161 2068 4214 est
2097 4154 2288 4210 medio
2320 4153 2413 4208 die
2447 4152 2601 4207 unde
2625 4152 2752 4222 jam
2785 4150 2990 4223 incipit
3018 4152 3105 4207 sol
3130 4152 3239 4207 iste
3263 4153 3512 4211 visibilis
3533 4154 3636 4211 de-

1981 4244 2198 4302 clinare
2220 4242 2276 4297 in
2303 4257 2596 4297 occasum.
2612 4239 2897 4303 Quoniam
2924 4240 3092 4296 nobis
3113 4240 3331 4296 vocatis
3352 4259 3386 4297 a
3405 4241 3636 4299 Christo

1979 4331 2299 4390 visibilium
2319 4327 2622 4385 delectatio
2642 4325 3021 4397 minuitur,ut
3038 4326 3420 4384 invisibilium
3439 4345 3638 4385 amore

1983 4423 2158 4479 homo
2188 4417 2429 4475 interior
2458 4419 2750 4472 recreatus
2783 4416 2855 4471 ad
2898 4415 3231 4473 interiorem
3283 4416 3474 4473 lucem
3506 4434 3639 4490 quin

1909 4526 1958 4590 ι)
1991 4526 2293 4582 nunquam
2316 4504 2526 4564 excidit
2545 4506 2885 4572 revertatur,
2906 4505 3230 4561 secundum
3253 4504 3636 4578 apostolicam

1988 4597 2383 4672 disciplinam,
2418 4611 2533 4650 non
2559 4610 2826 4665 quaerens
2872 4610 3000 4665 quae
3054 4592 3342 4666 videntur,
3375 4596 3478 4652 sed
3510 4612 3637 4668 quas

1986 4705 2102 4745 non
2117 4687 2406 4742 videntur.
2426 4706 2452 4733 «
2469 4684 2603 4749 Quae
2621 4681 2778 4739 enim
2796 4681 3086 4747 videntur,
3099 4682 3449 4756 temporalia
3461 4687 3602 4740 sunt
3622 4701 3635 4751 ;

1988 4795 2114 4850 qua:
2144 4780 2340 4832 autem
2375 4789 2489 4828 non
2520 4770 2797 4827 videntur
2817 4773 3032 4826 aaterna
3053 4774 3193 4826 sunt
3214 4772 3267 4843 (Ι
3287 4770 3408 4827 Cor.
3440 4772 3586 4840 χιιι).
3607 4791 3636 4820 ››

1988 4865 2150 4933 Quod
2166 4866 2361 4919 autem
2385 4860 2663 4932 fatigatus
2679 4858 2836 4914 venit
2859 4858 2928 4914 ad
2950 4862 3216 4931 puteum,
3234 4857 3640 4916 inﬁrmitatem

1989 4953 2182 5010 carnis
2213 4950 2534 5024 signiﬁcat:
2562 4948 2714 5020 quod
2744 4946 2915 5013 sedit,
2933 4945 3351 5003 humilitatem.
3371 4945 3644 5014 Quia‘im-

1992 5039 2362 5099 becillitatem
2396 5036 2589 5093 carnis
2620 5053 2721 5108 pro
2755 5035 2923 5091 nobis
2956 5035 3235 5108 suscepit,
3253 5039 3310 5092 et
3338 5035 3644 5104 hom’bsho-

1995 5130 2255 5187 minibus
2274 5131 2392 5182 tam
2410 5124 2712 5180 humiliter
2728 5140 3007 5196 apparere
3023 5123 3300 5198 dignatus
3316 5129 3423 5181 est.
3439 5126 3519 5181 De
3535 5111 3645 5181 hac

1997 5217 2336 5275 inﬁrmitate
2366 5214 2557 5270 carnis
2590 5212 2873 5285 propheta
2902 5212 3043 5268 dicit
3070 5229 3083 5268 :
3114 5236 3142 5263 «
3172 5214 3354 5270 Homo
3383 5215 3443 5269 in
3474 5213 3648 5288 plaga

1999 5308 2319 5381 positus,et
2340 5303 2530 5360 sciens
2551 5302 2702 5358 ferre
2723 5300 3187 5359 imbecillitatem
3207 5305 3336 5373 (Isa.
3362 5303 3499 5375 Lm).
3517 5325 3546 5354 υ
3558 5301 3647 5358 De

2000 5394 2329 5452 humilitate
2349 5408 2483 5447 vero
2504 5389 2813 5463 Apostolus
2832 5389 3114 5463 loquitur,
3134 5392 3332 5449 dicens
3356 5407 3369 5448 :
3397 5413 3425 5441 «
3448 5390 3649 5447 Humi-

1998 5484 2161 5540 liavit
2183 5480 2564 5553 semetipsum
2592 5480 2778 5535 factus
2801 5480 3075 5537 subditus
3097 5497 3283 5553 usque
3305 5481 3375 5536 ad
3399 5483 3647 5536 mortem

2004 5573 2229 5646 (Philip.
2262 5570 2346 5641 ιι).
2384 5591 2409 5618 ››
2442 5568 2789 5640 Quanquam
2829 5567 2971 5625 illud
3005 5569 3160 5641 quod
3192 5568 3343 5626 sedit
3370 5566 3647 5640 quoniam
