4028 6176
350 259 468 321 275

911 257 1320 323 HAYMONIS
1364 259 1913 324 HALBERSTAT.
1955 257 2201 321 EPISC.
2247 260 2420 321 OPP.
2464 259 2667 322 PARS
2710 260 2789 322 II.
2815 293 2890 304 -
2918 257 3189 320 HOMIL.

3631 250 3747 313 276

351 393 539 451 solent
569 394 770 451 sedere
812 396 1100 467 doctores,
1140 394 1325 468 possit
1365 393 1476 449 alio
1526 394 1842 465 intellectu,
1876 411 1990 448 non
2023 394 2079 459 Α
2106 394 2257 464 quod
2279 397 2409 466 post
2429 411 2597 448 suam
2616 392 3092 467 glorificationem
3112 389 3273 445 dedit
3292 385 3581 453 Ecclesiae,
3601 385 3753 440 sicut

352 482 702 539 humilitatis
735 484 1106 549 modestiam,
1141 485 1241 539 sed
1273 481 1539 555 magistri
1593 482 1998 538 demonstrare
2106 481 2220 537 alia
2241 482 2542 554 Scriptura
2564 481 2736 538 dicit:
2758 504 2785 532 «
2809 478 3219 537 Ascendensin
3237 474 3750 547 altum,captivam

350 588 682 645 personam.
736 572 846 629 Sed
879 572 1058 645 quaeri
1088 575 1278 644 potest
1321 587 1501 643 quare
1546 588 1581 626 a
1609 571 1994 638 Samaritana,

2106 571 2272 626 duxit
2300 570 2720 642 captivitatem,
2753 570 2915 625 dedit
2960 569 3113 625 dona
3161 565 3500 639 hominibus
3540 564 3752 635 (Ep/tes.

350 662 423 718 ab
454 678 521 717 ea
551 677 677 733 quae
710 661 927 734 hydrizs
977 660 1285 734 implenda:
1315 660 1504 733 gratia
1534 663 1787 727 venerat,
1821 658 1998 715 libere
2106 660 2252 733 1v).»
2279 661 2390 715 Sed
2414 659 2606 716 adhuc
2626 658 2729 715 illa
2750 658 2963 714 mulier
2983 655 3295 713 carnaliter
3315 651 3582 727 sapit,sic
3601 653 3756 709 enim

349 748 751 823 postulaverit,
787 766 922 805 cum
952 748 1076 821 ipse
1108 753 1310 821 postea
1349 747 1675 821 spiritualis
1707 748 1883 803 fontis
1913 748 1997 803 af-

350 837 652 894 ﬂuentiam
684 854 744 893 se
790 838 1122 910 petentibus
1170 838 1311 893 dare
1358 853 1530 909 posse
1578 836 1996 909 praedicaverit,

350 928 462 984 Sed
495 925 717 982 scilicet
747 926 981 981 sitiebat
1010 926 1163 982 Deus
1185 924 1449 980 mulieris
1470 923 1633 981 illius
1655 926 1849 990 fidem,
1871 942 1998 997 quae

352 1016 630 1089 quoniam
660 1015 1029 1071 Samaritana
1059 1019 1203 1080 erat,
1238 1018 1294 1069 et
1326 1013 1550 1069 solebat
1579 1013 1844 1069 Samaria
1874 1013 2002 1068 ido-

351 1103 593 1161 lolatriaa
623 1102 941 1176 imaginem
989 1103 1303 1159 sustinere.
1338 1101 1453 1174 lpsi
1484 1102 1640 1158 enim
1682 1101 1931 1174 separati
1967 1119 2003 1157 a

355 1192 566 1266 populo
587 1193 924 1249 Judaeorum
946 1191 1283 1247 simulacris
1303 1195 1604 1246 mutorum
1628 1190 1997 1258 animalium,

355 1282 413 1337 id
446 1285 553 1349 est,
571 1279 761 1337 vaccis
790 1279 981 1336 aureis
1011 1280 1342 1336 animarum
1370 1296 1610 1335 suarum
1641 1280 1815 1345 decus
1836 1280 2000 1335 addi-

354 1375 578 1426 xerant.
602 1369 851 1425 Venerat
881 1373 1077 1424 autem
1110 1369 1388 1424 Dominus
1421 1373 1619 1423 noster
1643 1367 1815 1423 Jesus
1845 1366 2002 1421 Chri-

355 1464 504 1527 stus,
522 1462 588 1514 ut
612 1457 876 1531 gentium
900 1456 1359 1525 multitudinem,
1381 1474 1507 1528 quae
1531 1454 1864 1512 simulacris
1886 1473 2008 1511 ser-

351 1546 554 1616 \ierat,
588 1548 656 1602 ad
692 1546 1127 1601 munimentum
1158 1545 1294 1599 fidei
1348 1544 1688 1600 Christianae
1720 1549 1778 1599 et
1806 1544 2004 1599 incor-

356 1640 537 1708 rupta:
569 1634 869 1708 religionis
898 1634 1232 1690 adduceret.
1287 1634 1413 1688 Non
1462 1633 1617 1689 enim
1647 1638 1757 1698 est,
1790 1633 2000 1705 inquit,

354 1724 515 1781 sanis
546 1716 693 1796 opus
740 1722 1025 1789 medicus,
1058 1722 1158 1777 sed
1209 1721 1362 1778 male
1413 1721 1768 1777 habentibus
1796 1721 1999 1795 (Matth.

355 1813 454 1890 1.x).
487 1813 635 1885 Ergo
665 1827 868 1867 eorum
899 1811 1074 1866 fidem
1106 1809 1247 1877 sitit,
1271 1827 1375 1883 pro
1407 1810 1622 1884 quibus
1653 1810 2002 1883 sanguinem

355 1902 528 1957 fudit.
559 1900 791 1957 Dixerat
820 1916 955 1973 ergo
986 1900 1060 1955 ad
1089 1915 1217 1955 eam
1248 1899 1420 1955 Jesus
1454 1917 1468 1956 :

427 2013 455 2040 «
489 1989 811 2056 Mulier,da
840 1987 983 2043 mihi
1009 1987 1226 2043 bibere.
1251 2010 1278 2037 ››
1301 1988 1370 2044 Et
1401 1992 1464 2043 ut
1496 1987 1724 2044 noveris
1753 1988 1893 2060 quid
1925 1988 2003 2043 si-

356 2079 537 2135 tiebat
565 2077 851 2136 Dominus
881 2080 1097 2145 noster,
1133 2081 1265 2149 post
1292 2075 1598 2148 paululum
1630 2076 1869 2133 veniunt
1892 2076 2006 2133 dis-

359 2166 537 2239 cipuli
567 2167 717 2238 ejus,
749 2164 850 2238 qui
898 2169 1269 2237 perrexerant
1316 2166 1375 2221 in
1409 2165 1721 2235 civitatem,
1751 2170 1815 2221 ut
1844 2167 2003 2222 cibos

358 2259 637 2312 emerent.
674 2276 701 2305 «
731 2253 943 2309 Dicunt
973 2252 1024 2309 ei
1052 2270 1066 2308 :
1101 2254 1308 2320 Rabbi,
1338 2255 1649 2310 manduca.
1676 2254 1776 2311 Ille
1806 2260 2004 2310 autem

359 2343 503 2399 dixit
530 2342 616 2399 eis
646 2360 660 2397 :
695 2344 813 2415 Ego
844 2342 1029 2397 habeo
1058 2359 1252 2398 escam
1302 2343 1654 2399 manducare
1698 2361 1875 2416 quam
1904 2361 2008 2400 vos

359 2431 618 2488 nescitis.
638 2430 851 2486 Dicunt
880 2429 1154 2502 discipuli
1184 2431 1312 2501 ejus
1343 2432 1415 2486 ad
1447 2430 1826 2487 alterutrum:
1852 2433 2008 2487 Nun-

359 2519 500 2593 quid
532 2518 747 2592 aliquis
780 2516 976 2573 attulit
1006 2518 1057 2573 ei
1092 2519 1654 2575 manducarePDicit
1678 2521 1762 2576 eis
1791 2522 1965 2577 Jesus
1991 2538 2003 2577 :

359 2609 523 2665 Meus
552 2608 719 2664 cibus
750 2611 856 2674 est,
877 2611 939 2661 ut
966 2606 1172 2662 faciam
1194 2606 1550 2663 voluntatem
1575 2609 1703 2679 ejus
1726 2608 1824 2681 qui
1846 2608 2009 2664 misit

358 2714 471 2766 me,
508 2702 572 2752 ut
600 2696 897 2768 perficiam
929 2713 1077 2768 opus
1106 2697 1254 2767 ejus.
1293 2720 1319 2745 η
1353 2698 1630 2770 Nunquid
1664 2697 1757 2754 hic
1787 2697 2005 2754 intelli-

356 2785 515 2859 gitur
545 2785 661 2841 alia
691 2784 963 2841 voluntas
995 2785 1181 2840 Patris
1214 2785 1312 2857 qui
1346 2803 1481 2841 eum
1536 2786 1715 2854 misit,
1752 2792 1815 2841 ut
1861 2804 2007 2859 opus

357 2876 486 2945 ejus
519 2875 794 2947 perlicere
822 2873 1013 2941 vellet,
1049 2872 1160 2928 nisi
1196 2878 1259 2927 ut
1292 2891 1396 2929 nos
1444 2875 1515 2929 ad
1565 2875 1737 2929 ﬁdem
1772 2892 1941 2930 suam
1974 2893 2008 2930 a

359 2963 686 3035 pernicioso
718 2962 923 3017 mundi
957 2979 1148 3017 errore
1193 2964 1597 3018 converteret?
1622 2962 1821 3029 Qualis
1870 2981 2006 3037 ergo

359 3051 527 3108 cibus
557 3052 705 3122 ejus,
726 3050 860 3106 talis
880 3054 935 3105 et
957 3056 1147 3122 potus.
1164 3054 1524 3124 Quapropter
1543 3051 1653 3107 hoc
1676 3052 1732 3107 in
1758 3053 1855 3109 illa
1878 3071 2005 3109 mu-

2108 749 2409 822 respondit
2442 766 2455 804 :

2179 862 2205 888 ‹‹
2243 837 2502 905 Domine,
2528 855 2714 911 neque
2737 860 2764 888 »
2787 836 3173 893 hauritorium
3198 857 3224 884 ‹‹
3247 833 3449 900 habes,
3464 835 3521 887 et
3542 836 3755 903 puteus

2111 950 2139 978 «
2169 926 2323 983 altus
2352 931 2461 995 est,
2482 928 2637 983 unde
2660 949 2687 977 ω
2712 926 2855 982 mihi
2881 946 2907 978 ει
2937 925 3119 981 habes
3145 946 3172 974 »
3206 923 3345 978 dare
3376 945 3404 972 ‹‹
3437 937 3650 993 aquam
3673 918 3756 974 vi-

2109 1039 2136 1066 «
2171 1016 2344 1073 vam?
2376 1015 2650 1088 Nunquid
2690 1020 2754 1070 tu
2787 1016 2977 1087 major
3004 1030 3066 1070 es
3098 1017 3261 1086 patre
3309 1014 3508 1066 nostro
3552 1009 3757 1075 Jacob,

2111 1128 2139 1155 «
2172 1105 2270 1177 qui
2304 1106 2466 1161 dedit
2496 1105 2664 1161 nobis
2695 1103 2852 1159 hunc
2876 1107 3140 1175 puteum,
3162 1105 3221 1157 et
3244 1099 3369 1172 ipse
3392 1114 3462 1153 ex
3488 1114 3555 1153 eo
3587 1096 3761 1166 bibit,

2110 1218 2138 1244 ‹‹
2171 1198 2228 1249 et
2260 1193 2361 1249 filii
2391 1195 2541 1266 ejus,
2566 1199 2623 1248 et
2652 1210 2862 1266 pecora
2890 1192 3041 1262 ejus.
3079 1213 3106 1240 »
3138 1190 3305 1245 Nunc
3333 1204 3465 1244 vero
3488 1187 3616 1259 jam
3650 1186 3762 1243 Do—

2111 1283 2309 1338 minus
2340 1283 2594 1355 exponit,
2628 1282 2768 1355 quid
2799 1281 3029 1336 dixerit.

2183 1394 2209 1421 ‹‹
2244 1371 2467 1435 Omnis,
2504 1394 2531 1420 ››
2565 1370 2777 1443 inquit,
2811 1393 2838 1420 «
2872 1369 2973 1443 qui
3007 1366 3218 1424 biberit
3247 1383 3314 1422 ex
3339 1382 3492 1437 aqua
3522 1364 3658 1430 ista,
3690 1364 3765 1419 si-

2111 1483 2139 1511 ‹‹
2173 1460 2278 1516 tiet
2301 1460 2534 1516 iterum.
2550 1460 2656 1525 Qui
2684 1464 2880 1515 autem
2904 1457 3117 1513 biberit
3137 1456 3209 1512 de
3233 1471 3389 1527 aqua
3407 1469 3587 1526 quam
3609 1469 3719 1525 ego
3736 1474 3763 1503 »

2112 1550 2344 1617 dedero,
2379 1573 2407 1599 ‹‹
2456 1566 2569 1605 non
2631 1547 2788 1603 sitiet
2834 1547 2894 1602 in
2946 1550 3229 1601 aeternum
3266 1559 3278 1598 :
3310 1542 3415 1598 sed
3457 1558 3612 1613 aqua
3664 1539 3768 1597 illa

2112 1661 2139 1688 «
2172 1654 2348 1711 quam
2382 1660 2409 1688 η
2442 1638 2675 1707 dedero,
2701 1658 2730 1687 ‹‹
2762 1637 2861 1692 fiet
2889 1638 2947 1691 et
2977 1634 3035 1689 in
3060 1650 3128 1689 eo
3160 1633 3288 1687 fons
3316 1648 3479 1702 aqua:
3500 1627 3767 1687 salientis

2112 1751 2140 1777 «
2164 1726 2222 1781 in
2248 1727 2425 1782 vitam
2449 1730 2747 1781 aeternam.
2770 1748 2797 1773 »
2817 1724 2928 1781 Sed
2947 1722 3138 1778 adhuc
3158 1718 3369 1776 mulier
3388 1718 3764 1792 prudentiam

2114 1816 2307 1872 carnis
2339 1814 2733 1888 amplectitur,
2764 1812 3127 1885 respondens
3158 1825 3173 1865 :

2190 1926 2210 1954 ε
2246 1904 2508 1972 Domine,
2543 1904 2616 1959 da
2647 1902 2788 1957 mihi
2823 1902 2973 1957 hanc
3004 1915 3239 1972 aquam,
3274 1900 3340 1951 ut
3377 1913 3489 1952 non
3541 1894 3766 1962 sitiam,

2115 2017 2141 2042 ‹‹
2178 2010 2364 2065 neque
2393 1994 2619 2049 veniam
2648 1991 2763 2047 huc
2792 1988 3046 2046 haurire.
3076 1986 3227 2043 Dicit
3256 1987 3307 2042 ei
3338 1986 3511 2043 Jesus
3536 2002 3547 2040 :
3582 1984 3771 2050 Vade,

2115 2105 2143 2132 (ι
2175 2099 2316 2138 voca
2343 2081 2533 2137 virum
2566 2086 2758 2152 tuum,
2793 2084 2849 2136 et
2876 2079 3005 2135 veni
3038 2078 3174 2133 huc.
3204 2098 3232 2127 ››
3265 2077 3407 2130 Cum
3438 2073 3612 2130 sciret
3633 2089 3771 2129 eam

2112 2170 2303 2228 virum
2336 2188 2450 2227 non
2479 2171 2715 2235 habere,
2749 2186 2856 2225 cur
2883 2167 2992 2223 hoc
3026 2165 3238 2221 dixerit
3267 2162 3563 2236 quaeritur.
3596 2163 3776 2218 Nam-

2115 2277 2227 2333 que
2255 2276 2389 2315 cum
2420 2260 2630 2315 mulier
2659 2257 2869 2314 dixerit
2902 2272 2916 2311 :

2190 2372 2216 2399 ‹‹
2249 2350 2373 2404 Non
2403 2348 2587 2404 habeo
2616 2347 2828 2414 virum,
2862 2344 3008 2400 dixit
3035 2342 3086 2399 ei
3115 2342 3289 2399 Jesus
3313 2357 3326 2396 :
3361 2341 3513 2396 Bene
3542 2339 3774 2409 dixisti,

2116 2461 2143 2487 ‹‹
2179 2454 2293 2493 non
2324 2437 2509 2493 habeo
2538 2436 2727 2492 virum
2757 2453 2771 2503 ;
2806 2433 3065 2507 quinque
3095 2430 3252 2488 enim
3298 2430 3452 2486 viros
3481 2427 3772 2496 habuisti,

2117 2549 2143 2575 «
2179 2531 2235 2582 et
2266 2542 2419 2581 nunc
2450 2543 2622 2597 quem
2671 2525 2874 2591 habes,
2909 2539 3025 2578 non
3055 2526 3147 2577 est
3177 2524 3313 2576 tuus
3341 2519 3448 2574 vir.
3484 2518 3601 2574 Hoc
3631 2534 3774 2574 vere

2120 2637 2143 2665 ι
2179 2614 2396 2670 dixisti.
2426 2638 2451 2663 υ
2475 2615 2582 2669 Sed
2610 2630 2723 2668 non
2748 2617 2887 2668 sunt
2906 2610 3030 2666 haec
3061 2608 3373 2666 carnaliter
3401 2605 3772 2679 accipienda,

2116 2720 2188 2758 ne
2219 2703 2353 2758 huic
2387 2702 2495 2775 ipsi
2530 2702 2718 2757 adhuc
2743 2699 2970 2756 mulieri
2996 2697 3374 2755 Samaritana:
3396 2695 3617 2752 similes
3634 2712 3777 2752 esse

2111 2792 2452 2850 videamur:
2478 2791 2579 2845 sed
2613 2791 2682 2847 de
2712 2789 2811 2845 illo
2841 2790 2993 2844 dono
3024 2785 3147 2854 Dei,
3170 2784 3220 2840 si
3246 2785 3466 2857 aliquid
3491 2785 3617 2855 jam
3648 2801 3771 2857 gu-

2116 2882 2417 2944 stavimus,
2451 2878 2831 2953 spiritualiter
2860 2877 2973 2933 ista
3005 2880 3345 2932 tractemus.
3378 2874 3646 2946 Quinque
3680 2875 3774 2929 vi-

2116 2987 2232 3033 ros,
2258 2970 2515 3043 quinque
2537 2968 2739 3033 libros,
2760 2966 2857 3039 qui
2884 2982 2986 3038 per
3005 2966 3239 3037 Moysen
3266 2961 3580 3018 ministrati
3603 2966 3775 3029 sunt,

2117 3059 2380 3115 nonnulli
2425 3058 2738 3130 accipiunt.
2771 3055 2931 3119 Quod
2982 3057 3179 3109 autem
3231 3052 3456 3108 dictum
3500 3055 3610 3111 est.
3643 3073 3671 3099 ‹‹
3715 3055 3778 3107 et

359 3140 498 3197 liere
528 3138 780 3206 sitiebat,
814 3144 879 3195 ut
907 3139 1119 3195 faceret
1147 3139 1207 3194 in
1238 3156 1307 3195 ea
1330 3140 1690 3197 voluntatem
1718 3141 1925 3211 Patris,
1947 3146 2013 3199 ut
2040 3131 2083 3200 C
2121 3165 2277 3204 nunc
2309 3164 2482 3220 quem
2517 3147 2698 3203 habes
2730 3162 2844 3200 non
2875 3149 2963 3200 est
2992 3148 3130 3198 tuus
3158 3141 3266 3210 vir,
3293 3164 3314 3191 ι
3342 3141 3414 3197 de
3434 3140 3624 3211 seipso
3654 3144 3775 3196 Do-

361 3229 663 3303 perliceret
690 3245 838 3300 opus
867 3229 1015 3299 ejus.
1040 3229 1151 3283 Sed
1185 3227 1285 3284 illa
1314 3228 1623 3284 carnaliter
1651 3230 2008 3304 intelligens,

360 3316 664 3390 respondit
697 3333 711 3371 :

434 3428 462 3455 ‹‹
496 3407 584 3461 Tu
618 3421 752 3461 cum
784 3403 866 3459 sis
886 3404 1146 3471 Judaeus,
1172 3404 1465 3475 quomodo
1488 3421 1522 3459 a
1542 3420 1635 3459 me
1656 3404 1853 3461 bibere
1874 3423 2007 3478 pos-

362 3515 389 3543 ‹‹
426 3491 528 3558 sis,
562 3507 695 3546 cum
729 3490 840 3545 sim
872 3489 1084 3544 mulier
1130 3490 1495 3546 Samaritana
1516 3490 1543 3545 ?
1570 3492 1693 3546 Non
1725 3493 1881 3548 enim
1913 3511 2005 3548 co-

364 3600 393 3632 ‹‹
425 3583 671 3635 utuntur
698 3578 885 3634 Judaei
916 3577 1320 3633 Samaritanis.
1361 3579 1465 3635 Cui
1496 3580 1779 3636 Dominus
1810 3587 2009 3638 noster

359 3690 388 3719 «
422 3666 568 3723 dixit
600 3683 612 3723 :
648 3665 708 3723 Si
736 3665 918 3722 scires
950 3667 1171 3721 donum
1203 3666 1324 3733 Dei,
1356 3673 1414 3723 et
1444 3668 1578 3740 quis
1618 3673 1707 3724 est
1737 3670 1836 3742 qui
1867 3670 2010 3727 dicit

356 3780 384 3807 ‹‹
422 3756 545 3822 tibi,
579 3755 663 3811 Da
694 3754 838 3810 mihi
867 3754 1085 3823 bibere,
1118 3759 1179 3810 tu
1232 3755 1419 3829 magis
1451 3756 1697 3830 petisses
1728 3759 1799 3813 ab
1830 3776 1917 3826 eo,
1949 3764 2007 3816 et

357 3868 385 3897 «
416 3843 675 3901 dedisset
703 3842 806 3899 tibi
842 3860 1058 3915 aquam
1089 3844 1298 3899 vivam.
1334 3868 1362 3894 ››
1393 3846 1462 3901 Et
1489 3845 1626 3901 hinc
1655 3846 1707 3903 ei
1733 3850 2003 3905 ostende-

351 3938 442 3989 rat
472 3950 587 3988 non
618 3949 681 3988 se
711 3930 887 3987 talem
918 3950 1132 4004 aquam
1164 3933 1378 4004 petisse
1408 3934 1642 4007 qualem
1674 3937 1804 4008 ipsa
1833 3937 2002 3994 intel-

348 4021 584 4079 lexerat.
622 4020 731 4077 Sed
785 4021 925 4093 quia
971 4021 1095 4093 ipse
1142 4023 1380 4079 sitiebat
1423 4024 1599 4079 [idem
1632 4026 1781 4097 ejus,
1811 4027 2003 4083 eidem

350 4109 573 4169 sitienti
598 4108 881 4181 Spiritum
903 4114 1172 4166 sanctum
1194 4112 1333 4167 dare
1353 4112 1645 4185 cupiebat.
1663 4113 1822 4170 Hanc
1844 4115 2001 4171 enim

350 4203 503 4257 recte
533 4197 918 4272 intelligimus
964 4216 1179 4272 aquam
1226 4199 1437 4269 vivam,
1471 4203 1629 4274 quod
1661 4207 1750 4259 est
1779 4203 1998 4260 donum

350 4288 474 4356 Dei,
498 4288 651 4344 sicut
676 4286 804 4361 ipse
832 4288 948 4344 ait:
973 4312 1001 4338 α
1037 4288 1094 4343 Si
1129 4288 1310 4344 scires
1343 4289 1562 4345 donum
1593 4291 1714 4348 Dei.
1741 4315 1769 4342 »
1792 4293 1861 4347 Et
1885 4295 1998 4349 sic-

353 4382 419 4434 ut
443 4378 598 4434 idem
629 4378 888 4435 Joannes
918 4380 1166 4433 testatur
1196 4375 1310 4434 alio
1358 4378 1483 4435 loco
1517 4379 1698 4451 (Joan.
1732 4387 1855 4449 vn),
1910 4381 1997 4436 di-

352 4482 489 4561 cens
520 4468 677 4561 quod
704 4466 897 4561 stabat
941 4466 1201 4561 Jesﬁusct
1229 4464 1520 4561 clamabat
1553 4485 1567 4523 :
1603 4492 1630 4518 ‹‹
1666 4469 1724 4524 Si
1756 4470 1890 4540 quis
1921 4471 1997 4526 si-
2029 4497 2078 4561 Ι)

351 4552 443 4618 tit,
476 4553 671 4609 veniat
698 4557 755 4608 et
784 4554 965 4610 bibat.
1022 4553 1129 4617 Qui
1161 4553 1345 4609 credit
1376 4554 1434 4610 in
1467 4571 1580 4623 me,
1616 4578 1642 4606 ››
1678 4557 1829 4613 sicut
1858 4559 2000 4615 dicit

352 4641 672 4714 Scriptura,
708 4664 737 4691 (ι
781 4642 1029 4698 ﬂumina
1075 4644 1146 4698 de
1192 4649 1389 4699 ventre
1427 4644 1555 4715 ejus
1606 4644 1789 4700 ﬂuent
1833 4663 1996 4718 aquae

349 4729 507 4785 vivas.
542 4754 571 4781 ››
604 4729 1039 4803 Consequenter
1068 4731 1304 4787 omnino
1336 4732 1435 4803 qui
1468 4732 1652 4788 credit
1683 4733 1742 4790 in
1774 4750 1890 4801 me,
1918 4735 2001 4789 in-

349 4817 497 4889 quit,
519 4818 763 4896 flumina
792 4820 863 4876 de
892 4825 1089 4875 ventre
1120 4820 1248 4889 ejus
1269 4819 1451 4876 ﬂuent
1473 4838 1638 4893 aqua:
1660 4823 1798 4877 viva:
1824 4840 1835 4878 :
1863 4822 1999 4895 quia

347 4904 536 4976 primo
566 4908 881 4977 credimus,
911 4912 975 4965 ut
1003 4908 1126 4963 haec
1156 4908 1310 4964 dona
1341 4925 1689 4966 mereamur.
1710 4911 1839 4967 Haac
1859 4929 1996 4985 ergo

349 4993 595 5049 ﬂumina
627 5012 789 5068 aqua:
819 4996 976 5063 vivae,
1011 5015 1138 5070 quae
1171 4996 1252 5051 illi
1294 4997 1523 5054 mulieri
1567 4999 1794 5055 volebat
1835 5001 1992 5071 dare,

348 5096 571 5138 merces
601 5088 689 5138 est
717 5085 871 5153 fidei,
906 5104 1081 5157 quam
1116 5087 1280 5160 prius
1314 5087 1369 5142 in
1404 5086 1504 5143 illa
1530 5087 1783 5145 sitiebat.
1811 5090 1996 5162 Cujus

347 5185 512 5241 aqua;
542 5170 677 5226 viva:
725 5172 1258 5245 interpretationem
1309 5177 1391 5234 ita
1426 5178 1665 5250 subjicit
1695 5196 1707 5232 :
1744 5178 1859 5235 Hoc
1890 5196 1993 5234 au-

347 5262 467 5314 tem
515 5259 764 5326 dicebat,
814 5260 1008 5333 inquit
1053 5264 1124 5320 de
1181 5266 1422 5338 Spiritu,
1472 5284 1648 5339 quem
1698 5267 1993 5339 accepturi

346 5351 514 5403 erant
542 5346 597 5402 hi
631 5349 732 5420 qui
762 5350 821 5404 in
851 5368 985 5406 eum
1015 5352 1291 5408 credituri
1320 5360 1503 5412 erant.
1529 5357 1799 5411 Nondum
1833 5357 1992 5413 enim

345 5439 471 5491 erat
498 5435 751 5507 Spiritus
782 5438 976 5507 datus,
998 5439 1138 5511 quia
1166 5441 1339 5497 Jesus
1367 5444 1627 5500 nondum
1658 5446 1848 5502 fuerat
1876 5444 1993 5518 glo-

348 5522 631 5581 rificatus.
664 5525 782 5582 Hoc
811 5526 1009 5599 itaque
1037 5528 1259 5584 donum
1290 5530 1539 5602 Spiritus
1588 5539 1827 5591 sanctus
1881 5539 1988 5605 est,

2120 3237 2345 3290 minum
2378 3234 2593 3290 dixisse
2613 3231 2968 3305 intelligunt,
2984 3236 3049 3287 ut
3068 3229 3178 3286 iste
3199 3228 3277 3287 sit
3299 3243 3543 3286 sensus:
3570 3226 3777 3284 Primo

2118 3322 2378 3396 quinque
2407 3321 2575 3378 libris
2604 3320 2808 3393 Moysi,
2837 3319 3006 3393 quasi
3038 3319 3296 3392 quinque
3324 3316 3463 3374 viris
3492 3316 3731 3372 servisti
3761 3334 3775 3374 :

2118 3428 2273 3466 nunc
2304 3414 2500 3466 autem
2523 3426 2696 3483 quem
2721 3408 2922 3477 habes,
2944 3408 3004 3463 id
3023 3412 3112 3464 est
3131 3423 3303 3480 quem
3327 3405 3520 3473 audis,
3539 3421 3654 3461 non
3676 3410 3783 3462 est

2116 3503 2256 3556 tuus
2284 3500 2393 3567 vir,
2427 3499 2566 3572 quia
2590 3498 2847 3554 nondum
2884 3497 2942 3553 in
2973 3513 3107 3554 eum
3137 3494 3455 3551 credidisti.
3484 3494 3595 3551 Sed
3622 3511 3780 3566 quo-

2116 3588 2273 3643 niam
2297 3589 2557 3644 nondum
2581 3587 2823 3644 credens
2845 3584 3302 3653 Christo,adhuc
3321 3582 3513 3655 itaque
3530 3581 3781 3640 illorum

2115 3676 2375 3749 quinque
2402 3676 2684 3743 virorum,
2717 3676 2771 3730 id
2806 3679 2895 3731 est
2921 3674 3179 3747 quinque
3213 3672 3493 3727 librorum
3526 3670 3779 3744 copula-

2115 3765 2268 3821 tione
2300 3765 2623 3833 tenebatur,
2639 3768 2829 3837 potest
2860 3764 3076 3819 moveri
3106 3760 3402 3834 quomodo
3436 3759 3548 3817 dici
3570 3765 3780 3832 potue-

2113 3854 2188 3910 rit
2212 3871 2224 3909 :
2251 3854 2517 3926 Quinque
2543 3852 2697 3908 viros
2723 3851 3005 3915 habuisti,
3025 3848 3192 3922 quasi
3215 3855 3357 3905 tunc
3376 3866 3475 3905 eos
3496 3849 3625 3921 jam
3649 3866 3777 3905 non

2113 3943 2371 4013 haberet,
2403 3959 2537 3998 cum
2569 3942 2762 3997 adhuc
2804 3940 3007 4013 utique
3051 3939 3196 4010 ipsis
3243 3938 3481 3994 subdita
3528 3936 3772 3992 viveret.

2111 4032 2327 4087 Deinde
2356 4048 2490 4085 cum
2522 4029 2784 4102 quinque
2814 4028 2996 4084 libros
3023 4026 3204 4100 Moysi
3231 4025 3376 4082 nihil
3402 4025 3560 4082 aliud
3583 4043 3774 4099 quam

2110 4120 2408 4176 Christum
2441 4118 2775 4191 praedicent,
2805 4119 2957 4173 sicut
2987 4116 3110 4188 ipse
3138 4115 3221 4171 ait
3252 4132 3264 4172 :
3301 4138 3328 4165 ‹‹
3364 4114 3421 4171 Si
3448 4114 3775 4171 crederetis

2111 4208 2317 4282 Moysi,
2348 4207 2650 4265 crederitis
2680 4208 2921 4263 forsitan
2953 4210 3011 4260 et
3043 4203 3223 4261 mihi:
3258 4203 3356 4260 ille
3384 4204 3542 4259 enim
3574 4204 3649 4260 de
3671 4220 3770 4262 me

2109 4298 2346 4370 scripsit
2373 4301 2557 4369 (Joan.
2581 4302 2659 4364 v),
2677 4318 2705 4348 ››
2732 4294 3027 4368 quomodo
3050 4297 3240 4366 potest
3261 4291 3506 4366 intelligi
3531 4310 3567 4348 a
3588 4293 3769 4365 quin-

2107 4403 2220 4458 que
2252 4386 2369 4442 illis
2400 4385 2566 4441 libris
2597 4384 2862 4440 recedere
2907 4380 3230 4450 hominem,
3262 4385 3327 4436 ut
3355 4381 3427 4437 ad
3458 4380 3765 4438 Christum

2106 4480 2535 4541 transeat,cum
2566 4471 2661 4527 ille
2693 4470 2793 4543 qui
2824 4469 3007 4525 credit
3035 4469 3096 4525 in
3118 4467 3417 4524 Christum
3442 4483 3557 4523 non
3582 4467 3764 4523 relin-

2108 4567 2251 4634 quat
2280 4563 2540 4634 quinque
2571 4559 2702 4615 illos
2734 4558 2933 4625 libros,
2980 4558 3080 4613 sed
3126 4555 3505 4629 spiritualiter
3535 4554 3763 4613 intelli-

2108 4651 2318 4724 gendo,
2353 4650 2536 4705 multo
2568 4648 2794 4704 beatius
2825 4645 3260 4719 amplectatur?
3289 4646 3392 4701 Est
3436 4661 3576 4717 ergo
3610 4645 3767 4702 alius

2108 4739 2476 4809 intellectus;
2512 4742 2575 4793 ut
2605 4738 2865 4809 quinque
2910 4736 3019 4790 viri
3066 4733 3469 4808 intelligantur
3496 4734 3766 4807 quinque

2107 4827 2367 4901 carporis
2392 4843 2602 4884 sensus
2627 4843 2641 4882 :
2676 4842 2851 4895 unus,
2883 4823 2984 4896 qui
3013 4824 3086 4879 ad
3116 4823 3316 4880 oculos
3348 4822 3619 4895 pertinet,
3644 4839 3763 4894 quo

2105 4917 2296 4973 lucem
2328 4917 2502 4972 istam
2534 4912 2914 4982 visibilem,et
2934 4912 3225 4985 quoslibet
3254 4911 3476 4967 colores
3506 4910 3763 4968 formas-

2107 5023 2220 5079 que
2248 5021 2557 5078 corporum
2588 5002 2904 5059 cernimus.
2937 5001 3095 5057 Alter
3123 5006 3213 5057 est
3251 5004 3444 5055 auten:
3495 4998 3757 5069 aurium,

2105 5112 2220 5166 quo
2242 5110 2449 5150 vocum
2467 5098 2523 5148 et
2538 5091 2802 5149 omnium
2821 5106 3099 5145 sonorum
3122 5092 3420 5145 momenta
3440 5088 3756 5145 sentimus.

2104 5184 2336 5239 Tertius
2366 5182 2619 5248 narium,
2654 5197 2768 5252 quo
2798 5179 2957 5234 varia
2987 5179 3232 5235 odorum
3264 5175 3548 5234 suavitate
3573 5178 3763 5235 delec-

2102 5277 2316 5328 tamur.
2335 5273 2590 5336 Quartus
2613 5270 2671 5324 in
2694 5285 2790 5324 ore
2809 5272 3020 5341 gustus
3040 5267 3233 5323 dulcia
3253 5271 3311 5323 et
3332 5282 3533 5323 amara
3552 5267 3757 5332 sentit,

2101 5366 2159 5417 et
2188 5360 2452 5417 omnium
2507 5374 2783 5430 saporum
2835 5357 3007 5413 habet
3058 5374 3321 5414 examen.
3355 5355 3608 5419 Quintus
3658 5372 3762 5429 per

2100 5454 2286 5507 totum
2318 5465 2529 5521 corpus
2562 5445 2850 5519 tangendo
2881 5446 3168 5520 dijudicat
3200 5444 3390 5502 calida
3417 5449 3474 5499 et
3512 5442 3753 5517 frigida,

2103 5537 2305 5595 mollia
2334 5542 2394 5594 et
2423 5538 2591 5603 dura,
2625 5535 2769 5593 levia
2799 5540 2856 5592 et
2899 5552 3126 5609 aspera,
3174 5540 3233 5592 et
3264 5532 3546 5606 quidquid
3590 5532 3756 5590 aliud
