4028 6176
284 257 381 324 9η

1445 247 1801 315 ΗΟΜΙΙιῘλΕ
1842 246 1945 312 DE
1988 249 2384 316 TEMPORE.

3502 236 3622 322 e78

266 399 356 465 est
378 388 508 464 quod
536 386 818 462 tangendo
848 385 1869 459 sentimus.Istisitaquecarnalibus
1898 388 1948 454 Α
1982 386 2118 441 bere
2151 387 2637 457 connuhium,sed
2657 388 3621 466 errordiaholipotiusdominatur,

281 482 499 558 quinque
525 476 786 534 sensibus
816 477 1006 552 prima
1023 477 1279 534 hominis
1296 480 1433 533 aetas
1454 476 1757 545 imbuitur,
1778 492 1872 531 ne-

280 570 506 630 cessitate
533 570 746 623 naturze
778 566 1075 624 mortalis:
1111 566 1249 639 quia
1278 567 1361 622 ita
1389 570 1521 638 post
1567 570 1871 637 peccatum

273 658 419 736 primi
448 655 690 713 hominis
720 655 841 712 nati
875 672 1105 728 sumus,
1125 660 1191 712 ut
1211 656 1472 712 nondum
1496 655 1722 710 reddita
1745 653 1874 709 luce

274 747 474 813 mentis,
499 744 832 801 casualibus
862 744 1133 801 sensibus
1162 744 1363 812 dediti,
1385 743 1679 800 carnalem
1696 743 1874 798 vitam

270 838 377 897 sine
404 835 511 892 ulla
530 833 788 890 veritatis
836 833 1220 906 intelligentia
1265 838 1654 889 transeamur.
1708 830 1877 888 Tales

268 942 471 984 necesse
496 928 579 979 est
606 940 735 979 esse
764 922 1039 990 infantes,
1071 927 1129 978 et
1166 922 1439 996 parvulos
1487 939 1719 995 pueros,
1775 920 1876 994 qui

268 1016 493 1073 nondum
522 1015 769 1085 possunt
791 1012 1053 1084 accipere
1082 1012 1388 1068 rationem.
1422 1013 1492 1067 Et
1522 1010 1661 1083 quia
1704 1015 1877 1066 natu-

265 1104 392 1162 rales
420 1109 548 1171 sunt
579 1101 676 1157 isti
706 1118 938 1169 sensus,
971 1101 1069 1174 qui
1102 1100 1353 1173 primam
1395 1106 1623 1156 aetatem
1646 1104 1877 1174 regunt,

267 1199 313 1251 et
337 1198 439 1249 Deo
466 1190 685 1248 artiﬁce
727 1189 898 1247 nobis
946 1189 1155 1246 tributi
1199 1194 1356 1258 sunt,
1404 1194 1556 1246 recte
1604 1188 1882 1245 dicuntur

265 1282 415 1339 iidem
446 1278 657 1348 mariti,
691 1283 973 1352 tanquam
1002 1278 1270 1353 legitimi.
1303 1279 1591 1344 Quoniam
1637 1295 1751 1334 non
1783 1294 1882 1334 eos

264 1387 458 1427 errores
486 1369 627 1425 vitio
653 1367 910 1442 proprio,
942 1368 1045 1424 sed
1077 1367 1173 1424 Dei
1206 1367 1451 1424 artificio
1501 1372 1713 1424 natura
1742 1385 1882 1424 con-

261 1460 454 1517 tribuit.
485 1458 634 1515 Cum
668 1461 862 1513 autem
896 1457 1151 1530 quisque
1175 1458 1398 1513 venerit
1425 1458 1497 1514 ad
1527 1462 1757 1514 aetatem
1789 1472 1885 1513 cu-

255 1550 340 1622 jus
365 1549 474 1604 vita
500 1547 690 1621 possit
718 1563 902 1619 capax
929 1563 1058 1603 esse
1088 1546 1349 1616 rationis,
1371 1546 1420 1603 si
1443 1547 1743 1628 veritatem
1765 1550 1883 1602 sta-

260 1638 350 1694 tim
377 1635 867 1710 comprehendere
900 1635 1133 1707 poterit,
1167 1653 1283 1691 non
1309 1637 1433 1708 jam
1463 1636 1582 1691 illis
1612 1635 1885 1692 sensibus

1981 475 2081 548 qui
2113 480 2169 531 te
2198 475 2526 533 adulterina
2556 476 3047 537 contaminatione
3067 479 3408 553 corrumpit.
3429 481 3499 536 Et
3514 480 3625 535 for-

1980 570 2138 621 tasse
2168 564 2351 621 intelli
2360 568 2632 639 gentibus
2663 568 2967 636 indicaret,
2983 571 3241 643 quinque
3252 570 3512 625 virorum
3525 586 3628 626 no-

1984 654 2161 720 mine,
2196 655 2511 727 signiﬁcari
2544 659 2805 731 quinque
2834 664 3186 716 memoratos
3217 659 3475 731 corporis
3496 675 3628 715 sen-

1984 759 2107 798 sus.
2132 744 2269 799 Post
2285 744 2543 817 quinque
2556 746 2818 803 carnales
2834 747 3266 820 responsiones,
3291 748 3405 804 ista
3422 746 3634 804 mulier

1985 839 2146 888 sexta
2175 834 2554 905 responsione
2586 835 2850 891 nominat
2891 836 3209 893 Christum.
3254 836 3400 892 Nam
3445 836 3637 909 prima

1985 923 2113 994 ejus
2144 922 2447 995 responsio
2477 927 2591 979 est:
2630 945 2657 978 α
2691 926 2776 980 Tu
2809 943 2942 982 cum
2959 926 3043 982 sis
3068 927 3100 983 J
3108 927 3327 995 udaeus,
3344 925 3635 998 quomodo

1986 1028 2021 1067 a
2051 1028 2143 1068 me
2174 1012 2373 1067 bibere
2402 1013 2594 1084 petis?
2628 1036 2655 1063 »
2687 1014 2982 1071 Secunda:
3017 1039 3044 1065 ‹‹
3070 1015 3335 1082 Domine,
3366 1031 3556 1086 neque
3575 1014 3635 1069 in

1989 1117 2104 1173 quo
2136 1101 2374 1157 haurias
2404 1101 2606 1167 habes,
2638 1107 2696 1159 et
2742 1108 2953 1176 puteus
2995 1104 3152 1160 altus
3200 1107 3307 1161 est.
3346 1127 3373 1154 ››
3405 1103 3632 1159 Tertia:

1989 1214 2016 1240 ‹‹
2048 1191 2317 1257 Domine,
2347 1191 2423 1246 da
2455 1190 2597 1246 mihi
2627 1192 2778 1248 hanc
2809 1210 3044 1265 aquam,
3079 1197 3143 1248 ut
3164 1211 3276 1249 non
3292 1192 3636 1263 sitiam,ne-

1991 1297 2105 1351 quc
2136 1281 2365 1336 veniam
2406 1281 2522 1336 huc
2578 1280 2834 1337 haurire.
2875 1305 2895 1331 ι
2931 1284 3181 1348 Quarta:
3215 1306 3242 1332 «
3275 1282 3400 1338 Non
3448 1281 3635 1337 habeo

1989 1370 2202 1424 virum.
2239 1392 2266 1417 ››
2298 1369 2540 1435 Quinta:
2568 1393 2593 1419 «
2629 1370 2807 1426 Video
2840 1371 2979 1442 quia
3006 1370 3292 1444 propheta
3321 1388 3384 1427 es
3414 1374 3498 1439 tu,
3532 1387 3637 1443 pa—

1992 1465 2110 1514 tres
2140 1459 2323 1515 nostri
2352 1458 2413 1513 in
2447 1462 2643 1515 monte
2673 1459 2781 1515 hoc
2806 1460 3213 1516 adoraverunt.
3247 1481 3275 1510 »
3326 1459 3473 1516 Nam
3522 1459 3638 1515 ista

1993 1549 2295 1620 responsio
2326 1548 2577 1604 carnalis
2603 1553 2710 1604 est.
2743 1548 3090 1605 Carnalibus
3118 1548 3277 1604 enim
3306 1548 3482 1605 datus
3513 1548 3635 1605 fue-

1994 1641 2083 1707 rat
2110 1636 2272 1692 locus
2300 1641 2567 1693 terrenus
2597 1636 2696 1693 ubi
2744 1642 3008 1693 orarent:
3059 1637 3395 1709 spirituales
3443 1642 3639 1694 autem

258 1727 553 1783 rectoribus
588 1728 806 1791 utetur,
840 1725 942 1781 sed
960 1724 1406 1781 habebitvirum
1424 1724 1699 1798 spiritum
1718 1726 1887 1781 ratio-
1916 1761 1963 1826 Β
1995 1726 2204 1798 spiritu
2234 1731 2290 1780 et
2318 1725 2560 1781 veritate
2572 1731 2837 1782 oraturos
2855 1742 2983 1782 esse
2997 1726 3454 1782 Dominusdixit.
3477 1726 3640 1792 Quod

257 1813 446 1884 nalem,
466 1813 559 1871 cui
579 1831 796 1871 sensus
814 1813 944 1871 illos
958 1813 1017 1870 in
1037 1813 1384 1870 famulatum
1403 1815 1629 1888 redigat
1645 1813 1885 1871 servitu-

254 1905 337 1976 tis,
366 1903 687 1977 subjiciens
717 1920 929 1976 corpus
960 1921 1136 1959 suum
1168 1920 1303 1959 cum
1335 1903 1554 1974 anima,
1605 1922 1719 1960 non
1760 1904 1883 1975 jam

253 1993 374 2052 viris
401 1993 684 2067 quinque,
702 1992 854 2050 idest
870 1992 1132 2066 quinque
1147 1993 1441 2065 corporeis
1452 1994 1885 2066 sensibus,qui-

252 2085 343 2140 bvs
369 2083 611 2140 subdita
638 2086 757 2140 est:
788 2083 888 2139 sed
921 2082 1163 2139 verbum
1194 2082 1458 2138 divinum
1490 2083 1667 2139 habet
1696 2082 1887 2156 legiti-

254 2188 400 2230 mum
424 2170 643 2239 virum,
676 2170 769 2227 cui
792 2170 1065 2242 copulata
1091 2175 1181 2226 est
1209 2169 1520 2239 inhaarens,
1539 2187 1674 2227 cum
1690 2176 1747 2228 et
1765 2171 1891 2244 ipse

252 2261 475 2334 spiritus
496 2258 769 2318 hominis
798 2258 1032 2316 haeserit
1060 2259 1325 2328 Christo;
1362 2282 1384 2311 ι
1419 2259 1560 2333 quia
1588 2265 1764 2334 caput
1783 2259 1889 2316 viri

253 2350 501 2407 Christus
529 2353 685 2416 est,»
706 2348 1011 2421 amplexus
1026 2348 1355 2422 spiritualia
1371 2355 1594 2406 (sternte
1610 2349 1893 2417 vitae,sine

252 2439 356 2496 ullo
384 2438 780 2513 separationis
796 2437 1003 2495 timore
1023 2438 1360 2511 perfruitur,
1382 2443 1446 2494 ut
1461 2439 1544 2495 ait
1557 2439 1893 2512 Apostolus:

252 2551 275 2578 α
298 2529 432 2595 Quis
462 2545 572 2585 nos
598 2544 872 2600 separare
901 2528 1113 2600 poterit
1139 2545 1173 2583 a
1191 2527 1472 2584 charitate
1484 2527 1695 2585 Christi
1718 2530 1891 2600 (Rom.

247 2620 352 2687 vin)
368 2618 396 2673 ?
427 2642 455 2667 ι»
486 2615 867 2684 subauditur,
900 2615 1064 2673 nulla
1084 2633 1196 2673 res.
1226 2617 1338 2673 Sed
1359 2617 1638 2689 quoniam
1656 2617 1756 2673 illa
1772 2635 1896 2673 mu-

249 2704 542 2763 liererrore
555 2706 893 2771 tenebatur,
924 2723 1051 2778 quae
1071 2705 1442 2778 signiﬁcabat
1454 2706 1893 2764 multitudinem

249 2795 431 2851 saeculi
464 2795 651 2851 variis
680 2793 1201 2866 superstitionibus
1234 2795 1563 2867 subjugari,
1597 2799 1729 2868 post
1750 2800 1897 2853 tem-

247 2901 373 2956 pora
402 2883 502 2939 illa
533 2883 806 2956 quinque
834 2883 1157 2940 carnalium
1174 2900 1455 2940 sensuum
1474 2884 1691 2957 quibus
1709 2884 1900 2957 prima

202 2984 217 3001 λ
244 2973 489 3045 ωιειε.(υι
519 2971 817 3042 diximus)
846 2972 1084 3044 regitur,
1119 2990 1235 3029 non
1266 2990 1333 3029 ea
1355 2975 1597 3030 verbum
1624 2974 1721 3029 Dei
1746 2990 1901 3030 acce-

248 3067 395 3133 perat
423 3061 480 3118 in
514 3061 893 3135 conjugium,
927 3061 1345 3134 sedcomplexu
1360 3062 1687 3119 adulterino
1703 3063 1903 3119 diabo-

1994 1820 2377 1888 posteaquam
2409 1814 2641 1871 locutus
2673 1819 2780 1882 cst,
2810 1820 2973 1871 sexta
3003 1814 3268 1872 mulieris
3314 1814 3638 1887 responsio,

1993 1904 2290 1961 Christum
2320 1903 2534 1960 fatetur
2560 1902 2825 1959 omnium
2848 1905 3148 1975 justorum
3179 1920 3308 1960 esse
3324 1904 3642 1960 doctorem.

1996 1993 2146 2051 Dicit
2176 1993 2363 2050 enim:

2069 2107 2095 2133 ‹‹
2127 2083 2257 2140 Scio
2288 2083 2428 2155 quia
2459 2082 2703 2140 Messias
2733 2081 2907 2150 venit,
2942 2082 3041 2155 qui
3092 2083 3308 2139 dicitur
3355 2082 3643 2139 Christus.

2002 2194 2030 2223 ‹‹
2062 2174 2206 2230 Cum
2238 2189 2374 2245 ergo
2405 2171 2646 2238 venerit,
2676 2170 2775 2227 ille
2805 2171 2975 2228 nobis
3003 2171 3646 2228 annuntiabitomnia.»

1999 2263 2110 2320 Sed
2137 2261 2331 2318 adhuc
2355 2265 2528 2329 errat,
2563 2260 2702 2333 quia
2728 2278 2863 2317 eum
2896 2278 3069 2340 quem
3099 2266 3410 2318 venturum
3428 2264 3645 2333 sperat,

1999 2352 2228 2409 venisse
2260 2368 2374 2407 non
2405 2350 2580 2406 videt.
2626 2351 3040 2407 Verumtamen
3088 2350 3490 2407 misericordia
3540 2352 3650 2407 Do-

2003 2442 2147 2498 mini
2203 2456 2358 2496 nunc
2415 2456 2576 2496 error
2632 2440 2761 2508 iste,
2822 2444 3103 2512 tanquam
3163 2438 3394 2497 adulter
3449 2438 3648 2514 expel-

2002 2530 2160 2586 litur.

2076 2644 2103 2670 «
2135 2619 2286 2675 Dicit
2315 2619 2365 2675 ei
2394 2619 2602 2675 Jesus:
2636 2619 2753 2690 Ego
2785 2635 2916 2673 sum
2971 2617 3071 2689 qui
3121 2617 3329 2690 loquor
3372 2623 3588 2676 tecum.
3624 2641 3653 2670 »

2006 2712 2127 2776 Quo
2157 2707 2376 2776 audito,
2410 2706 2511 2763 illa
2540 2724 2652 2764 non
2680 2707 3006 2779 respondit,
3039 2707 3140 2762 sed
3191 2707 3392 2762 statim
3456 2707 3658 2764 relicta

2006 2797 2214 2872 hydria
2240 2814 2369 2865 sua,
2402 2797 2546 2853 abiit
2574 2795 2634 2851 in
2655 2795 2949 2851 civitatem
2983 2795 3289 2867 festinans,
3314 2800 3380 2851 ut
3400 2797 3657 2870 Evange-

2006 2888 2153 2942 lium
2174 2891 2230 2942 et
2263 2885 2489 2942 Domini
2523 2886 2834 2941 adventum
2869 2901 2984 2941 non
3008 2887 3236 2940 tantum
3251 2886 3528 2955 crederet,
3553 2886 3656 2942 sed

2009 2977 2185 3032 etiam
2219 2975 2576 3048 praedicaret.
2610 2974 2725 3030 Nec
2757 2973 2865 3029 hoc
2888 2972 3283 3046 quod,relicta
3302 2973 3528 3047 hydria,
3543 2973 3659 3030 dis-

2012 3065 2208 3133 cessit,
2243 3063 2605 3136 negligenter
2656 3062 3128 3135 praetereundum
3159 3068 3266 3119 est.
3303 3062 3515 3135 Hydria
3543 3064 3657 3119 for-

245 3130 330 3207 lus
358 3168 484 3208 eam
518 3130 852 3207 obtinebat.
884 3154 1089 3224 Itaque
1122 3130 1203 3206 illi
1230 3151 1901 3220 Uominusdieit,videns
1931 3130 1975 3198 C
2013 3160 2168 3212 tasse
2195 3130 2352 3210 enim
2383 3130 2870 3209 amorem-saeculi
2905 3151 3084 3223 hujus
3126 3130 3436 3225 significat,
3478 3152 3538 3208 id
3571 3155 3662 3209 est

249 3256 365 3296 eam
386 3259 519 3298 esse
548 3239 943 3308 carnalem,id
973 3244 1062 3297 est
1091 3240 1404 3297 carnaliter
1434 3258 1658 3314 sapere:
1677 3242 1899 3311 «Vade,

256 3346 385 3386 voca
416 3330 621 3387 virum
654 3333 845 3398 tuum,
878 3333 935 3385 et
962 3330 1090 3386 veni
1138 3330 1274 3400 huc,
1306 3354 1334 3379 »
1367 3331 1423 3386 id
1455 3336 1543 3387 est
1592 3348 1821 3388 remove
1847 3337 1905 3388 te

253 3419 317 3475 ab
347 3420 664 3477 affectione
694 3418 935 3487 carnali,
988 3419 1048 3474 in
1098 3436 1213 3492 qua
1244 3437 1399 3475 nunc
1451 3420 1774 3477 constituta
1820 3439 1905 3488 es,

257 3509 396 3565 unde
428 3527 544 3566 non
586 3513 754 3582 potes
784 3507 1104 3582 intelligere
1136 3526 1262 3582 quae
1294 3509 1517 3582 loquor.
1553 3511 1623 3565 Et
1651 3528 1792 3567 voca
1820 3511 1907 3565 vi-

256 3614 376 3653 rum
408 3604 613 3665 tuum,
646 3597 705 3653 id
720 3597 1445 3671 estspirituintelligentize
1477 3616 1731 3671 praesens
1761 3604 1907 3656 esto.

2013 3244 2416 3317 cupiditatem,
2449 3240 2587 3313 quia
2616 3239 3013 3297 sibihomines
3027 3240 3663 3314 detenehrosaprofun-

2015 3335 2215 3403 ditate,
2246 3333 2416 3403 cujus
2463 3330 2781 3402 imaginem
2832 3334 3045 3402 puteus
3095 3328 3264 3403 gerit,
3314 3330 3423 3387 hoc
3469 3334 3560 3387 est
3590 3330 3661 3387 de

2016 3428 2249 3480 terrena
2294 3419 2730 3477 conversatione
2784 3419 3068 3474 hauriunt
3112 3418 3489 3492 voluptatem,
3545 3436 3664 3491 qua

2018 3515 2310 3586 percepta,
2340 3510 2552 3565 iterum
2603 3509 2662 3564 in
2711 3508 2839 3578 ejus
2887 3508 3211 3580 appetitum
3260 3507 3663 3576 inardescant;

2021 3602 2173 3658 sicut
2202 3601 2273 3656 de
2303 3616 2456 3671 aqua
2488 3597 2587 3653 illa
2617 3598 2715 3669 qui
2750 3596 2979 3664 biberit,
3001 3596 3410 3653 sitietiterum.
3436 3597 3670 3668 Oporte-

253 3686 512 3743 Estenim
528 3686 748 3744 animae
763 3686 931 3759 quasi
950 3687 1198 3744 maritus
1213 3688 1646 3760 quodammodo
1670 3688 1912 3761 spiritus
2021 3691 2122 3747 bat
2151 3693 2348 3745 autem
2382 3692 2447 3743 ut
2463 3687 2692 3743 Christo
2706 3686 2949 3742 credens
2968 3685 3177 3742 saeculo
3195 3684 3574 3754 renuntiaret,
3590 3689 3669 3749 et,

255 3775 523 3845 hominis,
559 3776 670 3848 qui
702 3776 1016 3832 animalem
1030 3776 1393 3833 affectionem
1408 3782 1689 3849 tanquam
1710 3779 1913 3850 conju-

2024 3778 2225 3835 relicta
2253 3776 2481 3850 hydria,
2513 3774 2893 3848 cupiditatem
2916 3773 3254 3831 saecularem
3286 3791 3349 3831 se
3366 3773 3674 3846 reliquisse

173 3937 176 3939 Α
257 3881 377 3936 gem
405 3865 591 3939 regit:
630 3882 748 3920 non
782 3863 879 3920 ille
907 3865 1164 3938 Spiritus
1194 3870 1456 3935 sanctus,
1476 3866 1575 3937 qui
1600 3883 1733 3921 cum
1749 3868 1916 3923 Patre
2026 3872 2397 3932 monstraret,
2432 3884 2546 3921 non
2579 3865 2772 3921 solum
2803 3866 2975 3920 corde
3005 3865 3246 3921 credens
3263 3864 3335 3920 ad
3351 3863 3673 3935 justitiam,

257 3958 307 4008 et
321 3952 1363 4021 Filioincommutabiliterdatur,scd
1382 3954 1914 4028 spiritushominis,
2028 3958 2127 4014 sed
2150 3957 2332 4013 etiam
2366 3956 2439 4012 ad
2472 3954 2721 4011 salutem
2752 3972 2850 4010 ore
2881 3954 3386 4025 confessuraquod
3410 3952 3674 4009 credidit.

261 4041 323 4097 de
352 4061 468 4116 quo
498 4042 1050 4117 Apostolusdicitzu
1066 4042 1247 4099 Nemo
1262 4043 1523 4116 scitquid
1556 4045 1715 4100 estin
1729 4044 1919 4100 bomi-
2039 4069 2064 4101 α
2094 4046 2245 4102 Dicit
2274 4044 2429 4100 enim
2464 4043 2706 4098 mulier:
2742 4042 3005 4107 Domine,
3038 4042 3203 4098 video
3234 4041 3375 4114 quia
3395 4041 3681 4113 propheta

260 4147 342 4200 ne,
375 4133 489 4189 nisi
526 4131 782 4206 spiritus
812 4131 1070 4187 hominis
1102 4130 1203 4204 qui
1235 4136 1323 4188 est
1350 4132 1410 4187 in
1442 4150 1508 4188 eo
1540 4137 1589 4201 (ι
1622 4133 1741 4188 Cor.
1775 4138 1853 4200 ιι).
1892 4156 1918 4182 ››
2034 4158 2061 4187 ‹‹
2092 4153 2153 4191 es
2186 4140 2269 4190 tu.
2307 4156 2334 4183 ››
2364 4130 2871 4204 Crepitvenirevir,
2891 4132 3151 4185 nondum
3172 4130 3526 4201 plenevenit,
3541 4128 3683 4200 quia

259 4220 396 4276 Nam
429 4221 532 4279 ille
568 4220 828 4293 Spiritus
859 4224 1118 4289 sanctus,
1155 4220 1403 4292 spiritus
1433 4222 1534 4277 Dei
1565 4227 1672 4290 est,
1705 4226 1775 4278 de
1805 4239 1921 4293 quo
2031 4223 2375 4298 prophetam
2407 4220 2721 4275 Dominum
2755 4219 2997 4289 putavit.
3024 4219 3155 4272 Erat
3186 4218 3423 4289 quidem
3455 4220 3513 4271 et
3543 4232 3680 4288 pro-

261 4306 468 4365 iterum
505 4308 689 4365 dicit:
724 4331 752 4360 ‹‹
784 4309 875 4364 Sic
907 4314 962 4365 et
993 4327 1121 4382 qua:
1154 4310 1254 4365 Dci
1288 4315 1430 4365 sunt
1452 4327 1622 4366 nemo
1655 4311 1784 4379 scit,
1809 4310 1923 4367 nisi
2033 4314 2226 4385 pheta,
2262 4327 2395 4366 nam
2429 4309 2499 4365 de
2530 4307 2722 4378 seipso
2754 4307 2868 4362 ait:
2899 4330 2925 4356 ‹‹
2960 4306 3082 4361 Non
3114 4311 3205 4361 est
3234 4304 3520 4377 propheta
3556 4303 3682 4360 sine

262 4397 519 4470 Spiritus
556 4397 679 4454 Dei.
711 4420 739 4447 »
770 4397 875 4453 Hic
904 4415 1040 4472 ergo
1072 4397 1316 4471 spiritus
1348 4398 1604 4454 hominis
1622 4416 1756 4454 cum
1787 4416 1925 4471 prze-
2034 4402 2273 4466 honore,
2311 4399 2422 4454 nisi
2454 4397 2513 4452 in
2546 4395 2735 4469 patria
2760 4412 2870 4451 sua
2897 4394 3080 4467 (Marc,
3116 4396 3213 4463 γι).
3250 4416 3280 4445 ››
3312 4398 3454 4449 ltem
3487 4393 3559 4450 de
3584 4391 3682 4449 illo

264 4502 393 4544 sens
422 4494 539 4555 est,
576 4488 637 4545 id
670 4491 761 4543 est
790 4485 1073 4554 intentus,
1108 4492 1165 4543 et
1194 4504 1256 4543 se
1288 4486 1499 4559 pietate
1530 4487 1766 4558 subjicit
1788 4493 1922 4552 Deo,
1956 4501 2003 4567 Ι)
2034 4490 2256 4547 dictum
2288 4500 2367 4544 est
2403 4487 2472 4543 ad
2507 4487 2773 4559 Moysen;
2797 4484 3189 4561 «Prophetam
3207 4482 3687 4540 eissuscitabode

266 4573 539 4650 intelligit
573 4576 753 4632 homo
784 4592 910 4649 quae
943 4575 1331 4649 spiritualiter
1346 4576 1650 4644 dicuntur;
1675 4594 1809 4632 cum
1832 4595 1928 4632 au-
2040 4580 2317 4636 fratribus
2347 4593 2547 4633 eorum
2578 4573 2834 4631 similem
2886 4573 2968 4628 tui
2999 4574 3176 4642 (Deut.
3220 4572 3404 4642 xvm).
3444 4595 3473 4621 ››
3513 4571 3686 4628 Simi-

267 4666 378 4719 tem
409 4665 640 4721 diaboli
681 4680 863 4732 error,
897 4669 1178 4737 tanquam
1228 4666 1472 4721 absente
1520 4664 1840 4733 intellectu,
1866 4667 1926 4721 in
2038 4669 2153 4726 lem
2186 4666 2406 4722 scilicet
2435 4666 2509 4721 ad
2532 4665 2779 4720 formam
2810 4662 3025 4728 carnis,
3060 4679 3174 4717 non
3206 4663 3278 4718 ad
3306 4659 3689 4718 eminentiam

267 4752 460 4809 anima
489 4754 859 4822 dominatur,
893 4754 1125 4810 adulter
1151 4760 1258 4810 est.
1296 4778 1323 4804 «
1350 4754 1507 4810 Voca
1528 4770 1664 4825 ergo
1695 4754 1929 4827 (inquit)
2041 4751 2900 4830 majestatis.Ergoinvenimus
2917 4750 3231 4808 Dominum
3248 4750 3450 4806 Jesum
3468 4748 3693 4806 dictum

267 4839 455 4898 virum
490 4847 689 4901 tuum.
727 4866 754 4892 »
786 4843 844 4898 id
868 4842 1265 4917 estspiritum,
1285 4843 1489 4915 quiest
1518 4843 1577 4897 in
1611 4848 1685 4912 te,
1705 4860 1820 4915 quo
1840 4859 1937 4916 po-
2042 4846 2409 4920 prophetam.
2442 4842 2687 4899 Proinde
2709 4842 2837 4912 jam
2870 4858 2984 4897 non
3019 4840 3271 4896 multum
3301 4843 3457 4895 errat
3484 4837 3697 4894 mulier

268 4933 377 4987 test
406 4932 597 4988 homo
629 4931 953 5006 intelligere
984 4931 1333 5005 spiritualia.
1367 4931 1698 4987 Sieumlux
1725 4931 1934 4987 verita-
2044 4936 2174 4992 ista.
2211 4957 2239 4983 «
2272 4932 2473 5000 Video,
2512 4954 2539 4980 »
2590 4930 2803 5001 inquit,
2854 4954 2881 4979 ‹‹
2916 4928 3055 5001 quia
3092 4927 3383 5001 propheta
3431 4944 3494 4984 es
3541 4932 3628 4983 tu.
3668 4949 3696 4976 ››

272 5019 346 5074 tis
374 5019 724 5088 illustret,et
752 5021 877 5095 ipse
905 5022 1079 5090 adsit,
1100 5021 1400 5095 colloquar
1426 5020 1637 5089 tibi,ut
1667 5020 1939 5093 spiritua-
2054 5023 2267 5096 Incipit
2295 5021 2487 5077 virum
2544 5018 2875 5074 adulterum
2924 5017 3248 5088 excludam,
3299 5018 3535 5091 quando
3586 5016 3695 5073 ait:

272 5105 385 5164 lem
434 5127 667 5182 aquam
718 5110 910 5183 possis
963 5111 1246 5185 accipere.
1299 5112 1368 5166 Et
1413 5126 1548 5166 cum
1604 5108 1725 5181 illa,
1759 5132 1785 5159 «
1822 5126 1937 5166 non
2051 5136 2079 5165 ‹‹
2110 5113 2291 5168 Video
2324 5111 2463 5183 quia
2491 5107 2775 5181 propheta
2820 5124 2884 5162 es
2913 5111 2998 5175 tu,
3032 5130 3060 5158 »
3095 5112 3152 5164 et
3197 5107 3404 5181 incipit
3444 5121 3702 5180 quzerere

276 5195 488 5265 habeo,
523 5222 554 5250 η
608 5200 711 5266 ait,
745 5222 773 5249 «
825 5199 1039 5268 virum,
1088 5201 1256 5266 bene,
1291 5224 1318 5250 »
1368 5199 1580 5271 inquit,
1633 5222 1660 5247 α
1718 5198 1938 5271 dixisti,
2050 5202 2205 5274 quod
2239 5200 2399 5254 illam
2432 5198 2656 5254 solebat
2686 5213 2935 5252 movere.
2968 5196 3705 5270 Contentioquippefuerat

276 5286 548 5361 quinque
583 5289 739 5344 enim
764 5290 917 5346 viros
932 5289 1212 5357 habuisti,
1237 5312 1264 5338 »
1284 5289 1341 5344 id
1359 5288 1942 5360 estquinquesensus
2050 5291 2202 5347 inter
2231 5288 2633 5343 Samaritanos
2662 5289 2719 5340 et
2747 5285 3002 5352 Judzeos,
3036 5285 3174 5358 quia
3192 5286 3377 5341 Judaei
3400 5286 3460 5340 in
3482 5283 3702 5357 templo

281 5376 477 5431 carnis
512 5377 577 5430 in
608 5379 794 5450 prima
825 5382 990 5434 aetate
1023 5381 1296 5432 rexerunt
1325 5381 1398 5444 te,
1434 5401 1459 5426 ‹‹
1494 5381 1552 5431 et
1583 5394 1738 5432 nunc
1770 5394 1943 5448 quem
2054 5399 2088 5436 a
2119 5378 2429 5434 Salomone
2462 5374 2741 5441 fabricato
2763 5375 3435 5431 adorabantDominum.
3457 5372 3706 5429 Samari-

283 5460 493 5530 habes,
531 5481 646 5522 non
678 5470 768 5523 est
798 5472 937 5524 tuus
967 5467 1072 5534 vir,
1109 5489 1136 5517 »
1154 5467 1420 5538 quianon
1435 5470 1523 5521 est
1552 5464 1609 5519 in
1632 5468 1685 5520 te
1704 5466 1947 5537 spiritus
2058 5466 2199 5533 tani,
2234 5465 2405 5538 longe
2434 5464 2570 5519 inde
2602 5461 2798 5534 positi,
2836 5480 2950 5519 non
2981 5464 3041 5519 in
3073 5480 3138 5520 eo
3170 5464 3510 5520 adorabant.
3527 5462 3608 5515 Ex
3637 5475 3703 5514 eo

283 5551 386 5621 qui
416 5551 711 5627 intelligat
740 5560 945 5625 Deum,
979 5572 1113 5612 cum
1147 5572 1262 5628 quo
1296 5553 1623 5627 legitimum
1664 5558 1827 5626 potes
1852 5555 1950 5612 ha-
2058 5555 2245 5614 Judaei
2278 5553 2547 5610 meliores
2580 5569 2707 5608 esse
2739 5551 3112 5623 lietahantur,
3143 5552 3281 5623 quia
3311 5545 3707 5619 intempload-
