4028 6176
335 334 454 398 279

896 332 1303 398 HAYMONIS
1346 335 1885 397 HALBERS'I‘AT.
1931 320 2175 395 EPISC.
2224 334 2397 394 cer.
2442 333 2642 395 PAns
2687 333 2763 394 Π.
2796 368 2872 378 -
2905 329 3176 394 HOMIL.

3622 326 3739 393 280

336 470 584 528 orabant
613 475 815 525 Deum.
850 470 974 525 Non
1006 469 1161 526 enim
1192 474 1512 525 coutuntur
1536 468 1720 524 Judaei
1735 468 1985 523 Samari-
2016 470 2065 534 Α
2100 467 2268 522 ritate
2302 466 2635 522 noverimus
2665 467 2925 522 adorare.
2962 466 3194 522 Sciebat
3224 465 3357 538 quis
3388 482 3514 520 eam
3547 468 3740 537 posset

335 560 514 626 tanis,
547 559 686 632 quia
710 559 1013 615 dicebant:
1048 559 1347 622 Quomodo
1377 575 1479 613 vos
1507 558 1742 623 iactatis,
1765 564 1822 613 et
1854 559 1980 614 ideo

334 666 437 705 vos
468 648 638 704 nobis
670 647 941 704 meliores
965 664 1092 703 esse
1124 647 1460 719 perhibetis,
1508 648 1647 719 quia
1692 646 1980 719 templum

335 736 588 802 habetis,
622 737 776 809 quod
809 754 915 791 nos
945 754 1059 791 non
1094 736 1419 792 habemus?
1464 736 1740 808 Nunquid
1789 741 1983 807 patres

331 827 539 894 nostri,
573 825 672 898 qui
703 826 820 882 Dec
850 825 1213 897 placuerunt,
1248 824 1308 879 in
1336 824 1552 896 templo
1570 824 1985 880 adoraverunt?

332 917 536 972 Nonne
564 914 622 970 in
656 915 767 971 isto
797 919 996 970 monte
1026 915 1431 979 adoraverunt,
1468 914 1565 969 ubi
1598 930 1703 969 nos
1740 913 1986 968 sumus?

332 1005 545 1062 Melius
572 1021 710 1076 ergo
741 1020 849 1060 nos
881 1003 1199 1075 (inquiunt)
1230 1002 1290 1057 in
1323 1002 1432 1058 hoc
1465 1007 1663 1057 monte
1688 1008 1865 1058 Deum
1897 1019 1986 1058 ro-

335 1110 567 1168 gamus,
603 1092 702 1149 ubi
736 1097 930 1165 patres
965 1093 1145 1148 nostri
1169 1097 1535 1163 rogaverunt.
1551 1091 1989 1147 Contendebant

335 1183 573 1256 utrique
603 1181 810 1255 ignari,
844 1180 1002 1253 quia,
1035 1181 1225 1235 virum
1257 1198 1371 1235 non
1406 1180 1706 1246 habentes,
1749 1180 1833 1235 illi
1882 1198 1985 1252 pro

332 1271 577 1344 templo,
608 1271 705 1326 isti
727 1288 829 1343 pro
845 1270 1984 1337 monteinflabanturariversusinvicem,

334 1360 622 1417 Dominus
652 1363 848 1414 tamen
872 1360 1045 1415 modo
1066 1360 1234 1414 docet
1250 1359 1578 1423 mulierem,
1596 1363 1877 1429 tanquam
1892 1376 1988 1415 cu-

327 1451 434 1521 jus
465 1449 551 1503 vir
581 1447 822 1519 cceperit
852 1463 1110 1518 praesens
1148 1464 1296 1503 esse.
1331 1469 1356 1495 ‹‹
1377 1447 1525 1502 Dicit
1554 1448 1605 1502 ei
1637 1447 1865 1502 mulier:
1883 1448 1988 1503 Do-

336 1562 364 1589 «ι
393 1538 572 1606 mine,
602 1537 768 1592 video
802 1537 945 1609 quia
976 1536 1258 1608 propheta
1286 1553 1348 1591 es
1379 1541 1462 1591 tu.
1496 1537 1694 1591 Patres
1717 1538 1901 1593 nostri
1927 1538 2006 1592 in-

336 1648 367 1677 e
398 1631 595 1683 monte
608 1626 717 1683 hoc
728 1627 1198 1692 adoraverunt,et
1209 1642 1310 1680 vos
1327 1625 1551 1680 dicistis
1566 1627 1707 1696 quia
1720 1626 1987 1683 Hieroso-

262 1736 271 1741 α
334 1739 363 1768 ‹‹
397 1716 572 1790 lymis
603 1716 1100 1786 adorareoportet.
1118 1714 1267 1769 Dicit
1297 1713 1346 1768 ei
1362 1714 1805 1780 JesuszMulier,
1820 1717 1989 1772 crede

2094 557 2321 618 docere.
2356 556 2454 611 sed
2480 556 2606 625 jam
2640 557 2881 611 docente
2915 555 3189 611 nondum‘
3208 554 3578 626 agnoscebat;
3614 556 3736 625 jam

2093 661 2230 717 ergo
2257 646 2435 718 digna
2463 650 2589 701 erat
2616 646 2706 700 cui
2755 645 3247 701 manii‘estaretur.
3281 642 3525 699 Messias
3546 648 3738 700 autem

2093 740 2310 790 unctus
2370 740 2478 790 est.
2540 735 2763 791 Unctus
2839 734 3060 799 Latine,
3131 733 3324 789 Graece
3380 733 3575 799 χρίστος
3633 739 3739 800 est,

2093 823 2372 878 chraice
2406 824 2649 879 Messias
2681 828 2787 880 est.
2842 846 2869 873 «
2905 825 3021 895 Ego
3071 823 3213 878 dicit
3241 823 3291 878 ei
3348 822 3579 889 mulier,
3614 823 3744 879 Scio

2088 912 2234 983 quia
2265 912 2512 968 Messias
2540 913 2719 977 venit,
2751 913 2851 984 qui
2884 912 3098 968 dicitur
3121 912 3406 967 Christus.
3430 912 3575 967 Cum
3607 929 3745 984 ergo

2092 1000 2337 1066 venerit,
2398 1002 2507 1056 iste
2565 1002 2734 1057 nobis
2792 1001 3165 1057 annuntiabit
3224 1001 3441 1057 omnia.
3503 1001 3651 1057 Dicit
3692 1003 3745 1057 ei

2093 1089 2297 1166 Jesus:
2332 1093 2449 1163 Ego
2481 1109 2613 1146 sum
2647 1092 2747 1163 qui
2778 1090 2991 1164 loquor
3038 1097 3254 1147 tecum.
3294 1114 3319 1139 »
3350 1091 3481 1147 Jam
3532 1091 3748 1147 mulier

2092 1179 2408 1234 ordinatur
2438 1180 2491 1234 in
2512 1180 2621 1235 ﬁde
2634 1185 2690 1236 et.
2704 1180 3081 1252 regiturbene
3094 1181 3336 1235 victura.
3355 1178 3745 1253 Posteaquam

2096 1267 2318 1322 audivit
2346 1268 2482 1324 hoc:
2519 1291 2547 1320 ‹‹
2579 1271 2692 1342 Ego
2720 1268 3577 1341 sumquiloquortecum,«jam
3593 1271 3751 1327 ultra

2096 1357 2236 1427 quid
2269 1357 2488 1413 diceret
2502 1356 2775 1430 ?quando
2789 1357 3058 1414 Christus
3072 1357 3357 1414 Dominus
3373 1360 3750 1416 manifestare

2088 1463 2159 1500 se
2186 1445 2369 1502 voluit
2398 1447 2650 1513 mulieri,
2685 1448 2776 1502 cui
2809 1448 3061 1502 dixerat:
3097 1471 3121 1497 ‹‹
3151 1447 3333 1503 Crede
3364 1449 3528 1505 mihi.
3562 1472 3590 1499 ››

2169 1558 2197 1585 ‹‹
2230 1536 2299 1590 Et
2328 1536 2605 1592 continuo
2636 1540 2920 1593 venerunt
2960 1536 3261 1609 discipuli,
3295 1541 3353 1592 et
3381 1538 3754 1594 mirabantur

2100 1646 2128 1676 «
2161 1625 2299 1696 quia
2324 1642 2459 1681 cum
2505 1625 2748 1682 muliere
2798 1626 3165 1699 loquebatur.
3200 1649 3228 1676 »
3259 1627 3404 1693 Quia
3450 1630 3755 1700 quaerebat

2098 1712 2407 1783 perditam,
2442 1714 2541 1785 qui
2575 1719 2811 1769 venerat
2839 1714 3097 1787 quaerere
3128 1715 3282 1786 quod
3326 1715 3601 1787 perierat,
3641 1717 3755 1773 hoc

336 1830 365 1857 «
401 1805 566 1861 mihi.
602 1826 624 1854 ι
659 1804 867 1859 Veniet
896 1804 1054 1860 enim
1086 1802 1365 1870 Ecclesia,
1398 1803 1549 1858 sicut
1580 1803 1801 1859 dictum
1829 1806 1985 1860 estin
2024 1838 2068 1903 Β
2099 1800 2183 1855 illi
2214 1802 2600 1858 mirabantur.
2635 1804 2860 1860 Bonum
2892 1804 3048 1860 enim
3081 1806 3466 1871 mirabantur,
3489 1822 3601 1863 non
3633 1824 3759 1864 ma-

336 1894 592 1950 Canticis
613 1892 975 1949 canticorum
1008 1897 1190 1958 (Cant.
1221 1895 1310 1959 u):
1346 1914 1374 1941 ‹‹
1410 1892 1667 1949 Dilectus
1698 1909 1864 1950 meus
1905 1893 1989 1950 lo-

2099 1889 2219 1946 lum
2252 1891 2725 1963 suspicabantur.
2759 1894 3149 1950 Nemotamen
3169 1893 3497 1962 dixit,Quid
3516 1898 3754 1969 quaeris,

337 1983 541 2056 quitur
571 1982 737 2037 mihi.
772 2003 799 2031 »
831 1983 900 2037 Et
926 1980 1175 2037 iterum:
1210 2000 1237 2030 ιι
1269 1982 1477 2053 Surge,
1502 1999 1769 2055 propera,
1803 1983 1992 2039 amica
2097 1983 2202 2034 aut
2232 1980 2372 2050 quid
2406 1980 2665 2052 loqueris
2696 1999 2829 2038 cum
2863 1981 2973 2039 ea?

337 2090 492 2143 mea,
523 2072 778 2127 formosa
807 2069 1244 2134 mea,columba
1276 2087 1425 2139 mea,
1446 2070 1986 2143 immaculatamea,

337 2168 394 2219 et
423 2161 573 2217 veni.
605 2160 736 2217 Jam
768 2159 925 2216 enim
956 2160 1162 2231 hyeme
1190 2160 1443 2228 transiit,
1471 2158 1662 2216 imber
1690 2161 1850 2229 abiit,
1886 2161 1988 2216 ﬂo-

334 2269 429 2307 res
460 2252 860 2323 apparuerunt
888 2250 946 2304 in
979 2254 1133 2304 terra
1163 2252 1382 2318 nostra,
1415 2254 1653 2322 tempus
1673 2250 1987 2321 putationis

335 2340 588 2396 advenit.
620 2339 743 2394 Vox
774 2338 1023 2393 turturis
1048 2337 1248 2392 audita
1277 2343 1364 2394 est
1398 2339 1455 2393 in
1488 2342 1643 2393 terra
1691 2344 1912 2395 nostra.
1950 2362 1977 2389 »

330 2429 539 2487 Merito
588 2430 715 2500 jam
755 2432 1038 2499 praesente
1092 2427 1213 2481 viro
1274 2427 1438 2481 audit
1485 2427 1716 2495 mulier,
1750 2450 1777 2477 ‹‹
1811 2429 1983 2484 crede

335 2519 501 2575 mihi.
538 2540 566 2568 η
598 2518 729 2573 Jam
759 2515 911 2572 enim
946 2521 1035 2571 est
1060 2516 1117 2570 in
1140 2519 1195 2570 te
1226 2515 1555 2587 quicredat,
1576 2519 1712 2588 quia
1730 2534 1985 2589 praesens

335 2613 425 2665 est
456 2608 541 2663 vir
569 2611 727 2662 tuus.
758 2603 991 2676 Cmpisti
1023 2605 1229 2659 adesse
1258 2604 1575 2669 intellectu,
1625 2607 1859 2676 quando
1892 2622 1984 2662 me

330 2697 683 2770 prophetam
711 2692 1038 2767 appellasti.
1076 2693 1303 2760 Mulier,
1325 2695 1493 2749 crede
1509 2693 1664 2760 mihi,
1691 2693 1848 2766 quia,
1868 2694 1982 2749 nisi

332 2785 669 2851 credideris,
704 2801 816 2839 non
849 2782 1157 2854 intelliges.
1192 2784 1340 2853 Ergo
1369 2783 1540 2838 crede
1570 2782 1731 2837 mihi.
1775 2807 1803 2832 ‹‹
1838 2784 1986 2849 Quia

328 2898 367 2927 4t
396 2875 555 2931 venit
585 2874 747 2941 hora,
783 2873 1017 2944 quando
1049 2888 1236 2943 neque
1263 2871 1322 2925 in
1355 2876 1551 2927 monte
1572 2872 1700 2936 hoc,
1724 2873 1981 2945 nequein

335 2987 363 3014 ‹‹
398 2961 812 3034 Hierosolymis
826 2959 1143 3016 adorabitis
1159 2960 1379 3015 Patrem
1391 3003 1404 3016 .
1423 2961 1537 3017 Vcs
1556 2962 1812 3018 adoratis
1827 2964 1981 3035 quod

330 3075 365 3103 ‹‹
397 3051 657 3120 nescitis,
685 3066 792 3105 nos
820 3049 1135 3105 adoramus
1148 3051 1302 3122 quod
1318 3050 1712 3123 scimus,quia
1741 3052 1903 3108 salus
1916 3069 1984 3109 ex

332 3162 367 3195 e
398 3140 619 3197 Judais
649 3143 757 3195 est.
793 3139 903 3195 Sed
932 3138 1091 3195 venit
1114 3139 1255 3195 hora
1269 3145 1325 3195 et
1343 3146 1617 3197 nuncest.
1645 3163 1666 3190 ιι
1693 3143 1830 3207 Quae
1846 3158 1981 3215 ergo

2170 2092 2196 2118 ‹‹
2233 2068 2491 2141 Reliquit
2524 2087 2659 2141 ergo
2691 2071 2958 2144 hydriam
2992 2089 3160 2129 suam
3195 2071 3425 2130 mulier.
3455 2097 3480 2125 ››
3512 2075 3754 2144 Audito,

2099 2180 2127 2207 ‹‹
2160 2158 2277 2229 Ego
2305 2175 2436 2213 sum
2469 2159 2567 2230 qui
2603 2160 2811 2231 loquor
2838 2165 3055 2228 tecum,
3091 2183 3118 2211 »
3152 2165 3455 2234 et'recepto
3484 2162 3541 2218 in
3573 2166 3757 2221 corde

2088 2246 2325 2301 Christo
2362 2248 2626 2314 Domino,
2663 2249 2803 2321 quid
2840 2251 3198 2317 faceret,nisi
3225 2244 3629 2325 jam’hydriam
3656 2254 3759 2309 di-

2095 2334 2353 2391 mitteret
2383 2341 2439 2391 et
2470 2336 2864 2409 evangelizare
2895 2341 3179 2395 curreret!
3205 2341 3759 2415 Projecithpidita-

2090 2428 2237 2489 tem,
2267 2429 2323 2479 et
2354 2426 2682 2498 properavit
2712 2427 3395 2496 annuntiareveritatem,
3417 2430 3757 2505 Hydria'vas

2088 2518 2219 2567 erat
2250 2513 2403 2568 unde
2427 2514 2991 2586 aquahauriebatur,
3014 2516 3207 2572 Graeco
3221 2519 3460 2574 nomine
3487 2519 3755 2592 appella-
3795 2527 3798 2530 ’

2091 2606 2190 2657 tur
2214 2610 2370 2675 ὑδρία,
2414 2602 2689 2675 quoniam
2739 2604 2933 2660 Grece
2982 2622 3135 2677 aqua
3164 2614 3292 2679 ὕδωρ
3327 2606 3557 2675 dicitur,
3612 2614 3755 2666 tan-

2088 2707 2268 2761 quam
2301 2709 2402 2746 vas
2454 2709 2742 2763 aquarum
2786 2693 3102 2749 diceretur.
3157 2694 3404 2766 Projecit
3452 2696 3754 2770 hydriam,

2091 2796 2220 2852 quae
2253 2798 2362 2835 non
2390 2781 2513 2852 jam
2552 2782 2705 2850 usui,
2737 2783 2835 2837 sed
2870 2783 3025 2837 oneri
3061 2782 3187 2838 fuit.
3220 2785 3628 2859 Avidaquippe
3650 2789 3761 2844 de-

2088 2869 2387 2925 siderabat
2415 2886 2568 2941 aqua
2598 2869 2927 2937 illasatiari,
2946 2873 3403 2929 utannuntiaret
3420 2874 3757 2941 Christum,

2091 2974 2265 3013 onere
2296 2959 2541 3029 abjecto.
2577 2958 2845 3014 Cucurrit
2874 2959 2946 3014 ad
2979 2959 3296 3028 civitatem,
3342 2967 3398 3017 et
3426 2963 3569 3019 dicit
3617 2964 3755 3021 illis

2088 3046 2462 3103 hominibus:

2163 3158 2192 3186 ‹‹
2226 3135 2426 3192 Venite
2456 3140 2513 3191 et
2542 3137 2729 3192 videte
2760 3136 3080 3204 hominem,
3105 3138 3204 3210 qui
3225 3140 3755 3199 dixitmihicmnia

332 3231 518 3288 hora?
550 3254 577 3281 «
613 3229 855 3296 Quando
886 3227 1002 3284 veri
1037 3229 1372 3286 adoratores
1401 3231 1729 3285 adorabunt
1756 3209 1978 3286 Patren]
2012 3209 2055 3273 (ἶ
2097 3246 2124 3273 (ί
2155 3229 2515 3296 quaecunque
2547 3225 2676 3280 feci.
2710 3248 2734 3275 η
2771 3209 3150 3295 Pedeteutim,
3181 3245 3251 3284 ne
3302 3228 3384 3285 illi
3426 3230 3593 3302 quasi
3631 3231 3753 3288 ira-

328 3320 393 3375 in
427 3320 637 3392 spiritu
666 3324 727 3374 et
756 3318 1015 3373 veritate.
1054 3339 1081 3366 ››
1116 3318 1239 3373 Non
1274 3318 1332 3372 in
1364 3322 1561 3373 monte
1594 3318 1727 3383 isto,
1777 3335 1887 3373 non
1923 3318 1982 3372 in

330 3408 574 3480 templo,
609 3408 710 3462 sed
741 3407 800 3460 in
832 3405 1041 3477 spiritu
1076 3411 1133 3460 et
1156 3405 1411 3461 veritate.
1430 3404 1685 3477 Spiritus
1708 3411 1796 3460 est
1811 3410 1979 3461 Deus.

334 3496 397 3553 Si
427 3512 641 3567 corpus
691 3497 846 3549 esset
906 3485 1076 3558 Deus,
1138 3493 1441 3565 oportebat
1467 3509 1599 3548 eum
1650 3493 1878 3548 adorari
1919 3492 1981 3549 in

330 3586 549 3649 monte,
584 3581 723 3654 quia
751 3597 1065 3652 corporeus
1096 3584 1398 3647 estmons;
1419 3581 1981 3652 oportebateumad-

324 3671 480 3728 crari
493 3670 552 3726 iu
567 3668 1238 3743 templo,quiacorporeu
1249 3685 1301 3722 m
1316 3673 1527 3724 esttem
1536 3668 1698 3740 plum
1710 3670 1849 3743 .Spii
1864 3670 1982 3727 itus

326 3765 415 3818 est
446 3765 617 3826 Deus,
648 3762 815 3815 eteos
827 3757 926 3829 qui
944 3757 1189 3812 adorant
1201 3772 1333 3812 eum
1345 3756 1422 3824 ,in
1438 3758 1653 3830 spiritu
1669 3764 1725 3813 et
1740 3760 1979 3816 veritate

323 3853 550 3923 oportet
563 3848 860 3904 adorare.«
875 3846 992 3902 Nos
1005 3846 1321 3902 adoramus
1332 3848 1487 3920 quod
1508 3846 1748 3917 scimus,
1763 3866 1863 3905 vos
1876 3851 1976 3905 ad-

322 3937 502 3995 oratis
515 3936 671 4009 quod
687 3934 1268 4007 nescitis,quiasalus
1282 3935 1681 3992 exludmisest.
1694 3936 1976 3994 nMultum

321 4024 482 4083 dedit
503 4023 743 4091 Judaeis,
778 4023 876 4078 sed
903 4021 1019 4079 noli
1038 4022 1185 4079 istos
1199 4025 1477 4096 reprcbos
1490 4025 1769 4097 accipere,
1787 4027 1974 4099 parie-

320 4119 441 4171 tem
474 4113 640 4170 illum
676 4110 900 4168 scilicet
928 4111 1106 4167 Israel
1141 4113 1456 4184 adjunctus
1503 4117 1615 4182 est,
1663 4118 1729 4170 ut
1756 4115 1971 4187 placati

320 4203 379 4260 in
411 4202 600 4277 lapide
632 4200 923 4275 angulari,
956 4200 1055 4272 qui
1088 4205 1177 4256 est
1204 4201 1492 4271 Christus,
1537 4203 1969 4275 copularentur.

322 4292 489 4349 Unus
519 4292 676 4348 enim
710 4290 899 4365 paries
930 4307 964 4345 a
992 4289 1231 4360 Judaais,
1265 4307 1420 4347 unus
1448 4292 1973 4368 agentibus,longe

320 4382 513 4439 dissiti
547 4380 819 4455 parietes,
854 4380 954 4436 sed
985 4380 1169 4434 donec
1196 4377 1256 4433 in
1280 4379 1494 4453 angulo
1514 4381 1966 4454 conjungantur.

318 4470 671 4545 Alienigena:
715 4473 909 4525 autem
945 4471 1001 4522 et
1051 4467 1315 4539 hospites
1355 4473 1541 4536 erant,
1573 4476 1630 4525 et
1681 4471 1968 4544 peregrini

318 4577 357 4616 ο.
385 4558 756 4615 testamentis
790 4556 909 4619 Dei,
941 4557 1266 4612 secundum
1299 4556 1406 4612 hoc
1436 4572 1572 4629 ergo
1603 4558 1824 4613 dictum
1857 4565 1966 4632 est,
2001 4577 2045 4642 η

320 4669 350 4698 ‹‹
378 4664 487 4703 nos
516 4648 828 4702 adoremus
859 4645 1013 4717 quod
1037 4645 1279 4700 scimus.
1315 4668 1343 4695 »
1366 4646 1443 4701 Ex
1472 4647 1967 4720 perscnaquidem

315 4736 650 4793 Judarorum
684 4734 905 4790 dictum
930 4738 1036 4796 est.
1061 4733 1164 4789 sed
1179 4751 1294 4789 non
1311 4733 1575 4790 omnium
1604 4735 1966 4808 Judzecrum,

316 4842 431 4883 non
456 4825 834 4897 reproborum
855 4823 1216 4889 Judzecrum,
1267 4824 1368 4879 sed
1400 4824 1470 4879 de
1502 4823 1721 4881 talibus
1764 4826 1968 4899 quales

310 4913 553 4970 fuerunt
575 4912 846 4986 apostoli,
881 4911 1084 4984 quales
1124 4912 1364 4968 fuerunt
1406 4913 1721 4987 prophetae,
1762 4915 1967 4988 quales

314 5001 557 5057 fuerunt
586 5019 790 5058 omnes
821 5000 901 5055 illi
934 5000 1144 5063 sancti,
1179 5002 1276 5073 qui
1309 5002 1507 5058 omnia
1537 5020 1645 5058 sua
1693 5000 1965 5061 vendide-

316 5093 477 5158 runt,
507 5094 563 5144 et
592 5092 776 5162 pretia
805 5106 1000 5145 rerum
1025 5106 1265 5145 Silarum
1292 5092 1365 5145 ad
1379 5092 1553 5162 pedes
1567 5091 1963 5164 apostolorum

310 5182 643 5250 posuerunt
668 5178 809 5250 (Act.
844 5183 927 5245 ιι).
962 5178 1086 5233 Non
1118 5179 1273 5233 enim
1306 5178 1519 5252 repulit
1550 5183 1699 5235 Deus
1731 5179 1958 5252 plebem

320 5282 518 5336 suam,
548 5283 727 5339 quam
759 5264 1046 5336 praescivit
1075 5268 1245 5334 (Psal.
1280 5268 1455 5339 xcm).
1485 5291 1512 5319 «
1550 5268 1695 5323 Dicit
1741 5268 1793 5324 ei
1829 5286 1957 5325 mu-

312 5354 458 5411 lier:
492 5355 622 5412 Scio
653 5354 793 5425 quia
823 5354 1067 5411 Messias
1097 5356 1272 5421 venit,
1304 5357 1402 5429 qui
1434 5357 1650 5413 dicitur
1668 5358 1955 5415 Christus.

309 5446 456 5500 Cum
486 5460 621 5516 ergo
650 5441 891 5507 venerit,
928 5442 1023 5498 ille
1054 5444 1222 5499 nobis
1253 5446 1905 5503 omniademcnstrabit.
1926 5470 1954 5499 ››

311 5536 451 5591 Cum
509 5533 606 5588 ille
658 5531 896 5599 venerit,
959 5538 1219 5589 montem
1268 5540 1520 5606 spernet,
1583 5540 1641 5590 et
1673 5537 1957 5608 templum

307 5626 544 5680 evertet.
577 5620 816 5678 Dcc’ebit
837 5638 943 5678 nos
975 5620 1072 5678 ille
1094 5623 1310 5692 omnia,
1344 5629 1408 5679 ut
1438 5624 1495 5679 in
1525 5623 1735 5696 spiritu
1779 5629 1837 5680 et
1865 5643 1957 5680 ve-

2093 3318 2399 3367 scerentur
2425 3318 2482 3369 et
2512 3313 2979 3386 indignarentur,
3012 3321 3069 3372 et
3099 3318 3523 3391 perquirerent,
3574 3322 3753 3378 addi-

2094 3401 2204 3456 dit:

2163 3512 2190 3540 ‹‹
2225 3489 2498 3562 Nunquid
2531 3491 2656 3564 ipse
2693 3497 2784 3548 est
2822 3494 3131 3551 Christus?
3173 3496 3452 3553 Exierunt
3499 3513 3642 3572 ergo
3677 3502 3755 3558 de

2091 3601 2120 3627 ‹‹
2152 3578 2402 3647 civitate,
2436 3586 2493 3636 et
2519 3582 2830 3638 veniebant
2859 3584 2929 3638 ad
2963 3601 3118 3640 eum.
3153 3585 3222 3640 Et
3271 3587 3555 3659 rogabant
3603 3606 3751 3645 eum

2090 3691 2115 3716 ‹‹
2152 3667 2444 3741 discipuli,
2507 3670 2793 3727 dicentes:
2857 3673 3065 3744 Rabbi,
3121 3677 3495 3732 manduca.»
3548 3676 3755 3735 lerant

2089 3772 2280 3812 emere
2309 3758 2492 3827 cibos,
2527 3763 2585 3814 et
2615 3766 2916 3817 venerunt.

2159 3870 2187 3896 ‹‹
2224 3846 2323 3902 Ille
2355 3852 2548 3905 autem
2582 3849 2727 3905 dixit
2757 3850 2869 3906 eis:
2906 3852 3024 3924 Ego
3049 3853 3245 3908 cibum
3280 3853 3463 3911 habeo
3493 3841 3755 3913 mandu-

2087 3958 2114 3985 ‹‹
2149 3952 2279 3991 care
2309 3953 2481 4008 quem
2512 3955 2614 3992 vos
2649 3938 2905 3995 nescitis.
2950 3939 3231 3997 Dicebant
3269 3960 3406 4016 ergo
3452 3944 3743 4018 discipuli

2087 4046 2116 4075 «
2147 4026 2216 4079 ad
2236 4025 2481 4081 invicem
2500 4043 2512 4081 :
2528 4027 2800 4100 Nunquid
2814 4028 3030 4101 aliquis
3043 4035 3164 4086 attu
3176 4031 3241 4087 lit
3252 4032 3301 4087 ei
3316 4034 3746 4091 manducare.»

2082 4113 2230 4180 Quid
2265 4114 2478 4169 mirum
2514 4115 2562 4170 si
2596 4116 2809 4171 mulier
2835 4117 2937 4172 illa
2964 4132 3082 4175 non
3104 4118 3464 4194 intelligebat
3494 4140 3747 4196 aquam,

2081 4219 2213 4259 ecce
2243 4203 2515 4275 discipuli
2548 4205 2811 4261 nondum
2836 4206 3243 4282 intelligebant
3262 4227 3478 4269 escam.
3503 4213 3752 4270 Audivit

2081 4295 2277 4346 autem
2312 4292 2694 4365 cogitationes
2725 4293 2981 4366 illorum,
3015 4297 3187 4353 etiam
3207 4297 3444 4354 instruit
3458 4304 3523 4355 ut
3545 4304 3749 4375 magi-

2080 4383 2219 4448 ster,
2253 4398 2367 4436 non
2401 4398 2503 4453 per
2533 4381 2867 4451 circuitum,
2887 4385 3240 4454 sicutillam,
3261 4388 3641 4460 cujusadhuc
3664 4392 3750 4447 vi-

2081 4486 2209 4525 rum
2244 4470 2597 4541 requirebat,
2628 4473 2729 4527 sed
2763 4474 2934 4529 etiam
2970 4479 3186 4548 aperte.

2151 4580 2179 4607 ‹‹
2214 4557 2376 4612 Meus
2409 4557 2648 4631 (inquit)
2674 4560 2840 4616 cibus
2868 4569 2984 4618 est:
3011 4568 3077 4619 ut
3110 4564 3323 4620 faciam
3371 4565 3747 4626 voluntatem

2080 4668 2107 4694 ‹‹
2144 4647 2271 4716 ejus
2302 4646 2400 4718 qui
2436 4663 2528 4702 me
2560 4647 2741 4703 misit.
2777 4673 2803 4700 ››
2834 4651 2986 4724 Ergo
3018 4656 3076 4708 et
3098 4653 3614 4726 potusipseeratin
3639 4659 3750 4715 illa

2081 4734 2344 4802 muliere,
2377 4741 2441 4790 ut
2470 4735 2685 4792 faceret
2713 4738 3069 4795 voluntatem
3103 4743 3232 4812 ejus
3262 4743 3362 4814 qui
3395 4758 3529 4798 eum
3547 4745 3743 4807 misit.

2058 4824 2212 4879 'Idec
2245 4822 2509 4880 dicebat:
2544 4848 2570 4875 ‹‹
2594 4824 2763 4893 Sitio,
2793 4828 2867 4883 da
2892 4826 3035 4883 mihi
3066 4829 3282 4887 bibere.
3321 4854 3348 4881 ››
3379 4832 3636 4900 Scilicet,
3675 4843 3749 4893 ut

2079 4911 2249 4966 ﬁdem
2284 4911 2343 4966 in
2376 4929 2443 4968 ea
2492 4921 2848 4986 operaretur,
2882 4922 2939 4971 et
2985 4917 3160 4974 {idem
3213 4919 3343 4991 ejus
3390 4920 3640 4991 biberet,
3681 4930 3745 4981 et

2075 5016 2199 5055 eam
2232 4999 2291 5054 in
2325 5016 2536 5073 corpus
2565 5020 2736 5058 suum
2771 5005 3081 5075 trajiceret.
3129 5006 3354 5081 Corpus
3384 5009 3539 5066 enim
3599 5014 3745 5085 ejus

2073 5093 2161 5144 est
2191 5084 2468 5145 Ecclesia.
2503 5114 2531 5139 «
2562 5092 2709 5165 Ergo
2739 5094 2978 5167 (inquit)
3033 5096 3157 5167 ipse
3207 5098 3373 5153 cibus
3424 5116 3591 5157 meus
3642 5084 3745 5159 est

2071 5183 2136 5232 ut
2169 5178 2375 5234 faciam
2399 5176 2760 5237 voluntatem
2793 5184 2921 5255 ejus
2954 5183 3053 5257 qui
3087 5202 3180 5242 me
3201 5186 3382 5253 misit,
3419 5211 3445 5237 ››
3471 5193 3534 5244 ut
3559 5192 3744 5262 perti-

2069 5269 2219 5322 ciam
2252 5284 2400 5339 opus
2431 5269 2603 5339 ejus“

2071 5379 2101 5407 ‹‹
2131 5357 2331 5412 Nonne
2362 5372 2465 5412 vos
2504 5358 2700 5415 dicitis
2751 5362 2905 5432 quod
2938 5362 3132 5419 adhuc
3182 5370 3433 5437 quatuor
3481 5383 3737 5426 menses

2069 5471 2095 5496 ‹‹
2132 5452 2271 5502 sunt
2300 5451 2357 5500 et
2388 5448 2597 5503 messis
2624 5451 2818 5505 venit?
2840 5474 2868 5501 ››
2900 5452 2961 5507 In
2985 5470 3130 5524 opus
3146 5453 3420 5522 fervebat,
3443 5466 3502 5511 et
3525 5473 3742 5529 opera-

2068 5536 2185 5591 rios
2215 5535 2445 5591 mittere
2474 5537 2839 5610 diepcnebat.
2871 5541 2987 5598 Vcs
3019 5546 3271 5614 quatuor
3301 5561 3534 5602 menses
3556 5563 3735 5603 com-

2068 5624 2285 5696 putatis
2314 5624 2385 5679 ad
2411 5641 2689 5683 messem:
2722 5646 2829 5701 ego
2858 5631 3023 5688 vobis
3046 5630 3220 5689 aliam
3244 5649 3497 5690 messem
3520 5635 3733 5693 albam
