4028 6176
222 319 351 385 ἳϐίε

1374 321 1734 387 HOMILUE
1778 321 1876 383 DE
1917 319 2320 384 TEMPORE.

3461 316 3583 386 283
3628 372 3633 379 .

220 462 267 514 et
289 458 517 531 paratam
547 455 803 514 ostendo.
833 479 862 508 ‹‹
893 457 1035 514 Ecce
1067 456 1197 514 dico
1226 456 1418 513 vobis:
1452 457 1659 513 Levate
1685 472 1816 511 ocu-
1847 457 1895 523 Α
1930 454 2071 510 foris
2088 457 2247 522 sunt,
2267 457 2324 510 et
2340 453 2600 510 nondum
2626 456 2766 511 sunt
2785 450 3120 510 Christiani.
3144 452 3408 511 Christus
3428 472 3581 513 nun-

215 571 238 597 α
265 545 340 602 los
367 551 568 601 vestros
597 552 649 601 et
674 546 864 603 videte
888 547 1174 621 regiones,
1196 547 1335 621 quia
1349 547 1475 619 jam
1509 546 1654 601 albae
1681 549 1820 601 sunt

211 659 234 683 ‹‹
262 635 322 690 ad
352 650 601 691 messem.
637 657 664 684 »
685 636 835 708 Ergo
867 653 1156 693 messores
1189 637 1482 692 missurus
1510 641 1618 691 est.

264 746 288 772 ‹‹
321 723 374 778 In
406 723 503 779 hoc
533 724 685 779 enim
719 731 807 780 est
834 726 1075 780 verbum
1122 742 1346 790 verum,
1381 725 1519 797 quia
1551 724 1701 780 alius
1732 728 1823 781 est

207 836 230 860 «
256 811 343 883 qui
370 812 624 879 seminat,
653 819 711 869 et
741 814 891 869 alius
930 816 1029 887 qui
1064 815 1251 872 metit.
1280 838 1307 864 ››
1334 814 1407 871 Ut
1437 818 1493 869 et
1524 814 1621 889 qui
1654 814 1823 870 semi-

208 906 287 955 nat
313 901 477 956 simul
506 902 778 973 gaudeat,
811 909 868 958 et
900 904 998 976 qui
1029 903 1214 959 metit.

263 1011 287 1039 ‹‹
312 989 419 1061 Ego
449 990 574 1045 misi
607 1008 707 1047 vos
743 996 980 1057 metere,
1014 994 1169 1064 quod
1200 1010 1300 1049 vos
1333 1010 1446 1048 non
1477 992 1814 1049 laborastis.

206 1101 227 1127 α
251 1077 343 1132 Alii
372 1076 793 1149 laboraverunt,
822 1086 878 1136 et
902 1098 1002 1136 vos
1022 1080 1083 1137 in
1131 1081 1362 1138 labores
1392 1100 1593 1138 eorum
1628 1082 1815 1138 intro-

207 1190 227 1216 «ι
250 1166 382 1222 istis.
408 1189 434 1214 ι)
457 1168 599 1223 Nam
624 1168 725 1223 ubi
742 1170 868 1240 jam
893 1168 1221 1226 laboratum
1248 1176 1391 1237 erat,
1421 1172 1626 1245 utique
1652 1172 1822 1227 semi-

205 1260 373 1310 natum
399 1261 547 1323 erat;
572 1261 631 1311 et
650 1259 805 1329 quod
828 1259 1183 1315 seminatum
1209 1265 1350 1327 erat,
1372 1263 1498 1331 jam
1523 1264 1822 1317 maturum

203 1345 384 1399 factum
416 1344 622 1400 falcem
654 1352 711 1400 et
752 1347 1022 1403 trituram
1065 1349 1453 1406 desiderabat.
1506 1352 1628 1416 Quo
1685 1367 1821 1423 ergo

200 1437 336 1487 erant
364 1448 648 1489 messores
672 1435 990 1491 mittendi?
1018 1437 1119 1493 Ubi
1136 1439 1261 1509 jam
1288 1440 1580 1512 propheta:
1612 1439 1819 1512 praedi-

198 1528 454 1577 caverunt.
490 1524 609 1595 Ipsi
642 1525 800 1580 enim
847 1526 1235 1584 seminatores
1291 1529 1547 1584 fuerunt.
1594 1530 1740 1584 Nam
1775 1527 1825 1585 si

194 1608 286 1683 ipsi
314 1628 418 1665 non
446 1613 853 1679 seminatores,
890 1616 1041 1671 unde
1068 1618 1137 1671 ad
1172 1616 1331 1672 illam
1365 1617 1665 1673 mulierem
1700 1636 1821 1690 per-

192 1704 413 1766 venerat,
445 1724 473 1750 ‹‹
490 1701 627 1757 Scio
644 1703 786 1774 quia
803 1703 1047 1760 Messias
1068 1705 1261 1761 venit?
1277 1729 1303 1755 ››
1325 1706 1455 1762 Jam
1475 1706 1588 1762 ista
1609 1708 1821 1763 mulier

191 1787 385 1844 fructus
416 1795 692 1846 maturus
722 1798 863 1857 erat,
894 1799 953 1848 et
981 1800 1147 1849 erant
1176 1794 1321 1850 albae
1354 1812 1594 1865 messes,
1628 1800 1684 1851 et
1716 1797 1818 1852 fal—

190 1890 294 1932 cem
323 1880 682 1950 quaerebant.
712 1904 739 1931 ‹‹
776 1881 908 1937 Misi
942 1900 1042 1939 vos
1073 1888 1289 1939 metere
1323 1885 1475 1957 quod
1506 1902 1617 1940 non
1655 1886 1827 1942 semi-

193 1964 367 2021 nastis.
418 1967 520 2022 Alii
555 1969 1026 2037 seminaverunt,
1059 1977 1116 2028 et
1144 1989 1245 2028 vos
1276 1973 1335 2028 in
1368 1991 1567 2029 eorum
1600 1974 1827 2032 labores

191 2051 530 2112 iatroistis.»
596 2058 748 2123 Quid
822 2059 1237 2117 laboraverunt
1308 2061 1434 2134 ipse
1508 2063 1828 2136 Abraham,

194 2142 328 2199 Isaac
355 2150 407 2200 et
435 2146 667 2202 Jacob?
702 2153 892 2221 Legite
940 2149 1169 2206 labores
1199 2167 1423 2207 eorum.
1460 2155 1522 2206 In
1551 2153 1827 2209 omnibus

192 2230 321 2287 enim
355 2232 662 2290 laboribus
694 2237 1000 2308 prophetia
1030 2243 1119 2293 est
1147 2238 1384 2303 Christi,
1417 2245 1473 2295 et.
1499 2241 1629 2296 ideo
1662 2242 1829 2297 semi-

194 2324 393 2376 uatores
425 2324 661 2396 Moyses
694 2329 750 2380 et
781 2327 967 2381 caeteri
1000 2327 1365 2398 patriarchae,
1391 2334 1443 2383 et
1467 2346 1671 2386 omnes
1693 2348 1829 2403 pro-

199 2408 357 2480 phetze
388 2412 578 2468 multa
608 2413 977 2485 pertulerunt
1007 2415 1063 2470 in
1088 2415 1187 2472 illo
1216 2418 1447 2490 frigore,
1476 2421 1710 2490 quando
1741 2438 1830 2475 se—

197 2497 491 2556 miuabant.
526 2502 684 2574 Ergo
716 2503 843 2573 jam
874 2503 932 2559 in
965 2503 1169 2560 Judzea
1214 2507 1425 2562 messis
1456 2514 1656 2580 parata
1686 2514 1827 2565 erat.

199 2584 376 2643 Merito
406 2589 482 2644 ibi
514 2595 809 2663 tanquam
843 2598 1077 2648 matura
1104 2610 1269 2666 seges
1304 2595 1432 2666 fuit,
1465 2598 1700 2668 quando
1749 2602 1834 2653 tot

196 2676 356 2733 millia
375 2679 690 2736 hominum
714 2682 899 2754 pretia
922 2698 1116 2738 rerum
1151 2701 1391 2739 suarum
1420 2687 1835 2754 efferebanthet

200 2762 255 2819 ad
282 2767 448 2838 pedes
480 2764 888 2840 apostolorum
931 2777 1216 2843 ponentes
1250 2773 1267 2845 (
1294 2781 1391 2828 θοι.
1431 2780 1515 2843 ιι),
1551 2776 1833 2847 expeditis

188 2853 428 2913 humeris
444 2875 476 2913 a
494 2858 755 2915 sarcinis
776 2860 1175 2926 saecularibus,
1201 2861 1493 2918 Christum
1518 2863 1833 2921 Dominum

195 2946 594 3013 sequebantur.
619 2947 765 3003 Vere
786 2953 1020 3003 matura
1039 2950 1268 3005 messis.
1295 2951 1440 3016 Quid
1460 2953 1593 3008 inde
1616 2954 1833 3009 factum

184 3032 390 3089 estiDc
414 3035 559 3108 ipsa
578 3051 771 3092 messe
788 3038 971 3107 ejecta
988 3043 1127 3093 sunt
1147 3055 1336 3109 pauca
1359 3056 1558 3111 grana,
1584 3046 1641 3097 et
1659 3042 1834 3097 semi-

194 3129 446 3178 naverunt
496 3126 712 3181 orbem
764 3132 1094 3195 terrarum;
1128 3133 1185 3181 et
1236 3128 1428 3200 surgit
1458 3129 1572 3185 alia
1600 3130 1831 3198 messis,

1926 544 2107 599 tiatur
2138 561 2241 616 per
2270 543 2634 600 Christianos
2662 541 2904 610 amicos,
2928 545 3208 615 tanquam
3242 543 3314 599 ab
3338 532 3437 599 illa
3454 562 3581 601 mu-

1928 633 2092 699 liere,
2116 633 2224 688 hoc
2246 636 2352 700 est,
2378 633 2635 689 Ecclesia
2656 632 3064 698 annuntiante,
3090 632 3161 686 ad
3184 631 3479 687 Christum
3495 649 3587 688 ve-

1929 721 2121 787 niunt,
2152 727 2210 777 et
2240 723 2487 777 credunt
2510 739 2612 794 per
2632 722 2803 777 istam
2835 719 3295 777 famam.‘Manet
3309 720 3463 793 apud
3488 738 3587 777 eos

1928 811 2127 877 biduo,
2159 811 2266 867 hoc
2297 815 2385 867 est
2414 811 2513 865 dat
2557 810 2674 866 illis
2702 811 2816 865 duo
2848 813 3133 882 praecepta
3165 807 3486 865 charitatis.
3519 809 3591 864 Et

1932 899 2120 955 multo
2151 899 2351 972 plures
2374 901 2620 954 credunt
2644 899 2700 953 in
2726 916 2859 954 eum
2886 897 3137 966 firmius,
3163 898 3441 971 quoniam
3466 897 3590 971 ipse

1924 1004 2060 1044 vere
2081 992 2171 1043 est
2201 988 2464 1044 Salvator
2494 986 2721 1043 mundi.

2462 1129 2767 1187 HOMI'LIA
2819 1131 3061 1187 LXVIII.

2435 1238 2684 1277 δΑΒΒΑτο
2725 1236 2863 1275 pos'r
2915 1221 3091 1277 Oculi.

2006 1348 2193 1416 (Joarv.
2245 1347 2386 1418 vm).
2439 1370 2466 1395 «
2505 1351 2563 1401 In
2597 1345 2695 1401 illo
2726 1349 3007 1418 tempore,
3050 1344 3301 1418 perrexit
3328 1344 3501 1402 Jesus
3532 1345 3589 1402 in

1935 1460 1963 1486 «
1998 1440 2255 1491 montem
2287 1434 2510 1501 Oliveti,
2544 1438 2600 1490 ct
2637 1433 2895 1490 diluculo
2927 1435 3136 1490 iterum
3168 1435 3325 1490 venit
3352 1434 3411 1490 in
3444 1438 3591 1492 tem-

1935 1549 1963 1575 ‹‹
2001 1526 2185 1598 plum,
2210 1546 2236 1577 η
2276 1529 2332 1581 et
2353 1523 2597 1597 reliqua.
2621 1524 2785 1580 Mons
2808 1523 3021 1595 quippe
3045 1522 3248 1580 Oliveti
3268 1523 3595 1580 sublimita-

1934 1614 2052 1671 tem
2087 1614 2400 1670 Dominicze
2422 1612 2733 1688 passionis,
2754 1616 2810 1666 et
2825 1611 3286 1668 misericordiam
3303 1612 3590 1687 designat.

1936 1703 2084 1772 Quia
2104 1707 2160 1760 et
2178 1704 2370 1761 Graece
2393 1711 2527 1766 ἔλεος
2552 1700 3037 1767 misericordiam,
3060 1700 3334 1758 olivetum
3352 1706 3595 1758 vocatur

1938 1802 2115 1861 ἕλαών,
2147 1797 2203 1849 et
2253 1792 2380 1864 ipsa
2434 1791 2633 1847 unctio
2662 1799 2880 1862 ἄλειμμα
2928 1788 3099 1848 fessis
3142 1807 3209 1846 ac
3257 1788 3595 1849 dolentibus

1941 1882 2222 1939 membris
2254 1880 2401 1937 solet
2429 1881 2639 1955 afferre
2662 1880 2945 1937 levamen.
2979 1879 3090 1935 Sed
3146 1883 3202 1934 et
3252 1878 3382 1944 hoc,
3439 1880 3593 1952 quod

1938 1970 2131 2028 oleum
2162 1976 2221 2027 et
2250 1969 2461 2026 virtute
2510 1986 2576 2026 ac
2607 1969 2861 2043 puritate
2909 1968 3266 2041 praeminet,
3305 1972 3361 2024 et
3391 1983 3595 2040 quem-

1938 2078 2169 2133 cunque
2183 2059 2233 2115 ei
2252 2059 2539 2133 liquorem
2554 2058 2977 2130 superfundere
2993 2056 3266 2123 volueris,
3288 2057 3597 2113 confestim

1937 2151 2096 2206 hunc
2127 2150 2559 2215 transcendere,
2592 2148 2761 2220 eique
2781 2145 3096 2219 superferri
3121 2146 3441 2215 consuevit,
3466 2161 3597 2220 gra-

1939 2240 2082 2296 tiam
2114 2238 2523 2295 misericordize
2572 2236 2823 2293 cmlestis
2854 2253 2967 2292 non
2999 2234 3475 2292 inconvenienter
3503 2236 3593 2291 in-

1940 2327 2156 2397 sinuat,
2191 2328 2261 2385 de
2294 2345 2410 2400 qua
2431 2326 2714 2399 scriptum
2743 2330 2830 2382 es’t
2853 2341 2904 2380 :u
2928 2324 3135 2381 Suavis
3160 2323 3443 2382 Dominus
3467 2323 3599 2380 uni-

1941 2417 2145 2481 versis,
2178 2421 2234 2473 et
2265 2417 2670 2472 miserationes
2695 2416 2823 2485 ejus
2849 2431 3026 2486 super
3042 2412 3239 2469 omnia
3263 2429 3438 2485 opera
3465 2414 3597 2485 ejus

1944 2507 2116 2579 (Psal.
2150 2505 2351 2577 cxuv).
2388 2528 2416 2555 »
2448 2506 2707 2577 Tempus
2760 2519 2993 2575 quoque
3032 2502 3299 2570 diluculi,
3332 2506 3596 2558 exortum

1944 2595 2209 2668 ejusdem
2229 2595 2426 2666 gratiae
2446 2595 2626 2666 (quia,
2645 2595 2867 2648 remota
2885 2589 3030 2664 legis
3049 2592 3279 2671 umbra,
3301 2590 3401 2645 lux
3420 2591 3601 2647 Evan-

1944 2683 2139 2756 gelicze
2170 2683 2429 2739 veritatis
2459 2688 2579 2737 erat
2612 2678 2921 2737 revelanda
2968 2680 3353 2734 demonstrat.
3406 2678 3598 2753 Pergit

1944 2788 2081 2844 ergo
2116 2772 2395 2828 Dominus
2428 2772 2485 2826 in
2516 2774 2776 2825 montem
2800 2767 3028 2834 Oliveti,
3054 2771 3118 2821 ut
3146 2782 3339 2822 arcem
3366 2767 3596 2823 miseri-

1944 2861 2152 2916 cordia:
2176 2861 2233 2916 in
2265 2878 2326 2916 se
2357 2864 2624 2915 constare
2654 2859 2977 2915 denuntiet.
2996 2855 3169 2912 Venit
3198 2855 3410 2910 iterum
3443 2855 3595 2912 dilu-

1945 2949 2074 3006 culo
2108 2950 2167 3005 in
2200 2950 2510 3023 templum,
2542 2953 2607 3004 ut
2635 2949 2899 3003 eamdem
2935 2945 3417 3012 misericordiam,
3460 2962 3594 3002 cum

1945 3038 2257 3111 incipiente
2277 3040 2416 3095 Novi
2440 3037 2769 3095 testamenti
2793 3035 3033 3101 lumine,
3060 3033 3277 3106 templo
3299 3033 3596 3102 (ﬁdelibus

1948 3128 2231 3201 videlicet)
2252 3146 2359 3184 suo
2387 3128 2753 3201 pandendam
2780 3124 3269 3199 praebendumque
3286 3122 3593 3196 significet.

194 3224 298 3281 qua:
326 3212 382 3267 in
425 3213 614 3270 ﬁnem
666 3215 861 3269 seaculi
895 3215 1169 3271 metenda
1220 3221 1328 3273 est.
1378 3218 1457 3272 Ad
1491 3218 1664 3273 istam
1697 3236 1832 3293 ergo
1864 3200 1906 3267 C
1950 3240 1972 3266 ι
2005 3220 2077 3274 Et
2106 3200 2301 3274 omnis
2348 3200 2590 3290 (inquit)
2638 3214 2890 3287 populus
2927 3211 3084 3267 venit
3113 3211 3184 3267 ad
3216 3226 3372 3266 eum.
3401 3210 3475 3266 Et
3505 3229 3595 3267 se-

194 3315 413 3356 messem
441 3320 570 3359 non
604 3301 873 3375 apostoli,
900 3304 999 3359 sed
1023 3303 1211 3377 angeli
1245 3304 1580 3362 mittuntur.
1614 3307 1833 3364 Messo-

193 3400 267 3443 res
290 3388 518 3462 (inquit)
563 3390 946 3464 angeli'sunt.
982 3392 1099 3448 Ista
1120 3408 1256 3464 ergo
1279 3396 1492 3451 messis
1515 3396 1722 3452 crescit
1752 3398 1836 3452 in-

192 3479 265 3531 ter
288 3478 520 3547 zizania,
561 3485 618 3536 et
648 3486 945 3553 exspectat
969 3482 1202 3554 purgari
1236 3482 1296 3537 in
1354 3485 1488 3539 line.
1544 3484 1644 3541 illa
1698 3503 1833 3542 vero

190 3567 378 3622 messis
398 3569 527 3639 jam
570 3574 803 3625 matura
820 3575 961 3639 erat,
980 3587 1096 3643 quo
1115 3570 1279 3643 prius
1308 3572 1473 3628 missi
1501 3579 1639 3629 sunt
1659 3574 1836 3632 disci-

195 3652 318 3723 puli,
348 3657 444 3711 ubi
475 3657 784 3731 propheta:
813 3658 1241 3716 laboraverunt.
1275 3660 1387 3716 Sed
1420 3665 1617 3718 tamen
1648 3664 1836 3720 videte

194 3741 311 3813 quid
340 3746 568 3801 dictum
594 3746 695 3811 sit,
723 3770 751 3796 «
770 3748 842 3802 At
862 3748 1036 3803 simul
1061 3750 1334 3821 gaudeat,
1359 3754 1415 3805 et
1436 3750 1535 3823 qui
1560 3748 1832 3821 seminat,

193 3836 239 3885 et
260 3833 561 3904 quimetit.
591 3858 619 3884 »
640 3834 901 3913 Disperis
921 3838 1204 3910 temporis
1228 3836 1456 3895 labores
1480 3840 1832 3910 habuerunt,

195 3921 278 3975 sed
304 3925 512 3994 gaudio
538 3926 763 3998 pariter
783 3926 1175 3998 perfruentur,
1196 3929 1524 3984 mercedem
1548 3930 1726 3985 simul
1748 3947 1833 3987 ac-

195 4014 388 4081 cepturi
415 4021 564 4070 sunt
593 4013 773 4070 vitam
808 4020 1105 4071 aeternam.

253 4120 277 4149 κ
304 4100 383 4156 Ex
402 4102 640 4158 civitate
672 4108 865 4159 autem
898 4104 998 4159 illa
1026 4104 1194 4161 multi
1219 4105 1592 4162 crediderunt
1616 4108 1834 4166 iuseum

199 4206 221 4234 α
246 4186 771 4258 Samaritanorum,
798 4197 1040 4264 propter
1085 4193 1329 4249 verbum
1371 4195 1635 4253 mulieris
1667 4198 1835 4253 testi-

198 4295 221 4321 α
246 4278 495 4335 monium
530 4279 920 4353 perhibentis,
940 4281 1086 4347 Quia
1112 4280 1258 4337 dixit
1280 4282 1423 4338 mihi
1457 4284 1651 4339 omnia
1685 4301 1835 4358 quaa-

197 4384 219 4409 «
246 4380 460 4440 cunque
483 4367 616 4424 feci.
645 4368 788 4424 Cum
809 4371 1109 4425 venissent
1130 4375 1329 4427 autem
1353 4372 1423 4427 ad
1446 4371 1613 4428 illum
1634 4378 1833 4430 Sama-

200 4471 222 4497 «
250 4453 427 4523 ritani,
457 4461 817 4529 rogaverunt
847 4475 980 4513 eum
1013 4462 1081 4513 ut
1132 4460 1285 4531 apud
1320 4476 1420 4516 eos
1456 4464 1736 4519 maneret.
1767 4465 1836 4519 Et

201 4558 224 4587 α
250 4544 455 4599 mansit
484 4545 571 4600 ibi
593 4545 744 4601 duos
765 4547 909 4602 dies.
938 4546 1009 4601 Et
1031 4546 1231 4639 multe-
1244 4547 1441 4639 plures
1463 4550 1836 4639 crediderunt
1865 4572 1910 4639 ι)

200 4649 223 4675 κ
247 4637 470 4705 propter
496 4646 831 4691 sermonem
852 4637 1002 4709 ejus.
1023 4636 1091 4691 Et
1112 4634 1345 4692 mulieri
1369 4637 1665 4695 dicebant:
1691 4640 1836 4704 Quia

197 4716 344 4789 «jam
360 4737 475 4777 non
490 4727 735 4796 propter
745 4727 906 4779 tuam
919 4722 1214 4797 loquelam
1227 4724 1661 4800 credimus,ipsi
1673 4729 1832 4786 enim

199 4828 221 4853 «
248 4810 591 4882 audivimus,
620 4816 679 4869 et
707 4811 931 4868 scimus
963 4812 1103 4886 quia
1132 4813 1227 4869 hic
1275 4818 1366 4871 est
1398 4830 1538 4873 vere
1569 4816 1835 4875 Salvator

203 4915 221 4939 ι
247 4900 461 4955 mundi.
483 4920 512 4952 ι
548 4901 617 4955 Et
640 4899 752 4956 hoc
788 4901 1072 4972 paulatim
1113 4902 1696 4962 animadvertendum
1718 4911 1829 4978 est,

198 4986 315 5053 quia
341 4986 509 5044 lectio
544 4989 863 5045 terminata
892 4994 1001 5045 est.
1037 4986 1247 5047 Mulier
1276 4991 1467 5064 prima
1515 4995 1827 5065 nuntiavit,

198 5078 246 5124 et
266 5076 331 5128 ad
356 5076 618 5135 mulieris
635 5078 1044 5135 testimonium
1067 5079 1440 5136 crediderunt
1454 5082 1825 5155 Samaritani,

185 5162 247 5214 vet
268 5172 608 5236 rogaverunt
636 5184 771 5223 eum
805 5172 870 5223 ut
898 5169 1056 5241 apud
1078 5185 1176 5224 eos
1209 5175 1491 5225 maneret.
1520 5172 1591 5225 Et
1613 5173 1831 5229 mansit

201 5245 269 5302 ibi
290 5251 487 5319 biduo,
529 5259 587 5311 et
616 5253 814 5328 plures
843 5257 1233 5313 crediderunt.
1263 5257 1333 5313 Et
1374 5274 1509 5314 cum
1553 5261 1829 5320 credidis-

198 5345 332 5411 sent,
353 5341 625 5401 dicebant
655 5344 883 5417 mplieri
910 5362 923 5401 :
961 5368 990 5396 ‹‹
1017 5345 1142 5401 Non
1164 5347 1291 5416 jam
1322 5352 1559 5419 propter
1585 5349 1828 5406 verbum

201 5426 345 5511 illum
368 5433 679 5499 credimus,
700 5434 797 5490 sed
820 5434 931 5506 ipsi
951 5434 1351 5506 cognovimus,
1375 5441 1432 5492 et
1454 5436 1673 5493 scimus
1691 5439 1831 5511 quia

201 5509 282 5568 hic
308 5522 392 5573 est
430 5536 559 5577 vere
605 5521 866 5578 Salvator
897 5523 1122 5578 mundi.
1156 5545 1184 5573 ››
1222 5522 1414 5579 Primo
1454 5542 1557 5597 per
1585 5509 1823 5597 famam,

194 5607 382 5669 postea
402 5623 509 5678 per
522 5612 908 5683 praesentiam,
937 5612 1022 5668 sic
1052 5611 1247 5684 agitur
1267 5612 1440 5669 hodie
1456 5630 1589 5670 cum
1616 5615 1701 5673 eis
1723 5618 1825 5689 qui

1944 3330 1973 3356 «
2009 3308 2174 3376 dens,
2203 3307 2446 3363 docebat
2474 3322 2595 3360 eos.
2628 3323 2654 3355 ι
2692 3301 2887 3359 Sessio
2912 3300 3165 3365 Domini,
3199 3299 3595 3357 humilitatem

1943 3396 2362 3453 incarnationis
2380 3397 2532 3466 ejus,
2551 3409 2840 3466 perquam
2855 3389 3023 3445 nobis
3040 3388 3299 3445 misereri
3317 3382 3597 3463 dignatus

1944 3491 2056 3552 est,
2086 3482 2367 3541 insinuat.
2405 3484 2554 3539 Bene
2580 3485 2775 3537 autem
2799 3479 3014 3535 dicitur
3046 3478 3200 3550 quia,
3224 3492 3357 3533 cum
3386 3476 3597 3535 sedens

1944 3573 2177 3629 doceret
2205 3572 2401 3638 Jesus,
2433 3570 2626 3626 omnis
2658 3567 2912 3642 populus
2941 3566 3099 3622 venit
3128 3565 3198 3620 ad
3230 3581 3362 3621 eum
3390 3582 3404 3622 :
3437 3565 3594 3638 quia,

1944 3668 2259 3735 postquam
2294 3659 2628 3716 humilitate
2659 3675 2778 3714 sua:
2830 3653 3252 3711 incarnationis
3296 3655 3596 3727 proximus

1942 3751 2251 3807 hominum
2285 3751 2471 3806 factus
2502 3752 2609 3810 est,
2633 3745 2911 3802 libentius
2943 3749 3033 3800 est
3057 3761 3091 3798 a
3111 3740 3311 3799 multis
3333 3745 3460 3816 ejus
3483 3762 3600 3801 ser-

1943 3858 2040 3895 mo
2072 3844 2371 3912 receptus:
2406 3856 2438 3894 a
2471 3836 2695 3903 multis,
2726 3834 2992 3907 inquam,
3026 3838 3116 3890 est
3145 3832 3272 3904 ejus
3294 3849 3485 3889 sermo
3502 3850 3595 3891 re-

1944 3934 2168 4002 ceptus,
2220 3945 2474 3999 namque
2505 3944 2538 3983 a
2583 3925 2851 3998 pluribus
2882 3926 2971 3979 est
3018 3922 3270 3994 superba
3299 3920 3597 3994 impietate

1943 4022 2335 4089 contemptus.
2379 4014 2698 4071 Audierant
2743 4010 2906 4069 enim‘
2957 4009 3271 4078 mansueti,
3318 4013 3376 4066 et
3422 4009 3595 4067 laetati

1944 4111 2101 4164 sunt.
2136 4106 2397 4176 Denique
2427 4103 2633 4171 Judaei,
2658 4105 2970 4168 tentantes,
3000 4099 3370 4155 adduxerunt
3396 4098 3597 4156 mulie-

1944 4214 2066 4252 rem
2095 4195 2155 4251 in
2187 4193 2473 4251 adulterio
2503 4190 2947 4264 deprehensam,
3000 4189 3428 4259 interrogantes
3457 4186 3594 4259 quid

1944 4286 2015 4341 de
2040 4303 2108 4341 ea
2134 4284 2255 4341 ﬁeri
2282 4284 2535 4355 juberet,
2570 4279 2849 4353 quoniam
2883 4278 3111 4349 Moyses
3124 4276 3307 4331 talem
3326 4274 3597 4347 “lapidare

1942 4374 2337 4429 mandaverat.
2372 4371 2445 4426 Ut
2475 4370 2521 4425 si
2558 4373 2615 4425 et
2644 4368 2768 4440 ipse
2806 4366 2958 4422 hanc
2988 4364 3363 4436 lapidandam
3395 4363 3597 4419 decer-

1945 4466 2128 4525 neret,
2180 4461 2507 4516 deriderent
2534 4474 2690 4525 eum,
2720 4456 2889 4529 quasi
2938 4446 3372 4518 misericordia,
3418 4467 3595 4524 quam

1943 4568 2175 4623 semper
2203 4550 2464 4614 docebat,
2498 4546 2747 4603 oblitum
2776 4561 2790 4601 :
2823 4544 2873 4600 si
2902 4542 3163 4616 lapidare
3186 4543 3422 4608 vetaret,
3456 4539 3596 4597 stri-

1944 4642 2146 4697 derent
2177 4640 2236 4696 in
2263 4654 2397 4694 eum
2431 4636 2704 4692 dentibus
2726 4634 2872 4702 suis,
2902 4637 2959 4689 et
2978 4629 3147 4706 quasi
3172 4631 3455 4686 fautorem
3478 4645 3598 4686 sce-

1942 4730 2153 4797 lerum,
2187 4727 2420 4802 legique
2471 4724 2829 4781 contrarium
2876 4720 3037 4779 velut
3082 4720 3289 4776 merito
3345 4717 3595 4775 damna-

1941 4824 2090 4876 rent.

2016 4930 2045 4959 ‹‹
2072 4909 2247 4965 Jesus
2278 4908 2495 4970 autem,
2529 4902 2820 4959 inclinans
2842 4918 2904 4958 se
2922 4902 3221 4967 deorsum,
3245 4897 3426 4972 digito
3450 4897 3594 4953 scri-

1942 5022 1969 5050 ‹‹
2005 4999 2178 5053 bebat
2209 4997 2266 5051 in
2296 4999 2470 5050 terra.
2502 5015 2530 5043 »
2562 4992 2669 5048 Per
2695 4990 3133 5047 inclinationem
3170 4987 3330 5069 Iesu,
3360 4986 3599 5042 humili-

1938 5091 2073 5144 tas:
2108 5103 2213 5158 per
2260 5083 2535 5157 digitum,
2594 5081 2693 5152 qui
2747 5078 3130 5136 articulorum
3172 5072 3593 5150 compositione

1940 5174 2209 5234 ﬂexibilis
2254 5178 2365 5239 est,
2416 5168 2713 5228 subtilitas
2770 5168 3141 5227 discretionis
3201 5167 3588 5241 exprimitur;

1939 5281 2111 5338 porro
2138 5280 2241 5337 per
2260 5266 2498 5326 terram,
2517 5275 2618 5315 cor
2634 5258 2985 5327 humanum,
3015 5257 3171 5331 quod
3194 5256 3281 5313 vel
3301 5257 3589 5312 bonarum

1935 5353 2022 5408 vel
2056 5351 2344 5408 malarum
2368 5349 2666 5404 actionum
2695 5344 2843 5404 solet
2864 5347 3106 5404 reddere
3127 5347 3375 5410 fructus,
3398 5349 3592 5402 osten-

1937 5441 2114 5496 ditur.
2149 5438 2485 5495 Postulatus
2516 5452 2652 5509 ergo
2683 5436 2969 5493 Dominus
2993 5435 3259 5508 judicare
3290 5434 3358 5488 de
3385 5448 3587 5506 pecca~

1935 5530 2098 5596 trice,
2130 5545 2245 5583 non
2278 5524 2476 5583 statim
2509 5525 2610 5581 dat
2647 5526 2964 5597 judicium,
2998 5526 3099 5581 sed
3132 5522 3295 5597 prius
3327 5539 3388 5578 se
3420 5521 3588 5578 incli-

1937 5634 2085 5674 nans
2115 5617 2408 5684 deorsum,
2433 5614 2615 5687 digito
2648 5615 2854 5672 scribit
2877 5616 2935 5672 in
2959 5620 3132 5680 terra,
3156 5628 3227 5670 'ac
3244 5612 3328 5670 sic
3345 5611 3583 5667 demum
