4028 6176
397 256 529 321 883

969 253 1378 318 HAYMONIS
1421 252 1964 316 HALBERSTA'I‘.
2013 248 2257 314 EPISC.
2305 249 2476 313 OPP.
2525 252 2728 316 PARS
2773 252 2952 317 lI.--
2981 251 3252 316 HOMIL.

3695 249 3812 314 281

410 407 590 464 quam
619 389 827 448 obnixe
857 394 1094 463 rogatus
1117 389 1363 461 judicat.
1386 388 1500 443 Nos
1526 386 1808 452 videlicet,
1836 403 1940 442 nos
1971 390 2056 458 ty-
2086 393 2138 457 Α
2168 385 2325 442 mine
2349 385 2892 459 solertipensemus,
2920 405 3106 459 neque
3126 387 3281 443 enim
3305 385 3673 459 reprehendit
3712 403 3817 440 nos

410 481 536 554 pice
554 480 889 548 instituens,
917 484 978 534 ut
996 495 1128 534 cum
1153 476 1424 550 qumlibet
1446 475 1842 550 proximorum
1870 480 2062 529 errata

411 569 827 642 conspicimus,
861 585 975 624 non
1007 566 1127 622 hac
1171 572 1304 622 ante
1337 565 1809 638 reprehendendo
1831 563 2060 635 judice-

412 677 564 728 mus,
600 676 800 732 quam,
834 659 904 714 ad
928 657 1345 712 conscientiam
1368 659 1628 710 nostram
1653 653 1950 708 humiliter
1971 669 2058 708 re-

408 749 580 818 versi,
614 747 793 822 digito
812 765 939 803 eam
961 745 1331 802 discretionis
1357 743 1598 799 solerter
1614 741 1973 814 sculpamus,
2003 743 2062 796 et

410 839 552 912 quid
577 839 636 894 in
677 854 743 894 ea
764 836 1055 891 Conditori
1090 835 1330 908 placeat,
1365 833 1578 904 quidve
1608 830 1931 904 displiceat,
1964 846 2057 886 se-

407 927 550 983 dula
576 926 1003 982 examinatione
1031 923 1585 994 dirimamus,juxta
1607 921 1744 976 illud
1764 918 2056 991 Apostoli;

408 1041 435 1068 «
471 1018 720 1082 Fratres,
753 1015 858 1071 etsi
896 1018 1335 1086 praeoccupatus
1369 1010 1541 1067 fuerit
1571 1011 1744 1066 homo
1777 1010 1833 1064 in
1862 1008 2057 1080 aliquo

406 1106 636 1172 delicto,
655 1123 756 1160 vos
776 1104 874 1176 qui
897 1101 1229 1176 spirituales
1252 1101 1412 1166 estis,
1432 1096 2058 1169 instruitehujusmodi

407 1196 465 1252 in
498 1195 705 1268 spiritu
758 1193 1033 1260 lenitatis,
1068 1191 1446 1247 considerans
1493 1189 1769 1261 teipsum,
1807 1206 1876 1243 ne
1907 1192 1964 1242 et
1993 1191 2054 1247 tu

405 1284 644 1341 tenteris
676 1284 820 1356 (Gal.
854 1283 951 1354 vI).
993 1304 1018 1330 »

476 1399 502 1424 ‹‹
539 1375 680 1430 Cum
718 1376 908 1427 autem
945 1373 1373 1443 perseverarent
1423 1370 1846 1441 interrogantes
1897 1383 2052 1434 eum,

408 1488 435 1514 «
466 1464 647 1521 erexit
679 1479 738 1518 se
771 1467 826 1517 et
857 1459 999 1514 dixit
1047 1459 1166 1514 eis:
1218 1459 1325 1525 Qui
1375 1458 1499 1514 sine
1550 1460 1784 1530 peccato
1842 1459 1931 1511 est
1961 1471 2054 1510 vc-

405 1578 432 1605 ‹‹
467 1558 676 1617 strum,
702 1551 865 1623 prius
895 1549 950 1603 in
977 1548 1136 1603 illam
1160 1543 1413 1620 lapidem
1448 1547 1658 1602 mittat.
1688 1569 1713 1594 ››
1747 1545 1892 1612 Quia
1920 1543 2058 1600 hinc

403 1648 459 1699 et
500 1642 636 1698 inde
679 1639 925 1696 Domino
956 1639 1158 1694 scribae
1212 1642 1268 1693 et
1298 1635 1572 1692 Pharisaei
1621 1634 1939 1690 tendebant
1968 1633 2057 1689 la-

403 1748 584 1804 queos
599 1729 969 1794 insidiarum,
993 1731 1266 1800 putantes
1284 1743 1416 1783 eum
1432 1725 1515 1781 vel
1535 1723 2055 1780 immisericordem

402 1821 665 1876 futurum
698 1817 754 1872 in
783 1816 1128 1888 judicando,
1161 1815 1247 1871 vel
1278 1814 1586 1890 injustum,
1613 1813 1932 1886 pravidens
1958 1810 2056 1866 ille

2171 492 2270 530 cor
2299 481 2566 530 nostrum
2598 476 2658 531 in
2683 477 2841 531 omni
2871 477 2963 531 via
2993 481 3210 532 nostra.
3240 477 3411 547 Bene,
3439 475 3536 548 qui
3569 474 3818 531 inclina-

2172 569 2267 620 tus
2290 564 2526 637 scripsit
2549 565 2606 620 in
2633 569 2806 637 terra,
2831 571 3057 622 erectus
3080 564 3489 620 misericordiae
3520 565 3693 620 verba
3721 564 3820 620 de-

2170 653 2417 726 promit:
2455 654 2591 727 quia
2615 655 2767 727 quod
2789 672 2892 727 per
2911 655 3180 710 humanae
3203 653 3558 709 inﬁrmitatis
3582 652 3822 710 societa.

2168 746 2285 798 tem
2317 743 2602 815 promisit,
2629 761 2730 815 per
2755 743 2958 799 divina
2982 744 3256 798 virtutem
3279 742 3544 816 potentia:
3571 742 3821 798 homini-

2169 831 2279 887 bus
2311 833 2528 887 donum
2561 832 2792 906 pietatis
2824 832 3129 906 impendit.

2243 943 2271 968 ‹‹
2300 922 2560 994 Erigens,
2598 921 2807 994 inquit,
2837 939 2902 978 se
2929 923 3123 991 Jesus,
3157 921 3301 977 dixit
3331 921 3382 976 ei
3409 937 3420 976 :
3455 919 3684 988 Mulier,
3718 920 3818 975 ubi

2169 1031 2196 1058 ‹‹
2231 1015 2368 1065 sunt
2399 1011 2495 1083 qui
2541 1013 2595 1066 te
2641 1012 3041 1068 accusabant?
3070 1011 3249 1066 Nemo
3281 1015 3335 1066 te
3363 1009 3821 1066 condemnavit?

2169 1122 2196 1148 «
2230 1099 2362 1162 Qua
2384 1099 2556 1155 dixit:
2579 1101 2781 1168 Nemo,
2807 1100 3067 1156 Domine.
3095 1123 3121 1150 »
3147 1100 3328 1155 Nemo
3353 1105 3406 1155 te
3426 1100 3818 1156 condemnare

2168 1205 2349 1244 ausus
2380 1193 2467 1244 est
2514 1190 2914 1262 peccatricem,
2951 1190 3088 1262 quia
3119 1189 3176 1244 in
3225 1207 3286 1245 se
3318 1188 3532 1262 singuli
3583 1205 3819 1244 cernere

2166 1282 2460 1348 cmperant
2502 1279 2654 1350 quod
2706 1278 2895 1350 magis
2926 1279 3326 1334 damnandum
3376 1281 3813 1351 cognoscerent.

2167 1367 2278 1422 Sed
2303 1367 2403 1437 qui
2423 1368 2824 1423 accusantium
2848 1367 3538 1441 turbasprolatojustitize
3561 1369 3818 1440 pondere

2168 1454 2410 1527 fugavit,
2441 1455 2746 1512 videamus
2786 1461 3121 1512 accusatam
3153 1461 3372 1528 quanto
3405 1456 3817 1512 misericordia

2168 1560 2409 1600 munere
2456 1543 2736 1601 sublevet.
2783 1545 3095 1617 Sequitur:
3149 1569 3176 1594 ‹‹
3215 1545 3363 1600 Dixit
3391 1549 3587 1601 autem
3613 1545 3818 1602 Jesus:

2168 1656 2196 1682 «
2229 1633 2344 1688 Nec
2376 1651 2480 1706 ego
2513 1639 2566 1689 te
2599 1635 3019 1691 condemnabo.
3069 1634 3247 1702 Vade,
3289 1639 3346 1690 et
3378 1635 3506 1707 jam
3560 1635 3818 1708 amplius

2168 1744 2194 1770 ‹‹
2231 1722 2346 1777 noli
2382 1740 2638 1795 peccare.
2677 1749 2697 1773 ι
2735 1724 3019 1790 Quoniam
3062 1723 3396 1780 misericors
3426 1728 3482 1780 et
3523 1724 3656 1796 pius
3708 1730 3818 1792 est,

2166 1815 2400 1882 peccata
2450 1814 2740 1884 praeterita
2771 1812 3008 1869 relaxat.
3068 1812 3351 1879 Quoniam
3393 1814 3597 1885 justus
3643 1818 3738 1868 est
3767 1819 3823 1870 et

402 1910 587 1978 dolos,
614 1907 781 1980 quasi
805 1906 901 1961 ﬁla
932 1905 1144 1961 transit
1164 1921 1408 1970 araneae,
1433 1900 2055 1976 etjudiciumjustitiae
2156 1899 2455 1969 justitiam
2515 1900 2732 1970 dilexit,
2776 1918 2846 1957 ne
2903 1901 3158 1974 amplius
3203 1903 3330 1973 jam
3391 1907 3588 1975 peccet
3639 1902 3823 1959 inter-

404 2017 505 2072 per
535 1996 752 2063 omnia,
786 1999 841 2050 et
890 1994 1401 2050 mansuetudinem
1450 1991 1684 2066 pietatis
1721 1991 2053 2048 ostendens.

402 2090 544 2145 Ecce
577 2084 962 2159 temperantia
993 2083 1326 2153 miserendi,
1359 2107 1387 2134 «
1411 2083 1519 2150 Qui
1551 2083 1674 2139 sine
1706 2085 1941 2154 peccato
1969 2083 2059 2136 est

401 2183 690 2244 vestrum;
729 2198 756 2224 ι)
788 2191 920 2231 ecce
943 2171 1744 2246 iterumjustitiajudicandi,
1771 2197 1797 2219 ‹‹
1826 2169 2056 2225 Primus

403 2268 461 2323 in
496 2267 655 2322 illam
688 2264 940 2338 lapidem
967 2263 1178 2319 mittat.
1207 2285 1235 2312 ››
1266 2265 1342 2318 Ac
1367 2263 1415 2318 si
1443 2261 1710 2317 dixisset:
1747 2261 1803 2316 Si
1830 2261 2056 2331 Moyses

403 2356 701 2412 mandavit
717 2354 880 2410 vobis
901 2352 1200 2409 mulierem
1221 2351 1560 2422 hujusmodi
1582 2349 2055 2422 lapidare,videte

403 2443 542 2519 quia
572 2461 687 2500 non
719 2443 828 2498 hoc
880 2444 1230 2515 peccatores,
1273 2440 1372 2495 sed
1399 2440 1597 2510 justos
1629 2439 1815 2494 facere
1844 2453 2053 2510 przece-

403 2535 507 2608 pit.
544 2533 737 2589 Primo
767 2550 870 2587 vos
892 2531 1002 2604 ipsi
1023 2529 1320 2601 justitiam
1351 2528 1496 2602 legis
1524 2527 1778 2601 implete,
1811 2531 1868 2582 et
1895 2527 2056 2582 inno-

401 2627 598 2680 centes
616 2620 890 2677 manibus
908 2624 963 2676 et
980 2620 1202 2675 mundo
1224 2619 1392 2674 corde
1411 2619 1482 2674 ad
1497 2617 1872 2690 lapidandam
1896 2632 2054 2670 ream

401 2711 747 2770 concurrite.
786 2709 980 2766 Primo
1025 2707 1356 2782 spiritualia
1385 2706 1530 2780 legis
1585 2706 1794 2773 edicta,
1857 2704 2052 2770 ﬁdem,

403 2799 866 2858 misericordiam
889 2803 944 2854 et
970 2797 1310 2854 charilatem
1339 2795 1614 2870 perlicite,
1648 2799 1703 2850 et
1733 2794 1816 2849 sic
1839 2794 1909 2848 ad
1939 2810 2057 2849 car-

403 2890 561 2948 nalia
582 2889 906 2962 judicanda
937 2887 1218 2944 divertite.
1253 2887 1396 2942 Dato
1428 2888 1624 2940 autem
1649 2883 1870 2956 judicio
1897 2899 1909 2938 :

476 3003 504 3030 «
538 2977 822 3034 Dominus
876 2976 1088 3032 iterum
1157 2993 1219 3031 se
1277 2973 1588 3041 inclinans,
1651 2973 1941 3028 scribebat
1997 2971 2054 3026 in

405 3091 432 3118 «
467 3072 639 3124 terra.
673 3090 700 3117 »
737 3067 803 3122 Et
849 3066 1108 3139 quidem,
1151 3066 1321 3137 juxta
1352 3080 1572 3120 morem
1613 3060 2056 3118 consuetudinis

404 3157 696 3222 humanae,
727 3136 916 3229 potest
954 3136 1200 3228 intelligi
1233 3154 1386 3226 quod
1421 3153 1547 3209 ideo
1579 3169 1774 3207 coram
1802 3155 2055 3206 tentato-
2086 3136 2128 3202 C

403 3247 567 3303 ribus
622 3244 908 3317 improbis
965 3243 1246 3301 inclinare
1305 3261 1367 3299 se
1397 3247 1453 3298 et
1487 3243 1543 3296 in
1598 3245 1752 3297 terra
1803 3241 2056 3294 scribere

403 3335 674 3401 voluerit,
709 3339 794 3401 ut,
831 3333 944 3390 alio
974 3333 1139 3389 vultu
1165 3333 1494 3397 intendens,
1522 3331 1762 3385 liberam
1788 3329 1870 3383 eis
1895 3329 2058 3382 daret

405 3424 649 3480 exeundi
685 3422 1041 3490 facultatem,
1085 3439 1253 3493 quos,
1287 3438 1394 3476 sua
1422 3418 1799 3490 responsione
1832 3415 2056 3488 percul-

405 3529 522 3579 sos,
552 3510 726 3565 citius
757 3509 1015 3564 exituros
1038 3525 1212 3580 quam
1247 3508 1416 3581 plura
1445 3507 1903 3580 interrogaturos
1929 3520 2058 3560 esse

407 3598 763 3672 przeviderat.

477 3711 504 3738 «
539 3686 798 3759 Denique
851 3686 1176 3751 audientes,
1229 3702 1382 3740 unus
1424 3688 1555 3757 post
1586 3701 1767 3738 unum
1801 3683 2057 3751 exibant,

406 3803 431 3827 ‹‹
470 3775 811 3848 incipientes
841 3793 875 3830 a
905 3774 1253 3830 senioribus.
1285 3796 1311 3822 ››
1335 3773 1447 3830 Sed
1472 3772 1715 3846 figurate
1740 3790 1844 3828 nos
1867 3773 2064 3827 admo-

406 3869 504 3922 net
554 3866 612 3920 in
657 3881 723 3920 eo
755 3863 928 3936 quod,
962 3868 1019 3919 et
1048 3867 1181 3918 ante
1213 3863 1408 3918 datam
1441 3866 1499 3917 et
1538 3865 1670 3934 post
1700 3863 1894 3916 datam
1929 3878 2060 3917 sen-

406 3954 673 4020 tentiam,
708 3952 998 4009 inclinans
1042 3952 1278 4024 scripsit
1309 3951 1364 4006 in
1399 3955 1572 4022 terra,
1607 3956 1671 4006 ut
1715 3951 2058 4025 priusquam

404 4046 740 4116 peccantem
783 4041 1113 4113 proximum
1175 4039 1584 4112 corripiamus,
1644 4043 1701 4096 et
1748 4045 2061 4112 postquam

404 4131 612 4188 debita:
643 4130 1046 4204 castigationis
1072 4129 1154 4185 illi
1188 4129 1578 4186 ministerium
1610 4128 2061 4196 reddiderimus,

405 4239 512 4276 nos
530 4219 690 4293 ipsos
706 4220 882 4293 digna
902 4218 1256 4275 humilitatis
1280 4217 1726 4290 investigatione
1748 4217 2066 4290 perpende-

403 4327 556 4376 mus,
591 4325 663 4363 ne
695 4309 846 4364 forte
880 4313 982 4364 aut
1013 4309 1236 4364 eisdem
1262 4325 1388 4380 qua:
1417 4306 1476 4362 in
1517 4307 1662 4380 ipsis
1693 4305 2064 4379 reprehendi-

406 4415 560 4467 mus,
586 4400 688 4452 aut
711 4395 842 4452 aliis
867 4395 1227 4468 quibuslibet
1249 4398 1437 4452 simus
1457 4395 1814 4452 facinoribus
1835 4393 2065 4463 irretiti,

2166 1987 2324 2043 dicit.

2726 2150 3030 2206 HOMlLlA
3069 2151 3254 2207 XLIX.

2236 2277 2507 2317 DOMINICA
2541 2277 2764 2322 QUARTA
2793 2274 2853 2315 IN
2883 2276 3326 2322 QUADRAGESIMA
3355 2277 3479 2316 SIVE
3508 2265 3751 2318 Laetare.

2238 2436 2548 2512 (Joax.v1.)
2598 2461 2624 2488 ‹‹
2660 2437 2722 2494 In
2771 2437 2868 2493 illo
2901 2425 3382 2510 temporechbiit
3428 2439 3600 2496 Jesus
3652 2445 3823 2497 trans

2169 2553 2195 2579 ‹‹
2209 2545 2369 2583 mare
2380 2526 2828 2598 Gallilmae,quod
2843 2531 2929 2583 est
2943 2527 3327 2590 Tiberiadis,»
3341 2534 3396 2584 et
3408 2528 3827 2602 reliqua.Mare

2165 2617 2432 2684 Galilaeaa,
2468 2617 2620 2688 quod
2671 2620 2728 2670 et
2759 2615 3084 2673 Tiberiadis
3135 2617 3372 2684 dicitur,
3406 2635 3509 2692 pro
3537 2618 3827 2691 qualitate

2165 2703 2708 2776 clrcumjaeentium
2743 2705 3044 2778 regionum
3076 2706 3251 2762 variis
3273 2711 3542 2763 censetur
3570 2709 3832 2765 nomini-

2165 2796 2296 2852 bus.
2332 2794 2555 2850 Dicitur
2587 2798 2780 2850 autem
2815 2812 2973 2850 mare
3004 2794 3530 2869 Galila:a3,~propter
3553 2798 3829 2869 adjacen-

2165 2889 2283 2940 tem
2316 2882 2587 2956 patriam,
2611 2883 2697 2938 vel
2725 2883 3079 2955 provinciam
3111 2884 3428 2941 Galilaeam.
3458 2885 3683 2943 Dicitur
3715 2906 3828 2945 au—

2167 2978 2280 3030 tem
2315 2990 2474 3029 mare
2499 2972 3088 3045 Tiberiadis,propter
3105 2973 3470 3031 Tiberiadem
3501 2975 3824 3041 civitatem,

2167 3081 2293 3136 qua
2325 3063 2488 3136 prius
2515 3062 2734 3118 Pancas
2765 3066 2968 3117 vocata
2997 3062 3125 3130 fuit,
3150 3064 3250 3118 sed
3281 3067 3593 3137 postquam
3618 3067 3693 3121 ab
3720 3067 3831 3125 He-

2169 3153 2306 3208 rode
2339 3151 2685 3207 rezediﬁcata
2714 3155 2805 3206 est
2835 3151 2893 3206 in
2925 3151 3142 3208 honore
3175 3152 3389 3208 Tiberii
3422 3153 3683 3222 Caesaris,
3722 3155 3830 3212 Ti-

2165 3240 2357 3296 berias
2384 3245 2471 3295 est
2495 3239 2811 3310 appellata:
2837 3240 3049 3295 dicitur
3066 3241 3240 3296 etiam
3264 3245 3318 3298 et
3341 3247 3614 3315 stagnum
3634 3244 3829 3302 Gene-

2167 3329 2382 3396 sareth,
2408 3345 2472 3382 eo
2497 3329 2652 3400 quod
2679 3345 2747 3384 ex
2770 3346 2830 3385 se
2851 3329 3246 3402 crispantibus
3277 3331 3451 3387 undis
3479 3349 3686 3388 auram
3723 3350 3828 3406 ge-

2171 3434 2371 3472 nerare
2400 3417 2684 3472 videatur.
2711 3417 2932 3474 Dicitur
2951 3423 3006 3474 et
3034 3419 3197 3475 lacus
3217 3420 3559 3490 Cenneretb,
3583 3427 3833 3495 propter

2169 3508 2461 3564 civitatem
2493 3508 2816 3564 Cennereth
2849 3509 3233 3580 adjacentem,
3261 3516 3318 3567 ct
3345 3517 3581 3585 propter
3611 3529 3833 3586 oppor-

2169 3597 2476 3653 tunitatem
2521 3601 2750 3669 portus.
2805 3599 2961 3654 Mare
2992 3617 3224 3673 quoque
3247 3601 3594 3673 Asphaltum
3628 3620 3662 3656 a
3695 3602 3833 3675 qui-

2167 3687 2418 3742 busdam
2443 3686 2800 3742 nominatur.
2825 3688 3171 3744 Extenditur
3191 3690 3348 3744 enim
3376 3691 3430 3744 in
3456 3690 3836 3764 longitudine

2169 3780 2403 3832 centum
2420 3775 2810 3848 quadraginta
2823 3776 3096 3843 stadia,in
3111 3777 3422 3834 latitudine
3436 3780 3841 3852 quadraginta

2170 3866 2285 3922 Nec
2311 3869 2616 3938 propterea
2635 3882 2793 3921 mare
2819 3869 3086 3921 vocatum
3109 3871 3217 3934 est,
3242 3885 3308 3923 eo
3341 3869 3492 3941 quod
3512 3887 3678 3941 aquae
3702 3872 3839 3942 ejus

2172 3972 2382 4010 amarae
2415 3955 2562 4022 sint;
2597 3958 2736 4009 sunt
2763 3953 2918 4009 enim
2953 3955 3153 4012 dulces
3185 3958 3255 4012 ad
3285 3959 3626 4030 potandum,
3662 3959 3838 4016 babi-

2172 4043 2375 4116 lesquc
2406 4045 2473 4099 ad
2509 4043 2894 4116 piscandum:
2946 4045 3042 4100 sed
3085 4044 3304 4100 idioma
3333 4031 3580 4101 Hebrzeze
3615 4045 3840 4121 linguae

2173 4137 2282 4199 est,
2317 4132 2800 4206 congregationes
2824 4149 3110 4204 aquarum
3131 4134 3422 4208 appellare
3446 4135 3650 4207 maria,
3675 4138 3842 4193 sicut

2177 4222 2460 4294 scriptum
2497 4225 2585 4277 est
2615 4221 2673 4275 in
2706 4221 2936 4277 Genesi.
2968 4245 2994 4271 «
3020 4222 3509 4298 Congregationes
3538 4242 3841 4297 aquarum

2177 4309 2488 4383 appellavit
2517 4310 2703 4365 maria
2732 4311 2884 4380 (Gen.
2920 4314 2982 4380 1).
3015 4333 3041 4363 ι»
3075 4312 3483 4384 Spiritualiter,
3527 4312 3639 4369 hoc
3671 4332 3841 4372 mare

2177 4399 2518 4471 navigerum
2551 4415 2807 4471 praesens
2839 4399 3132 4473 significat
3162 4400 3445 4469 seculum,
3480 4403 3659 4474 quod,
3693 4421 3840 4460 con-

405 4487 560 4541 sicut
591 4487 735 4540 forte
761 4484 886 4540 ﬁeri
918 4484 1130 4557 poterit
1155 4489 1220 4540 ut
1251 4485 1375 4557 ipse
1395 4484 1494 4556 qui
1526 4483 1876 4539 homicidam
1901 4501 2064 4539 reum
2096 4505 2144 4571 Ι)
2177 4504 2441 4554 eussum,
2472 4487 2735 4559 quietum
2768 4504 3109 4561 permanere
3132 4507 3245 4546 non
3267 4495 3480 4563 potest.
3504 4491 3668 4547 Unde
3685 4493 3844 4550 bene

406 4571 614 4630 mortis
663 4589 791 4628 esse
837 4573 1206 4644 judicaverit,
1240 4572 1365 4645 ipse
1416 4573 1475 4627 in
1507 4571 1698 4644 seipse
1731 4590 1832 4644 per
1863 4573 2061 4628 odium

405 4663 674 4718 fraternae
725 4662 930 4717 n'ortis
961 4680 1096 4718 reus
1133 4679 1261 4717 esse
1296 4665 1431 4717 ante
1463 4659 1700 4716 oculum
1743 4661 2072 4718 Conditoris

405 4751 774 4819 inveniatur;
809 4749 1104 4819 similiter,
1164 4751 1264 4822 qui
1326 4748 1726 4806 fornicationis
1758 4750 1976 4805 crimen
2011 4750 2069 4805 in

409 4841 586 4896 fratre
610 4838 936 4909 accusat,in
965 4839 1156 4913 seipse
1174 4838 1461 4912 superbia;
1481 4837 1706 4894 facinus
1725 4855 1842 4893 non
1858 4839 2067 4902 videat.

408 4929 540 4984 Ideo
555 4923 767 4999 jubetu
780 4946 809 4985 ι’
823 4929 1005 5001 judex
1022 4927 1197 4985 alieni
1220 4927 1485 4984 criminis
1506 4925 1686 5000 digito
1705 4926 2070 4984 discretionis

406 5016 465 5070 in
503 5016 678 5071 corde
708 5035 814 5073 suo
848 5019 1203 5088 describere,
1233 5035 1305 5074 ne
1337 5019 1480 5074 forte
1507 5017 1565 5071 in
1596 5015 1785 5089 seipse
1816 5034 1950 5073 reus
1981 5017 2068 5073 in-

405 5103 699 5160 veniatur.
736 5106 883 5173 Quid
921 5107 1101 5180 igitur
1131 5108 1298 5164 nobis
1328 5108 1388 5162 in
1418 5106 1760 5180 hujusmodi
1792 5106 2066 5177 periculis

407 5193 673 5259 remedii,
701 5194 842 5265 quid
869 5200 1048 5250 restat
1071 5195 1297 5266 salutis,
1321 5195 1432 5252 nisi
1460 5200 1544 5264 ut,
1567 5213 1701 5250 cum
1728 5202 2065 5267 peccantem

405 5280 825 5354 conspicimus,
860 5283 930 5338 ad
956 5283 1124 5340 illum
1158 5302 1292 5341 mox
1318 5284 1670 5341 inclinemur
1692 5285 1964 5340 deorsum
1990 5285 2067 5358 (id

405 5374 514 5437 est,
551 5387 729 5444 quam
783 5372 996 5444 dejecti
1030 5391 1097 5429 ex
1130 5379 1337 5429 nostra:
1369 5373 1700 5430 conditione
1732 5374 2066 5446 fragilitatis

405 5461 614 5529 simus,
650 5459 698 5516 si
730 5478 837 5518 nos
867 5459 1067 5518 divina
1088 5463 1274 5534 pietas
1297 5480 1411 5518 non
1439 5467 1746 5529 sustentet,
1770 5463 2070 5520 humiliter

402 5549 843 5623 inspiciamus)?
864 5550 1053 5623 Digito
1075 5550 1404 5608 scribamus
1417 5552 1475 5608 in
1491 5557 1666 5624 terra,
1690 5552 1746 5608 id
1761 5558 1850 5609 est
1867 5554 2069 5610 discri-

2175 4592 2335 4633 mare
2368 4575 2586 4632 dicitur
2615 4593 2648 4632 a
2679 4579 2948 4643 meando,
2973 4595 3039 4635 eo
3071 4579 3227 4651 quod
3259 4597 3487 4652 semper
3511 4582 3758 4638 accedat
3788 4589 3848 4640 et

2182 4666 2430 4721 recedat.
2466 4664 2629 4721 Sicut
2673 4665 2830 4722 enim
2865 4684 3025 4722 mare
3057 4668 3320 4740 quietum
3364 4673 3420 4724 et
3447 4670 3846 4742 tranquillum

2181 4758 2337 4811 stare
2369 4771 2484 4810 non
2530 4754 2700 4824 valet,
2749 4755 2833 4812 sic
2882 4757 3140 4813 mundus
3185 4758 3738 4816 conturbationibus
3787 4764 3848 4816 et

2181 4843 2741 4900 tumultuationibus
2771 4849 3196 4915 commovetur;
3245 4864 3398 4903 nunc
3429 4849 3848 4921 prosperitati-

2179 4933 2291 4988 bus
2323 4931 2602 5001 elevatur,
2633 4950 2787 4989 nunc
2819 4935 3271 4992 adversitatibus
3306 4937 3594 5008 dejicitur,
3628 4939 3849 4994 crescit

2179 5022 2493 5089 nascendo,
2514 5022 2794 5079 decrescit
2816 5023 3135 5080 moriendo.
3166 5026 3278 5080 Hoc
3300 5041 3434 5099 ergo
3458 5042 3619 5082 mare
3642 5026 3848 5083 Domi-

2177 5128 2290 5166 nus
2325 5110 2682 5183 pertransiit,
2734 5113 2989 5183 quando,
3022 5113 3259 5170 calcatis
3291 5114 3495 5170 mundi
3527 5115 3838 5184 ﬂuctibus,

2177 5199 2287 5255 iter
2316 5199 2443 5254 vitae
2490 5199 2734 5255 caelestis
2765 5200 2933 5257 nobis
2964 5203 3235 5258 ostendit.
3270 5203 3349 5258 De
3379 5205 3546 5275 cujus
3578 5205 3841 5262 transitu

2177 5290 2383 5344 Petrus
2416 5287 2716 5360 apostolus
2765 5289 2878 5346 ait:
2925 5313 2950 5341 ‹‹
2986 5291 3089 5355 Qui
3126 5292 3499 5364 pertransivit
3545 5293 3695 5349 bene
3749 5295 3837 5350 fa-

2179 5377 2406 5447 ciendo,
2432 5381 2488 5432 et
2518 5378 2779 5434 sanando
2810 5395 3012 5436 omnes
3033 5378 3344 5452 Oppressos
3374 5398 3405 5438 a
3437 5381 3671 5437 diabolo
3699 5384 3840 5455 (Act.

2176 5468 2252 5539 x).
2289 5489 2315 5515 ››

2253 5579 2280 5605 ‹‹
2315 5556 2384 5612 Et
2403 5556 2761 5627 sequebatur
2780 5573 2914 5614 eum
2939 5557 3252 5614 multitudo
3273 5575 3506 5632 magna,
3531 5557 3678 5631 quia
3703 5559 3843 5616 vide
