4028 6176
227 301 326 364 285

1410 287 1607 350 HOMI
1619 287 1764 348 LM!
1806 284 1911 348 DE
1953 285 2112 348 TEM
2127 285 2350 348 PORE.

3456 287 3578 351 286

222 458 247 486 α
275 435 399 488 bant
425 427 578 503 signa
607 443 734 499 quae
767 424 1014 481 faciebat
1053 440 1228 496 super
1274 423 1368 478 his
1416 421 1516 494 qui
1546 421 1812 476 inlirma-
1845 420 1904 486 Α
1932 418 2310 492 pauperibus,
2335 422 2391 473 et
2422 417 2664 473 habebis
2690 416 3030 474 thesaurum
3052 418 3108 476 in
3143 421 3305 490 coelo,
3340 427 3396 480 et
3424 428 3575 493 veni,

221 545 244 573 ‹‹
272 523 476 578 bantur.
511 540 535 565 ››
557 515 760 570 Turbae
783 531 910 586 qua;
933 530 1067 570 eum
1091 516 1300 569 secutae
1321 517 1476 578 sunt,
1501 510 1816 567 electorum

212 607 436 667 Ecclesia
463 603 818 678 intelligitur,
853 619 920 657 ex
950 602 1224 657 omnibus
1253 600 1527 672 gentibus
1558 597 1816 655 collecta.

212 699 320 755 Hec
349 697 494 752 enim
525 693 834 748 Dominum
866 689 1126 763 quotidie
1155 689 1437 762 sequitur,
1473 705 1586 744 non
1611 705 1818 762 gressu

208 786 367 860 pedis,
399 785 493 839 sed
520 781 842 837 imitatione
873 779 1268 852 operis.Sequi
1295 780 1452 834 enim
1480 777 1815 842 Dominum,

210 872 397 930 imitari
425 876 527 939 est,
561 871 711 925 sicut
740 869 864 942 ipse
894 868 1071 923 dicit:
1109 892 1135 917 ‹‹
1166 867 1275 934 Qui
1321 867 1465 922 mihi
1500 865 1815 932 ministrat,

209 979 284 1020 me
307 964 573 1032 sequatur
602 959 787 1029 (Joan.
811 956 930 1026 xn).
967 979 993 1005 ››
1027 956 1190 1011 Unde
1221 961 1277 1011 et
1307 955 1364 1011 in
1398 955 1522 1028 lege
1553 953 1818 1027 praecipi-

210 1057 320 1108 tur:
352 1071 379 1100 «
406 1049 537 1104 Post
564 1045 878 1103 Dominum
910 1045 1091 1100 Deum
1122 1049 1289 1100 tuum
1320 1043 1650 1099 ambulabis
1674 1045 1817 1113 (Lev.

207 1143 363 1207 xvnr).
396 1137 537 1193 Hinc
577 1153 686 1192 nos
737 1135 994 1192 Joannes
1048 1134 1344 1200 admonet,
1377 1133 1615 1188 dicens:
1656 1152 1683 1184 α
1714 1130 1821 1194 Qui

207 1228 324 1285 dicit
351 1244 409 1282 se
439 1226 493 1280 in
524 1225 755 1280 Christo
788 1223 1219 1291 manere,debet
1250 1222 1405 1276 sicut
1435 1220 1531 1276 ille
1562 1219 1822 1276 ambula-

204 1316 270 1373 vit
291 1319 344 1373 et
371 1314 491 1388 ipse
515 1313 823 1370 ambulare
854 1316 900 1380 (1
934 1315 1119 1382 (Joan.
1147 1309 1520 1382 n).»chrobi
1544 1313 1739 1365 autem
1763 1309 1822 1364 in

205 1406 293 1460 hoc
321 1404 458 1459 mari
492 1403 661 1474 quasi
697 1401 890 1474 pisces
921 1400 1250 1466 volvuntur,
1285 1399 1406 1471 qui,
1426 1417 1459 1453 a
1489 1397 1824 1454 carnalibus

203 1490 472 1550 desideriis
501 1489 812 1563 implicati,
844 1488 1012 1544 littus
1042 1494 1266 1544 aeterna:
1295 1489 1428 1543 vitae
1457 1491 1694 1560 tangere
1725 1505 1822 1542 ne~

201 1593 464 1654 qanuam
491 1579 710 1636 valent.
755 1579 918 1634 Unde
950 1579 1095 1634 bene
1123 1594 1282 1632 mare
1323 1575 1572 1633 Galilazm
1603 1574 1823 1632 dictum

202 1674 288 1734 est,
317 1686 436 1741 qua:
479 1677 606 1724 rota
655 1667 776 1724 sive
827 1667 1140 1722 volubilitas
1193 1665 1626 1738 interpretatur.
1661 1664 1826 1721 Sicut

199 1757 328 1814 enim
357 1761 478 1813 rota
510 1755 751 1813 mobilis
785 1757 839 1811 in
892 1755 1111 1811 circulo
1159 1754 1430 1822 volvitur,
1460 1755 1560 1810 sed
1595 1754 1821 1810 nullum
1855 1787 1902 1851 Β

199 1847 288 1902 iter
318 1847 563 1918 perﬁcit,
596 1845 681 1902 sic
712 1844 796 1900 illi
846 1844 946 1916 qui
977 1844 1036 1900 in
1089 1843 1292 1899 mundi
1341 1861 1569 1899 amores
1600 1843 1823 1900 radices

197 1935 360 1992 cordis
386 1933 822 2008 plantaverunt,
845 1951 978 1989 cum
1009 1933 1129 1988 sint
1159 1932 1405 1988 mobiles
1455 1936 1511 1987 et
1552 1931 1820 2004 inquieti,

199 2029 364 2080 tamen
397 2024 506 2079 iter
544 2022 797 2078 cmlestis
826 2021 954 2077 vita
987 2021 1150 2077 nullo
1196 2021 1368 2076 modo
1400 2021 1710 2093 arripiunt.
1745 2022 1824 2077 De

196 2112 384 2184 quibus
411 2129 516 2184 per
552 2111 898 2183 Prophetam
929 2110 1182 2165 dicitur:
1215 2133 1243 2160 ‹‹
1278 2110 1340 2165 In
1383 2109 1624 2165 circuitu
1660 2109 1824 2182 impii

196 2200 761 2272 ambulant(Psal.xx).
799 2223 826 2249 ››
857 2200 974 2255 Nos
1003 2198 1329 2270 autem,qui
1364 2197 1456 2254 hic
1490 2203 1824 2254 manentem

194 2289 458 2346 civitatem
494 2306 618 2344 non
650 2289 957 2352 habemus,
981 2289 1080 2344 sed
1106 2289 1363 2342 futuram
1388 2291 1506 2342 toto
1539 2285 1823 2342 desiderio

193 2378 554 2450 inquirimus,
585 2377 793 2433 talium
825 2377 1090 2449 exempla
1113 2375 1516 2448 despicientes,
1542 2393 1673 2431 cum
1710 2376 1824 2431 Do-

195 2469 331 2524 mino
361 2485 527 2524 mare
564 2467 1096 2539 transnavigemus,
1121 2470 1176 2521 et
1207 2483 1276 2522 ea
1321 2484 1448 2538 quae
1497 2469 1648 2521 retro
1689 2468 1827 2520 sunt

194 2557 608 2622 obliviscentes,
644 2556 713 2611 ad
747 2572 812 2611 ea
844 2572 970 2626 quae
1003 2559 1136 2610 ante
1168 2559 1310 2609 sunt
1349 2555 1582 2623 extenti,
1617 2571 1824 2609 secun-

196 2645 313 2701 dum
342 2647 709 2701 vocationem
743 2661 1069 2716 sequamur
1097 2660 1232 2698 eum
1265 2645 1336 2698 ad
1372 2644 1636 2699 bravium
1669 2647 1830 2698 aeter-

197 2751 264 2789 nae
294 2734 812 2804 remunerationis,
839 2738 1130 2806 quatenus
1169 2749 1302 2787 cum
1337 2732 1443 2787 hac
1493 2733 1664 2788 turba
1696 2747 1824 2806 spe-

196 2822 392 2879 cialiter
421 2824 494 2879 ab
531 2821 636 2878 illo
669 2820 900 2890 instrui,
929 2821 1121 2876 curari
1160 2825 1216 2875 et
1245 2821 1402 2876 reﬁci
1434 2821 1753 2878 valeamus.

259 2935 276 2958 -
309 2913 500 2967 Subiit
533 2927 676 2981 ergo
721 2910 779 2964 in
830 2916 1087 2966 montem
1136 2910 1330 2975 Jesus,
1364 2913 1420 2965 et
1462 2909 1542 2965 ibi
1592 2913 1831 2968 sedebat

200 3023 220 3047 α
243 3017 362 3055 cum
393 2998 712 3071 discipulis
743 2999 887 3054 suis.
924 3022 949 3048 ‹‹
984 2999 1151 3054 Mons
1200 2999 1259 3054 in
1315 3017 1486 3072 quem
1521 3000 1827 3068 Dominus,

197 3090 624 3162 transnavigato
650 3087 1023 3155 mari,subiit,
1047 3087 1257 3143 cmlum
1273 3088 1583 3160 significat,
1601 3088 1658 3143 in
1673 3090 1828 3160 quod

1930 525 2171 580 sequere
2195 524 2307 563 me.
2345 530 2371 557 ››
2399 507 2511 562 Sed
2544 506 2684 579 quia
2705 506 2939 563 difficile
2961 507 3060 580 qui
3084 508 3314 568 divitias
3337 513 3581 585 habent,-

1927 597 2014 653 vel
2047 597 2433 663 amant,hunc
2449 602 2703 652 montem
2724 597 3478 670 ascendunt,«abiittristis,
3511 622 3578 661 eo

1929 687 2084 759 quod
2105 687 2264 742 dives
2283 690 2438 741 esset
2466 684 2867 750 valde.»Quasi
2887 687 3102 744 Paulus
3119 706 3252 745 cum
3275 691 3580 764 discipulis

1928 775 1988 831 in
2020 773 2378 830 convallibus
2401 775 2756 840 morabatur,
2789 776 3021 847 quando
3053 777 3319 834 dicebat:
3354 802 3380 829 ‹‹
3407 782 3579 855 Ergo,

1928 865 2274 930 fratres,non
2295 862 2455 934 potui
2476 863 2639 918 vobis
2657 863 2815 935 loqui
2849 868 3129 936 tanquam
3149 868 3576 940 spiritualibus,

1930 954 2029 1010 sed
2064 956 2345 1024 tanquam
2378 951 2732 1019 carnalibus,
2767 953 2942 1016 Quasi
2991 955 3248 1026 parvulis
3299 956 3387 1014 lac
3416 960 3579 1016 vobis

1932 1046 2135 1115 potum
2169 1040 2445 1108 dedi,non
2479 1044 2724 1110 csoam(l
2755 1043 2874 1097 Cor.
2910 1043 3013 1114 ιιι).
3052 1065 3079 1093 ‹‹
3112 1045 3288 1110 Quasi
3319 1053 3578 1107 montem

1932 1131 2292 1198 ascenderat,
2328 1129 2562 1202 quando
2594 1129 2710 1185 illis
2743 1129 3008 1186 dicebat:
3046 1156 3073 1182 ‹‹
3109 1134 3472 1206 Sapientiam
3503 1137 3582 1195 lo-

1931 1219 2172 1292 quimur
2203 1219 2354 1274 inter
2372 1218 2706 1290 perfectosU
2733 1221 2858 1275 Cor.
2885 1221 2965 1291 ιι).
3000 1244 3026 1269 ››
3051 1221 3225 1284 Quasi
3258 1223 3318 1279 in
3349 1227 3580 1283 conval-

1930 1308 2086 1364 libus
2118 1308 2476 1376 morabatur,
2510 1309 2744 1379 quando
2774 1309 3002 1364 aiebat:
3039 1311 3313 1384 «Propter
3339 1313 3583 1372 fornica-

1930 1399 2146 1454 tionem
2182 1396 2588 1468 unusquisque
2621 1397 2917 1469 propriam
2949 1399 3197 1472 accipiat
3231 1419 3493 1476 uxorem,
3524 1411 3583 1463 et

1932 1503 2300 1559 unaquaeque
2337 1502 2480 1540 uxor
2509 1502 2680 1541 suum
2704 1485 2897 1543 virum
2926 1487 3138 1545 habeat
3170 1491 3218 1562 (Ι
3245 1490 3363 1547 Cor.
3396 1499 3514 1563 vn).
3549 1516 3578 1546 »

1933 1576 2108 1642 Quasi
2144 1579 2401 1631 montem
2437 1574 2800 1641 ascenderat,
2823 1576 2966 1632 dum
2998 1577 3225 1634 dicebat
3248 1581 3386 1637 :«De
3415 1583 3584 1657 vii-gi-

1934 1666 2108 1721 nibus
2139 1670 2334 1720 autem
2366 1667 2717 1736 praeceptum
2750 1664 2982 1720 Domini
3014 1683 3128 1722 non
3162 1667 3366 1737 habeo,
3388 1672 3580 1728 consi-

1931 1755 2081 1810 lium
2114 1759 2306 1810 autem
2345 1755 2439 1809 do.
2469 1758 2695 1809 Bonum
2726 1758 2816 1809 est
2862 1753 2980 1809 illis
3010 1755 3059 1810 si
3091 1755 3174 1811 sic
3203 1767 3585 1829 permaneant

1933 1845 2255 1900 secundum
2292 1859 2489 1898 meum
2521 1842 3002 1900 consilium.Volo
3035 1849 3229 1902 autem
3259 1864 3464 1906 omnes
3486 1850 3584 1907 ho-

1933 1933 2120 1989 mines
2150 1949 2277 1988 esse
2309 1932 2460 1988 sicut
2516 1936 2574 1988 et
2628 1949 2722 1987 me
2770 1932 2972 2004 (lbid.).
3016 1954 3044 1982 »
3076 1934 3202 1990 Non
3256 1936 3410 1992 enim
3467 1956 3586 1996 una

1932 2023 2252 2093 eademque
2283 2021 2550 2076 doctrina
2604 2019 2906 2093 aequaliter
2962 2023 3236 2080 omnibus
3293 2028 3582 2098 congruit,

1934 2111 2072 2184 quia
2100 2109 2270 2166 aliter
2289 2109 2640 2165 admonendi
2665 2113 2803 2165 sunt
2826 2127 3011 2183 nuper
3040 2113 3389 2179 conversi,et
3417 2114 3588 2172 aliter

1933 2200 2170 2273 perfecti
2197 2217 2211 2266 ;
2243 2199 2411 2254 aliter
2439 2198 2762 2272 conjugati,
2790 2204 2846 2255 et
2890 2198 3060 2256 aliter
3089 2201 3341 2276 virgines
3369 2222 3381 2272 ;
3415 2204 3587 2262 aliter

1934 2289 2099 2360 casti,
2134 2293 2191 2344 et
2220 2288 2388 2344 aliter
2413 2288 2697 2344 luxuriosi
2724 2287 2912 2356 ;aliter
2943 2289 3178 2357 ebriosi,
3212 2297 3268 2347 et
3293 2292 3462 2349 aliter
3491 2312 3586 2350 so—

1934 2377 2045 2434 brii
2074 2396 2086 2446 ;
2124 2377 2294 2434 aliter
2323 2377 2582 2449 superbi,
2617 2381 2673 2432 ct
2702 2377 2871 2432 aliter
2900 2377 3154 2436 humiles
3180 2380 3368 2448 ;aliter
3397 2382 3589 2440 aliena

1895 2484 1900 2488 ·
1936 2467 2252 2540 rapientes,
2284 2471 2340 2522 et
2370 2465 2539 2521 aliter
2582 2483 2690 2522 sua
2748 2465 3184 2525 distribuentes.
3239 2469 3589 2544 Plerumque

1935 2573 2066 2613 vero
2091 2555 2390 2612 medicinae
2410 2555 2741 2612 antidotum
2761 2573 2944 2611 unum
2969 2557 3240 2612 morbum
3255 2559 3588 2627 curat,alte-

1937 2663 2065 2702 rum
2099 2645 2450 2701 accumulat.
2485 2645 2554 2699 Et
2585 2644 2773 2717 panis,
2807 2661 2943 2700 cum
2975 2646 3402 2705 fortiumvitam
3427 2650 3591 2706 robo-

1937 2739 2041 2803 ret,
2077 2733 2453 2807 parvulorum
2495 2736 2682 2789 necat.
2719 2734 2783 2788 Et
2831 2750 3141 2800 venenum,
3174 2751 3310 2791 cum
3370 2737 3483 2793 vita
3513 2739 3592 2795 sit

1938 2824 2248 2896 serpentis,
2278 2840 2436 2878 mors
2466 2821 2845 2878 esthominis.
2872 2821 3000 2878 Haec
3033 2839 3168 2894 ergo
3199 2828 3288 2879 est
3315 2824 3589 2883 discretio

1938 2913 1997 2968 in
2030 2912 2438 2985 praedicatione
2470 2911 2850 2978 observanda,
2886 2916 2948 2966 ut
2978 2929 3124 2984 quos
3153 2911 3361 2969 viderit
3390 2915 3592 2972 doctor

1939 3001 2303 3074 spiritualem
2337 2999 2782 3072 intelligentiam
2810 3017 3013 3072 capere
3053 3018 3167 3056 non
3202 3019 3392 3073 posse,
3417 3003 3592 3074 juxta

1946 3089 2198 3144 litteram
2229 3090 2451 3154 doceat,
2484 3105 2589 3143 nec
2614 3093 2845 3161 pr0pter
2865 3106 2963 3144 eos
2994 3092 3189 3145 tamen
3221 3091 3591 3162 perfectiores

197 3154 634 3251 postquamvper
664 3154 1029 3249 triumphum
1052 3181 1264 3232 sanctae
1295 3154 1507 3244 crucis,
1531 3154 1830 3234 frementis
1860 3154 1902 3220 ί)
1943 3177 2422 3250 relinquat.Quod
2441 3154 2703 3249 exemplo
2720 3154 2829 3232 suo
2861 3177 3028 3233 nobis
3056 3154 3240 3234 Jacob
3258 3179 3591 3251 patriarcha

197 3267 376 3322 mundi
409 3265 700 3322 ﬂuctibus
731 3264 989 3333 calcatis,
1021 3264 1204 3320 victor
1241 3265 1689 3329 ascendit.Quod
1723 3283 1832 3322 au-

196 3357 293 3410 tem
320 3354 397 3411 ibi
430 3371 578 3411 eum
610 3353 915 3426 discipulis
955 3353 1211 3420 sedebat,
1245 3353 1501 3410 ostendit
1540 3355 1696 3428 quia,
1730 3357 1832 3412 ubi

196 3444 468 3514 precessit
497 3447 708 3515 caput,
741 3446 1014 3498 secutura
1045 3447 1210 3498 erant
1259 3447 1316 3499 et
1365 3444 1648 3511 membra,
1679 3445 1832 3501 sicut

195 3529 299 3602 ipse
328 3533 406 3587 ait
431 3533 490 3587 in
527 3530 845 3603 Evangelio
870 3548 882 3585 :
905 3530 1395 3599 «Volo,Pater,ut,
1422 3534 1520 3588 ubi
1547 3550 1652 3607 ego
1675 3552 1828 3604 sum,

197 3617 258 3673 ibi
287 3620 359 3676 sit
407 3625 464 3676 et
509 3619 790 3676 minister
835 3635 1002 3675 meus
1049 3621 1228 3688 (Joan.
1260 3625 1382 3688 xu).
1410 3643 1438 3670 »
1470 3622 1538 3676 Et
1578 3620 1827 3678 iterum:

201 3731 220 3755 ιι
243 3708 339 3764 Ubi
373 3709 556 3766 fuerit
589 3725 822 3780 corpus,
858 3708 975 3764 illic
1007 3709 1520 3782 congregabuntur
1547 3715 1602 3766 et
1625 3711 1831 3784 aquilae

196 3797 326 3866 (Luc.
358 3803 515 3866 xvn).
558 3821 589 3848 ››
636 3796 836 3865 Aliter,
872 3815 973 3869 per
1018 3798 1172 3853 hunc
1218 3802 1475 3854 montem
1526 3799 1834 3856 sublimior

197 3886 439 3942 doctrina
468 3885 1137 3958 intelligitur.Dominus
1167 3886 1224 3941 in
1258 3888 1721 3955 monte,verbum
1746 3893 1835 3944 cst

198 3972 245 4028 in
273 3974 400 4042 alto;
423 3977 531 4048 qui
559 3991 698 4048 ergo
731 3975 1132 4031 sublimiorem
1180 3975 1506 4032 doctrinam
1533 3976 1654 4032 vult
1681 3979 1831 4033 acci-

195 4078 328 4134 pere,
357 4081 459 4122 cor
488 4068 568 4122 de
602 4067 758 4119 terra
788 4065 857 4119 ad
892 4064 1099 4120 cmlum
1134 4064 1399 4131 elevet,id
1430 4069 1518 4120 est
1546 4066 1616 4120 de
1637 4083 1834 4122 amore

199 4153 378 4207 mundi
409 4156 683 4208 transeat
710 4152 782 4206 ad
815 4169 1072 4208 amorem
1096 4151 1446 4210 Dei.Turbas
1477 4170 1613 4226 ergo
1637 4154 1832 4213 Domi-

199 4255 292 4295 nus
319 4240 375 4298 in
414 4240 790 4297 convallibus
837 4241 1021 4309 docet,
1055 4244 1220 4296 curat
1267 4245 1324 4296 et
1374 4241 1578 4308 reﬁcit,
1613 4245 1833 4297 etcum

199 4325 479 4400 discipulis
525 4330 591 4384 in
629 4333 887 4384 montem
935 4329 1218 4395 ascendit,
1267 4333 1332 4383 ut
1379 4330 1649 4385 ostendat
1695 4330 1836 4403 quia

193 4413 338 4483 juxta
365 4418 758 4490 capacitatem
790 4417 1124 4472 auditorum
1161 4417 1502 4472 formandus
1532 4423 1619 4474 est
1641 4437 1833 4476 sermo

1940 3266 2485 3339 ostendit,qui,cum
2508 3282 2641 3321 oves
2665 3265 2860 3320 Laban
2891 3265 3162 3322 avunculi
3185 3266 3276 3322 sui
3303 3273 3586 3340 pasceret,

1941 3361 1997 3412 et
2025 3357 2184 3412 varia
2215 3372 2460 3428 quaeque
2477 3371 2580 3428 pro
2616 3355 2879 3410 mercede
2899 3355 3202 3427 acciperet,
3236 3355 3369 3412 tulit
3397 3356 3590 3430 virgas

1940 3445 2240 3518 populeas,
2273 3448 2330 3500 et
2359 3443 2945 3516 amygdalinas,quas
2977 3460 3044 3499 ex
3075 3449 3238 3516 parte
3267 3445 3588 3503 decorticaJ

1939 3535 2040 3602 vit,
2073 3537 2130 3590 et
2159 3551 2225 3589 ex
2258 3537 2420 3607 parte
2469 3550 2602 3589 cum
2649 3532 2984 3589 corticibus
3022 3533 3276 3606 reliquit,
3308 3539 3365 3590 et
3395 3536 3592 3607 posuit

1941 3641 2038 3680 eas
2070 3623 2127 3678 in
2161 3622 2486 3690 canalibus,
2523 3627 2586 3677 ut
2616 3623 2672 3676 in
2707 3626 2945 3695 aspectu
2979 3621 3212 3678 illarum
3243 3640 3379 3680 oves
3401 3624 3591 3682 varios

1942 3714 2114 3769 foetus
2145 3711 2515 3783 conciperent
2556 3710 2706 3784 (Gen.
2757 3716 2909 3778 xxx).
2961 3711 3106 3775 Quid
3161 3712 3340 3768 Jacob
3390 3718 3592 3785 pastor

1940 3802 2158 3868 ovium,
2190 3801 2304 3855 nisi
2328 3805 2620 3873 pastorem
2639 3800 2906 3856 Ecclesize
2924 3789 3402 3873 significatmnid
3433 3820 3588 3870 oves,

1941 3889 2054 3946 nisi
2086 3889 2284 3945 fideles
2315 3889 2609 3945 auditores
2629 3889 2656 3944 ?
2690 3889 2851 3945 Unde
2882 3889 3070 3961 primo
3100 3890 3318 3962 pastori
3365 3891 3588 3948 dictum

1940 3981 2066 4035 est:
2106 4000 2132 4028 «
2164 3978 2224 4033 Si
2257 3977 2454 4050 diligis
2486 3995 2598 4045 me,
2624 3995 2796 4050 pasce
2826 3995 2959 4034 oves
2992 3994 3153 4034 meas
3178 3980 3355 4047 (Joan.
3386 3986 3525 4049 xxx).
3564 4004 3591 4031 »

1939 4069 2101 4139 Aqua
2130 4083 2262 4121 vero
2294 4065 2653 4138 Scripturam
2685 4081 2913 4120 sacram
2946 4065 3312 4138 designat,de
3343 4083 3460 4138 qua
3491 4086 3594 4140 per

1942 4153 2314 4210 Salomonem
2347 4154 2597 4208 dicitur:
2628 4156 2842 4224 «Aqua
2872 4153 3160 4224 profunda
3191 4170 3382 4210 sermo
3407 4172 3474 4211 ex
3495 4173 3591 4212 ore

1940 4243 2068 4310 viri,
2110 4247 2168 4298 et
2216 4247 2442 4298 torrens
2495 4242 2828 4297 redundans
2878 4241 3008 4296 fons
3057 4241 3355 4313 sapientiae
3404 4247 3587 4312 (Prov.

1940 4333 2161 4403 xvm).»
2193 4331 2380 4403 Virgae
2412 4334 2628 4395 autem,
2662 4329 2925 4400 ejusdem
2950 4329 3261 4402 Scriptura
3290 4331 3605 4386 sententiaa'

1942 4424 2100 4487 sunt,
2134 4437 2264 4492 qua:
2293 4437 2361 4474 ex
2387 4422 2548 4490 parte
2579 4422 2719 4472 sunt
2765 4417 3207 4486 decorticandae,
3242 4424 3299 4475 et
3329 4436 3398 4474 ex
3427 4424 3591 4491 parte

199 4500 247 4557 in
275 4506 686 4576 praedicatione
719 4507 1022 4562 doctorum
1081 4507 1207 4562 Non
1255 4506 1410 4562 enim
1442 4511 1680 4580 propter
1701 4526 1830 4581 per-
1864 4525 1910 4590 ι’)
1941 4527 2076 4566 cum
2109 4507 2425 4564 corticibus
2458 4504 2872 4578 relinquendae,
2897 4511 2958 4561 ut
2989 4507 3361 4580 perfectiores
3382 4507 3593 4582 allego-

199 4591 355 4650 fectos
385 4595 701 4651 deserendi
734 4599 872 4650 sunt
919 4594 1160 4662 inﬁrmi,
1195 4596 1293 4651 sed
1326 4596 1521 4668 potius
1550 4613 1685 4652 cum
1714 4596 1830 4653 illis

200 4679 460 4738 tolerandi
493 4687 554 4738 et
587 4681 932 4755 corrigendi.
966 4684 1140 4747 Quasi
1171 4701 1304 4739 cum
1357 4685 1612 4755 quodam
1637 4687 1830 4741 Domi-

202 4783 293 4825 nus
315 4771 368 4826 in
399 4771 771 4827 convallibus
796 4773 1394 4844 morabatur,quando
1417 4771 1500 4828 illi
1527 4774 1826 4845 quaerenti,

201 4857 326 4920 Quid
357 4859 626 4916 faciendo
658 4861 834 4915 vitam
866 4865 1141 4916 zeternam
1169 4861 1480 4933 possidebo
1500 4863 1834 4934 ?respondit

202 4944 457 5021 (Μίκκα)
487 4967 501 5004 :
539 4973 566 4999 ‹‹
603 4950 661 5005 Si
693 4949 780 5004 vis
806 4948 1066 5005 invenire
1095 4949 1298 5015 vitam,
1331 4967 1495 5006 serva
1518 4952 1828 5008 mandata:

197 5031 302 5090 Non
334 5038 586 5104 occides,
617 5055 731 5093 non
766 5038 1167 5105 mmchaberis,
1200 5045 1314 5094 non
1365 5039 1588 5095 furtum
1632 5040 1832 5108 facies,

203 5137 298 5177 non
329 5127 715 5192 adulterabis,
752 5144 867 5183 non
899 5128 1278 5200 concupisces
1310 5145 1431 5183 rem
1457 5128 1703 5200 proximi
1723 5129 1830 5197 tui,

201 5209 401 5270 honora
430 5220 659 5287 patrem
691 5220 749 5272 et
780 5220 1084 5272 matrem.»
1110 5218 1179 5272 Et
1201 5216 1284 5272 illi
1315 5217 1660 5273 sublimiora
1683 5236 1833 5289 quae-

205 5301 352 5368 renti,
378 5308 434 5358 et
465 5303 680 5360 dicenti
709 5321 721 5359 :
759 5327 785 5354 «
835 5305 964 5360 Haec
995 5305 1196 5362 omnia
1246 5305 1531 5362 custodivi
1566 5323 1598 5360 a
1621 5307 1832 5376 juven-

200 5391 308 5444 tute
336 5407 486 5459 mea,
526 5393 824 5464 nprotinus
855 5398 1112 5449 montem
1148 5393 1518 5466 perfectionis
1540 5393 1622 5448 illi
1646 5399 1834 5450 osten-

203 5474 294 5542 dit,
323 5478 562 5536 dicens:
594 5482 842 5537 «Adhuc
868 5483 973 5537 tibi
1023 5500 1208 5538 unum
1259 5484 1439 5540 deest.
1474 5482 1532 5539 Si
1584 5482 1668 5538 vis
1700 5501 1830 5556 per-

201 5561 369 5624 fectus
399 5585 553 5636 esse,
581 5571 724 5627 vade
747 5575 804 5626 et
831 5572 1013 5628 vende
1044 5571 1243 5628 omnia
1273 5589 1400 5644 quae
1432 5572 1635 5639 habes,
1670 5576 1726 5628 et
1757 5573 1830 5629 da

1943 4599 2058 4654 rice
2089 4595 2682 4661 instruantur,minus
2711 4611 2953 4667 capaces
2977 4595 3146 4667 juxta
3163 4595 3418 4653 litteram
3457 4614 3589 4654 eru-

1939 4687 2197 4742 diantur.

2012 4798 2038 4824 ‹‹
2071 4775 2208 4829 Erat
2238 4777 2433 4829 autem
2475 4772 2804 4845 proximum
2835 4771 3075 4840 Pascha,
3108 4771 3233 4828 dies
3264 4773 3448 4830 festus
3491 4774 3590 4830 Ju-

1943 4888 1970 4914 «
2004 4864 2284 4919 daaorum.
2320 4885 2347 4914 »
2380 4863 2600 4929 Non,ut
2629 4860 2870 4934 quidam
2903 4863 3133 4933 putant,
3158 4860 3431 4916 Paschaa
3461 4879 3591 4934 pas-

1942 4951 2231 5020 sione,sed
2263 4969 2297 5006 a
2327 4949 2695 5018 transitu,est
2726 4949 3059 5004 dictum.Ex
3087 4965 3153 5004 eo
3174 4966 3304 5005 vero
3330 4954 3596 5022 tempore”

1943 5058 2058 5113 quo
2092 5039 2500 5111 Dominas,per
2527 5041 2832 5110 Egyptum
2865 5036 3174 5104 transiens,
3200 5037 3592 5112 primogenita

1943 5129 2341 5202 Egyptiorum
2377 5126 2684 5200 percussit,
2721 5130 2777 5180 et
2806 5124 2960 5180 filios
2980 5124 3156 5181 Israel
3187 5125 3471 5194 liberavit,
3491 5128 3600 5183 Pa-‘

1944 5217 2085 5273 scha
2105 5219 2342 5289 jussum
2387 5221 2474 5271 est
2526 5213 2827 5282 celebrari,
2863 5214 3018 5286 quod
3075 5213 3354 5270 chraice
3398 5218 3588 5288 phase,

1943 5307 2145 5362 Latine
2179 5307 2441 5362 transitus
2471 5302 2992 5360 dicitur.Dicturus
3024 5303 3380 5377 evangelista
3399 5305 3593 5362 Domi-

1940 5413 2082 5451 num
2118 5413 2184 5450 ex
2214 5393 2474 5466 quinque
2504 5391 2756 5463 panibus
2779 5393 3041 5464 quinque
3074 5391 3258 5447 millia
3278 5393 3588 5450 hominum

1941 5484 2208 5549 satiasse,
2237 5481 2553 5554 prae-misit:
2591 5505 2617 5528 ‹‹
2653 5480 2788 5536 Erat
2825 5481 3157 5554 proximum
3190 5481 3431 5551 Pascha,
3464 5482 3598 5536 dies-

1942 5572 2124 5628 festus
2150 5571 2508 5639 Judacorum,
2545 5573 2642 5624 »υἱ
2677 5569 3074 5643 intelligamus
3103 5569 3241 5642 quia
3268 5574 3407 5626 tunc
3433 5570 3586 5625 abeo
