4028 6176
253 327 362 388 289

1464 325 1818 386 ΠΟΜΙΙᾸΑΞ
1861 325 1962 386 DE
2006 325 2404 389 TEMPORE.

3510 333 3634 395 290

253 462 435 515 turum
468 457 742 532 praedixit,
760 458 933 512 ﬁdem
965 456 1190 513 habuit.
1210 457 1321 512 Sed
1340 474 1473 514 cum
1499 457 1871 514 eumvenien-
1903 459 1957 528 Α
1987 457 2193 515 durius
2224 461 2648 533 portet,dicens
2681 479 2813 517 cum
2847 463 3632 536 Prophetazulnduxistinos

248 551 356 604 tem
385 546 540 602 idem.
557 545 808 620 populus
830 563 1044 620 magna
1063 563 1131 602 ex
1156 551 1317 618 parte
1339 548 1569 602 credere
1589 547 1798 615 renuit,
1818 547 1875 601 in

247 635 349 692 ﬁde
361 636 654 691 dubitavit.
672 637 826 702 Quos
845 636 1236 708 praeﬁguravit
1259 635 1580 708 Isaac,qui,
1596 635 1878 692 cumculi-

243 723 505 798 gantibus
537 723 718 780 oculis
750 723 939 780 ﬁlium
971 723 1568 791 benediceret,multa
1599 724 1646 780 ei
1682 725 1879 780 futura

242 809 513 884 praedixit,
531 813 629 868 sed
650 818 847 868 tamen
881 813 1011 886 quis
1042 829 1298 884 praesens
1331 817 1616 870 essetnon
1646 805 1879 887 agnovit

239 901 539 974 (Gemxxv).
557 901 703 958 Puer
724 901 781 957 in
800 902 1121 975 Scripturis
1141 901 1458 975 aliquando
1478 920 1580 976 pro
1602 903 1874 976 puritate,

244 989 545 1061 aliquando
566 1007 669 1062 pro
691 989 924 1046 levitate
948 990 1161 1048 ment-is
1184 990 1487 1063 accipitur.
1505 991 1610 1047 Pro
1625 992 1876 1064 puritate

242 1077 378 1135 sicut
407 1075 477 1134 de
502 1075 746 1135 Domino
771 1080 988 1135 dicitur
1011 1097 1022 1134 :
1046 1104 1072 1128 ‹‹
1104 1081 1248 1135 Ecce
1279 1097 1425 1152 puer
1454 1081 1874 1148 meus-electus,

241 1183 396 1240 quem
429 1165 572 1242 elegi
597 1168 705 1240 (15.2
741 1171 896 1237 xui).
919 1192 946 1218 ››
961 1169 1030 1224 Et
1059 1168 1210 1225 sicut
1238 1168 1362 1241 ipse
1394 1168 1701 1243 discipulis
1721 1169 1874 1226 suis:

245 1254 457 1322 «Pueri,
472 1258 737 1329 nunquid
756 1257 1214 1330 pulmentarium
1231 1257 1498 1314 habetis?
1513 1259 1688 1333 (Joan.
1704 1263 1877 1328 xxI.)»

243 1345 334 1400 Pro
363 1342 615 1414 levitate,
648 1345 735 1400 vel
770 1347 1149 1403 instabilitate
1181 1347 1879 1415 mentis,sicutD.ominus

241 1435 300 1489 de
326 1433 547 1489 Judzeis
577 1434 716 1489 dicit
735 1457 761 1485 «
780 1453 793 1490 :
811 1435 1878 1509 Cuiassimilabobancgenerationem

241 1522 569 1594 pessimam,
589 1522 674 1578 vel
707 1523 799 1577 cui
834 1540 961 1578 eam
989 1524 1240 1578 similem
1274 1526 1636 1581 dixerimus?
1659 1526 1882 1582 Similis

239 1611 522 1683 estpueris
544 1612 885 1668 sedentibus
900 1613 959 1666 in
978 1614 1120 1678 foro,
1136 1611 1479 1670 ludentibus
1499 1619 1675 1687 atque
1689 1615 1882 1672 dicen-

237 1701 378 1756 tibus
395 1718 408 1756 :
425 1699 787 1757 Saltavimus
798 1701 982 1767 vobis,
999 1706 1054 1757 et
1066 1717 1178 1758 non
1198 1703 1477 1758 cantastis
1494 1720 1506 1756 :
1521 1702 1878 1776 planximus,

237 1794 286 1844 et
316 1806 424 1844 non
451 1788 1070 1894 lamentastistMotfh:
1243 1814 1270 1839 »
1292 1792 1404 1894 ‘Est
1451 1790 1606 1847 enim
1641 1792 1880 1864 puerilis
1911 1826 1960 1894 Β

237 1882 362 1934 aetas
391 1877 638 1951 garrula
669 1883 732 1934 et
755 1878 918 1944 levis,
953 1878 1064 1934 nisi
1099 1879 1423 1952 disciplinae
1456 1882 1690 1940 verbere
1721 1899 1878 1937 coer-

238 1970 440 2022 ceatur.
457 1968 622 2023 Puer
647 1985 904 2040 namque
935 1968 1044 2023 iste
1061 1967 1342 2040 populum
1367 1968 1882 2041 signiﬁcatJudai-

239 2056 522 2127 cum,q.ui,
548 2072 650 2128 pro
673 2054 905 2111 levitate
932 2056 1017 2111 vel
1050 2055 1429 2112 instabilitate
1445 2058 1752 2124 mentis,in
1772 2059 1883 2114 fide

238 2144 632 2216 etcognitione
646 2143 742 2199 Dei
762 2145 967 2200 ﬁrmus
991 2162 1102 2200 non
1129 2145 1471 2218 permansit.
1491 2146 1596 2212 Qui
1624 2147 1883 2219 quinque

237 2249 402 2304 panes
437 2232 674 2299 habuit,
696 2232 832 2304 quia
851 2233 1138 2290 Judaicus
1161 2233 1412 2307 populus
1432 2235 1690 2308 quinque
1706 2235 1882 2291 libros

236 2321 403 2393 Moysi
454 2321 1032 2394 acccpit,4ridelicct,
1064 2323 1357 2389 Genesim,
1405 2324 1686 2391 Exodum,
1725 2325 1881 2379 Levi-

237 2410 422 2477 ticum,
457 2410 773 2475 Numeros,
808 2415 866 2465 et
899 2411 1435 2477 Deuteronomium,
1473 2411 1568 2484 qui
1605 2412 1884 2467 llcbraica

235 2497 422 2569 lingua
483 2499 764 2565 Beresith,
818 2501 1250 2561 Vcellchsemoth.
1306 2501 1514 2564 ναίοντα,
1563 2501 1880 2567 νίιίιιιιὺὺεν,

239 2587 712 2642 Ellehaddebarim
766 2587 1168 2642 nominantur.
1205 2590 1272 2642 Et
1319 2589 1464 2644 bene
1509 2589 1748 2661 quidem
1799 2590 1882 2644 illi

244 2692 410 2746 panes
434 2675 748 2731 hordeacei
773 2676 953 2732 fuisse
974 2677 1322 2742 referuntur,
1347 2682 1581 2750 propter
1607 2678 1882 2734 duritiam

242 2763 714 2837 legis.Hordeum
749 2781 1005 2836 namque
1038 2763 1295 2836 spissum
1318 2763 1494 2819 habet
1515 2771 1808 2839 tegumen,
1829 2771 1887 2822 et

243 2869 345 2908 non
377 2852 553 2908 facile
588 2854 663 2908 ad
691 2855 818 2924 ejus
864 2853 1201 2924 pervcnitur
1247 2853 1588 2922 medullam,
1623 2855 1886 2910 obscuri-

247 2946 412 2996 tatem
444 2941 604 3014 legis
631 2940 995 3012 significans,
1016 2942 1155 3014 quia
1183 2940 1271 2996 lex
1293 2946 1425 2997 ante
1448 2942 1762 2998 adventum
1781 2944 1889 2999 D0-

246 3029 376 3086 mini
409 3028 468 3084 in
501 3033 742 3085 tantum
770 3028 958 3084 velata
977 3029 1196 3084 exstitit
1225 3033 1290 3084 ut
1322 3029 1521 3085 nullus
1554 3030 1728 3086 homo
1759 3048 1888 3088 eam

247 3117 628 3190 spiritualiter
647 3117 965 3190 intelligere
984 3122 1200 3190 posset,
1222 3119 1886 3192 quoadusque,veniens,

1985 546 2044 602 in
2076 547 2372 620 laqueum,
2399 551 2648 622 posuisti
2683 550 3090 608 tribulationes
3120 552 3175 606 in
3210 552 3390 610 dorso
3414 557 3630 622 nostro,

1985 635 2318 709 imposui-sti
2333 638 2601 694 homines
2613 657 2678 696 su
2687 640 2994 713 percapita
3007 639 3493 697 nostra..Transivi
3505 657 3555 693 m
3569 659 3599 694 ιι
3611 658 3636 695 s

1985 741 2088 796 per
2114 724 2308 798 ignem
2339 731 2394 782 et
2423 733 2734 800 aquam,et
2757 729 3011 785 eduxisti
3043 747 3146 785 nos
3179 728 3234 783 in
3269 727 3635 802 refrigerium

1986 815 2156 883 (Paul.
2194 818 2340 884 va).
2372 839 2398 864 »
2427 818 2494 872 Et
2524 816 2676 875 sicut
2707 817 2908 872 mundi
2942 819 3130 892 pisces
3160 835 3262 891 per
3292 817 3513 872 coitum
3533 833 3636 871 nec

1985 910 2262 975 generant
2296 921 2400 959 nec
2431 909 2802 978 generantur,
2836 905 2918 960 ita
2945 923 3176 979 quoque
3206 910 3262 961 et
3293 904 3352 960 in
3384 903 3639 960 Ecclesia

1986 991 2131 1048 tales
2160 992 2452 1048 habentur
2485 993 2606 1066 qui,
2641 994 3008 1067 conjugalcm
3043 994 3522 1065 conjunctionem
3549 1010 3637 1048 re-

1987 1085 2284 1151 spuentes,
2297 1081 2689 1154 integritatem
2703 1082 3048 1156 virginalem
3063 1087 3384 1152 sectantur,
3396 1081 3641 1156 implen-

1990 1172 2078 1224 tes
2107 1168 2252 1224 illud
2284 1171 2435 1242 quod
2469 1171 2754 1226 Dominus
2788 1171 2928 1227 dicit
2962 1171 3016 1225 in
3054 1170 3364 1242 Evangelio
3399 1189 3410 1226 :
3449 1194 3474 1219 ‹‹
3510 1169 3642 1225 Sint

1989 1256 2176 1312 lumbi
2218 1258 2391 1314 vestri
2444 1259 2758 1330 praecincti,
2793 1264 2848 1314 et
2888 1259 3136 1314 lucernze
3187 1259 3456 1314 ardentes
3485 1260 3637 1328 (Luc.

1989 1350 2106 1414 xu).
2145 1369 2170 1395 ››
2205 1345 2386 1401 Aliter
2420 1364 2431 1401 :
2467 1364 2569 1420 per
2598 1349 2746 1402 duos
2779 1348 3153 1420 pisces,duos
3187 1348 3422 1401 ordines
3445 1345 3547 1418 qui
3579 1346 3637 1401 in

1990 1436 2191 1490 eodem
2244 1434 2458 1508 populo
2505 1427 2850 1491 celebriores
2900 1436 3265 1491 habebantur
3315 1434 3640 1507 intelligere

1991 1540 2331 1594 possumus,
2366 1522 2618 1594 regalem
2655 1523 2874 1579 scilicet
2903 1529 2960 1579 et
2991 1523 3482 1590 sacerdotalem,a
3514 1521 3641 1595 qui-

1990 1611 2101 1665 bus
2152 1611 2505 1683 regebantur
2552 1616 2609 1666 et
2642 1612 3118 1679 instruebantur;
3155 1629 3300 1684 quos
3351 1612 3633 1667 Dominus

1988 1702 2160 1754 Jesus
2197 1699 2252 1753 in
2289 1716 2349 1755 se
2381 1700 2680 1772 suscipere
2711 1701 3007 1773 dignatus,
3031 1704 3095 1754 ut
3143 1699 3310 1755 fieret
3341 1699 3508 1756 nobis
3542 1714 3642 1755 rex

1991 1787 2208 1858 pariter
2236 1794 2292 1843 et
2322 1789 2594 1844 saecrdOs
2627 1806 2640 1844 :
2675 1805 2792 1857 rex,
2828 1805 2934 1844 nos
2964 1789 3110 1844 bene
3141 1788 3393 1861 regendo
3416 1803 3642 1856 ;sacer-

1993 1877 2118 1946 dos,
2157 1877 2538 1950 semetipsum
2585 1877 2699 1932 Deo
2740 1877 2994 1934 hostiam
3045 1875 3484 1933 immaculatam
3539 1893 3643 1949 pro

1994 1965 2166 2020 nobis
2195 1966 2508 2021 oll‘erendo.

2065 2078 2091 2102 ‹‹
2115 2053 2269 2110 Dixit
2297 2071 2433 2128 ergo
2464 2054 2663 2111 Jesus:
2684 2055 2874 2111 Facite
2904 2055 3167 2111 homines
3200 2052 3588 2110 discumbere.
3617 2076 3645 2102 ››

1993 2141 2371 2198 Discumbcre
2403 2142 2691 2212 homines,
2727 2148 2816 2198 est
2847 2143 3230 2216 spiritualiter
3253 2143 3312 2199 in
3347 2143 3462 2199 fide
3484 2143 3645 2215 quie-

1994 2248 2174 2287 scere.
2192 2231 2354 2286 Tunc
2385 2231 2540 2286 enim
2566 2232 2873 2306 discipulis
2893 2237 2956 2287 ut
2979 2232 3248 2288 homines
3271 2233 3645 2288 discumbere

1993 2321 2249 2375 facerent
2280 2319 2564 2375 Dominus
2597 2321 3140 2393 prmccpit,quando
3163 2339 3261 2376 eos
3284 2321 3644 2376 inmundum

1993 2409 2064 2464 ad
2116 2409 2553 2480 praedicandum
2601 2410 2934 2478 destinavit,
2979 2410 3218 2464 dicens:
3258 2433 3283 2459 «
3315 2410 3534 2464 Euntes
3583 2407 3640 2462 in

1994 2498 2278 2550 mundum
2311 2497 2676 2563 universum,
2703 2499 2902 2553 docete
2947 2515 3153 2553 omnes
3200 2501 3421 2570 gentes,
3457 2497 3645 2569 bapti-

2001 2589 2199 2639 zantes
2223 2602 2320 2640 eos
2345 2586 2398 2639 in
2436 2587 2671 2641 nomine
2691 2586 2878 2640 Patris
2900 2590 2956 2640 et
2985 2585 3110 2640 Filii
3137 2590 3194 2642 et
3223 2586 3474 2658 Spiritus
3507 2604 3646 2642 san-

1994 2674 2091 2728 cti.
2128 2675 2232 2739 Qui
2267 2675 2576 2729 crediderit
2615 2681 2672 2729 et
2704 2674 3034 2746 baptizatus
3067 2675 3260 2736 fuerit,
3295 2674 3492 2729 salvus
3539 2675 3650 2730 erit

1996 2766 2190 2831 (Marc.
2238 2764 2372 2835 xw).
2411 2786 2438 2812 »
2489 2764 2654 2818 Tunc
2705 2768 2901 2817 autem
2955 2763 3324 2818 discumbere
3364 2763 3644 2829 fecerunt,

1997 2852 2274 2924 quando«
2292 2851 2528 2923 profecti
2560 2851 3028 2924 przedicaverunt
3058 2851 3425 2924 ubique,Deo
3453 2867 3650 2924 coope-

1998 2944 2245 3003 rante,et
2265 2957 2593 2996 sermonem
2610 2957 2714 2995 con
2727 2942 2993 2996 firmante
3006 2941 3387 3013 sequentibus
3400 2940 3604 3012 signis.
3619 2962 3646 2987 ››

1999 3028 2106 3082 Sed
2144 3027 2282 3082 illud
2318 3028 2881 3099 praetermittendum
2916 3047 3029 3084 non
3062 3032 3150 3084 est
3180 3027 3650 3102 quod,sicutalio

1999 3115 2351 3187 evangelista
2383 3121 2657 3172 narrante
2698 3117 3077 3191 cognovimus
3113 3135 3125 3171 :
3162 3141 3188 3167 «
3224 3119 3503 3173 Fecerunt
3551 3134 3650 3172 eos

247 3205 707 3262 benedictionem
742 3207 904 3262 daret
927 3206 1025 3279 qui
1049 3205 1235 3278 legem
1261 3207 1515 3263 dederat.
1538 3208 1593 3263 Si
1615 3209 1768 3263 enim
1788 3226 1890 3282 per
1919 3193 1962 3260 C
2001 3204 2369 3260 discumbere
2385 3223 2484 3276 pro
2499 3205 3650 3277 convivio,quinquagenosetcentenos.»

246 3296 492 3367 quinque
530 3312 718 3367 panes
748 3294 1005 3367 quinque
1053 3293 1182 3348 libri
1236 3295 1409 3367 Moysi
1459 3295 1890 3370 intelliguntur,

243 3399 558 3454 possumus
591 3387 648 3437 et
677 3399 782 3455 per
810 3384 958 3438 duos
988 3383 1174 3455 pisces
1206 3382 1349 3438 alios
1381 3384 1527 3440 duos
1570 3384 1892 3459 intelligere

242 3469 424 3540 libros,
441 3470 688 3527 oracula
716 3470 939 3526 scilicet
961 3471 1400 3544 prophetarum,
1420 3478 1476 3529 et
1497 3476 1722 3530 cantica
1739 3475 1894 3529 Psal-

244 3577 483 3629 morum,
518 3561 626 3632 qui
661 3565 793 3632 post
824 3560 1226 3616 auctoritatem
1257 3560 1404 3634 legis
1455 3561 1798 3618 sacratiores
1831 3564 1888 3618 in

245 3650 429 3704 eodem
444 3647 671 3722 populo
684 3647 1070 3716 habebantur,
1086 3667 1335 3720 quorum
1356 3667 1538 3706 unum
1556 3651 1891 3707 memoriter

244 3736 624 3806 decantando,
642 3737 893 3792 alterum
915 3738 1118 3792 veroin
1143 3741 1454 3812 synagogis
1478 3742 1600 3796 suis
1626 3740 1890 3812 frequen-

247 3831 324 3880 ter
353 3827 626 3900 legendo,
648 3826 992 3882 recitabant.
1013 3826 1078 3880 Et
1110 3831 1259 3881 recte
1291 3843 1392 3898 per
1409 3826 1515 3881 hos
1537 3829 1683 3882 duos
1698 3828 1888 3901 pisces

246 3912 296 3968 hi
323 3915 433 3971 duo
467 3915 608 3971 libri
647 3914 1076 3988 intelliguntur,
1110 3913 1248 3986 quia
1276 3913 1451 3970 talem
1499 3915 1778 3988 populum
1828 3917 1888 3971 in

246 3997 488 4059 Ecclesia
518 4006 790 4058 futurum
825 4003 1234 4075 praedixerunt,
1267 4003 1366 4075 qui
1415 4003 1523 4058 hoc
1571 4021 1799 4060 servare
1828 4004 1886 4059 in

247 4092 494 4148 moribus
529 4093 685 4164 quod
712 4091 888 4164 piscis
911 4090 1088 4146 habet
1107 4091 1166 4146 in
1189 4096 1416 4147 natura.
1435 4091 1616 4147 Piscis
1633 4110 1886 4164 namque

247 4185 486 4249 quatuor
519 4180 700 4234 habet
723 4184 997 4234 naturas:
1019 4197 1219 4246 unam,
1237 4179 1374 4251 quia
1395 4181 1519 4235 sine
1538 4183 1888 4252 aquavivere

247 4283 348 4322 non
378 4267 695 4340 praevalet;
732 4267 1073 4335 secundam,
1106 4268 1244 4339 quia
1275 4281 1454 4340 super
1497 4285 1626 4323 eam
1670 4268 1886 4324 saltum

247 4354 369 4412 dare
398 4356 747 4423 consuevit;
777 4356 1034 4422 tertiam,
1069 4357 1207 4428 quia
1238 4373 1353 4426 quo
1386 4357 1574 4428 magis
1618 4357 1890 4412 tunditur

247 4443 534 4515 ﬂuctibus,
567 4461 635 4500 co
689 4444 943 4518 amplius
993 4444 1375 4512 convalescit;
1423 4450 1715 4516 quartam,
1751 4446 1889 4519 quia

247 4532 421 4602 pisces
481 4550 590 4606 per
635 4531 854 4588 coitum
887 4549 994 4588 nec
1023 4538 1322 4605 generant,
1354 4551 1459 4588 nec
1511 4539 1886 4606 generantur.
1919 4559 1966 4624 Β

250 4620 399 4676 Sicut
429 4622 614 4696 igitur
644 4621 770 4678 sine
802 4638 953 4694 aqua
983 4620 1171 4676 vivere
1203 4638 1318 4676 non
1361 4626 1570 4692 potest,
1603 4621 1686 4677 ita
1734 4621 1886 4679 idem

246 4709 485 4782 populus
517 4710 646 4766 sine
680 4710 832 4765 fonte
851 4709 1224 4780 baptismatis
1249 4709 1306 4763 in
1327 4709 1505 4764 vitam
1530 4709 1746 4765 intrare
1760 4728 1887 4783 per-

249 4803 467 4868 petuam
505 4798 728 4871 nequit,
755 4797 1000 4852 Domino
1033 4797 1287 4853 dicente:
1308 4820 1334 4847 ‹‹
1358 4797 1478 4853 Nisi
1503 4798 1887 4870 quisrenatus

249 4883 408 4941 luerit
432 4905 502 4942 ex
532 4903 688 4959 aqua
717 4891 773 4941 et
797 4886 1016 4960 Spiritu
1051 4891 1273 4955 sancto,
1308 4903 1422 4941 non
1457 4891 1649 4959 potest
1670 4887 1887 4944 intrare

248 4971 300 5026 in
347 4991 593 5047 regnum
622 4974 721 5029 Dei
752 4976 928 5046 (Joan.
963 4976 1070 5046 ιιι).
1096 4997 1124 5025 ››
1160 4976 1250 5042 Et,
1288 4974 1442 5029 sicut
1489 4977 1667 5048 piscis
1711 4993 1888 5049 super

249 5075 417 5131 aquas
445 5062 634 5118 saltus
666 5062 898 5128 emittit,
916 5063 1000 5117 sic
1019 5062 1145 5134 ipse
1168 5063 1410 5134 spiritus
1432 5069 1659 5120 terrena
1691 5067 1882 5137 despi-

250 5147 413 5217 ciens,
431 5167 623 5222 penna
645 5149 1154 5222 contemplationis
1177 5167 1304 5205 sese
1328 5153 1397 5206 ad
1422 5153 1884 5210 cmlestiasuble-

251 5238 568 5301 vat,dicens
599 5256 732 5294 cum
766 5239 1037 5310 Apostolo
1072 5255 1085 5292 :
1120 5263 1146 5287 ‹‹
1183 5239 1394 5294 Nostra
1426 5244 1620 5295 autem
1654 5259 1887 5296 conver-

252 5325 387 5380 satio
420 5326 478 5382 in
513 5327 672 5382 caelis
702 5332 790 5382 est
820 5326 1047 5399 (Philip.
1083 5330 1188 5399 Ill).
1226 5351 1254 5378 »
1288 5329 1355 5383 Et
1385 5330 1884 5400 quemadmodum

253 5410 421 5480 piscis
453 5420 670 5486 quanto
702 5415 890 5488 magis
920 5415 1198 5470 ﬂuctibus
1231 5417 1598 5484 tunditur,eo
1631 5418 1886 5491 amplius

252 5501 611 5573 convalescit,
647 5503 729 5560 sic
760 5509 815 5559 et
843 5505 1135 5577 perfectus
1165 5504 1532 5560 Christianus
1561 5510 1792 5562 tantum
1826 5507 1885 5563 in

251 5583 356 5645 Deo
389 5591 629 5664 proficit,
666 5597 949 5667 quantum
983 5594 1042 5650 in
1078 5594 1187 5653 hoc
1219 5593 1429 5652 saeculo
1458 5594 1678 5653 invenit
1728 5599 1883 5673 quod

2001 3293 2151 3348 Ordo
2184 3293 2339 3348 enim
2364 3293 2472 3349 iste
2494 3292 3341 3349 discumbentiumvarietatem
3356 3292 3652 3365 signiﬁcat

2001 3383 2060 3437 in
2089 3381 2347 3437 Ecclesia
2377 3381 2868 3438 conversantium.
2902 3381 3309 3454 Quinquageni
3340 3381 3521 3454 igitur
3535 3381 3652 3436 dis-

2002 3472 2290 3528 cumbunt
2339 3471 2724 3544 poenitentes;
2781 3470 3325 3544 quinquagenarius
3365 3486 3650 3524 numerus

2000 3560 2423 3634 paenitentibus
2453 3561 2740 3632 congruit,
2766 3562 2908 3631 quia
2935 3560 3464 3632 quinquagesimus
3495 3558 3656 3630 psal-

2001 3665 2135 3704 mus
2149 3648 2207 3703 in
2222 3649 2561 3720 poenitentia
2574 3653 2663 3704 est
2675 3649 3041 3717 decantatus,
3058 3665 3114 3704 et
3131 3648 3654 3720 quinquagesimus

2001 3754 2192 3792 annus
2224 3738 2281 3792 in
2312 3737 2435 3809 lege
2457 3737 2734 3809 jubilaeus
2763 3742 2852 3793 est
2881 3738 3098 3804 dictus,
3132 3738 3190 3792 id
3221 3742 3309 3814 est
3338 3753 3529 3792 annus
3560 3752 3652 3791 re-

2001 3825 2338 3895 missionis;
2363 3826 2587 3881 centeni
2621 3825 2820 3898 qui,se
2857 3828 2967 3881 Deo
3001 3831 3336 3898 protegente
3355 3824 3516 3880 nulla
3535 3843 3652 3898 pce-

2000 3915 2248 3970 nitentia
2277 3913 2511 3986 publica
2542 3913 2824 3987 indigent.
2857 3915 3075 3970 Aliter:
3104 3913 3509 3986 Quinquageni
3535 3911 3652 3968 dis-

1999 4003 2288 4058 cumbunt
2317 4003 2634 4075 conjugati,
2653 4005 2880 4059 centeni
2903 4003 3177 4076 virgines.
3196 4002 3296 4058 Vel
3317 4007 3470 4058 certe
3489 4002 3654 4074 quin-

2001 4091 2272 4164 quageni,
2301 4092 2400 4164 qui
2433 4097 2694 4148 terrenas
2727 4109 2817 4147 res
2850 4093 2996 4147 bene
3024 4091 3375 4164 disponunt;
3399 4090 3650 4156 centeni,

1999 4180 2098 4254 qui
2111 4180 2524 4252 perfectionem
2538 4196 2733 4234 amore
2749 4181 2944 4235 omnia
2957 4183 3191 4252 propter
3209 4180 3391 4234 Deum
3411 4177 3655 4233 derelin-

1999 4273 2208 4341 quunt.
2227 4292 2254 4316 «
2271 4269 2402 4323 Erat
2424 4272 2618 4324 autem
2642 4267 2840 4322 fenum
2860 4267 3114 4323 multum
3139 4267 3195 4321 in
3215 4266 3358 4321 loco.
3381 4288 3408 4315 »
3429 4265 3649 4321 Fenum

1997 4357 2179 4413 herba
2209 4360 2296 4412 est
2321 4361 2641 4428 pratorum,
2661 4373 2807 4428 qua},
2824 4357 2964 4411 dum
2986 4355 3190 4410 viridis
3213 4359 3319 4420 est,
3339 4358 3395 4408 et
3419 4353 3543 4410 visu
3563 4359 3652 4410 est

1998 4445 2378 4513 delectabilis,
2399 4450 2454 4501 et
2471 4444 2719 4500 sessioni
2752 4449 2926 4516 atque
2948 4443 3408 4499 deambulationi
3429 4443 3646 4499 suavis

1999 4535 2269 4601 sed,cum
2303 4533 2446 4589 falce
2476 4538 2670 4588 secata
2694 4532 3095 4598 fuerit,subito
3123 4532 3434 4604 pristinam
3456 4531 3652 4587 viridi-

1999 4628 2174 4678 tatem
2208 4620 2442 4678 amittit.
2478 4621 2584 4676 Per
2612 4622 2810 4677 fenum
2842 4637 2979 4695 ergo
3011 4621 3318 4677 delectatio
3371 4620 3646 4688 carnalis,

1998 4711 2116 4767 sive
2146 4711 2410 4783 ejusdem
2446 4710 2730 4784 fragilitas
2762 4710 2956 4766 carnis
2987 4711 3352 4784 designatur,
3372 4725 3646 4781 quaecum

1999 4799 2361 4855 amatoribus
2393 4798 2517 4854 suis
2539 4800 2806 4872 jucunda
2834 4800 3100 4872 videatur
3129 4804 3186 4854 et
3216 4797 3486 4872 pulchra.
3505 4797 3648 4853 falce

1997 4889 2202 4944 mortis
2252 4889 2512 4960 przecisa,
2547 4889 2604 4943 in
2658 4889 2991 4944 ariditatem
3042 4887 3305 4961 pulveris
3339 4884 3644 4958 redigitur,

1995 4978 2146 5033 Isaia
2178 4976 2404 5032 dicente
2437 4993 2500 5030 :«
2517 4976 2719 5031 Omnis
2751 4993 2883 5033 caro
2914 4978 3209 5045 fenum,et
3239 4975 3431 5031 omnis
3461 4971 3648 5048 gloria

1994 5067 2122 5138 ejus
2154 5065 2318 5136 quasi
2345 5065 2452 5120 ﬂos
2477 5063 2609 5120 feni.
2629 5065 2997 5120 Exsiccatum
3020 5071 3109 5121 est
3129 5065 3348 5133 fenum,
3365 5069 3420 5120 et
3433 5062 3650 5119 decidit

1996 5155 2278 5226 ﬂos,quia
2306 5153 2548 5226 spiritus
2581 5153 2680 5209 Dei
2715 5154 2970 5209 sufflavit
2997 5154 3055 5209 in
3088 5169 3153 5210 eo
3185 5152 3477 5225 (I.m.x1.).-
3501 5153 3648 5209 Vere

1996 5244 2193 5299 fenum
2228 5248 2316 5298 est
2345 5241 2616 5314 populus.
2636 5243 2814 5313 Cujus
2831 5243 2942 5298 l‘eni
2965 5242 3292 5299 ariditatem
3317 5243 3648 5315 inspexerat

1995 5333 2301 5404 Propheta,
2333 5348 2466 5386 cum
2499 5331 2729 5386 dicebat
2761 5348 2772 5386 :
2801 5354 2827 5381 «
2865 5335 3048 5388 Homo
3080 5332 3233 5387 sicut
3282 5331 3480 5387 fenum
3522 5330 3647 5387 dies

1994 5423 2142 5493 ejus,
2175 5426 2457 5491 tanquam
2489 5421 2594 5475 ﬂos
2635 5420 2779 5492 agri,
2813 5421 2898 5476 sic
2948 5421 3234 5476 efflorebit
3265 5421 3432 5492 (l’sal.
3465 5422 3578 5475 cn).
3617 5443 3644 5470 »

1995 5511 2063 5564 Et
2091 5509 2200 5564 Job
2237 5525 2249 5564 :
2287 5531 2313 5558 «
2349 5508 2532 5563 Homo
2578 5514 2752 5564 natus
2802 5509 2873 5564 de
2923 5508 3192 5576 muliere,
3244 5507 3397 5563 brevi
3445 5508 3644 5563 vivens

1993 5603 2276 5672 tempore,
2309 5596 2567 5672 repletur
2606 5596 2810 5656 multis
2855 5597 3110 5656 miseriis
3142 5597 3272 5673 (Job.
3305 5595 3439 5670 xxv).
3476 5617 3504 5646 ››
3534 5594 3641 5662 Qui
