4028 6176
280 1453 291 1459 ,
383 1395 490 1464 ιιι),
529 1417 556 1444 ››

393 373 507 433 291

966 372 1368 435 HAYMONIS
1417 373 1960 433 HALBERS’I‘AT.
2006 370 2247 433 EPISC.
2293 374 2465 435 ()PP.
2512 375 2708 436 PARS
2752 374 2829 435 II.
2862 374 3235 437 —HOMIL.

3628 378 3798 442 .292

395 502 564 576 quasi
597 503 703 559 ﬂos
732 488 1028 576 egreditur
1056 508 1114 559 ct
1152 503 1488 572 conteritur,
1522 507 1580 559 et
1622 501 1781 559 velut
1827 502 2037 559 umbra
2064 502 2121 572 Α
2149 502 2221 558 ab
2254 501 2470 560 illicitis
2492 504 2877 573 odoribus,ne
2906 522 3008 579 per
3027 504 3329 563 illecebras
3359 509 3553 566 odoris
3575 512 3646 567 ad
3666 530 3795 587 peo-

396 591 545 665 fugit
576 597 632 648 et
662 609 965 666 nunquam
997 592 1055 648 in
1087 595 1290 650 eodem
1324 596 1479 649 statu
1513 592 2045 665 permanel.Turba
2152 593 2405 648 candum
2432 594 3171 666 pertrahamur,scd,sicut
3199 595 3281 651 ait
3306 598 3796 669 Apostolus:«Si-

393 680 550 738 enim
580 697 758 754 quam
787 681 1072 739 Dominus
1098 682 1272 755 pavit,
1307 699 1484 755 super
1514 682 1711 738 fenum
1742 681 2044 738 discubuit
2151 698 2285 738 mus
2317 682 2529 739 Christi
2558 684 2746 740 bonus
2771 684 2914 740 odor
2944 689 3078 752 Deo,
3111 684 3171 740 in
3204 685 3364 741 omni
3404 685 3530 744 loco
3566 691 3640 763 (ll
3671 693 3792 749 Cor.

392 774 460 826 ut
491 770 891 845 intelligamus
942 771 1100 844 quia,
1134 771 1183 827 si
1232 770 1618 845 spiritualitm'
1660 771 1732 826 ab
1782 787 1849 827 eo
1881 770 2039 826 refici
2151 769 3797 845 Ii).nCustodiamuslinguamamaledictione,detractio-

393 859 689 933 cupimus,
720 877 957 917 necesse
985 865 1075 917 est
1116 865 1181 917 ut
1229 859 1643 917 delectationes
1690 860 1883 916 carnis
1926 861 2036 916 sub

394 950 609 1006 mentis
633 949 892 1006 dominio
910 950 1557 1023 comprimamusjuxta
1574 949 1716 1005 illud
1737 949 1995 1022 Apostoli
2017 966 2033 1007 :

391 1061 421 1088 «
450 1038 575 1095 Non
610 1043 810 1112 regnet
841 1043 1146 1112 peccatum
1173 1038 1233 1094 in
1283 1043 1472 1095 vestro
1511 1037 1741 1094 mortali
1773 1054 2033 1110 corpore,

391 1132 456 1183 ut
486 1126 771 1184 obediatis
820 1127 1308 1200 concupiscentiis
1348 1128 1498 1198 ejus,
1529 1127 1630 1183 sed
1689 1127 2034 1183 mortificate

387 1217 652 1273 membra
680 1220 894 1283 vestra,
916 1232 1044 1289 quae
1077 1220 1212 1272 sunt
1245 1232 1423 1293 super
1448 1220 1687 1282 terram,
1712 1216 1768 1271 id
1801 1220 1891 1271 est
1924 1215 2035 1272 for-

384 1304 763 1376 nicationem,
795 1304 1259 1374 immunditiam,
1284 1305 1586 1361 avaritiam
1612 1307 1786 1378 (Rom.
1808 1323 1894 1375 v1;
1917 1306 2028 1362 Col.

599 1398 657 1451 ct
703 1398 909 1450 caetera
957 1393 1319 1467 hujusmodi.
1356 1416 1383 1444 »
1416 1394 1850 1450 Discubuerunt
1893 1410 2030 1468 ergo

384 1508 411 1533 ‹‹
445 1483 574 1554 viri,
602 1500 846 1539 numero
873 1483 1039 1556 quasi
1072 1482 1329 1556 quinque
1360 1482 1565 1541 millia.
1591 1507 1619 1535 »
1651 1482 1776 1539 Non
1807 1485 2030 1556 absque

382 1572 842 1630 consideratione
877 1573 1341 1646 praetereundum
1372 1577 1461 1628 est
1492 1573 1648 1645 quod
1678 1573 1738 1628 in
1781 1571 1890 1628 hac
1942 1590 2027 1629 re-

382 1660 632 1717 fectione
664 1659 893 1715 Domini
923 1658 1085 1715 nulla
1112 1660 1327 1716 femina
1365 1659 1702 1719 interfuisse
1740 1678 2026 1718 memora-

379 1754 495 1817 tur,
521 1749 621 1805 sed
652 1748 1058 1804 tantummodo
1089 1744 1218 1803 viri.
1252 1748 1354 1803 Vir
1383 1749 1600 1823 quippe
1630 1767 1665 1805 a
1690 1750 1916 1807 viribus
1947 1751 2028 1806 di-

380 1839 550 1895 citur.
583 1836 747 1894 Unde
775 1837 1059 1895 Dominus
1093 1837 1162 1892 ad
1208 1837 1445 1894 beatum
1492 1838 1602 1894 Job
1633 1838 1775 1895 dicit
1808 1856 1822 1896 :
1858 1863 1885 1890 ‹‹
1918 1841 2023 1896 Αο-
2055 1856 2083 1896 4

375 1928 543 2001 cinge
572 1926 723 1982 sicut
751 1926 837 1981 vir
863 1925 1096 1982 lumbos
1134 1929 1269 1983 tuos
1294 1926 1435 1999 (Job.
1468 1927 1726 1999 xxxvm),
1758 1951 1785 1979 «
1822 1928 1879 1983 id
1911 1933 2020 1997 est,

376 2016 538 2073 Sicut
570 2015 734 2072 fortis
766 2015 1053 2089 restringe
1079 2014 1482 2073 luxuriam.Et
1504 2017 1562 2073 in
1596 2017 1883 2091 sapientia
1906 2018 2023 2074 :«O

371 2105 503 2172 viri,
537 2105 607 2160 ad
656 2122 759 2161 vos
803 2103 1040 2160 clamito
1091 2106 1271 2177 (Prov.
1305 2106 1445 2178 vm).
1476 2129 1503 2155 ››
1534 2108 1612 2163 Ac
1655 2106 1703 2164 si
1757 2107 1974 2163 diceret
2006 2124 2019 2162 :

374 2195 482 2260 Qui
516 2195 673 2250 fluxa
702 2198 759 2250 et
790 2193 1039 2250 feminea
1070 2199 1262 2251 mente
1291 2200 1596 2261 sunt,mea
1616 2196 1791 2252 verba
1820 2196 2023 2252 audire

373 2302 488 2340 non
523 2286 789 2356 possunt.
812 2283 960 2338 Hinc
990 2283 1131 2338 etin
1163 2283 1335 2339 laude
1364 2283 1579 2356 Joseph
1613 2284 2019 2341 tribulationes

371 2372 667 2446 [Egyptias
693 2371 916 2428 fortiter
936 2371 1237 2428 tolerantis
1257 2372 1473 2429 dicitur
1492 2391 1505 2430 :
1533 2395 1560 2423 «
1583 2373 1742 2429 Misit
1767 2378 1899 2431 ante
1920 2391 2018 2430 eos

368 2460 935 2533 virum(Gen.xr.v).»
951 2460 1095 2516 Cum
1124 2478 1259 2534 ergo
1280 2462 1337 2516 in
1370 2462 1478 2517 hoc
1509 2463 1769 2519 convivio
1787 2463 2018 2520 Domini

374 2550 782 2608 tantummodo
803 2549 909 2605 viri
934 2548 1116 2605 fuisse
1137 2549 1433 2621 dicuntur,
1448 2550 1688 2623 mystice
1710 2568 2020 2607 monemur

370 2644 453 2709 ut,
469 2640 710 2713 siquam
725 2639 924 2696 suavis
936 2638 1310 2695 sitDominns
1330 2644 1567 2712 gustare
1590 2638 2013 2710 desideramus,

368 2729 478 2785 viri
504 2729 714 2799 simps,
747 2728 806 2785 id
837 2731 925 2784 est
952 2727 1129 2784 fortes
1160 2732 1361 2783 contra
1392 2727 1608 2783 diaboli
1641 2729 2013 2800 tentationes,

367 2817 638 2890 Apostolo
670 2819 969 2874 monente:
988 2816 1286 2873 «Viriliter
1316 2815 1559 2890 agite,et
1579 2817 2012 2890 confortamini,

368 2908 568 2964 omnia
595 2912 789 2965 vestra
812 2906 872 2962 in
903 2905 1187 2962 charitate
1217 2907 1361 2961 {iant
1390 2906 1434 2978 (1
1460 2908 1739 2977 Cor.xv1).
1758 2930 1785 2956 ››
1819 2908 1885 2963 Et
1917 2926 2015 2964 au-

366 2995 496 3069 gelo
526 2996 586 3052 in
616 2994 1202 3068 ApocalypsizEstote
1226 2995 1402 3052 fortes
1425 2995 1482 3051 in
1507 2995 2014 3069 bello,etpugnate

365 3089 569 3142 contra
596 3085 904 3157 antiquum
936 3088 1286 3157 serpentem.
1322 3085 1435 3141 Nec
1466 3085 1539 3141 ab
1562 3085 1669 3141 hac
1702 3087 2013 3143 refectione

365 3173 669 3231 Dominica
701 3173 917 3230 femina
937 3174 1145 3247 jejuna
1166 3174 1508 3243 remanebit,
1527 3174 1575 3230 si
1600 3192 1738 3231 sexu
1764 3176 2012 3232 femineo

361 3264 606 3320 viriliter
655 3267 1016 3320 tentamenta
1065 3262 1283 3319 diaboli
1330 3265 1741 3335 compresserit
1792 3282 1804 3319 :

364 3369 395 3409 e
425 3358 629 3409 contra
656 3353 745 3408 vir
777 3369 916 3408 sexu
943 3352 1201 3406 femineze
1224 3352 1437 3407 mentis
1453 3351 1724 3418 efﬁcitur,
1740 3352 1788 3407 si
1810 3359 2013 3409 contra

362 3441 650 3514 impetum
676 3439 1017 3511 tentationis
1032 3439 1225 3495 mollis
1237 3444 1294 3494 et
1310 3428 1633 3501 dissolutus
1649 3440 1706 3494 in
1719 3456 1891 3511 opere
1904 3457 2009 3496 suo

363 3529 679 3585 invenitur.
710 3527 797 3582 Ad
829 3543 1079 3600 quorum
1109 3527 1601 3599 vituperationem
1631 3527 1845 3583 dicitur
1866 3545 1878 3583 :
1897 3553 1923 3578 ‹‹
1942 3530 2012 3585 Et

361 3615 680 3673 effeminati
711 3615 1171 3672 dominabuntur
1199 3615 1283 3670 eis
1306 3615 1438 3687 (Isa.
1457 3618 1555 3684 ιιι).
1575 3641 1594 3664 ιι
1633 3617 1784 3672 Bene
1814 3622 2009 3674 autem

363 3706 624 3780 quinque
655 3705 839 3761 millia
870 3703 1177 3761 hominum
1205 3703 1384 3760 fuisse
1405 3705 1758 3775 referuntur,
1776 3712 2013 3780 propter

363 3794 615 3869 quinarii
646 3794 876 3850 numeri
908 3792 1343 3866 perfectionem.
1378 3793 1690 3858 Quinarius
1720 3795 1876 3852 enim
1909 3814 2012 3852 nu-

363 3902 562 3941 merus
590 3884 663 3939 ad
699 3881 958 3955 quinque
988 3898 1199 3938 sensus
1230 3882 1492 3954 corporis
1521 3882 1795 3955 pertinet,
1815 3884 2008 3942 visum

362 3972 606 4042 scilicet,
620 3970 1516 4047 auditum,gustum,odoratum
1549 3976 1605 4027 et
1634 3974 2010 4032 tactum.Hos

360 4061 541 4135 igitur
554 4077 763 4118 sensus
783 4059 1032 4117 sollicite
1053 4058 1348 4127 custodire
1368 4060 2008 4130 debemus,siconvivio

359 4150 592 4206 Domini
622 4150 903 4207 interesse
933 4146 1223 4205 volumus.
1257 4148 1672 4206 Custodiamus
1701 4150 1901 4208 oculos
1934 4152 2006 4209 ab

360 4238 562 4296 illicito
594 4238 829 4308 visu,ne
860 4238 1097 4294 videant
1126 4238 1282 4311 quod
1314 4239 1753 4311 concupiscant,
1774 4245 2010 4315 prOpter

358 4324 506 4385 illud
535 4328 691 4402 quod
722 4326 1005 4384 Dominus
1037 4326 1116 4382 ait
1136 4344 1148 4382 :
1168 4349 1195 4378 «
1227 4327 1333 4394 Qui
1367 4327 1575 4384 viderit
1606 4328 1911 4386 mulierem
1933 4330 2007 4386 ad

359 4417 891 4490 concupiscenddm
921 4432 1075 4485 eam,
1099 4416 1228 4488 jam
1260 4416 1584 4473 moechatus
1625 4421 1713 4474 est
1763 4434 1891 4474 eam
1946 4418 2006 4473 in

359 4508 533 4565 corde
588 4524 695 4563 suo
724 4506 946 4576 (Matth.
977 4504 1053 4577 v).
1091 4527 1118 4554 »
1147 4506 1215 4561 Et
1262 4505 1476 4561 iterum
1509 4522 1522 4561 :
1552 4527 1581 4557 «
1613 4506 1739 4562 Non
1791 4524 2007 4564 concu-

2148 858 2762 930 ne,falsitate,murmu
2772 859 2990 917 ratione
3003 861 3252 918 etotioso
3268 879 3538 922 sermone
3555 884 3569 923 :
3585 871 3798 942 et,pro-

2146 952 2274 1019 pter
2303 949 2718 1005 taciturnitatis
2748 949 3406 1019 custodiam,interdum
3432 968 3465 1010 a
3486 954 3790 1017 bonisces-

2146 1051 2345 1093 scmus
2377 1036 2821 1110 cloquiis,juxta
2846 1038 2989 1095 illud
3013 1039 3312 1114 Propheta
3337 1059 3350 1098 :
3374 1064 3404 1092 «
3428 1042 3793 1112 Dixi,Custo-

2144 1125 2301 1181 diam
2332 1127 2458 1183 vias
2490 1143 2669 1196 meas,
2704 1132 2769 1183 ut
2799 1145 2911 1183 non
2942 1127 3279 1201 delinquam
3310 1130 3369 1187 in
3402 1131 3603 1206 lingua
3640 1154 3789 1195 mea.

2142 1214 2315 1271 Posui
2350 1215 2435 1271 ori
2464 1233 2590 1273 meo
2622 1216 3037 1284 custediam,et
3066 1218 3429 1286 obmutui,et
3444 1221 3791 1284 humiliatus

2142 1320 2299 1373 sum,
2333 1310 2390 1361 et
2416 1304 2551 1361 silui
2582 1323 2617 1360 a
2647 1305 2815 1360 bonis
2846 1305 3023 1378 (Psal.
3055 1308 3358 1379 xxxvm).»
3376 1309 3531 1367 Mors
3561 1314 3717 1370 enim
3736 1322 3792 1371 et

2138 1392 2277 1459 vita,
2314 1398 2379 1451 ut
2410 1394 2684 1450 Salomon
2714 1394 2814 1462 ait,
2848 1416 2874 1445 υ
2911 1394 2969 1449 in
3031 1396 3306 1453 manibus
3354 1397 3566 1473 lingua:
3600 1403 3787 1475 (Prov.

2137 1482 2319 1555 xxm).
2352 1504 2381 1533 ι)
2414 1483 2484 1538 Et
2515 1499 2528 1538 :
2564 1506 2591 1533 «
2626 1483 2733 1550 Qui
2783 1482 3039 1539 custodit
3068 1500 3133 1540 os
3182 1502 3378 1556 suum,
3412 1492 3669 1548 custodit
3717 1495 3789 1550 ab

2139 1570 2430 1645 angustiis
2477 1571 2737 1628 animam
2786 1589 2955 1627 suam
2990 1573 3174 1644 (Prov.
3206 1575 3345 1647 xm).
3384 1599 3411 1626 ››
3440 1578 3582 1635 Tota
3628 1582 3787 1638 enim

2136 1663 2340 1715 nostra
2388 1659 2590 1732 religio
2662 1661 3093 1734 quodammodo
3136 1666 3622 1741 commaculetur,
3673 1671 3789 1728 nisi

2134 1747 2349 1821 linguaa
2379 1749 2838 1806 moderationem
2870 1751 3261 1822 posuerimus.
3296 1754 3462 1823 Quia,
3492 1757 3645 1814 sicut
3705 1761 3790 1816 ait

2136 1836 2449 1910 Apostolus
2484 1854 2498 1893 :
2531 1861 2558 1887 «
2595 1839 2993 1911 Corrumpunt
3032 1828 3216 1897 bonos
3266 1859 3459 1901 mores
3494 1845 3815 1920 colloquia

2134 1925 2290 1980 mala
2323 1927 2371 1998 (ι
2399 1924 2520 1982 σον.
2552 1926 2669 1999 xv).
2707 1949 2734 1976 »
2766 1928 2836 1983 Et
2864 1927 3120 1986 Jacobus
3153 1946 3166 1985 :
3203 1954 3231 1980 ››
3265 1930 3323 1988 Si
3354 1933 3487 2006 quis
3519 1941 3690 2008 putat
3723 1955 3788 1995 se

2133 2013 2470 2086 religiosum
2501 2032 2649 2081 esse,
2684 2032 2797 2071 non
2829 2017 3130 2074 refrenans
3160 2018 3419 2093 linguam
3452 2040 3642 2094 suam,
3680 2028 3786 2083 sed

2132 2103 2417 2160 seducens
2466 2121 2565 2160 cor
2611 2122 2808 2171 suum,
2842 2104 3022 2176 hujus
3070 2124 3219 2164 vana
3266 2114 3355 2166 est
3402 2112 3602 2185 religio
3634 2116 3784 2185 (Jac.

2129 2190 2191 2261 1).
2231 2216 2258 2241 »
2288 2192 2701 2249 Custodiamus
2731 2211 2942 2249 manus
2973 2196 3045 2251 ab
3078 2195 3360 2254 effusione
3393 2203 3727 2275 sanguinis,
3753 2223 3790 2261 ει

2128 2281 2530 2351 persecutione
2559 2286 2615 2338 et
2643 2281 2877 2338 laesione
2908 2284 3177 2355 proximi,
3207 2290 3263 2342 et
3291 2304 3388 2344 eas
3419 2307 3651 2364 semper
3683 2312 3787 2367 pa-

2130 2373 2286 2424 ratas
2328 2370 2398 2425 ad
2460 2370 2858 2444 elemosynam
2910 2368 3261 2442 habeamus,
3286 2381 3343 2431 et
3389 2378 3461 2433 ad
3511 2379 3567 2435 id
3617 2385 3783 2454 quod

2127 2457 2347 2513 bonum
2378 2462 2465 2515 est
2494 2461 2847 2532 operandvm
2878 2462 3449 2534 promptissimas,ut
3477 2484 3607 2524 cum
3636 2471 3781 2527 Pro-

2127 2545 2303 2619 pheta
2332 2547 2519 2604 dicere
2551 2548 2886 2621 possimus:
2919 2572 2947 2601 «
2993 2550 3212 2608 Lavabo
3245 2552 3397 2609 inter
3433 2555 3781 2616 innocentes

2127 2651 2338 2715 manus
2368 2654 2549 2705 meas,
2580 2643 2635 2693 et
2667 2638 3041 2694 circumdebo
3081 2638 3259 2697 altare
3305 2646 3496 2712 tuum,
3528 2646 3781 2706 Domine

2126 2724 2305 2797 (Psal.
2336 2725 2487 2799 xxv).
2508 2748 2534 2776 »
2570 2727 2731 2793 Quod
2763 2726 2812 2782 si
2846 2727 3177 2795 fecerimus,
3213 2729 3283 2784 ad
3318 2732 3631 2790 millenarii
3661 2754 3779 2793 nu-

2124 2814 2271 2869 meri
2302 2815 2713 2887 perfectionem
2749 2815 3139 2888 pervenimus.
3165 2816 3525 2878 Millenarius
3549 2823 3777 2898 quippe

2123 2919 2425 2974 numerus,
2458 2902 2613 2960 ultra
2641 2921 2814 2977 quem
2837 2901 2997 2959 nulla
3029 2906 3384 2978 computatio
3416 2911 3646 2979 crescit,
3670 2930 3772 2969 eo-

2123 3010 2254 3048 rum
2285 2994 2697 3065 perfectionem
2728 2992 3021 3066 signiﬁcat
3050 2995 3150 3065 qui
3183 2997 3447 3067 perfectae
3487 3016 3772 3058 consum-

2123 3087 2409 3153 motaeque
2439 3087 2580 3138 sunt
2625 3081 2875 3137 virtutis.
2911 3082 3132 3147 Quibus
3164 3084 3253 3154 (ut
3301 3085 3381 3139 ait
3425 3088 3771 3164 Apostolus)

2121 3171 2265 3226 nihil
2280 3171 2510 3227 deestin
2528 3169 2647 3225 ulla
2657 3171 3342 3243 gratia,exspectantibus
3356 3174 3771 3236 revelationem

1859 3266 2011 3321 sicut
2041 3249 2083 3314 C
2119 3259 2349 3315 Domini
2381 3258 2565 3315 nostri
2596 3259 2736 3313 Jesu
2766 3268 2778 3309 ι
2807 3258 2977 3315 hristi
3008 3260 3061 3333 (Ι
3082 3260 3201 3316 Cor.
3230 3260 3293 3333 ι).

2194 3371 2221 3399 α
2250 3348 2485 3420 Accepit
2514 3364 2648 3420 ergo
2677 3347 2849 3403 Jesus
2881 3364 3080 3420 panes,
3104 3353 3179 3416 et,
3207 3365 3340 3405 cum
3372 3353 3589 3425 gratias
3619 3357 3775 3429 egis-

2120 3462 2148 3489 «
2180 3441 2287 3505 set,
2332 3437 2633 3492 distribuit
2683 3436 3210 3494 discumbentibus.
3243 3439 3525 3498 Similiter
3578 3451 3637 3500 et
3698 3463 3771 3503 ex

2119 3550 2149 3577 «
2183 3526 2444 3599 piscibus
2474 3529 2759 3599 quantum
2806 3525 3098 3583 volebant.
3138 3550 3159 3576 ι
3193 3527 3359 3584 Alius
3408 3532 3775 3605 evangelista
3837 3554 3840 3557 '

2118 3616 2260 3672 dicit
2290 3616 2443 3688 quod
2474 3614 2765 3687 accipiens
2784 3615 2957 3670 Jesus
2978 3632 3180 3687 panes,
3200 3617 3418 3689 gratias
3448 3636 3630 3692 agens
3663 3623 3770 3678 be-

2119 3704 2356 3761 nedixit.
2391 3704 2580 3777 fregit,
2602 3704 2761 3760 dedit
2790 3702 3096 3776 discipulis
3126 3704 3270 3774 suis,
3288 3711 3353 3762 ut
3384 3716 3772 3781 apponerent,

2117 3798 2173 3851 et
2203 3795 2604 3867 apposuerunt
2634 3792 2814 3847 turbae
2853 3792 3061 3854 (Matth.
3090 3793 3223 3864 xxv).
3255 3794 3386 3850 Jam
3446 3798 3603 3853 enim
3663 3816 3781 3855 su-

2118 3884 2315 3959 perius
2345 3898 2449 3955 per
2477 3897 2658 3954 panes
2686 3879 2876 3953 legem
2909 3881 3090 3954 Moysi
3124 3882 3444 3955 significari
3484 3886 3771 3958 diximus,

2117 3978 2174 4032 et
2192 3990 2295 4048 per
2325 3970 2514 4045 pisces
2545 3968 2782 4025 oracula
2811 3969 3228 4042 prophetarum
3260 3977 3316 4027 et
3344 3973 3571 4032 cantica
3600 3975 3773 4034 Psal-

2117 4078 2371 4119 morum.
2402 4059 2636 4131 Accepit
2665 4074 2800 4130 ergo
2831 4057 3023 4114 Jesus
3058 4075 3260 4131 panes,
3294 4061 3484 4135 fregit,
3516 4069 3575 4119 et
3604 4064 3774 4121 dedit

2116 4147 2443 4224 discipulis,
2469 4146 2705 4220 quando
2736 4151 2869 4219 post
2900 4148 3384 4205 resurrectionem
3414 4168 3581 4206 suam
3629 4169 3771 4209 sen-

2116 4258 2249 4298 sum
2280 4240 2341 4294 in
2373 4238 2496 4308 lege
2527 4237 2656 4307 ejus
2686 4235 2931 4307 aperuit,
2955 4234 3179 4292 scilicet
3205 4236 3770 4313 quando,incipiens

2117 4347 2151 4385 a
2183 4329 2378 4400 Moyse
2406 4329 2464 4381 et
2491 4323 2766 4380 omnibus
2795 4323 3113 4395 prophetis,
3146 4323 3774 4398 interpretabaturillis

2116 4416 2449 4490 Scripturas
2479 4412 2538 4467 in
2571 4412 2847 4467 omnibus
2878 4428 3004 4484 quze
3055 4412 3124 4468 de
3154 4411 3255 4469 illo
3305 4419 3491 4470 erant.
3528 4416 3769 4492 Accepit

2115 4505 2289 4562 etiam
2324 4500 2743 4576 pisces,fregit,
2761 4504 2818 4555 et
2848 4500 3010 4556 dedit
3038 4500 3365 4574 discipulis,
3386 4490 3699 4575 quando’ct
3709 4507 3770 4563 in

359 4596 551 4666 pisces
598 4611 720 4650 rem
754 4588 1002 4665 proximi
1036 4595 1121 4650 tui
1155 4593 1347 4656 (Exod.
1381 4593 1497 4656 xx).
1535 4616 1562 4645 »
1592 4594 1668 4650 Ut
1714 4612 1848 4651 cum
1897 4596 2006 4654 Job
2036 4615 2084 4680 Β
2114 4593 2367 4651 Psalmis
2395 4595 2451 4647 et
2479 4588 2784 4662 Prophetis
2810 4589 3769 4680 spiritualemintellectumosten-

360 4683 552 4740 dicere
583 4682 916 4743 valeamus:
949 4704 971 4733 ι
1004 4682 1201 4755 Pepigi
1234 4682 1423 4738 fcedus
1452 4699 1586 4738 cum
1621 4682 1805 4739 oculis
1836 4682 2006 4755 meis,

361 4788 432 4827 ne
462 4771 776 4845 cogitarem
809 4771 1148 4843 quidemde
1178 4770 1399 4845 virgine
1430 4772 1568 4844 (Job.
1598 4772 1776 4844 xxxx.)
1795 4794 1820 4822 ››
1845 4773 2006 4839 Quod

359 4864 423 4915 ut
479 4859 665 4915 facere
710 4858 1031 4933 possimus,
1074 4859 1311 4915 assidue
1360 4875 1494 4915 cum
1553 4859 1841 4932 Propheta
1881 4878 2007 4918 ore-

360 4966 514 5027 mus,
549 4946 807 5015 dicentes
840 4965 853 5006 :
889 4973 916 5000 ‹‹
951 4951 1149 5005 Averte
1196 4947 1397 5005 oculos
1446 4965 1630 5016 meos,
1657 4966 1730 5005 ne
1776 4949 2010 5006 videant

356 5036 673 5095 vanitatem
711 5038 883 5110 (Psal.
936 5037 1152 5109 cxvrn).
1181 5059 1208 5085 »
1239 5036 1656 5095 Custodiamus
1704 5055 1894 5107 aures,
1934 5056 2006 5096 ne

358 5125 609 5182 libenter
648 5125 891 5181 audiant
945 5114 1153 5181 verba
1188 5124 1638 5195 maledictionis,
1692 5126 2005 5184 detractio-

360 5215 473 5283 nis,
507 5212 782 5271 falsitatis
831 5219 889 5270 et
937 5214 1329 5284 scurrilitatis,
1364 5216 1466 5271 sed
1515 5232 1748 5288 semper
1795 5221 2006 5289 apertae

359 5304 481 5360 sint
512 5304 585 5360 ad
618 5303 883 5359 divinum
911 5303 1152 5358 verbum
1193 5303 1572 5374 audiendum,
1608 5307 1672 5360 ut
1718 5294 1851 5362 cum
1900 5306 2006 5362 Job

359 5391 550 5449 dicere
598 5391 895 5464 possimus
931 5408 944 5446 :
978 5414 1005 5440 «
1053 5390 1269 5448 Auditu
1321 5392 1480 5449 auris
1534 5392 1729 5451 audivi
1787 5398 1861 5463 te,
1904 5399 2009 5451 Do-

360 5481 517 5538 mine
566 5481 701 5554 (Job.
751 5478 911 5550 xui).
963 5499 985 5529 ι
1040 5479 1184 5535 Hinc
1226 5497 1332 5538 nos
1381 5480 1664 5554 propheta
1710 5484 2005 5552 admonet,

355 5571 560 5626 dicens
593 5587 606 5625 :
642 5594 667 5620 «
702 5569 836 5641 Sepi
869 5584 1039 5623 aures
1070 5572 1202 5624 tuas
1234 5568 1440 5642 spinis,
1467 5588 1538 5627 ne
1567 5572 1811 5628 audiant
1836 5572 2010 5630 verba

358 5658 791 5722 detrahentium
837 5658 1025 5742 (δοριξ.
1056 5656 1275 5735 xxvm).
1311 5680 1340 5713 »
1373 5657 1785 5720 Custodiamus
1837 5677 2008 5721 nares

2115 4682 2202 4739 dit
2230 4681 2370 4748 illis,
2405 4679 2604 4735 dicens
2636 4680 2785 4751 (Luc.
2813 4678 2964 4751 xxxv)
3001 4696 3014 4734 :
3051 4674 3197 4744 Quia
3227 4679 3311 4735 sic
3341 4681 3627 4754 scriptum
3678 4689 3770 4740 est

2114 4772 2174 4828 in
2208 4771 2332 4844 lege
2363 4768 2545 4841 Moysi
2572 4772 2626 4824 et
2659 4766 2962 4840 Prophetis
2992 4771 3050 4822 et
3079 4766 3327 4823 Psalmis
3352 4768 3422 4824 de
3444 4784 3559 4825 me.
3582 4769 3655 4826 Et
3685 4772 3770 4828 sic

2118 4858 2377 4933 oportuit
2428 4856 2548 4931 pati
2587 4855 3000 4923 Christum,'et
3032 4871 3335 4929 resurgere
3372 4873 3406 4913 a
3435 4860 3687 4916 mortuis
3710 4864 3767 4916 et

2116 4949 2335 5005 intrare
2380 4947 2440 5002 in
2490 4944 2739 5019 gloriam
2789 4960 2984 5012 suam,
3015 4947 3072 4999 et
3102 4944 3404 5015 praedicari
3436 4945 3494 5000 in
3529 4947 3766 5004 nomine

2115 5039 2244 5110 ejus
2295 5034 2701 5093 remissionem
2744 5032 3010 5088 omnium
3051 5039 3443 5105 peccatorum.
3480 5035 3762 5108 Discipuli

2115 5131 2310 5184 autem
2340 5126 2739 5197 apposuerunt
2767 5119 2971 5188 turbes,
2995 5121 3230 5192 quando
3251 5118 3516 5178 eamdem
3544 5121 3764 5179 intelli-

2115 5215 2376 5290 gentiam
2410 5212 2684 5268 universo
2732 5208 2857 5266 orbi
2906 5210 3381 5283 praedicaverunt.
3417 5209 3497 5266 De
3548 5210 3762 5285 quibus

2115 5305 2358 5361 dicitur:
2386 5326 2413 5354 «
2447 5302 2510 5357 In
2534 5317 2769 5357 omnem
2801 5303 3015 5355 terram
3045 5300 3221 5356 exivit
3250 5316 3431 5356 sonus
3462 5303 3761 5366 eorum,et

2115 5393 2175 5449 in
2209 5394 2355 5449 fines
2387 5390 2544 5447 orbis
2574 5393 2739 5445 terra:
2761 5388 2934 5443 verba
2962 5404 3162 5443 eorum
3197 5388 3367 5460 (Psal.
3399 5387 3629 5451 xvm).»
3662 5388 3763 5445 Re-

2116 5483 2266 5538 fectu
2277 5498 2376 5536 rus
2408 5484 2602 5536 autem
2635 5477 2917 5533 Dominus
2939 5477 3197 5543 turbam,
3210 5478 3429 5552 gratias
3449 5476 3570 5558 egit
3587 5475 3759 5544 Patri,

2118 5589 2232 5627 non
2267 5576 2330 5626 ut
2361 5568 2577 5641 aliquid
2604 5567 2889 5641 indigeret
2915 5567 2987 5623 ab
3009 5584 3075 5623 eo
3097 5566 3529 5640 postulare,qui
3554 5571 3765 5624 cuncta

2118 5659 2412 5740 postulata
2443 5657 2541 5716 dat
2570 5672 2705 5716 cum
2736 5655 2902 5715 Patre
2935 5674 2948 5716 :
2983 5656 3083 5715 sed
3115 5660 3181 5715 ut
3209 5656 3539 5717 ostenderet
3566 5653 3766 5717 omnia
