4028 6176
404 302 573 400 ηδ’

898 374 911 381 -
966 334 1368 396 llAYMONlS
1417 332 1951 395 HALBERSTAT.
2006 333 2251 396 El’lSC.
2299 336 2470 398 UPP.
2518 337 2718 400 PAltS
2764 338 2942 400 ll.—
2976 337 3243 402 HOMIL.

3688 339 3806 399 296

407 468 589 527 animi
620 467 919 543 vigilantia
941 466 1258 524 Dominicis
1284 465 1492 538 subjici
1518 466 1837 522 debeamus
1867 465 2050 538 inipc-
2081 468 2135 534 Α
2165 483 2193 522 s
2222 467 2386 524 .nctis
2416 470 2587 540 (Psat.
2625 470 2867 542 Lxxxw),
2892 494 2918 519 ››
2941 470 2995 525 id
3020 475 3109 527 est
3138 470 3517 526 fundamenta
3538 469 3807 526 Ecclesia:

406 558 530 627 riis,
550 576 685 615 cum
718 558 862 631 ipse,
884 557 941 613 in
970 556 1229 612 hominis
1259 555 1598 611 infirmitate
1628 571 1936 627 apparens,
1963 571 2053 610 ea-

404 650 538 705 dem
570 664 699 721 quae
727 664 797 704 ex
827 644 1149 702 divinitatis
1180 646 1531 702 auctoritate
1567 644 1774 700 statuit
1822 644 2055 700 decreta

403 737 714 796 custodiat.
731 736 813 793 Ne
825 734 981 792 enim
1002 738 1278 809 putarent
1292 734 1442 791 servi
1462 734 1683 805 absque
1699 732 1919 790 erebris
1929 750 2054 790 ora-

402 827 629 883 tionum
659 827 1065 899 bonorumque
1094 827 1332 881 actuum
1377 823 1653 892 victimis,
1684 822 1775 878 vel
1823 821 2054 897 ﬂagella

400 917 661 984 evadere,
685 913 773 971 Vel
804 914 1045 987 prtemia
1071 931 1133 969 se
1163 929 1337 985 posse
1362 912 1679 986 percipere,
1703 911 1878 968 etiam
1902 911 2056 967 inter

401 1021 597 1061 servos
627 1002 752 1077 ipse
775 1003 849 1059 ad
870 1003 1159 1060 orandum
1180 1000 1727 1074 immolandumque
1745 1000 1847 1057 Dei
1870 999 2054 1056 Filius

400 1094 681 1150 ascendit.
703 1092 809 1159 Qui
838 1092 1076 1149 veniens
1106 1090 1564 1164 Hierosolymam
1588 1089 1729 1163 quid
1752 1089 1829 1145 ibi
1852 1105 2053 1162 geren-

398 1187 489 1239 tes
516 1181 820 1249 invenerit,
855 1181 995 1255 quid
1026 1180 1241 1237 ibidem
1274 1178 1520 1254 gesserit
1548 1179 1870 1234 videamus.

473 1296 501 1322 ‹‹
530 1273 601 1327 Et
629 1271 869 1339 invenit,
890 1271 1102 1343 inquit,
1126 1271 1186 1325 ie
1217 1268 1436 1342 templo
1465 1268 1779 1324 vendentcs
1801 1267 1976 1323 boves
1995 1270 2054 1321 et

401 1382 437 1412 (ο
454 1377 587 1417 oves
609 1364 665 1416 et
686 1358 1074 1428 columbas,et
1090 1357 1516 1414 nummutarios
1537 1356 1899 1413 sedcntes.Et
1914 1373 2049 1411 cum

403 1474 431 1499 cr
460 1449 694 1507 fecisset
724 1449 893 1523 quasi
925 1448 1221 1521 flagellum
1246 1448 1317 1503 de
1340 1445 1634 1514 funiculis,
1655 1462 1859 1502 omnes
1881 1444 2051 1518 ejecit

399 1561 433 1590 «τ
459 1539 531 1596 de
560 1537 801 1611 templo,
820 1554 955 1594 oves
987 1554 1219 1609 quoque
1250 1540 1307 1592 et
1330 1537 1597 1604 boves,et
1627 1532 2051 1591 nummulario-

399 1651 431 1680 ‹‹
461 1645 592 1683 rum
623 1627 829 1684 effudit
860 1645 955 1692 aes,
992 1634 1046 1682 et
1097 1642 1333 1681 mensas
1382 1623 1686 1680 subvertit.
1719 1642 1747 1675 ››
1782 1624 1961 1679 Boves
1992 1627 2051 1679 et

395 1733 529 1773 oves
559 1720 617 1773 et
660 1715 944 1772 columbae
996 1716 1066 1771 ad
1099 1716 1207 1771 hoc
1238 1714 1586 1771 emebantur
1614 1717 1680 1769 ut
1703 1713 2051 1770 offerrentur

394 1807 453 1861 in
486 1805 727 1880 templo.
761 1803 1154 1861 Nummularii
1181 1803 1252 1859 ad
1277 1803 1386 1859 hoc
1406 1803 1688 1859 sedebant
1712 1803 1781 1857 ad
1812 1818 2048 1858 mensas

393 1898 458 1951 ut
479 1894 633 1950 inter
652 1896 945 1967 emptores
965 1893 1409 1965 venditoresque
1430 1892 1757 1947 hostiarum
1777 1894 2047 1963 prompta

392 1988 549 2041 esset
578 1983 837 2058 pecuniae
868 1982 1105 2039 taxatio.
1128 1982 1494 2038 Videbantur
1523 1997 1659 2055 ergo
1690 1979 1843 2035 licite
1874 1978 2045 2035 vendi

392 2074 451 2129 in
482 2072 700 2145 templo
731 2089 859 2145 qua
890 2074 960 2129 ad
995 2072 1104 2128 hoc
1135 2070 1481 2128 emebantur
1511 2068 1653 2127 utin
1676 2070 1880 2125 eodem
1904 2073 2046 2125 tem-

393 2161 489 2235 plo
509 2163 855 2218 oll‘erreutur
873 2162 1260 2219 Domino.Sed
1279 2160 1483 2216 nolens
1504 2160 1626 2233 ipse
1644 2158 1929 2214 Dominus
1947 2157 2047 2214 ali-

392 2251 535 2324 quid
570 2251 627 2305 in
660 2252 833 2307 domo
867 2268 974 2306 sua
1016 2254 1257 2306 terrente
1303 2249 1717 2323 negotiationis
1764 2248 1906 2320 geri,
1939 2264 2044 2303 nec

392 2341 522 2411 ejus
553 2340 787 2412 quidem
821 2357 948 2412 quis
998 2339 1245 2395 honesta
1292 2342 1614 2411 putaretur,
1657 2337 2044 2409 negotiatores

390 2427 646 2501 iniustos
678 2429 832 2486 foras
853 2445 1058 2484 omnes
1081 2427 1258 2484 simul
1280 2444 1415 2483 cum
1437 2427 1531 2483 his
1553 2426 1651 2499 qui
1674 2425 2045 2497 negotiaban—

393 2521 492 2574 tur
521 2517 710 2588 ejecit.
746 2516 894 2584 Quid
926 2532 1082 2588 ergo,
1118 2516 1323 2571 fratres
1353 2515 1517 2571 mei?
1549 2516 1709 2588 quid,
1741 2519 2040 2586 putamus,

392 2608 609 2663 faceret
639 2606 945 2671 Dominus,
980 2604 1029 2661 si
1061 2604 1201 2661 rixis
1230 2604 1603 2670 dissidentes,
1638 2604 1685 2659 si
1720 2603 1933 2659 fabulis
1954 2621 2045 2659 va-

267 2738 284 2754 .
392 2700 613 2763 cantes,
641 2695 692 2752 si
726 2694 847 2751 risu
879 2694 1221 2761 dissolutos,
1252 2693 1340 2750 vel
1369 2692 1482 2750 alio
1532 2692 1791 2766 quolibet
1829 2692 2043 2749 scelere

390 2784 675 2841 inveniret
706 2784 984 2851 irretitos,
1016 2783 1116 2855 qui
1156 2783 1400 2852 hostias,
1433 2800 1560 2855 qua:
1610 2782 1720 2839 sibi
1772 2780 2040 2838 immola-

392 2878 614 2940 rentur,
645 2878 907 2930 ementes
938 2873 995 2927 in
1029 2872 1249 2945 templo
1278 2872 1443 2940 vidit,
1468 2876 1524 2927 et
1553 2871 1857 2928 eliminare
1890 2871 2043 2927 festi-

392 2963 592 3019 navit?
619 2962 747 3018 Hice
783 2967 1015 3034 propter
1043 2960 1175 3017 illos
1201 2960 1457 3017 diximus
1478 2962 1599 3035 qui,
1624 2959 1928 3018 ecclesiam
1952 2961 2041 3016 in-

391 3051 599 3125 gressi,
634 3067 751 3106 non
793 3051 983 3106 solum
1028 3049 1409 3107 intentionem
1460 3050 1662 3106 orandi
1713 3049 2039 3125 negligunt,

390 3139 773 3196 verumetiam
815 3139 1274 3195 detractionibus
1314 3140 1730 3212 insequuntur,
1760 3139 2041 3195 addentes

2075 1847 2123 1911 B

2160 554 2220 610 in
2251 556 2544 614 soliditate
2575 558 2709 614 fidei
2741 558 3135 631 apostolorum
3157 564 3213 614 et
3236 558 3669 632 prophetarum.
3693 560 3805 616 Sed

2164 661 2277 701 non
2311 646 2509 702 minus
2538 649 2908 704 tremendum
2957 648 3110 721 quod
3156 648 3437 720 praemisit
3475 648 3807 720 Apostolus,

2161 733 2361 791 dicens
2395 753 2407 790 :
2442 759 2470 786 «
2504 737 2564 792 Si
2593 736 2727 809 quis
2775 742 2971 793 autem
3020 736 3304 810 templum
3358 737 3458 793 Dei
3489 736 3808 806 violaverit,

2160 822 2459 899 disperdet
2488 825 2655 881 illum
2688 825 2841 882 Deus
2869 828 2918 896 (Ι
2936 827 3057 883 Cor.
3079 826 3185 898 ιιι).
3213 848 3239 875 ››
3270 827 3341 882 Et
3369 826 3493 898 ipse
3515 826 3697 897 judex
3712 828 3810 897 ju-

2160 916 2289 968 stus
2313 929 2325 968 :
2352 936 2379 965 «
2404 913 2991 987 Disperdam,inquit,
3008 915 3079 971 de
3099 914 3329 971 civitate
3350 914 3581 971 Domini
3605 931 3810 973 omnes

2162 1000 2261 1073 qui
2302 1007 2621 1075 operantur
2647 1003 3014 1077 iniquitatem
3047 1004 3220 1077 (Psal.
3254 1004 3327 1075 c).
3364 1026 3392 1054 ››
3424 1003 3812 1061 Gaudendum

2161 1089 2301 1163 quia
2331 1090 2391 1147 in
2424 1092 2592 1148 nobis
2621 1090 2853 1149 Pa'schae
2885 1093 3227 1150 solemnitas
3248 1092 3457 1165 agitur,
3478 1110 3611 1149 cum
3643 1094 3717 1148 de
3737 1093 3816 1148 vi-

2158 1179 2257 1237 tiis
2288 1181 2359 1236 ad
2390 1180 2636 1238 virtutes
2666 1183 2917 1239 transire
2947 1183 3279 1256 satagimus
3305 1199 3318 1237 :
3344 1182 3567 1239 Pascha
3596 1182 3815 1255 quippe

2160 1269 2444 1326 transitus
2476 1271 2710 1327 dicitur.
2743 1270 3307 1344 Gaudendum,quia
3327 1275 3525 1326 nostra
3556 1277 3810 1342 pectora,

2160 1357 2453 1414 civitatem
2470 1359 2738 1415 videlicet
2753 1378 2946 1427 suam,
2963 1359 3234 1428 visitare;
3261 1360 3399 1432 quia
3414 1358 3566 1415 idem
3591 1358 3815 1415 Pascha

2160 1452 2372 1503 nostra
2402 1448 2565 1504 home
2599 1450 2844 1506 actionis
2874 1450 3183 1523 praesentia
3212 1467 3330 1505 suae
3363 1448 3596 1521 pietatis
3646 1447 3814 1504 illus-

2144 1539 2312 1593 trare
2342 1536 2637 1610 dignatur.
2664 1539 2775 1595 Sed
2810 1539 3141 1595 timendum
3175 1537 3317 1595 satis
3340 1542 3405 1593 ut
3426 1555 3625 1593 nenos
3652 1537 3712 1593 in
3735 1537 3817 1594 ci-

2156 1624 2331 1681 vitate
2348 1643 2455 1683 sua
2470 1625 2627 1682 aliud
2647 1644 2823 1699 quam
2841 1628 2967 1700 ipse
2989 1627 3179 1700 diligit
3200 1630 3437 1699 agentes
3462 1625 3746 1693 inveniat,
3761 1629 3815 1682 et

2155 1714 2281 1786 ipse
2295 1732 2356 1771 se
2369 1715 2535 1771 nobis
2550 1714 2783 1788 qualem
2798 1732 2914 1770 non
2932 1714 3235 1788 diligimus
3248 1714 3551 1771 districtus
3564 1714 3819 1772 creditor

2156 1804 2443 1871 ostendat,
2465 1804 2520 1859 id
2553 1808 2749 1873 est,ne
2780 1821 2887 1860 nos
2920 1805 2978 1859 in
3010 1804 3228 1877 templo
3260 1803 3716 1870 nummularius,
3745 1820 3819 1860 ne

2151 1892 2482 1948 venditores
2500 1892 2693 1948 ovium
2716 1893 3192 1949 columbarumve
3213 1892 3529 1965 reperiens,
3544 1894 3813 1949 damnet.

2155 1982 2333 2040 Boves
2362 1980 2579 2054 quippe
2627 1982 2952 2037 doctrinam
3000 1982 3128 2038 vita:
3160 1981 3428 2051 cmlestis,
3462 1999 3596 2038 oves
3636 1998 3813 2054 opera

2154 2070 2457 2127 munditia:
2487 2075 2543 2126 et
2573 2070 2824 2144 pietatis,
2845 2071 3126 2127 columbae
3156 2071 3343 2127 sancti
3377 2072 3629 2143 Spiritus
3654 2072 3813 2127 dona

2152 2160 2479 2234 designant.
2505 2160 2650 2224 Quia
2676 2161 2953 2216 nimirum
2979 2161 3154 2216 boum
3172 2159 3473 2231 juvamine
3501 2160 3646 2216 solet
3670 2176 3815 2234 ager

2152 2248 2422 2317 exerceri,
2441 2265 2581 2322 ager
2608 2254 2697 2304 est
2726 2249 2958 2305 Domini
2988 2266 3087 2306 cor
3111 2248 3327 2304 caelesti
3350 2248 3643 2305 excultum
3670 2249 3811 2304 doc-

2151 2338 2326 2406 trina,
2360 2342 2416 2393 et
2445 2337 2835 2411 suscipiendis
2864 2339 3107 2395 verbum
3141 2338 3243 2394 Dei
3274 2342 3668 2411 praeparatum
3705 2338 3816 2394 rite

2153 2425 2496 2482 seminibus.
2531 2425 2676 2483 Oves
2707 2426 3051 2483 innocenter
3099 2444 3207 2482 sua
3235 2426 3448 2483 vellera
3492 2426 3817 2482 vestiendis

2151 2515 2491 2571 hominibus
2524 2519 2822 2587 praestant.
2860 2517 2931 2572 Et
2959 2515 3216 2588 Spiritus
3262 2533 3440 2590 super
3489 2516 3815 2571 Dominum

2152 2604 2211 2659 in
2234 2604 2517 2660 columbae
2542 2605 2732 2678 specie
2754 2604 3076 2661 descendit.
3098 2606 3373 2661 Vendunt
3394 2610 3586 2661 autem
3611 2606 3816 2667 boves.

2155 2694 2255 2765 qui
2289 2694 2529 2748 verbum
2553 2692 2847 2766 Evangelii
2874 2711 2988 2750 non
3012 2694 3207 2750 divino
3228 2710 3446 2762 amore,
3471 2695 3568 2749 sed
3594 2695 3818 2749 terreni

2156 2787 2416 2855 questus
2447 2782 2661 2838 intuitu
2696 2784 3071 2840 audientibus
3092 2782 3689 2856 impendunt.Qua]es
3725 2800 3817 2839 re-

2156 2871 2466 2946 prehendit
2496 2871 2831 2944 Apostolus,
2849 2872 2988 2944 quia
3016 2871 3311 2927 Christum
3336 2872 3675 2928 nuntiarent
3697 2890 3817 2928 non

2152 2960 2395 3017 sincere.
2430 2958 2705 3016 Vendunt
2750 2977 2904 3030 oves,
2951 2959 3051 3034 qui
3082 2960 3351 3017 humanis
3390 2960 3578 3035 gratia
3608 2959 3811 3018 laudis

2152 3067 2327 3123 opera
2352 3049 2584 3123 pietatis
2605 3054 2892 3106 exercent.
2912 3050 2993 3106 De
3016 3050 3230 3123 quibus
3256 3050 3538 3106 Dominus
3563 3050 3644 3105 ait
3663 3049 3812 3123 quia

2154 3143 2498 3212 receperunt
2528 3139 2855 3195 mercedem
2880 3156 3046 3195 suam
3072 3139 3275 3212 (Matth.
3299 3139 3689 3211 vx).Vendunt
3712 3157 3811 3196 co-

388 3230 656 3286 videlicet
676 3235 908 3302 peccata
931 3229 1276 3301 peccatis,ct
1293 3229 1458 3301 quasi
1480 3230 1676 3284 funem
1695 3228 1806 3284 sibi
1830 3228 2041 3299 longis-
2070 3212 2113 3279 (ἶ
2154 3228 2409 3294 lumbas,
2428 3228 2528 3299 qui
2561 3233 2859 3300 acceptam
2892 3228 3145 3302 Spiritus
3175 3229 3575 3300 gratiam,non
3598 3230 3811 3302 gratis,

392 3320 610 3376 simum
642 3320 699 3375 in
724 3320 911 3374 cauda
929 3335 1131 3374 eorum
1155 3317 1628 3390 augmentatione
1650 3322 2041 3383 texentes,nec

391 3409 665 3464 timentes
694 3423 764 3463 ex
801 3424 869 3464 eo
898 3406 1150 3462 districti
1172 3406 1391 3477 judicis
1416 3406 1843 3461 examinatione
1874 3405 2039 3458 dam-

392 3496 690 3551 nari.Nam
723 3496 813 3550 bis
854 3495 1093 3566 quidem
1134 3495 1193 3548 in
1215 3500 1416 3549 sancto
1457 3492 1763 3565 Evangelio
1787 3491 2040 3565 legimus

391 3584 547 3656 quod
560 3581 797 3639 veniens
811 3581 871 3637 in
886 3580 1102 3655 templo
1117 3581 1322 3637 Demin
1333 3581 1530 3653 us,buj
1541 3580 1769 3637 usmodi
1785 3581 2041 3653 negotia-

389 3677 545 3728 tores
573 3670 825 3743 ejecerit.
862 3671 1027 3726 Nunc
1057 3669 1324 3726 videlicet
1354 3672 1528 3736 (Joan.
1555 3671 1638 3739 ιι),
1674 3670 1730 3725 id
1758 3675 1846 3725 est
1866 3670 2039 3725 tertio

391 3766 525 3818 ante
546 3759 881 3834 passionem
895 3776 1064 3816 suam
1086 3776 1260 3825 anno,
1283 3760 1438 3815 sicut
1457 3765 1513 3816 et
1530 3760 1708 3831 hujus
1727 3758 2042 3832 evangelis-

390 3855 461 3906 ta
473 3848 857 3921 sequentibus
871 3848 1105 3921 scriptis
1129 3850 1526 3921 agnoscimus,
1542 3853 1598 3904 et
1618 3848 1751 3923 ipso
1768 3866 1883 3921 quo
1904 3864 2038 3921 pas-

391 3956 494 3995 sus
521 3943 609 3994 est
629 3953 945 4004 anno,cum
966 3942 1099 3993 ante
1130 3937 1391 4010 quinque
1416 3937 1540 3994 dies
1567 3937 1802 3994 Pascha:
1830 3938 2040 3994 sedens

392 4027 453 4082 in
473 4025 637 4083 asino
658 4025 1115 4098 Hierosolymam
1136 4026 1391 4082 venisset
1409 4027 1626 4097 (Matth.
1649 4026 1771 4098 xu).
1796 4028 1908 4083 Sed
1931 4026 2040 4082 hoc

389 4115 545 4172 idem
578 4116 638 4171 in
664 4113 884 4187 templo
908 4119 1123 4172 sanctae
1144 4115 1409 4171 Ecclesia:
1433 4114 1664 4172 Domini
1687 4116 1952 4172 examine
1972 4131 2040 4170 ac

391 4205 735 4278 quotidiana
765 4203 1094 4261 visitatione
1123 4205 1272 4279 geri,
1301 4205 1496 4261 omnis
1527 4205 1627 4278 qui
1660 4209 1813 4261 recte
1862 4204 2036 4277 sapit,

387 4293 681 4368 intelligit.
698 4292 861 4350 Unde
883 4292 1132 4349 multum
1157 4295 1462 4351 tremenda
1477 4298 1615 4351 sunt
1635 4293 2041 4365 haec,dilectis-

388 4383 607 4452 simi,et
618 4383 673 4438 di
679 4397 794 4456 gno
810 4384 1240 4455 expavescenda
1256 4383 1298 4439 ti
1306 4383 1812 4456 more,sedulaque
1828 4400 2039 4456 praeca-

387 4472 642 4527 vendum
666 4471 954 4528 industria
973 4489 1045 4528 ne
1063 4472 1301 4529 veniens
1323 4472 2036 4545 improvisus,perversum

391 4559 533 4632 quid
563 4559 623 4615 in
656 4560 845 4628 bonis,
863 4561 1018 4617 unde
1049 4560 1254 4616 merito
1277 4559 1578 4633 ﬂagellari,
1604 4577 1669 4616 ac
1691 4560 1762 4616 de
1781 4559 2039 4616 Ecclesia
2071 4582 2117 4646 Β

390 4647 521 4720 ejioi
550 4648 892 4719 debeamus,
927 4650 1203 4705 inveniat.
1235 4650 1305 4705 Et
1347 4649 1598 4705 maxime
1645 4648 1705 4704 in
1755 4648 1875 4717 illa,
1911 4666 2039 4721 qua:

391 4736 723 4811 specialiter
740 4739 952 4794 domus
977 4737 1259 4795 orationis
1280 4738 1597 4808 vocabitur,
1612 4739 2040 4795 observandum

391 4843 465 4882 ne
485 4825 624 4898 quid
647 4826 911 4900 ineptum
932 4843 1228 4899 geramus,
1253 4842 1326 4882 ne
1345 4842 1480 4881 cum
1502 4825 1816 4883 Corinthiis
1837 4826 2040 4883 audia-

394 4930 531 4969 mus
558 4914 631 4970 ab
659 4914 941 4987 Apostolo
969 4917 1019 4988 (1
1045 4916 1167 4971 Cor.
1200 4920 1280 4985 χι)
1314 4931 1326 4969 :
1362 4914 1638 4986 Nunquid
1682 4915 1894 4971 domus
1925 4932 2041 4971 non

392 4999 619 5057 habetis
648 5003 721 5057 ad
752 5003 978 5076 agenda
1005 5002 1095 5058 vel
1125 5002 1419 5076 loquenda
1448 5003 1930 5077 temporalia,aut
1954 5021 2042 5060 ec—

393 5085 632 5144 clesiam
664 5088 764 5145 Dei
785 5091 1200 5148 contemnitis?
1220 5096 1277 5148 et
1304 5092 1602 5166 propheta,
1619 5109 1753 5148 cum
1778 5092 2039 5165 loquere-

392 5179 511 5238 tur.
544 5175 744 5233 dicens
770 5177 991 5235 Judmis
1019 5197 1032 5234 :
1067 5204 1095 5230 ‹‹
1129 5180 1388 5237 Dilectus
1419 5198 1585 5237 meus
1617 5182 1676 5238 in
1710 5181 1883 5237 domo
1913 5198 2045 5238 mea

392 5263 528 5320 fecit
546 5262 768 5321 scelera
786 5266 973 5323 multa
990 5270 1125 5339 (Jer.
1145 5271 1247 5340 xi).
1270 5292 1296 5319 ››
1318 5270 1388 5324 Et
1406 5270 1640 5342 quidem
1663 5271 2041 5343 gaudendum

391 5356 501 5423 est,
525 5353 797 5427 quiaipsi
822 5371 1029 5413 sumus
1053 5357 1110 5412 in
1135 5357 1426 5430 baptismo
1445 5358 1731 5433 templum
1755 5360 1875 5429 Dei,
1897 5364 2044 5416 teste

390 5441 686 5515 Apostolo,
706 5442 808 5516 qui
828 5444 910 5500 ait
929 5461 944 5502 :
964 5468 991 5495 α
1013 5444 1324 5519 Templum
1345 5449 1500 5505 enim
1525 5448 1623 5505 Dei
1642 5453 1909 5505 sanctum
1928 5454 2039 5518 est,

393 5532 555 5604 quod
575 5532 719 5589 estis
739 5549 842 5591 vos
867 5535 915 5607 (1
934 5536 1058 5592 Cor.
1083 5530 1189 5608 in),
1213 5557 1241 5585 ››
1262 5536 1372 5603 ipsi
1396 5538 1596 5593 civitas
1620 5537 1794 5611 Regis
1818 5539 2040 5611 magni,

395 5621 467 5680 de
494 5637 615 5698 qua
641 5622 914 5682 canitur:
951 5648 979 5679 ‹‹
1012 5625 1416 5685 Fundamenta
1465 5627 1592 5701 ejus
1645 5627 1701 5683 in
1745 5626 2044 5685 montibus

2154 3321 2215 3372 ut
2246 3321 2598 3389 praeceptum
2632 3321 2738 3382 est,
2764 3318 2865 3372 sed
2898 3318 2970 3372 ad
3000 3317 3305 3390 praemium
3339 3318 3482 3372 dant
3515 3335 3527 3372 :
3561 3318 3663 3389 qui
3698 3319 3815 3373 im-

2152 3405 2499 3478 positionem
2526 3418 2761 3473 manus,
2796 3423 2915 3478 qua
2945 3406 3187 3478 spiritus
3219 3406 3520 3480 accipitur,
3540 3412 3597 3461 et
3615 3407 3667 3462 si
3694 3425 3813 3464 non

2151 3494 2221 3549 ad
2254 3497 2547 3565 quaestum
2580 3495 2859 3566 pecuniis,
2892 3496 2966 3550 ad
2994 3495 3152 3569 vulgi
3186 3500 3383 3551 tamen
3417 3496 3669 3551 favorem
3708 3496 3814 3552 tri-

2151 3582 2362 3649 buunt,
2387 3581 2487 3655 qui
2520 3599 2721 3639 sacros
2748 3583 2983 3640 ordines
3004 3602 3118 3640 non
3144 3585 3213 3640 ad
3234 3585 3361 3641 vitae
3385 3584 3684 3652 meritum,
3708 3586 3812 3642 sed

2151 3671 2225 3726 ad
2256 3671 2504 3743 gratiam
2557 3670 2907 3743 largiuntur.
2941 3673 3226 3729 Nummos
3259 3677 3462 3729 mutuo
3510 3673 3672 3739 dant,
3710 3671 3814 3745 qui

2151 3776 2265 3816 non
2295 3759 2569 3816 simulate
2600 3760 2953 3829 coelestibus,
2988 3763 3087 3817 sed
3125 3767 3321 3834 aperte
3352 3762 3598 3818 terrenis
3631 3762 3815 3817 rebus

2149 3850 2207 3904 in
2232 3848 2474 3906 ecclesia
2494 3850 2851 3916 deserviunt,
2869 3867 2978 3906 sua
2999 3855 3346 3922 quaerentes,
3373 3868 3489 3906 non
3514 3867 3643 3922 qua:
3664 3850 3810 3906 Jesu

2148 3938 2384 3995 Christi.
2416 3938 2632 3995 Verum
2663 3939 3002 4010 hujusmodi
3046 3934 3365 4011 operarios~
3398 3936 3812 3995 fraudulentos

2149 4045 2276 4101 qua:
2300 4044 2521 4083 merces
2546 4031 2777 4083 maneat
2796 4026 3052 4083 ostendit
3074 4028 3375 4095 Dominus,
3396 4027 3717 4095 cum,facto
3740 4029 3813 4085 de

2148 4115 2427 4173 funiculis
2444 4114 2694 4189 flagello,
2709 4132 2914 4171 omnes
2934 4116 3107 4187 ejecit
3128 4117 3199 4172 de
3221 4116 3462 4189 templo.
3478 4116 3704 4187 Ejtciun
3715 4122 3814 4171 tur

2147 4207 2303 4262 enim
2337 4206 2408 4261 de
2438 4210 2601 4277 parte
2632 4205 2808 4260 sortis
2838 4210 3200 4272 sanctorum,
3226 4206 3350 4277 qui,
3386 4205 3538 4262 inter
3567 4211 3813 4262 sanctos

2148 4295 2345 4369 positi,
2365 4292 2453 4349 vel
2486 4293 2615 4349 ficte
2646 4292 2919 4359 bona,vel
2950 4297 3149 4367 aperte
3178 4294 3403 4350 faciunt
3423 4311 3600 4367 opera
3627 4294 3809 4350 mala.

2147 4384 2293 4440 Oves
2322 4399 2554 4455 quoque
2576 4390 2632 4437 et
2656 4382 2830 4438 boves
2850 4382 3028 4454 ejicit,
3052 4383 3193 4456 quia
3213 4382 3423 4439 talium
3445 4384 3626 4438 vitam
3652 4384 3812 4455 pari-

2145 4479 2235 4529 ter
2262 4475 2319 4529 et
2347 4471 2673 4528 doctrinam
2704 4471 2958 4527 ostendit
2995 4489 3123 4527 esse
3155 4472 3482 4545 reprobam.
3532 4468 3812 4527 Funiculi

2147 4562 2363 4636 quibus
2393 4559 2740 4633 flagellando
2786 4560 2999 4633 impios
3049 4561 3121 4617 de
3153 4560 3377 4634 templo
3407 4559 3649 4634 expulit,
3682 4577 3813 4617 cre-

2152 4654 2349 4707 menta
2368 4654 2507 4706 sunt
2535 4648 2832 4705 actionum
2864 4649 3176 4717 malarum,
3208 4650 3281 4706 de
3311 4650 3528 4722 quibus
3559 4651 3815 4706 materia

2150 4739 2468 4796 damnandi
2500 4738 2779 4812 reprobos
2819 4738 3083 4794 districto
3125 4739 3313 4810 judici
3347 4738 3539 4794 datur.
3571 4735 3721 4792 Hinc
3754 4741 3814 4793 et

2149 4828 2305 4885 enim
2335 4827 2475 4883 dicit
2505 4826 2721 4883 Isaias:
2754 4850 2780 4876 ι(
2814 4826 2910 4881 Vae
2943 4826 3039 4899 qui
3074 4824 3309 4883 trahitis
3343 4826 3716 4898 iniquitatem
3748 4826 3810 4881 in

2149 4915 2427 4973 funiculis
2457 4916 2733 4971 vanitatis
2764 4917 2890 4984 (Isa.
2924 4918 2983 4983 ι).
3023 4937 3051 4964 ››
3083 4915 3154 4970 Et
3196 4916 3255 4971 in
3286 4914 3611 4972 Proverbiis
3643 4913 3810 4970 Salo-

2151 5024 2288 5062 mon
2309 5023 2323 5062 :
2348 5029 2375 5055 ‹‹
2413 5002 3004 5076 lniquitates,inquit,
3029 5021 3147 5060 suae
3181 5005 3421 5076 capiunt
3450 5003 3723 5076 impium,
3751 5007 3812 5058 et

2152 5096 2392 5151 funibus
2410 5098 2777 5167 peccatorum
2792 5109 3032 5148 suorum
3048 5093 3473 5167 constringitur
3484 5093 3666 5165 (Prov.
3681 5095 3758 5161 v).
3779 5114 3809 5141 ››

2151 5184 2256 5251 Qui
2281 5184 2436 5240 enim
2460 5186 2693 5255 peccata
2710 5182 3094 5255 peccatis,pro
3118 5182 3334 5255 quibus
3355 5182 3550 5238 acrius
3569 5181 3812 5237 damne-

2153 5269 2801 5343 tur,accumulat,qnasi
2827 5269 3119 5326 funiculos
3138 5271 3357 5343 Quibus
3378 5268 3593 5342 ligetur
3608 5285 3678 5325 ac
3700 5268 3808 5324 tia-

2152 5361 2418 5436 gelletur,
2451 5359 2732 5433 paulatim
2756 5358 2980 5432 agendo
3002 5358 3328 5433 prolongat.
3361 5356 3808 5415 Nummulario-

2152 5467 2283 5506 rum
2297 5464 2700 5523 quoque,un
2712 5445 3810 5520 expulerat,eﬁ‘uditaas,etmensassub-

2152 5539 2343 5605 vertit,
2359 5537 2821 5613 quia,damnatis
2839 5536 2896 5591 in
2913 5537 3027 5592 fine
3048 5536 3515 5609 reprobis,etiam
3539 5537 3804 5609 ipsarum

2154 5645 2302 5707 quas
2332 5627 2582 5687 dilexere
2614 5642 2809 5684 rerum
2840 5623 3002 5684 tollet
3034 5626 3475 5703 figuramjuxta
3505 5624 3615 5686 hoc
3647 5622 3806 5702 quod
