4028 6176
241 322 339 383 29⁸1

1424 315 1775 377 HOMILUE
1819 314 1919 375 ne
1962 269 2361 376 rsMponn.

3473 318 3617 380 298.

236 452 473 521 scriptum
501 446 1016 502 estzicEtmundus
1032 445 1835 519 transibit,etconcupiseen~
1866 446 1919 513 Α
1952 463 2130 519 quare
2161 446 2331 503 solita
2361 446 2710 503 commercia
2740 446 3592 524 projiceredebueritetemplo,
3656 474 3661 481 ν

232 541 297 595 tia
323 538 431 608 ejus
460 541 503 603 (l
529 538 690 590 Joan.
725 534 809 605 ιι).
842 555 871 586 ιν
1490 574 1495 579 ,

295 652 318 676 ‹‹
350 626 404 680 Et
431 624 514 679 bis
540 622 642 695 qui
673 622 977 681 columbas
1005 625 1351 693 vendebant,
1378 624 1523 680 dixit
1553 643 1565 680 :
1601 625 1835 680 Auferte

232 741 253 765 ‹‹
282 715 378 769 ista
394 712 597 777 hinc,et
608 711 785 768 nolite
798 713 989 769 facere
1001 714 1242 770 domum
1262 714 1450 769 Patris
1463 714 1576 769 mei
1590 715 1832 769 domum

226 825 248 853 «
272 800 668 874 negotiationis.
705 824 734 851 »
765 800 1171 858 Venditionem
1188 802 1527 858 columbaru
1538 820 1594 857 m
1608 803 1679 858 de
1692 806 1836 858 tem-

222 890 299 965 plo
325 888 521 946 auferri
550 890 844 963 praecepit,
877 891 1019 963 quia
1049 891 1237 963 gratia
1259 892 1517 964 Spiritus
1540 891 1725 964 gratis
1745 908 1835 947 ac-

219 978 329 1052 cipi,
357 978 526 1052 gratis
557 978 729 1034 debet
758 978 905 1035 dari.
934 979 1097 1036 Unde
1128 979 1334 1036 Simon
1356 979 1454 1035 ille
1480 996 1709 1052 magus,
1733 978 1833 1052 qui

220 1068 343 1124 hanc
371 1083 550 1122 emere
581 1067 828 1140 pecunia
853 1067 1058 1135 voluit,
1091 1073 1160 1125 ut
1182 1068 1388 1141 majori
1422 1069 1607 1141 pretio
1628 1069 1835 1124 vende-

215 1162 301 1223 ret,
328 1154 535 1211 audivit
561 1172 573 1213 :
608 1179 631 1207 ει
669 1157 921 1241 Pecunia
937 1161 1242 1213 tuatccum
1262 1156 1406 1213 sitin
1423 1156 1830 1230 perditionem.

215 1244 315 1300 Non
345 1248 427 1299 est
465 1244 570 1299 tibi
605 1260 741 1317 pars
771 1261 959 1318 neque
991 1262 1116 1302 sors
1144 1246 1202 1301 in
1248 1260 1514 1302 sermone
1544 1245 1651 1300 hoc
1691 1245 1830 1315 (Act.

214 1335 331 1405 vni).
364 1357 388 1383 ››
421 1333 981 1392 Notandum'autem
1013 1334 1487 1407 quianonsolum
1506 1334 1834 1390 venditores

214 1427 325 1478 sunt
349 1421 771 1492 columbarum,
806 1424 1115 1479 etdomum
1137 1424 1231 1479 Dei
1248 1423 1469 1480 faciunt
1483 1423 1721 1479 domum
1737 1438 1833 1478 ne-

208 1510 639 1584 gotiationis,qui
654 1528 852 1568 sacros
864 1512 1098 1568 ordines
1113 1512 1431 1585 largiendo,
1458 1511 1709 1585 pretium
1727 1528 1828 1585 pe-

205 1599 356 1656 cunia:
382 1600 464 1655 vel
501 1600 698 1656 laudis
724 1600 811 1655 vel
826 1600 999 1657 etiam
1018 1601 1827 1674 honorisinquirunt;verum

202 1689 248 1745 hi
274 1706 486 1762 quoque
524 1690 624 1762 qui
657 1690 905 1762 gradum
934 1689 1023 1745 vel
1058 1690 1310 1763 gratiam
1341 1691 1397 1745 in
1432 1689 1688 1746 Ecclesia
1712 1689 1829 1762 spi-

1944 537 2243 608 respondit
2272 535 2595 593 rectissime
2624 536 2840 609 impios
2869 537 3257 593 exterminare
3271 538 3591 611 detemplo,

1943 625 2587 698 quiaipsumtcmplum
2603 625 3315 699 significaverittemplum
3337 629 3597 698 corporis

1944 714 2056 783 sui,
2091 715 2148 770 in
2182 731 2298 787 quo
2328 714 2490 770 nulla
2517 730 2760 789 prorsus
2790 720 2948 772 esset
2968 714 3596 787 alicujuspeccatima-

1943 802 2094 859 cuia.
2126 803 2323 875 Neque
2349 803 2642 859 immerito
2672 804 2930 878 typicum
2964 803 3302 877 purgaverit
3321 802 3595 860 asceleri-

1942 893 2054 950 bus
2083 891 2390 965 templum,
2427 892 2528 965 qui
2558 892 2715 949 verbi
2746 893 2846 950 Dei
2865 890 3594 967 templumabhominibus

1942 985 2131 1037 morte
2161 980 2418 1041 solutum
2450 981 2656 1037 divinae
2687 982 2947 1054 potentia
2976 980 3307 1055 majestatis
3344 981 3592 1040 excitam

1943 1075 2141 1145 posset
2170 1087 2204 1126 a
2233 1069 2501 1127 mortuis.
3192 1104 3195 1105 ν

2013 1182 2041 1209 ‹‹
2075 1159 2357 1215 Dixerunt
2407 1174 2544 1232 ergo
2587 1162 2644 1214 et
2686 1158 2900 1215 Judaei:
2951 1158 3347 1232 Quadraginta
3392 1163 3457 1216 et
3492 1176 3593 1217 sex

1943 1272 1969 1298 ‹‹
2006 1248 2179 1304 annis
2209 1247 2560 1303 aedificatum
2594 1252 2683 1304 est
2712 1247 2999 1321 templum
3033 1247 3164 1315 hoc,
3199 1252 3255 1304 et
3285 1253 3348 1303 tu
3398 1249 3592 1305 tribus

1943 1359 1971 1387 α
2004 1336 2215 1392 diebus
2243 1335 2526 1395 excitabis
2555 1333 3396 1402 illud?«Quodintellexerunt,
3411 1335 3494 1391 ita
3508 1353 3591 1392 re-

1942 1427 2325 1499 sponderunt.
2354 1424 2464 1481 Sed
2491 1439 2565 1479 ne
2590 1440 2699 1480 nos
2729 1440 2961 1497 quoque
2973 1423 3338 1497 spiritualem
3362 1424 3589 1480 Domini

1942 1531 2271 1571 sermonem
2286 1512 2598 1570 carnaliter
2608 1512 2983 1585 sentiremus,
3004 1512 3360 1586 evangelista
3379 1513 3589 1570 subse-

1942 1600 3466 1676 quenterdequotemploloqueretur,exposuit.Quod
3490 1618 3589 1657 au-

1939 1696 2056 1748 tem
2070 1693 2319 1748 aiuntde
2332 1689 2969 1764 templo,quadraginta
2979 1695 3145 1745 etsex
3155 1690 3587 1746 annisieditica-

203 1778 453 1848 ritualem,
468 1795 655 1852 quam
675 1784 784 1836 Deo
796 1779 1079 1852 largiente
1095 1796 1424 1853 percepero,
1441 1797 1554 1835 non
1571 1778 1822 1851 simplici
1858 1816 1906 1881 B
1940 1785 2063 1837 tum
2079 1785 2308 1850 est,non
2325 1780 2598 1853 primam,
2623 1781 2723 1836 sed
2740 1780 3059 1836 secundum
3077 1778 3235 1835 illius
3255 1778 3586 1836 aedificatio-

199 1867 513 1935 intentione,
544 1869 646 1925 scd
659 1867 975 1939 cujuslibet
996 1869 1268 1924 humanae
1282 1885 1461 1925 causa
1487 1868 1822 1924 retributio-

199 1953 773 2025 nisexerccnt,contra
789 1957 931 2013 illud
945 1957 1192 2030 apostoli
1210 1957 1531 2023 Petri:«Qui
1566 1956 1826 2030 loquitur

199 2045 337 2117 quasi
368 2062 675 2103 sermones
706 2047 827 2115 Dei,
861 2047 961 2119 qui
995 2046 1293 2103 ministrat
1308 2040 1590 2119 tanquam
1621 2063 1690 2102 ex
1710 2046 1821 2100 vir-

192 2141 291 2191 tute
318 2153 487 2207 quam
531 2135 905 2193 administrat
925 2141 1096 2203 Deus,
1131 2136 1268 2192 utin
1290 2137 1567 2192 omnibus
1587 2135 1821 2191 honori-

193 2224 368 2280 iicetur
395 2230 555 2281 Deus
586 2242 690 2297 per
717 2225 915 2281 Jesum
947 2225 1246 2280 Christum
1278 2228 1491 2299 (lPetr.
1513 2226 1609 2297 iv).
1641 2247 1669 2275 »
1693 2223 1823 2290 Qui-

191 2328 391 2385 cunque
419 2331 566 2388 ergo
597 2314 742 2369 tales
756 2317 897 2369 sunt
914 2313 1181 2370 veniente
1205 2314 1445 2369 Domino
1476 2315 1547 2368 de
1566 2312 1823 2371 Ecclesia

191 2404 764 2476 auferri(a),auferant
778 2404 890 2459 ista
903 2405 975 2458 de
988 2404 1114 2459 suis
1127 2403 1378 2471 actibus,
1396 2421 1465 2458 ne
1484 2402 1699 2458 iaciant
1713 2403 1819 2458 d0-

188 2508 324 2547 mum
358 2495 447 2549 Dei
484 2493 735 2548 domum
758 2492 1187 2567 negotiationis.
1221 2492 1819 2565 Necprmterenndum

191 2582 303 2652 quia
331 2580 581 2638 sollicite
612 2582 783 2638 nobis
812 2583 1114 2654 Scriptura
1147 2585 1465 2653 utramque
1504 2580 1821 2636 Salvatoris

190 2672 345 2726 nostri
361 2678 495 2728 natu
510 2688 663 2738 ram,
677 2676 733 2727 et
747 2672 1069 2727 humanam
1088 2670 1359 2728 videlicet
1379 2671 1822 2727 commendatft

190 2758 438 2817 divinam.
470 2760 554 2819 Ut
582 2761 740 2817 enim
770 2778 902 2817 vere
918 2760 1013 2817 Dei
1035 2760 1607 2831 Filiusintelligatur,
1627 2759 1825 2815 audia-

193 2864 304 2904 mus
332 2852 483 2924 quod
524 2851 656 2923 ipse
688 2850 967 2906 Dominus
990 2851 1096 2906 ait:
1132 2849 1561 2906 «Nolitcfaccre
1578 2849 1820 2904 domum

194 2940 351 2996 Patris
382 2942 495 2997 mei
538 2941 782 2996 domum
815 2940 1246 3013 negotiationis.
1284 2963 1309 2989 υ
1340 2942 1547 3012 Aperte
1570 2953 1826 3010 namque

189 3044 239 3084 se
266 3028 465 3085 Filium
502 3028 609 3084 Dei
643 3028 827 3085 Patris
857 3028 1132 3097 ostendit,
1167 3029 1267 3101 qui
1298 3027 1583 3101 templum
1619 3026 1826 3082 Deido-

190 3134 328 3173 mum
358 3119 447 3175 sui
480 3118 1175 3192 Patriscognominat.Ut
1195 3134 1613 3174 rursumverus
1635 3115 1825 3171 homi-

1938 1888 2068 1926 nem
2084 1868 2679 1943 signifirant.Primus
2695 1868 2850 1924 enim
2866 1867 3141 1924 Salomdn
3159 1866 3219 1922 in
3233 1869 3491 1924 maxima
3503 1884 3589 1924 re-

1933 1960 2136 2032 gnisui
2156 1975 2294 2032 pace
2308 1960 2378 2015 de
2408 1957 2728 2015 centesimo
2761 1961 2818 2013 et
2840 1960 3063 2030 septem
3096 1972 3384 2013 annorum
3415 1972 3588 2029 opere

1931 2047 2352 2122 perfecitzquod
2366 2049 2729 2103 destructum
2749 2046 3236 2117 aChaldaais,post
3249 2045 3586 2119 septuagin-

1930 2142 1989 2193 ta
2002 2154 2186 2193 annos
2199 2136 2272 2192 ad
2295 2136 2626 2208 jussionem
2654 2133 3209 2208 Cyri,Persielaxata
3228 2134 3583 2207 captivitate,

1931 2225 2267 2282 reaedificari
2300 2229 2554 2299 coeptum
2587 2228 2696 2280 est.
2750 2223 2860 2279 Sed
2895 2222 2999 2278 ﬁlii
3050 2222 3586 2296 transmigrationis

1930 2333 2079 2389 Opus
2109 2316 2262 2388 quod
2296 2313 2662 2388 principibus
2690 2310 3003 2369 Zorobabel
3036 2318 3095 2369 et
3113 2312 3251 2368 Jesu
3274 2312 3583 2381 faciebant,

1928 2422 2032 2479 pro
2038 2403 2675 2478 pterimpugnationem
2690 2400 2951 2474 gentium
2964 2401 3288 2457 vicinarum
3300 2403 3435 2458 ante
3447 2418 3611 2475 qua--

1929 2495 2201 2567 draginta
2231 2498 2289 2547 et
2317 2510 2417 2569 sex
2430 2490 3583 2563 annosimplerenequiveruntzquietiam

1929 2600 2212 2639 numerus
2239 2598 2527 2637 annorum
2555 2570 2967 2652 perfectionem
3005 2578 3288 2635 Dominici
3325 2580 3585 2653 corporis

1929 2670 2234 2743 aptissime
2256 2669 2544 2743 congruit.
2562 2668 3054 2724 Traduntetenim
3073 2667 3428 2723 naturalium
3444 2669 3583 2724 scri-

1931 2763 2127 2833 ptores
2161 2773 2355 2814 rerum
2391 2758 2634 2811 formam
2666 2755 2926 2828 corporis
2959 2754 3201 2810 humani
3235 2758 3320 2809 tot
3350 2755 3579 2810 dierum

1932 2848 2119 2921 spatio
2151 2846 2347 2919 perfici
2365 2863 2379 2901 :
2398 2843 3581 2918 quiavidelicetprimissexaconceptione

1931 2938 2140 2994 diebus
2171 2934 2340 2990 lactis
2370 2934 2581 2989 habeat
2598 2932 3066 3001 similitudinem,
3083 2932 3466 3004 sequentibus
3483 2948 3582 2987 uo-

1931 3042 2059 3082 vem
2091 3023 2421 3080 vertaturin
2436 3022 2782 3095 sanguinem
2801 3040 2814 3078 :
2830 3021 3041 3078 deinde
3052 3021 3360 3078 duodecim
3374 3019 3582 3078 solide-

1934 3119 2049 3181 tur,
2082 3111 2322 3185 reliquis
2349 3112 2550 3166 decem
2582 3114 2640 3165 et
2668 3114 2795 3166 octo
2827 3110 3112 3177 firmetur,
3145 3125 3333 3181 usque
3349 3110 3421 3165 ad
3453 3124 3582 3181 par-

189 3206 262 3262 nis
288 3207 459 3265 Filius
491 3186 810 3274 sentiatur,
845 3206 1337 3281 recolamusquod
1368 3206 1425 3262 in
1441 3204 1817 3277 bujuscapite
1849 3186 1891 3252 Ο
1932 3205 2080 3259 fccta
2108 3200 2464 3256 lineamenta
2491 3198 2756 3254 omnium
2788 3198 3210 3265 membrorum,
3237 3201 3293 3253 et
3308 3197 3578 3268 hincjam

184 3294 421 3351 lectionis
450 3296 824 3352 descendens
858 3295 915 3351 in
936 3295 1368 3368 Capharnaum,
1386 3299 1631 3352 matrem
1647 3292 1821 3349 comi-

186 3386 284 3437 tem
315 3383 599 3439 habuisse
633 3383 985 3455 perbibetur.
1024 3384 1329 3456 Sequitur:

242 3496 266 3521 ‹‹
299 3472 612 3529 Recordati
633 3489 766 3528 vero
782 3472 1201 3545 suntdiseipuli
1221 3473 1348 3545 ejus
1379 3472 1514 3545 quia
1536 3472 1822 3545 scriptum

186 3582 207 3607 ιι
234 3566 338 3617 est:
371 3562 555 3619 Zelus
584 3562 799 3618 domus
828 3565 943 3617 tua:
973 3561 1226 3617 comedit
1258 3578 1368 3617 mc.
1406 3584 1434 3611 ››
1455 3561 1585 3617 Zelo
1611 3562 1822 3617 domus

188 3648 352 3706 Patris
379 3651 657 3708 Salvator
679 3651 848 3723 ejecit
879 3650 1092 3723 impios
1118 3651 1189 3706 de
1219 3651 1459 3724 templo.
1487 3649 1750 3707 Zelemus
1770 3654 1826 3707 et

187 3753 296 3805 nos,
325 3739 540 3796 fratres
575 3738 1189 3805 charissimi,domum
1206 3740 1299 3795 Dei
1334 3743 1684 3811 etquantum
1698 3756 1827 3811 pos-

186 3842 395 3899 sumus,
427 3846 502 3885 ne
539 3828 686 3901 quid
720 3828 779 3883 in
810 3845 877 3884 ea
908 3845 1149 3901 pravum
1173 3833 1428 3902 geratur,
1456 3829 1822 3897 insistemus,

188 3913 237 3968 Si
262 3916 588 3973 viderimus
620 3917 859 3972 fratrem
891 3918 991 3990 qui
1026 3914 1096 3973 ad
1130 3918 1370 3973 domum
1402 3917 1502 3973 Dei
1555 3915 1823 3989 pertinet,

187 4004 440 4074 superbia
470 4005 800 4072 tumidum,
836 4007 885 4061 si
919 4006 1383 4062 detractionibus
1415 4009 1741 4075 assuetum,
1777 4004 1825 4060 si

188 4090 426 4149 ebrietati
462 4093 842 4160 servientem,
878 4094 928 4149 si
961 4094 1195 4151 luxuria
1221 4098 1583 4164 enervatum,
1634 4094 1682 4148 si
1713 4093 1827 4149 ira-

190 4180 381 4237 cundia
408 4182 750 4251 turbidum,
783 4184 832 4238 si
865 4182 960 4238 alii
985 4184 1260 4257 cuiquam
1285 4183 1422 4239 vitio
1440 4184 1827 4249 substratum,

188 4270 513 4329 studeamus
548 4272 909 4344 inquantum
941 4273 1189 4330 facultas
1221 4273 1482 4347 suppetit
1518 4272 1826 4345 castigare,

190 4356 394 4425 polluta
424 4377 491 4416 ac
525 4377 805 4434 perversa
837 4361 1153 4435 corrigere;
1187 4366 1243 4417 et
1273 4363 1320 4419 si
1354 4362 1494 4434 quid
1527 4362 1598 4417 de
1617 4360 1833 4416 talibus

189 4449 479 4505 emendare
517 4450 862 4522 nequimus,
879 4467 996 4506 non
1014 4451 1141 4506 sine
1158 4451 1442 4507 acerrima
1457 4454 1649 4506 mente
1662 4449 1835 4505 susti-

1930 3291 2155 3363 reliquo
2166 3294 2428 3362 tempore
2440 3304 2627 3359 uspue
2649 3286 2720 3343 ad
2742 3291 2977 3360 tempus
2998 3291 3202 3359 partus
3222 3284 3580 3359 magnitudi-

1932 3398 2004 3437 ne
2016 3383 2319 3453 augeatur.
2354 3378 2462 3433 Sex
2476 3380 2669 3432 autem
2697 3380 2756 3432 et
2769 3393 2975 3432 novem
2989 3379 3048 3431 et
3068 3374 3376 3431 duodecim
3388 3379 3447 3430 et
3476 3372 3582 3429 de-

1932 3487 2057 3526 cem
2088 3473 2145 3525 et
2173 3472 2321 3535 octo,
2356 3466 2747 3539 quadraginta
2774 3461 3584 3538 quinquefaciunt,quibussi

1931 3574 2117 3614 unum
2150 3557 2218 3613 ad
2217 3555 2559 3629 jecerimus,
2589 3554 2645 3610 id
2660 3554 2955 3627 estipsum
2969 3553 3122 3610 diem
3136 3568 3251 3625 quo
3264 3551 3584 3611 discretum

1932 3664 2037 3721 per
2065 3645 2331 3703 membra
2359 3660 2573 3716 corpus
2605 3646 2969 3699 crementum
2999 3658 3232 3699 sumere
3253 3640 3482 3714 incipit,
3496 3644 3584 3696 tot

1934 3735 2212 3792 nimirum
2244 3734 2369 3790 dies
2381 3731 2440 3788 in
2456 3731 2837 3788 aedificatione
2851 3731 3110 3805 corporis
3122 3730 3409 3787 Dominici
3421 3733 3585 3801 ,qunt

1933 3827 1994 3881 in
2026 3824 2245 3882 fabrica
2274 3820 3120 3895 templiannosinvenimus.Bt
3145 3817 3580 3892 quiatemplum

1933 3914 2079 3970 illud
2113 3912 2540 3977 manufactum,
2580 3914 3013 3966 socrosanctam
3066 3908 3299 3965 Domini
3344 3920 3579 3965 carnem

1936 4018 2113 4076 quam
2145 4018 2215 4057 ex
2242 4000 2481 4074 Virgine
2511 3999 2787 4072 sumpsit,
2822 4002 2887 4053 ut
2914 4015 2983 4054 ex
3011 3997 3578 4063 boelocodiscimus,

1938 4090 2248 4165 ﬁgurabat,
2283 4088 2421 4161 quia
2450 4103 2614 4159 eaque
2642 4087 3290 4158 corpusejus,quodest
3307 4084 3583 4152 Ecclesia,

1937 4179 2076 4252 quia
2088 4177 2555 4249 uniuscujusque
2568 4174 2828 4231 fidelium
2851 4191 3064 4247 corpus
3090 4173 3587 4245 animamquede-

1939 4267 2232 4341 signabat,
2258 4270 2329 4321 .ut
2360 4266 2419 4319 in
2452 4263 2744 4337 plerisque
2765 4260 3591 4335 Scripturarumlocisinveni-

1940 4356 2283 4413 mus.Adam
2308 4369 2440 4408 vero
2466 4352 2690 4425 primus
2720 4356 2851 4424 post
2872 4355 3174 4424 peccatum
3196 4348 3588 4422 audivit(6en.

1942 4447 2050 4518 in):
2071 4446 2285 4501 «Terra
2299 4446 2445 4509 es,et
2460 4441 2516 4496 in
2530 4444 2742 4497 terram
2761 4440 2890 4497 ibis.
2911 4440 3400 4497 »Secundusvero
3414 4439 3593 4494 Adam

192 4548 310 4590 nere
341 4537 629 4595 dolorem.
667 4537 737 4593 Et
767 4538 1018 4594 maxime
1048 4538 1106 4593 in
1161 4539 1289 4610 ipsa
1318 4540 1490 4595 domo
1530 4537 1834 4605 orationis,
1867 4556 1912 4621 Ι)
1943 4537 2014 4591 de
2030 4533 2222 4607 seipse
2237 4529 3168 4621 ait:«Solvitetemplumboc,etin
3187 4527 3598 4621 tribusdiebus

191 4621 272 4676 ubi
286 4641 500 4698 corpus
515 4625 751 4683 Domini
780 4629 1176 4695 censecratur,
1196 4627 1293 4683 ubi
1323 4626 1667 4700 angelorum
1686 4645 1833 4699 prae-

192 4713 355 4767 sentia
372 4715 831 4787 semperadessc
845 4732 959 4771 non
988 4715 1310 4783 dubitatur,
1332 4733 1401 4771 ne
1415 4716 1555 4787 quid
1570 4715 1836 4787 ineptum

191 4794 295 4865 fiat,
328 4819 399 4857 ne
429 4803 579 4875 quid
614 4804 771 4875 quod
806 4807 1072 4859 nostrum
1097 4804 1483 4859 fraternamve
1513 4804 1837 4860 orationem

190 4883 478 4959 impediat,
517 4891 660 4946 totis
692 4890 915 4947 viribus
945 4906 1212 4962 agamus.
1243 4893 1552 4964 Sequitur:

250 4974 741 5050 «Responderunt
766 4995 901 5052 ergo
922 4979 1105 5035 Judzei
1123 4998 1134 5035 :
1152 4980 1313 5043 Quod
1329 4980 1563 5052 signum
1577 4982 1841 5038 ostendis

192 5065 423 5126 «nobis.
456 5067 602 5139 quia
632 5068 756 5123 haec
789 5068 970 5123 facis?
1016 5068 1337 5141 Respondit
1382 5068 1553 5125 Jesus
1599 5075 1656 5126 et
1698 5071 1846 5125 dixit

191 5170 215 5193 ιι
248 5151 360 5208 eis:
393 5155 614 5211 Solvite
648 5156 933 5227 templum
966 5156 1094 5224 hoc,
1126 5157 1843 5214 etintribusdiebusexei-

195 5258 217 5282 «ε
249 5241 382 5295 tabo
412 5242 585 5298 illud.
624 5266 650 5293 υ
685 5245 764 5298 De
796 5260 911 5317 quo
940 5245 1162 5317 templo
1176 5245 1331 5300 dicat
1345 5246 1698 5318 evangelista
1717 5252 1849 5319 post

192 5328 427 5407 aperuit,
460 5330 732 5388 videlicet
765 5333 836 5388 de
868 5333 1084 5406 templo
1116 5335 1378 5406 corporis
1428 5335 1542 5402 sui,
1584 5336 1741 5407 quod
1774 5337 1846 5391 ab

192 5406 299 5469 illis
328 5419 604 5489 passione
633 5420 924 5490 solutum,
951 5422 1077 5494 ipse
1107 5427 1240 5494 post
1268 5423 1532 5478 triduum
1581 5406 1849 5479 excitavit

195 5500 259 5556 de
285 5511 496 5563 morte.
531 5510 676 5576 Quia
705 5525 842 5582 ergo
869 5510 1106 5583 signum
1138 5512 1482 5585 quaerebant
1514 5529 1547 5568 a
1578 5513 1848 5584 Domino,

257 5595 332 5667 (ει)
375 5602 552 5654 Deest
580 5599 671 5655 hic
701 5598 947 5673 aliquid.

517 5723 781 5790 Pyram.
828 5726 1088 5794 CXVIII.

1944 4623 2208 4680 excitabo
2239 4620 2384 4677 illud
2423 4620 2611 4692 (Joan.
2645 4619 2731 4691 ιι).
2765 4641 2793 4668 ››
2825 4618 3223 4692 Sparsusvero
3242 4617 3354 4673 fuit
3373 4617 3601 4691 primus

1948 4732 2051 4788 per
2084 4712 2424 4770 universum
2454 4711 2767 4777 mundum,
2800 4711 2903 4783 qui
2937 4710 2994 4765 in
3028 4710 3286 4767 secundo
3324 4708 3602 4765 collectus

1948 4807 2055 4871 est,
2084 4802 2239 4874 quod
2258 4802 2554 4873 significat
2570 4815 2778 4856 nomen
2794 4799 3000 4862 Adam,
3015 4799 3112 4871 qui
3129 4796 3603 4871 quatuorlitteris

1950 4893 2248 4961 scribitur,
2282 4891 2340 4946 id
2364 4895 2453 4944 est
2480 4899 2632 4963 ἄλφα,
2667 4897 2836 4955 δέλτα,
2860 4888 3071 4944 iterum
3096 4896 3229 4961 ἄλφα
3260 4891 3319 4942 et
3348 4896 3444 4958 μῦς
3476 4901 3607 4958 qua

1952 4986 2208 5054 quatuor
2240 4979 2447 5035 litterae
2477 4982 2732 5050 quatuor
2760 4982 2957 5050 partes
2987 4977 3145 5032 orbis
3172 4976 3505 5049 designant,
3541 4976 3602 5033 in
3648 4982 3657 4989 ‘

1953 5070 2172 5143 quibus
2201 5086 2444 5141 sparsus
2475 5072 2564 5123 est
2591 5067 2775 5122 Adam
2809 5066 2869 5121 in
2903 5064 3038 5121 ﬁliis
3053 5066 3347 5123 suis.ldeo
3367 5064 3429 5120 in
3446 5065 3606 5139 prin-

1953 5159 2120 5232 cipiis
2151 5159 2457 5214 nominum
2492 5156 2744 5228 partium
2779 5155 3005 5224 mundi,
3035 5153 3607 5228 haequatuorlitteraa

1955 5247 2251 5320 leguntur.
2284 5247 2429 5301 Nam
2463 5255 2660 5318 ἄρκτος,
2695 5245 2847 5316 quod
2880 5249 2970 5300 est
2999 5245 3336 5318 septentrio,
3371 5244 3445 5299 ab
3473 5244 3608 5299 ain-

1955 5335 2124 5407 cipit;
2160 5342 2307 5402 δύσις,
2332 5335 2487 5405 quod
2501 5339 2588 5389 est
2614 5332 2904 5401 occidens,
2921 5351 2955 5390 a
2982 5332 3008 5381 δ
3037 5334 3339 5406 incipit;et
3366 5341 3605 5402 ἀνατολὴ,

1957 5424 2110 5497 quod
2146 5427 2236 5478 est
2264 5423 2481 5491 oriens,
2516 5423 2590 5478 ab
2620 5438 2651 5468 α
2682 5420 2857 5479 etiam
2878 5421 3102 5497 incipit:
3130 5431 3425 5499 μεσημϐρία,
3450 5422 3607 5495 quod

1958 5517 2047 5569 est
2078 5511 2377 5581 meridies,
2410 5529 2444 5569 a
2473 5526 2509 5575 μ
2538 5510 2770 5587 incipit:
2801 5529 2928 5589 quae
2957 5516 3098 5570 sunt
3124 5512 3510 5590 partesorbis,
3535 5511 3610 5567 ab

3213 5727 3287 5796 I0
