4028 6176
356 300 476 363 299

358 525 501 595 puto
532 522 729 576 Graeco
761 522 1228 587 considerentur,
1247 520 1635 593 quadraginta
1655 537 1753 575 sex
1767 520 2006 574 faciunt:

360 626 497 665 nam
536 624 571 655 α
616 627 824 678 unum,
883 609 909 657 δ
943 614 1213 683 quatuor,
1275 615 1332 666 et
1391 610 1602 664 iterum
1658 632 1689 662 α
1736 626 1942 676 unum,
1978 631 2014 677 μ

360 698 771 771 quadraginta,
804 699 904 770 qui
939 698 1111 754 simul
1130 700 1312 765 ducti,
1329 699 1869 770 suntquadraginta
1882 715 2010 765 sex;

361 789 607 860 mystice
638 789 953 861 designant
983 805 1168 844 annos
1201 789 1418 860 quibus
1449 786 1732 857 templum
1755 787 2013 859 corporis

362 877 572 934 Christi
604 878 660 931 in
696 882 859 934 utero
888 877 1157 950 virginali
1175 878 1527 932 aedificatum
1561 876 2015 947 est,sicutsupe—

362 966 487 1021 rius
518 966 795 1022 diximus.
830 966 973 1023 Caro
1017 970 1211 1022 autem
1265 966 1502 1032 Christi,
1552 982 1678 1037 qua:
1730 965 1799 1019 de
1828 965 2013 1019 Adam

364 1058 602 1127 sumpta
630 1059 739 1123 est,
772 1055 1072 1110 destructa
1102 1060 1190 1110 est
1220 1072 1252 1109 a
1280 1055 1520 1119 Judazis,
1554 1057 1610 1108 et
1643 1071 1676 1108 a
1697 1054 1887 1125 seipse
1908 1054 2013 1107 ite—

366 1161 499 1199 rum
528 1144 813 1199 zediticata
841 1149 949 1211 est,
985 1145 1307 1200 secundum
1341 1143 1674 1214 Scripturas
1707 1141 2013 1213 propheta-

365 1249 518 1287 rum.
549 1233 620 1287 Et
652 1233 779 1288 ideo
813 1232 954 1287 dicit
986 1232 1372 1305 evangelista:
1736 1276 1739 1279 .

439 1344 467 1371 ‹‹
508 1323 622 1376 lloc
652 1321 807 1375 enim
840 1322 1071 1376 dicebat
1098 1323 1169 1376 de
1200 1321 1417 1393 templo
1448 1321 1707 1392 corporis
1724 1320 1835 1375 sui.
1868 1320 2013 1374 Cum

367 1433 394 1459 «
430 1426 567 1483 ergo
600 1411 1017 1466 resurrexisset
1046 1410 1362 1476 amortuis,
1382 1409 1662 1464 recordati
1688 1414 1827 1464 sunt
1850 1408 2018 1463 disci-

370 1521 398 1550 «
430 1496 551 1572 puli
584 1499 734 1570 ejus,
769 1500 905 1571 quia
938 1500 1046 1555 hoc
1078 1499 1306 1554 dicebat
1336 1499 1797 1570 decorporesuo,
1822 1502 2017 1553 etcre-

371 1611 397 1637 ‹‹
433 1588 707 1643 diderunt
737 1588 1070 1660 Scripturze,
1108 1610 1132 1635 ››
1167 1588 1219 1642 id
1256 1591 1345 1642 est
1374 1588 1789 1659 prophetarum
1823 1587 2014 1652 dictis,

371 1677 470 1748 qui
504 1677 898 1749 praedixerunt
927 1677 1223 1731 Christum
1257 1676 1430 1730 tertia
1462 1676 1552 1730 die
1583 1691 1937 1747 resurgere,«
1964 1680 2019 1730 et

373 1788 401 1815 «
436 1766 689 1821 sermoni
724 1781 899 1836 quem
931 1765 1379 1832 dixitJesus,»id
1394 1764 2018 1836 estquodait:«Solvite

370 1853 657 1926 templum
691 1853 819 1923 hoc,
847 1859 904 1909 et
925 1854 1682 1909 intribusdiebusexcitabo
1698 1852 1859 1908 illud.
1875 1854 2019 1908 »Ηοο

372 1946 480 2011 est,
514 1943 688 1999 tertia
718 1943 810 1999 die
839 1943 1220 2010 resuscilabo,
1237 1943 1392 2015 qu‘od
1410 1960 1509 1998 vos
1523 1941 1814 1998 solvitisin
1829 1959 2018 1998 cruce.

372 2032 676 2103 Sequitur:

443 2142 471 2169 ‹‹
503 2121 648 2175 Cum
681 2125 875 2176 autem
909 2126 1062 2177 esset
1089 2121 1768 2194 JesusHierosolymisin
1802 2121 2023 2176 Pascha

374 2232 394 2258 ιι
432 2210 491 2264 in
525 2210 617 2265 die
649 2210 820 2279 festo,
856 2211 1029 2265 multi
1062 2210 1508 2265 credideruntin
1527 2209 2018 2281 nomineejus,\'i-

367 2320 394 2347 ‹‹
431 2298 636 2354 dentes
669 2299 838 2371 signa
869 2317 995 2371 qum
1027 2300 1292 2355 faciebat.
1329 2301 1456 2371 Ipse
1487 2304 1681 2354 autem
1712 2300 1883 2355 Jesus
1906 2316 2017 2353 non

364 2411 392 2437 ι(
431 2388 705 2444 ονθάὼειῐ
731 2390 1113 2460 semetipsum
1142 2389 1248 2455 eis,
1281 2406 1347 2444 eo
1378 2390 1531 2459 quod
1554 2389 1677 2460 ipse
1692 2394 2022 2443 nossetom-

368 2500 397 2526 ‹‹
432 2494 555 2533 nes.
592 2479 659 2532 Et
689 2477 827 2548 quia
856 2494 1003 2548 opus
1034 2478 1083 2532 ei
1109 2495 1220 2533 non
1236 2482 1359 2532 erat
1390 2477 1599 2548 utquis
1618 2476 2020 2532 testimonium

368 2588 396 2615 ‹‹
437 2566 770 2638 perhiberet
798 2567 868 2621 de
886 2566 1142 2633 homine,
1160 2567 1284 2639 ipse
1304 2567 1456 2622 enim
1473 2567 1692 2621 sciebat
1717 2565 1857 2637 quid
1871 2569 2024 2620 esset

368 2676 397 2703 «
432 2654 490 2708 in
522 2654 778 2710 homine.
814 2675 841 2704 »
881 2655 1001 2710 Non
1031 2656 1186 2709 enim
1219 2655 1303 2710 sic
1335 2656 1644 2709 credebant
1674 2654 1733 2709 in
1769 2666 1923 2718 eum,
1960 2658 2022 2707 ut

368 2742 533 2815 digni
566 2748 761 2798 essent
790 2742 1087 2799 Christum
1120 2743 1383 2798 habitare
1407 2744 1463 2798 in
1496 2744 1863 2815 eis,quorum
1881 2743 2024 2797 fides

373 2831 812 2887 catechumenis
844 2849 1045 2905 compa
1057 2832 1167 2887 rari
1186 2838 1393 2904 potest,
1413 2834 1511 2904 qui
1527 2830 2022 2887 creduntinChri-

373 2925 552 2986 stum,
586 2921 686 2975 sed
718 2920 986 2976 Christus
1035 2939 1149 2976 non
1184 2921 1369 2976 credit
1415 2920 1675 2992 seipsum
1726 2919 1829 2976 eis.
1877 2920 2025 2984 Quia

373 3030 401 3056 «
436 3007 549 3063 nisi
582 3008 718 3079 quis
752 3013 990 3065 renatus
1020 3010 1194 3065 fuerit
1222 3027 1289 3065 ex
1322 3015 1545 3081 aquaet
1565 3010 2022 3082 Spiritusancto,

370 3113 487 3152 non
520 3098 1033 3169 potestintroirein
1051 3116 1294 3171 regnum
1310 3100 1409 3154 Dei
1427 3100 1602 3169 (Joan.
1620 3100 1725 3171 ιιι).
1750 3121 1776 3147 ››
1795 3097 2023 3153 Nemini

934 300 1341 363 HAYMONIS
1390 301 1925 362 llALBEltSTA'l‘.
1977 300 2218 360 EPISC.
2268 298 2440 359 OPP.
2488 301 2687 361 PAltS
2735 301 2810 360 Il.
2845 335 2922 344 -—
2952 298 3220 361 HOMIL.

358 432 452 489 his
484 432 1706 506 quatuorlitterisincipientes.Quaelittera:
1725 432 2015 486 siincom-
2046 436 2094 498 Α

3644 300 3757 358 300

2203 453 2230 481 ‹‹
2264 431 2408 495 Mea,
2444 431 2652 503 inquit,
2686 432 2950 489 doctrina
2980 449 3093 487 non
3126 436 3216 487 est
3233 447 3381 495 mea,
3410 430 3758 504 sedejusqui

2122 544 2147 569 ‹‹
2188 520 2347 575 misit
2380 538 2492 576 me.
2539 545 2566 571 »
2595 521 2696 577 Hic
2742 527 2832 577 est
2876 522 3031 578 enim
3084 521 3470 593 profunditas.
3522 522 3762 576 Videtur

2119 607 2275 664 enim
2308 610 2510 681 paucis
2537 611 2728 666 verbis
2759 611 3049 666 contraria
3073 609 3474 666 locutuszNon
3493 610 3647 665 enim
3665 611 3761 666 ait:

2121 698 2239 753 Ista
2271 697 2537 753 doctrina
2570 716 2682 753 non
2717 704 2803 755 est
2835 716 2986 766 mea,
3016 699 3115 754 sed
3150 722 3177 747 ‹‹
3212 715 3344 754 mea
3372 698 3763 755 doctrinanon

2121 790 2209 841 est
2241 803 2388 841 mea.
2424 810 2452 836 »
2485 789 2783 851 Quomodo
2816 806 2964 853 mea,
2998 793 3055 843 et
3085 805 3200 843 non
3231 787 3399 843 mea?
3414 787 3663 851 Quaestio
3684 792 3773 844 est

2123 876 2415 947 quomodo
2444 877 2565 930 ﬁeri
2599 876 2786 947 possit
2820 881 3151 949 utrumque,
3180 881 3237 931 et
3267 893 3397 931 mea
3411 881 3470 931 et
3485 892 3600 931 non
3616 894 3764 933 mea.

2123 964 2182 1018 Si
2209 964 2364 1019 enim
2396 964 2705 1037 diligenter
2733 964 3033 1021 intuemur
3063 965 3217 1037 quod
3242 964 3436 1037 ipsein
3465 965 3667 1020 eodem
3687 965 3772 1020 di-

2123 1053 2202 1107 cit
2226 1057 2466 1109 sanctus
2495 1054 2885 1127 evangelista:
2920 1078 2947 1104 «
2971 1055 3031 1109 In
3056 1053 3344 1127 principio
3358 1054 3771 1119 eratVerbum,

2123 1147 2181 1197 et
2212 1142 2465 1197 Verbum
2493 1147 2616 1198 erat
2646 1144 2800 1215 apud
2832 1144 3037 1210 Deum,
3069 1149 3128 1198 et
3153 1144 3305 1199 Deus
3351 1147 3475 1199 erat
3520 1143 3772 1198 Verbum

2124 1232 2299 1302 (Joan.
2335 1234 2433 1297 1),)
2466 1231 3773 1303 independethujussolutioquzestionis.Qua:

2124 1324 2214 1374 est
2243 1336 2381 1391 ergo
2412 1319 2679 1375 doctrina
2704 1320 2915 1389 Patris,
2947 1320 3059 1375 nisi
3090 1320 3347 1375 Verbum
3393 1320 3622 1375 Patris?
3650 1320 3775 1392 ipse

2125 1425 2259 1481 ergo
2292 1408 2561 1464 Christus
2592 1409 2778 1464 Patris
2808 1410 3095 1479 doctrina,
3129 1408 3247 1464 sive
3276 1409 3530 1464 Verbum
3565 1409 3772 1465 Patris.

2125 1498 2233 1551 Sed
2268 1496 2404 1568 quia
2434 1497 2687 1552 Verbum
2722 1515 2837 1553 non
2863 1503 3194 1571 potestesse
3208 1498 3452 1563 nullius,
3476 1499 3575 1553 sed
3601 1497 3781 1554 alicu-

2117 1587 2239 1658 jus,
2274 1590 2329 1640 et
2353 1603 2522 1641 suam
2555 1586 2880 1642 doctrinam
2912 1588 3060 1642 dixit
3089 1587 3352 1659 seipsum
3375 1590 3430 1642 et
3448 1604 3560 1643 non
3582 1604 3778 1653 suam,

2127 1675 2263 1746 quia
2292 1675 2480 1730 Patris
2511 1680 2599 1731 est
2628 1676 2905 1731 Verbum.
2940 1676 3055 1732 Hoc
3087 1676 3304 1731 dixisse
3323 1676 3555 1731 videtur
3584 1677 3781 1732 Domi-

2126 1780 2239 1817 nus
2270 1762 2558 1830 Christus,
2594 1787 2620 1813 ‹‹
2657 1781 2786 1819 mea
2816 1764 3078 1820 deotrina
3109 1781 3224 1820 non
3256 1769 3346 1820 est
3378 1782 3525 1832 mea,
3556 1788 3583 1813 ››
3627 1782 3695 1821 ac
3732 1766 3781 1821 si

2129 1853 2371 1907 diceret:
2406 1853 2520 1924 Ego
2553 1870 2667 1908 non
2700 1870 2831 1909 sum
2865 1871 2899 1909 a
2928 1853 3173 1926 mcipso.
3204 1853 3478 1918 Quamvis
3505 1853 3659 1910 enim
3690 1855 3781 1909 Fi-

2128 1940 2274 1996 lium
2306 1941 2459 1995 Patri
2490 1941 2756 1997 dicamus
2769 1943 3584 2014 etcrcdamuszequalemmec
3600 1942 3787 1998 ullam

2128 2029 2188 2084 in
2221 2029 2303 2084 eis
2321 2047 2449 2085 esse
2464 2018 2681 2086 natura:
2696 2031 2780 2086 vel
2796 2031 3137 2087 substantiae
3150 2032 3620 2097 distantiam,nec
3633 2033 3791 2088 inter

2130 2123 2505 2191 generantem
2539 2124 2712 2192 atque
2733 2124 3076 2192 generatum
3093 2119 3326 2192 aliquod
3346 2121 3685 2176 interfuisse
3706 2121 3793 2176 in-

2129 2207 2458 2272 tervallum,
2494 2212 2688 2263 tamen
2722 2207 2831 2264 hoc
2849 2215 3074 2281 servato
3104 2210 3485 2278 etcustodito,
3518 2209 3794 2265 istadici-

2131 2314 2264 2351 mus
2298 2297 2450 2368 quod
2488 2296 2585 2351 ille
2616 2297 2785 2352 Pater
2814 2302 2921 2364 est,
2938 2297 3034 2353 ille
3050 2299 3249 2354 Filius.
3270 2299 3439 2354 Pater
3455 2304 3651 2355 autem
3668 2317 3795 2355 non

2130 2391 2238 2453 est,
2272 2385 2321 2439 si
2354 2385 2692 2441 nonhabeat
2711 2386 2917 2441 Filium
2941 2386 3148 2443 :Filius
3165 2398 3279 2443 nan
3312 2391 3421 2453 est,
3455 2388 3501 2442 si
3537 2404 3650 2443 non
3690 2388 3798 2444 ha-

2130 2475 2263 2529 beat.
2293 2474 2542 2529 Patrem.
2576 2475 2686 2529 Sed
2720 2479 2916 2529 tamen
2953 2474 3133 2531 Filius
3166 2477 3317 2532 Deus
3332 2477 3402 2531 de
3418 2476 3803 2545 Patre,Pater

2130 2568 2328 2617 autem
2363 2563 2536 2630 Deus,
2571 2563 2669 2617 sed
2706 2580 2819 2618 non
2853 2564 2924 2619 de
2957 2563 3097 2619 Filio
3131 2565 3316 2620 Pater.
3352 2565 3505 2621 Deus
3536 2566 3607 2620 de
3650 2567 3799 2631 Deo,

2130 2651 2326 2705 lumen
2359 2652 2429 2705 de
2463 2652 2704 2707 lumine.
2742 2653 2909 2708 Pater
2940 2653 3159 2721 lumen,
3195 2653 3376 2709 Filius
3409 2653 3636 2709 lumen:
3672 2672 3801 2710 non

2132 2741 2248 2795 duo
2282 2739 2524 2806 lumina,
2560 2742 2657 2797 sed
2693 2758 2877 2796 unum
2909 2741 3129 2797 lumen.
3164 2742 3331 2798 Pater
3375 2743 3552 2809 Deus,
3602 2743 3800 2799 Filius

2131 2829 2312 2897 Deus;
2346 2846 2459 2884 non
2487 2830 2602 2885 duo
2634 2830 2735 2898 dii,
2773 2831 2874 2885 sed
2909 2848 3063 2887 unus
3096 2832 3249 2887 Deus
3283 2832 3452 2886 Pater
3480 2836 3538 2887 et
3582 2832 3800 2889 Filius.

2130 2917 2381 2990 Spiritus
2414 2924 2653 2973 sanctus
2685 2920 2757 2974 de
2786 2920 2953 2976 Patre
2972 2924 3029 2975 et
3052 2920 3194 2975 Filio
3212 2923 3552 2992 procedens,
3576 2928 3636 2976 et
3664 2921 3801 2992 ipse

2133 3007 2313 3073 Deus;
2345 3005 2499 3062 sicut
2529 3008 2698 3063 Pater
2725 3008 2902 3076 Deus,
2935 3008 3089 3063 sicut
3107 3009 3474 3078 FiliusDeus,
3501 3010 3586 3065 sic
3609 3009 3802 3065 etiam

2136 3095 2392 3167 Spiritus
2425 3102 2664 3151 sanctus
2694 3097 2879 3151 Deus:
2915 3114 3029 3152 non
3058 3102 3175 3152 tres
3206 3097 3426 3162 dii,sed
3441 3115 3595 3153 unus
3611 3098 3801 3166 Deus,

369 3201 510 3241 vero
541 3202 601 3241 se
625 3187 807 3242 credit
834 3187 1122 3251 Christus,
1158 3188 1270 3242 nisi
1305 3189 1400 3260 qui
1435 3189 1650 3261 dignus
1678 3193 1768 3243 est
1789 3187 2026 3242 introire
2057 3172 2098 3235 C
2140 3200 2323 3238 unum
2356 3178 2576 3250 lui'nen,
2612 3200 2730 3239 una
2760 3184 3108 3251 substantia,
3144 3202 3260 3240 una
3290 3190 3805 3253 natura,unama-

369 3274 427 3328 in
460 3292 708 3347 regnum
738 3276 860 3331 Dei.
888 3276 1048 3331 Unde
1079 3277 1541 3332 etecclesiastica
1558 3277 1918 3331 consuetudo
1935 3291 2027 3329 ca-

368 3362 746 3419 techumenis
759 3364 1018 3436 corporis
1048 3369 1104 3418 et
1121 3364 1427 3435 sanguinis
1445 3363 1652 3418 Christi
1667 3362 2026 3419 communio-

368 3467 504 3504 nem
538 3468 654 3505 non
682 3452 880 3519 tradit,
917 3452 1057 3523 quia
1103 3469 1219 3506 non
1269 3458 1409 3507 sunt
1458 3452 1639 3506 renati
1671 3469 1739 3506 ex
1787 3468 1941 3522 aqua
1970 3457 2027 3506 et

368 3537 611 3608 Spiritu,
629 3537 846 3609 quibus
864 3544 1089 3593 tantum
1106 3540 1364 3593 creditur
1382 3538 1746 3610 participatio
1769 3539 2025 3610 corporis

376 3629 434 3680 et
464 3626 771 3697 sanguinis
803 3626 1036 3682 Christi.

984 3733 1281 3789 HOMILIA
1322 3734 1408 3788 LI.

777 3821 943 3858 ream
977 3822 1176 3860 TERTIA
1218 3823 1355 3860 pos'r
1395 3810 1618 3861 [.azlare.

441 3892 626 3960 (JOAN.
658 3892 783 3962 vn.)
821 3916 841 3942 «
880 3893 940 3948 In
975 3892 1074 3948 illo
1107 3898 1395 3965 tempore:
1428 3894 1556 3949 Jam
1589 3894 1681 3950 die
1726 3895 1870 3949 festo
1904 3912 2022 3950 me-

373 3980 624 4046 «diante,
659 3981 922 4037 ascendit
947 3982 1120 4037 Jesus
1153 3983 1211 4038 in
1244 3983 1553 4055 templum,
1586 3988 1643 4039 et
1675 3984 1944 4053 docebat;
1967 3990 2023 4040 et

372 4092 399 4119 ‹‹
436 4069 805 4125 mirabantur
830 4071 1036 4138 Judaei,
1069 4071 1784 4136 dicenteszQuomodohie
1803 4073 2024 4129 litteras

371 4181 399 4208 ‹‹
433 4159 565 4225 scit,
598 4175 730 4214 cum
746 4176 859 4214 non
877 4159 1291 4215 didicerit?»l:}t
1306 4160 1657 4233 reliqua.Ille
1673 4161 1771 4233 qui
1787 4160 2020 4228 latebat,

368 4247 613 4303 docebat
643 4253 699 4303 et
730 4246 920 4319 palam
956 4246 1322 4319 loquebatur,
1356 4255 1411 4304 et
1443 4267 1557 4305 non
1590 4250 1848 4309 timebat.
1874 4251 2022 4306 lllud

363 4336 543 4401 enim,
578 4340 642 4391 ut
662 4334 887 4405 lateret,
920 4342 1044 4401 erat
1073 4336 1344 4408 exempli,
1380 4338 1487 4392 hoc
1539 4339 1864 4409 potestatis,
1922 4340 2021 4395 sed

365 4440 502 4479 cum
563 4425 798 4480 doceret
848 4425 1217 4480 mirabantur
1262 4425 1470 4480 Judaei.
1522 4428 1736 4481 Omnes
1782 4427 2020 4498 quidem

2124 3272 2331 3341 justas,
2367 3289 2486 3327 una
2505 3273 2819 3340 aeternitas,
2840 3290 2956 3328 una
2979 3274 3345 3345 magnitudo,
3367 3291 3481 3328 una
3501 3274 3804 3345 potentia,

2133 3376 2251 3412 una
2282 3359 2535 3413 bonitas.
2568 3359 2727 3414 Vidit
2758 3360 3672 3433 itaqucipseDominustristus
3689 3362 3804 3417 Dei

2134 3446 2439 3518 sapientia,
2471 3447 2579 3503 hoc
2611 3454 2730 3503 tam
2762 3450 3120 3520 profundum
3152 3467 3431 3506 arcanum
3446 3467 3562 3506 non
3581 3468 3808 3507 omnes

2134 3534 2554 3606 intellecturos,
2612 3537 2671 3591 in
2720 3539 3216 3610 consequentibus
3266 3540 3427 3594 dedit
3472 3539 3807 3595 consilium

2133 3625 2287 3695 quod
2321 3624 2642 3698 intelligere
2674 3631 2762 3681 est
2789 3629 3042 3683 credere.
3077 3629 3230 3684 Deus
3252 3629 3406 3684 enim
3423 3629 3810 3701 perprophe-

2133 3720 2254 3769 tam
2288 3713 2461 3769 dixit:
2498 3715 2618 3771 Nisi
2651 3716 3666 3789 credideritis,nonintelligetis(lsa.
3689 3735 3807 3785 vn,

2123 3803 2291 3875 juxta
2320 3806 2485 3871 LXX).
2520 3826 2548 3854 n
2584 3805 2659 3859 Ad
2694 3804 2802 3860 hoc
2834 3805 3081 3876 pertinet
3114 3807 3266 3878 quod
3317 3806 3410 3861 hic
3460 3806 3638 3861 etiam
3674 3806 3809 3862 Do-

2133 3891 2331 3947 minus
2366 3898 2603 3948 secutus
2634 3893 2933 3963 adjunxit:

2209 4091 2235 4123 α
2265 4071 2322 4127 Si
2357 4072 2488 4143 quis
2518 4070 2766 4127 voluerit
2798 4071 3154 4128 voluntatem
3187 4074 3314 4145 ejus
3345 4075 3553 4142 facere,
3577 4089 3818 4146 cogno-

2132 4184 2159 4210 ‹‹
2199 4160 2404 4215 scetde
2429 4159 2716 4227 doctrina,
2744 4164 2941 4215 utrum
2956 4179 3023 4216 ex
3036 4162 3151 4217 Deo
3174 4162 3270 4229 sit,
3286 4180 3357 4218 an
3373 4179 3477 4236 ego
3508 4180 3541 4218 a
3559 4163 3815 4234 meipso

2135 4271 2162 4298 «
2195 4247 2419 4321 loquor.
2451 4270 2479 4298 ››
2506 4249 2651 4312 Quid
2685 4252 2772 4304 est
2804 4249 2911 4303 hoc
2945 4272 2971 4299 ‹‹
2991 4250 3038 4305 si
3070 4249 3819 4322 quisvoluntatemvolue-

2130 4337 2205 4391 rit
2237 4337 2504 4392 facere?»
2537 4338 2648 4391 Sed
2680 4354 2784 4409 ego
2817 4338 3098 4393 dixeram:
3129 4338 3178 4394 si
3210 4339 3345 4411 quis
3374 4338 3717 4407 crediderit,
3745 4345 3819 4396 et.

2130 4425 2238 4480 hoc
2269 4425 2579 4480 consilium
2613 4426 2918 4481 dederam:
2940 4426 2987 4482 si
3007 4444 3120 4482 non
3138 4425 3817 4498 intellexistis,inquam

365 4512 677 4582 (quantum
707 4513 981 4585 arbitror)
1013 4514 1399 4582 mirabantur,
1431 4516 1530 4570 sed
1547 4533 1660 4570 non
1676 4532 2020 4571 omnescon-
2051 4540 2095 4603 Β
2129 4504 2372 4580 credite;
2409 4513 2736 4569 intellectus
2769 4514 2925 4570 enim
2962 4531 3186 4572 merces
3218 4515 3476 4572 estfidei.
3504 4515 3817 4587 Ergonoli

368 4600 761 4655 vertebantur.
797 4601 958 4657 Unde
992 4602 1342 4658 admiratio?
1373 4603 1512 4675 quia
1542 4603 1711 4658 multi
1743 4609 2020 4660 noverant
2051 4600 2083 4603 ”’
2128 4617 2382 4674 quaerere
2414 4601 2734 4674 intelligere
2766 4608 2831 4657 ut
2849 4604 3190 4670 credas,sed
3205 4603 3815 4676 credentiutelligas,

365 4687 1185 4759 ubinatus,queniadmodum
1201 4691 2019 4765 fueriteducatus;nunquam
2130 4690 2408 4763 quoniam
2440 4689 3459 4765 nisicredideritis,nonintelligetis.
3485 4691 3630 4746 Cum
3647 4707 3819 4765 ergo

365 4793 501 4830 eum
533 4776 799 4831 viderant
829 4777 1054 4834 litteras
1086 4780 1430 4849 discentem,
1463 4780 1779 4835 audiebant
1816 4787 2011 4838 tamen
2130 4779 2201 4834 ad
2246 4776 2697 4850 possibilitatem
2757 4779 3140 4853 intelligendi,
3174 4780 3485 4836 consilium
3518 4780 3820 4838 dederiln

365 4863 435 4917 de
466 4863 591 4936 lege
623 4864 1044 4936 disputantem,
1078 4866 1222 4939 legis
1254 4868 1586 4922 testimonia
1605 4870 2010 4940 prol'crentem,
2123 4867 2513 4923 obedientiam
2544 4868 2838 4935 credendi,
2874 4873 2937 4924 ut
2968 4868 3211 4925 dixerim
3233 4869 3547 4925 Dominum
3577 4868 3725 4924 Jesu
3739 4887 3819 4927 τι]

365 4966 490 5020 qua:
524 4968 691 5007 nemo
724 4959 912 5023 potest
945 4957 1198 5027 proferre
1220 4956 1333 5012 nisi
1360 4955 2015 5030 legisset,nemolegerit
2124 4956 2423 5011 Christum
2457 4955 2565 5012 hoc
2608 4957 2802 5028 ipsum
2851 4958 3246 5029 conjunxisse,
3281 4959 3340 5012 in
3395 4962 3817 5029 consequenti

364 5037 476 5092 nisi
510 5039 732 5096 litteras
764 5043 1084 5111 didicisset,
1121 5049 1177 5098 et
1204 5044 1332 5100 ideo
1366 5046 1751 5100 mirabantur.
1803 5047 2007 5102 Eorum
2123 5045 2412 5101 sententia
2442 5045 2771 5100 invenimus
2802 5063 2938 5100 eum
2971 5047 3216 5103 dixisse:
3251 5047 3354 5102 «Si
3385 5046 3520 5118 quis
3536 5045 3823 5105 voluerit

362 5131 558 5181 autem
593 5131 977 5186 admiratione
1009 5134 1289 5205 magistro
1324 5136 1470 5189 facta
1515 5140 1604 5189 est
1644 5135 2012 5191 insinuanda:
2120 5136 2478 5190 voluntatem
2510 5136 2637 5205 ejus
2663 5135 2870 5201 facere,
2895 5158 2919 5185 η
2954 5136 3059 5192 hoc
3093 5142 3181 5192 est
3209 5137 3473 5192 credere:
3498 5135 3601 5191 sed
3644 5137 3825 5207 quia

363 5214 542 5271 altius
572 5220 832 5274 veritatis
863 5221 1111 5276 occasio.
1146 5223 1223 5276 Ex
1251 5241 1450 5277 eorum
1499 5223 1714 5296 quippe
1758 5225 2015 5281 admira-
2123 5223 2441 5297 cognoscit,
2475 5222 2582 5278 hoc
2598 5224 2995 5296 estintelligit,
3023 5242 3228 5281 omnes
3252 5223 3608 5296 intelligunt.
3638 5225 3825 5287 Quia

360 5303 517 5358 tione
547 5309 603 5359 et
631 5305 822 5362 verbis
852 5307 998 5362 dixit
1022 5309 1303 5365 Dominus
1322 5310 1540 5382 aliquid
1559 5313 1937 5384 profundum,
1958 5319 2014 5369 et
2121 5329 2254 5367 vero
2286 5311 2440 5384 quod
2463 5310 2573 5365 ait:
2609 5334 2633 5359 ‹‹
2666 5311 2725 5365 Si
2767 5311 2898 5382 quis
2946 5312 3194 5368 voluerit
3242 5312 3605 5369 voluntatem
3653 5312 3823 5382 ejus

357 5390 700 5465 diligentius
731 5394 1344 5467 inspiciendum.Quid
1362 5416 1498 5471 ergo
1513 5402 2016 5473 responditDomi-
2122 5402 2330 5467 facere,
2365 5422 2392 5450 ››
2428 5399 2537 5454 hoc
2560 5399 2811 5471 pertinet
2841 5400 2911 5455 ad
2945 5402 3195 5468 credere,
3230 5406 3297 5457 ut
3327 5399 3823 5473 diligentiusin—

356 5497 469 5535 nus
501 5481 586 5537 eis
617 5483 1050 5540 admirantibus
1076 5488 1366 5559 quomodo
1400 5489 1571 5545 sciret
1600 5489 1840 5560 litteras,
1864 5509 2013 5565 quas
2122 5490 2440 5563 telligatur,
2470 5505 2617 5560 opus
2648 5493 2736 5543 est
2768 5489 2935 5546 nobis
2967 5489 3094 5563 ipso
3111 5490 3358 5547 Domino
3376 5494 3579 5546 uestro
3601 5505 3824 5561 expo-

358 5585 473 5634 non
508 5570 830 5631 didicerat?
902 5598 907 5601 ι
2122 5580 2318 5651 siluro,
2355 5584 2417 5633 ut
2450 5577 2663 5635 indicet
2696 5578 2864 5634 nobis
2914 5584 3112 5637 utrum
3145 5597 3277 5638 vera
3323 5579 3559 5636 credere
3600 5580 3829 5656 perti-
