3926 6170
212 401 304 460 301

1406 391 1758 457 ΗΟΜΙΙΑΙᾹΞ
1801 387 1900 456 DE
1945 395 2105 456 'l‘EM
2124 387 2352 457 PORE.

3469 392 3588 466 309

211 539 323 590 neat
350 533 414 587 ad
446 531 620 586 facere
651 530 1008 586 voluntatem
1043 530 1228 585 Patris
1261 530 1407 600 ejus.
1432 529 1571 592 Quis
1605 527 1826 582 nesciat
1854 531 1905 596 Α
1937 527 2204 600 quaesivit
2232 526 2478 600 gloriam
2514 529 2642 599 ejus
2673 526 2772 599 qui
2795 545 2925 584 eum
2952 528 3132 596 misit,
3160 538 3375 602 quanto
3401 537 3588 609 magis

208 624 299 678 hoc
324 638 438 676 esse
465 621 650 675 facere
679 619 1034 674 voluntatem
1069 618 1190 687 Dei,
1227 617 1452 690 operari
1486 635 1632 688 opus
1655 617 1826 686 ejus?

208 712 254 766 id
283 709 528 781 estquod
562 709 644 763 illi
678 709 880 781 placet.
915 715 1045 780 Ipse
1077 713 1276 762 autern
1317 705 1600 762 Dominus
1632 709 1826 776 aperte

204 799 302 853 alio
345 798 459 853 loco
506 796 683 852 dicit:
717 821 744 845 «
780 797 898 853 Hoc
948 803 1037 852 est
1066 815 1213 869 opus
1261 797 1360 851 Dei
1392 800 1455 851 ut
1485 795 1734 850 credatis
1767 794 1824 848 in

201 905 316 942 eum
363 903 528 958 quem
581 885 676 941 ille
727 885 886 940 misit
917 887 1101 956 (Joan.
1142 886 1241 956 vn).
1280 909 1306 933 »
1358 885 1429 940 Ut
1486 883 1735 938 credatis
1767 882 1825 936 in

195 992 331 1039 eum,
368 991 474 1028 non
509 979 571 1028 ut
602 975 855 1029 credatis
888 973 972 1028 ei:
1026 991 1141 1028 non
1177 979 1373 1028 autem
1422 970 1696 1027 continuo
1726 970 1827 1042 qui

195 1062 356 1118 credit
379 1061 424 1116 ei
457 1062 638 1117 credit
660 1063 714 1115 in
745 1079 880 1116 eum
908 1080 921 1129 ;
955 1080 1090 1116 nam
1115 1067 1171 1117 et
1195 1063 1488 1116 daemones
1514 1061 1831 1115 credebant

195 1151 255 1221 ei,
285 1158 335 1206 et
366 1168 474 1204 non
509 1151 824 1206 credebant
855 1150 913 1204 in
945 1168 1101 1206 eum.
1132 1151 1356 1206 Rursus
1387 1149 1561 1204 etiam
1594 1151 1664 1204 de
1697 1167 1830 1221 apo-

196 1239 340 1295 stolis
372 1240 555 1310 ipsius
589 1256 905 1311 possumus
947 1240 1176 1295 dicere:
1210 1237 1514 1294 Credimus
1547 1255 1648 1310 per
1678 1237 1828 1292 Pau-

194 1327 317 1393 lum,
352 1328 447 1381 sed
484 1344 598 1382 non
633 1327 926 1383 credimus
978 1328 1035 1382 in
1072 1327 1349 1394 Paulum;
1385 1328 1679 1381 credimus
1727 1343 1830 1398 per

194 1416 421 1471 Petrum.
466 1417 564 1470 sed
603 1433 714 1470 non
748 1417 1044 1470 credimus
1078 1417 1134 1470 in
1179 1416 1434 1470 Petrum.
1481 1414 1736 1470 Credidit
1766 1414 1826 1468 in

193 1521 303 1560 eum
336 1504 430 1576 qui
455 1505 748 1575 justificat
781 1504 1051 1576 impium,
1087 1506 1404 1576 deputatur
1433 1505 1575 1558 fides
1597 1507 1723 1574 ejus
1755 1504 1825 1557 ad

184 1591 474 1662 justitiam.
514 1591 659 1658 Quid
694 1610 829 1664 ergo
860 1599 947 1646 est
978 1594 1208 1648 credere
1241 1592 1297 1646 in
1331 1592 1509 1647 eum?
1539 1592 1826 1647 credendo

191 1698 382 1746 amare,
415 1682 711 1737 credendo
743 1681 1006 1753 diligere,
1038 1681 1324 1736 credendo
1357 1682 1429 1735 ad
1461 1697 1592 1735 eum
1627 1681 1824 1746 scribi,

187 1776 233 1825 et
258 1771 375 1840 ejus
409 1769 700 1824 membris
733 1769 1108 1840 incorporari.
1146 1770 1278 1841 Ipsa
1300 1786 1434 1840 ergo
1459 1771 1620 1837 tides,
1647 1785 1825 1840 quam

186 1859 242 1914 de
272 1859 430 1914 nobis
462 1857 646 1930 exigit
676 1858 849 1924 Deus,
885 1864 973 1913 est
1003 1876 1130 1930 quae
1162 1875 1265 1930 per
1292 1858 1662 1913 dilectionem
1696 1875 1826 1930 ope-

184 1953 343 2002 ratur.
369 1949 427 2003 Si
463 1947 751 2018 intelligis
768 1948 943 2002 verba
969 1947 1089 2013 Dei,
1119 1947 1376 2018 intelligo
1399 1948 1536 2019 quia
1556 1946 1824 2002 Christus

187 2036 342 2091 Filius
388 2036 489 2091 Dei
531 2040 640 2102 est,
674 2042 730 2091 et
759 2035 1026 2090 doctrina
1059 2035 1242 2089 Patris
1286 2053 1399 2090 non
1433 2040 1519 2089 est
1550 2052 1617 2089 ex
1652 2035 1778 2106 ipso
1806 2052 1818 2090 :

183 2142 278 2179 non
308 2143 373 2180 ex
404 2125 620 2188 nihilo,
654 2142 767 2178 non
798 2142 866 2179 cx
910 2123 1041 2179 aliis
1088 2124 1572 2189 subsistentibus,
1625 2125 1722 2178 sed
1757 2141 1824 2178 ex

181 2214 326 2269 Patre
355 2220 614 2278 tantum,
649 2213 708 2268 in
743 2214 907 2267 Patre
930 2230 1196 2277 manens,
1232 2213 1473 2284 aequalis
1505 2213 1679 2266 Patri.

240 2304 465 2369 «Quia
519 2302 830 2373 semetipso
890 2301 1165 2373 loquitur,
1225 2301 1470 2374 gloriam
1532 2300 1823 2373 propriam

181 2416 203 2441 ‹‹
234 2392 448 2464 quaerit.
494 2413 524 2442 n
559 2391 660 2446 Hic
691 2391 799 2445 erit
829 2391 927 2462 qui
959 2396 1198 2446 vocatur
1219 2391 1627 2458 Antichristus,
1651 2389 1827 2445 extol-

180 2480 290 2535 lens
321 2499 400 2546 se,
431 2481 594 2536 sicut
621 2480 932 2553 Apostolus
955 2479 1120 2546 dixit,
1155 2497 1331 2551 super
1360 2497 1530 2534 omne
1563 2480 1716 2550 quod
1739 2479 1824 2534 di-

179 2569 312 2623 citur
331 2570 514 2634 Deus,
531 2574 588 2623 et
601 2570 755 2640 quod
770 2569 1000 2624 colitur.
1023 2569 1221 2640 Ipsum
1243 2586 1276 2639 q
1289 2570 1457 2641 uippe
1471 2567 1828 2623 annuntians

180 2660 444 2714 Dominus
504 2658 753 2730 gloriam
786 2676 955 2713 suam
990 2658 1398 2729 quaesiturum,
1435 2675 1548 2712 non
1580 2657 1826 2730 gloriam

181 2749 373 2816 Patris,
406 2748 495 2802 ait
530 2747 601 2801 ad
634 2746 902 2802 Judaos:
947 2769 972 2799 α
995 2747 1110 2819 Ego
1141 2747 1270 2802 veni
1293 2747 1350 2802 in
1378 2747 1612 2802 nomine
1644 2747 1829 2801 Patris

179 2837 296 2904 mei,
329 2843 385 2892 et
415 2853 544 2891 non
578 2836 922 2907 suscepistis
956 2852 1068 2890 me.
1104 2835 1269 2891 Alius
1298 2837 1566 2890 venietin
1593 2836 1830 2890 nomine

177 2944 288 2991 suo,
332 2927 497 2981 hunc
550 2923 883 2996 suscipietis
934 2925 1109 2996 (Joan.
1144 2928 1219 2994 v).
1258 2948 1284 2973 ››
1335 2925 1692 2997 Significavit
1732 2941 1831 2979 eos

176 3015 597 3071 Antichristum
629 3018 1029 3085 suscepturos,
1060 3014 1160 3084 qui
1183 3013 1428 3085 gloriam
1464 3013 1718 3068 nominis
1738 3031 1831 3098 sui

174 3104 528 3175 quaesiturus
559 3107 668 3171 est,
700 3102 960 3168 inflatus,
995 3119 1107 3155 non
1131 3100 1375 3157 solidus.
1405 3103 1473 3155 Et
1496 3101 1624 3156 ideo
1656 3101 1833 3156 insta-

172 3192 310 3259 bilis,
344 3195 445 3248 sed
491 3191 698 3262 utique
730 3191 1030 3246 ruinosus.
1084 3189 1366 3246 Dominus
1411 3195 1606 3244 autem
1638 3194 1835 3245 noster

1938 633 2040 671 nos
2073 619 2200 686 ejus
2231 618 2329 687 qui
2366 635 2470 672 nos
2501 616 2683 671 fecit?
2713 617 3009 690 Sequitur.

2008 730 2033 753 ‹‹
2071 705 2273 759 Nonne
2288 705 2540 777 Moyses,
2556 704 2769 776 inquit,
2788 707 2948 761 dedit
2960 707 3125 762 vobis
3139 707 3410 781 legem,et
3422 730 3592 769 nemo

1941 816 1963 844 ι»
2000 810 2066 847 ex
2098 793 2261 847 vobis
2294 793 2430 847 facit
2455 793 2640 866 legem
2667 794 2693 847 ?
2727 817 2752 841 »
2808 795 2949 850 Nam
2985 795 3031 850 si
3066 795 3252 869 legem
3289 799 3590 869 fecissetis,

1935 882 1995 936 in
2021 881 2165 954 ipsis
2187 881 2399 937 litteris
2422 882 2717 937 Christum
2738 885 3215 955 agnosceretis,et
3243 894 3592 960 prmsentem

1938 988 2052 1028 non
2090 971 2452 1026 occideretis.

2013 1083 2038 1108 ‹‹
2073 1060 2216 1125 Quid
2253 1077 2343 1115 me
2375 1059 2634 1132 qureritis
2659 1061 3020 1117 interficere?
3041 1087 3068 1112 »
3097 1064 3230 1120 Ideo
3253 1066 3407 1123 enim
3437 1085 3590 1140 quaa-

1939 1149 2067 1202 ritis
2102 1166 2194 1203 me
2219 1148 2561 1216 interficere,
2587 1150 2726 1222 quia
2742 1167 2911 1207 nemo
2943 1167 3013 1207 ex
3032 1153 3195 1209 vobis
3213 1154 3351 1209 facit
3372 1155 3588 1228 legem;

1939 1259 1966 1286 «
2001 1237 2301 1310 respondit
2343 1238 2392 1292 ei
2440 1239 2648 1293 turba:
2685 1262 2712 1287 ››
2753 1240 2899 1305 Quid
2953 1243 3317 1312 responderit
3365 1244 3586 1301 videte:

1939 1349 1966 1374 «
2004 1325 2367 1381 Daemonium
2404 1326 2580 1382 habes
2603 1329 2629 1382 ?
2670 1327 2810 1390 Quis
2841 1333 2894 1382 te
2927 1329 3133 1400 qumrit
3163 1331 3486 1388 interficere
3507 1334 3534 1388 ‘?
3565 1359 3585 1383 ι

1938 1414 2112 1479 Quasi
2134 1432 2246 1470 non
2272 1415 2380 1470 fuit
2403 1416 2568 1486 pejus
2590 1415 2800 1484 dicere,
2825 1417 3185 1474 Daemonium
3210 1419 3391 1476 habes
3413 1439 3591 1494 quam

1938 1519 2071 1558 eum
2108 1505 2389 1558 occidere.
2425 1504 2486 1558 Ei
2516 1505 2731 1576 quippe
2763 1505 2983 1562 dictum
3027 1512 3150 1562 est:
3187 1511 3339 1581 quod
3371 1511 3583 1568 daemo-

1937 1592 2102 1648 nium
2137 1593 2408 1657 habebat,
2435 1592 2534 1664 qui
2556 1593 2850 1649 daemones
2872 1595 3218 1666 expellebat:
3245 1600 3381 1670 quid
3406 1600 3594 1672 possit

1937 1680 2094 1737 aliud
2120 1682 2308 1736 dicere
2332 1682 2504 1736 turba
2525 1681 2880 1749 turbulenta,
2901 1683 3038 1754 quid
3061 1685 3245 1755 possit
3261 1685 3417 1742 aliud
3438 1687 3592 1745 olere

1936 1787 2163 1825 ccenum
2186 1776 2570 1837 commotum,
2588 1770 2698 1824 nisi
2720 1771 3060 1842 putridum‘?
3077 1774 3372 1830 Turbatur
3387 1778 3588 1845 turba;

1937 1860 2090 1914 unde
2114 1861 2140 1913 ’ἔ
2155 1877 2188 1913 a
2205 1859 2463 1914 veritate.
2488 1859 2745 1914 Turbam
2769 1858 3139 1932 lippitudinis
3155 1864 3410 1919 turbavit
3429 1865 3595 1921 clari-

1935 1953 2022 2002 tas
2056 1948 2222 2003 lucis.
2261 1947 2422 2002 Oculi
2449 1951 2643 2002 autem
2667 1965 2781 2002 non
2812 1948 3094 2005 habentes
3116 1952 3449 2020 sanitatem,
3474 1971 3591 2010 non

1935 2043 2182 2108 possunt
2215 2037 2360 2091 ferre
2390 2035 2634 2092 luminis
2679 2036 3027 2105 claritatem,
3060 2041 3341 2096 Dominus
3396 2047 3590 2098 autem

1935 2143 2048 2180 non
2086 2124 2254 2196 plane
2276 2118 2568 2195 turbatur,
2599 2113 2700 2180 sed
2736 2125 2792 2180 in
2819 2143 2925 2180 sua
2947 2128 3186 2184 veritate
3216 2131 3589 2202 tranquillus,

1934 2233 2050 2269 non
2085 2215 2338 2268 reddidit
2369 2214 2589 2268 malum
2626 2231 2727 2284 pro
2761 2215 2935 2283 malo,
2962 2233 3066 2271 nec
3090 2217 3463 2275 maledictum
3489 2239 3593 2294 pro

1936 2302 2266 2358 maledicto.
2291 2303 2516 2366 Quibus
2534 2303 2580 2357 si
2607 2303 2852 2359 diceret:
2881 2305 3236 2361 Dzemonium
3259 2307 3594 2382 habetispo-

1937 2393 2054 2446 tius
2082 2409 2202 2457 vos,
2238 2409 2440 2447 verum
2464 2392 2664 2463 utique
2690 2393 2923 2447 diceret.
2950 2393 3111 2450 Unde
3133 2396 3290 2452 enim
3313 2397 3422 2454 hoc
3439 2396 3592 2455 dice-

1936 2486 2064 2534 rent
2096 2481 2166 2534 de
2194 2480 2457 2539 veritate.
2493 2504 2518 2530 ‹‹
2547 2481 2909 2537 Dzemonium
2942 2483 3142 2548 habes,
3165 2507 3192 2534 ››
3213 2485 3323 2541 nisi
3347 2503 3445 2542 eos
3469 2489 3592 2543 dia-

1937 2568 2050 2624 boli
2089 2567 2312 2623 falsitas
2350 2568 2650 2624 irritaret?
2681 2571 2830 2634 Quid
2863 2587 3000 2643 ergo
3033 2575 3398 2645 respondeat,
3433 2581 3592 2632 tran-

1937 2658 2180 2730 quillius
2211 2657 2542 2725 audiamus,
2577 2663 2634 2712 et
2664 2659 2979 2730 tranquille
3008 2661 3290 2716 vivamus.

2011 2772 2037 2796 ‹‹
2074 2746 2263 2801 Unum
2297 2764 2444 2817 opus
2466 2747 2594 2814 t'eci,
2625 2753 2680 2801 et
2701 2764 2905 2802 omnes
2930 2748 3246 2805 miramini.
3275 2773 3303 2799 »
3335 2753 3590 2809 Tantum

1939 2841 2026 2891 est
2048 2852 2112 2890 ac
2135 2835 2182 2890 si
2216 2834 2459 2889 diceret:
2485 2835 2631 2900 Quid
2657 2836 2704 2890 si
2729 2836 2925 2890 omnia
2946 2853 3120 2909 opera
3143 2854 3272 2893 mea
3293 2839 3594 2898 videritis?

1943 2925 2132 2996 Ipsius
2161 2925 2315 2979 enim
2348 2940 2523 2996 opera
2551 2928 2717 2978 erant
2748 2942 2873 2997 qua:
2919 2924 2977 2979 in
3025 2927 3245 2982 mundo
3293 2927 3589 2986 videbant.

1946 3013 2095 3068 l-‘ecit
2126 3029 2303 3066 unam
2338 3029 2458 3066 rem
2489 3018 2546 3067 et
2576 3013 2789 3068 turbati
2823 3019 2984 3081 sunt,
3028 3015 3168 3086 quia
3199 3015 3425 3072 salvum
3457 3018 3593 3075 fecit

1941 3101 2238 3156 hominem
2257 3100 2316 3154 in
2336 3101 2720 3167 sabbato,non
2735 3101 3123 3174 intelligentes
3137 3104 3448 3161 Dominum
3464 3123 3592 3164 esse

1944 3189 2165 3245 sabbati
2191 3187 2373 3243 filium
2398 3189 2676 3254 hominis,
2699 3191 2797 3261 qui
2817 3191 3128 3248 sabbatum
3151 3198 3387 3265 propter
3407 3195 3595 3252 homi-

173 3281 330 3338 Jesus
361 3283 646 3337 Christus
679 3297 959 3352 magnum
1006 3277 1338 3351 exemplum
1373 3278 1540 3333 nobis
1585 3278 1834 3350 praebuit
1861 3262 1905 3330 Ο
1944 3295 2074 3334 nem
2095 3278 2418 3345 constituit,
2440 3278 2863 3334 nonhominem
2879 3285 3113 3352 propter
3128 3262 3594 3341 s_abbatum.Nec

177 3369 552 3426 humilitatis.
587 3370 807 3442 Nempe
840 3368 1083 3440 aequalis
1115 3373 1202 3424 est
1233 3367 1383 3422 Patri
1410 3386 1423 3435 ;
1467 3383 1674 3438 nempe
1704 3390 1730 3415 ‹‹
1769 3372 1830 3420 In

174 3460 451 3532 principio
479 3465 614 3514 erat
645 3459 922 3525 Verbum,
947 3462 1004 3512 et
1025 3457 1278 3513 Verbum
1301 3462 1425 3512 erat
1446 3457 1598 3528 apud
1625 3457 1830 3524 Deum,

178 3553 226 3601 et
255 3549 404 3605 Deus
438 3552 574 3604 erat
602 3547 858 3602 Verbum
893 3548 1068 3618 (Joan.
1101 3547 1136 3617 i)
1169 3565 1182 3614 ;
1218 3570 1244 3594 ››
1276 3563 1483 3618 nempe
1512 3545 1636 3617 ipse
1667 3545 1832 3611 dixit,

179 3643 228 3692 et
256 3639 568 3694 verissime
599 3635 771 3691 dixit:
803 3659 829 3685 «
857 3637 1042 3690 'l‘anto
1069 3640 1335 3707 tempore
1355 3635 1654 3690 vobiscum
1677 3652 1832 3700 sum,

178 3729 227 3778 et
255 3743 362 3781 non
389 3724 762 3798 cognovistis
788 3724 919 3778 mc?
942 3723 1224 3796 Philippe,
1257 3724 1354 3795 qui
1383 3723 1522 3778 vidit
1546 3741 1656 3791 me,
1681 3725 1837 3778 videt

176 3819 222 3868 et
254 3815 481 3870 Patrem
524 3815 702 3882 (Joan.
739 3816 876 3880 XIV).
913 3835 940 3861 »
974 3813 1192 3884 Nempe
1226 3812 1350 3884 ipse
1381 3812 1542 3879 dixit,
1576 3818 1632 3867 et
1661 3812 1837 3867 veris-

177 3904 309 3958 sime
340 3905 493 3959 dixit
523 3919 536 3958 :
573 3926 600 3950 ‹‹
635 3902 752 3974 Ego
785 3907 841 3956 et
862 3902 1028 3956 Pater
1058 3918 1239 3956 unum
1274 3918 1480 3956 sumus
1511 3903 1696 3973 (Joan.
1718 3904 1834 3970 x).»

178 3991 226 4044 Si
259 4009 390 4065 ergo
422 4009 569 4047 cum
603 3991 770 4046 Patre
816 4007 1025 4059 unum,
1077 3989 1318 4062 aequalis
1377 3991 1530 4044 Patri
1563 3990 1716 4046 Deus
1766 3991 1836 4046 de

177 4078 297 4144 Deo,
327 4084 481 4137 Deus
513 4081 666 4152 apud
692 4084 876 4134 Deum
903 4085 1246 4147 eoa-ternas,
1282 4079 1654 4148 immortalis,
1690 4079 1838 4151 pari-

176 4173 252 4221 ter
280 4168 811 4235 incommutabilis,
870 4168 1087 4240 pariter
1119 4169 1266 4222 ‘sine
1297 4173 1576 4239 tempore,
1621 4169 1838 4240 pariter

169 4264 381 4314 creator
417 4265 480 4315 et
519 4257 892 4329 dispensator
924 4261 1278 4328 temporum,
1304 4262 1499 4312 tamen
1525 4257 1662 4328 quia
1681 4258 1838 4312 venit

171 4343 220 4398 in
247 4351 542 4420 tempore,
576 4351 633 4400 et
665 4347 911 4401 formam
967 4346 1112 4401 servi
1147 4346 1387 4418 accepit,
1424 4351 1479 4401 et
1511 4346 1713 4400 habitu
1749 4346 1836 4400 in-

168 4442 361 4491 ventus
394 4443 493 4492 cst
528 4440 595 4490 ut
639 4435 836 4500 homo,
897 4435 1103 4506 quaerit
1159 4433 1403 4506 gloriam
1465 4434 1670 4501 Patris,
1718 4453 1833 4490 non

179 4525 527 4591 διιᾶσι.ουἰά
542 4531 627 4590 tu,
643 4523 1346 4594 homo,faceredcbes,qui
1363 4525 1595 4595 quando
1609 4523 1834 4596 aliquid

181 4611 302 4666 boni
326 4614 500 4678 facis,
525 4613 770 4686 gloriam
797 4618 958 4668 tuam
989 4613 1232 4684 qumris:
1261 4615 1496 4683 quando
1518 4618 1714 4668 autem
1738 4613 1838 4672 ali-

180 4700 305 4769 quid
338 4703 485 4757 mali
515 4703 679 4769 facis,
706 4707 818 4757 Deo
841 4701 1202 4757 calumniam
1234 4700 1578 4756 meditaris?
1601 4704 1840 4758 Intende

176 4790 291 4855 tibi,
325 4797 602 4846 creatura
633 4809 718 4857 es,
743 4807 994 4864 agnosce
1025 4791 1391 4845 Creatorem:
1428 4807 1628 4846 servus
1659 4809 1740 4859 es,
1771 4808 1840 4846 ne

179 4883 518 4934 contemnas
542 4879 891 4934 Dominum:
913 4880 1226 4951 adoptatus
1249 4895 1330 4947 es,
1356 4881 1453 4934 sed
1481 4897 1594 4934 non
1619 4880 1842 4936 meritis

181 4965 286 5021 tuis
316 4985 328 5022 :
364 4985 568 5040 quaere
601 4967 845 5040 gloriam
871 4969 1000 5040 ejus
1024 4985 1057 5022 a
1080 4984 1194 5038 quo
1219 4967 1399 5021 habes
1423 4967 1570 5022 hanc
1592 4969 1839 5041 gratiam

185 5050 350 5110 homo
382 5057 734 5128 adoptatus:
759 5057 929 5128 cujus
955 5055 1200 5128 gloriam
1221 5055 1503 5127 quaesivit,
1534 5057 1631 5128 qui
1653 5061 1741 5113 est
1771 5059 1842 5113 ab

187 5141 276 5198 illo
309 5145 525 5200 unicus
557 5149 733 5201 natus
773 5169 797 5194 ‹‹
833 5143 940 5208 Qui
976 5149 1170 5200 autem
1204 5144 1410 5216 quwrit
1439 5144 1686 5217 gloriam
1715 5147 1844 5217 ejus

186 5253 209 5277 ιε
241 5233 338 5304 qui
373 5235 544 5289 misit
576 5233 766 5300 illum,
797 5233 892 5289 hic
924 5251 1094 5290 verax
1123 5237 1230 5301 est,
1256 5239 1310 5288 et
1343 5233 1635 5304 injustitia
1663 5235 1719 5289 in
1744 5235 1840 5289 illo

187 5335 293 5376 non
324 5327 438 5378 est.
482 5347 510 5370 ››
545 5325 605 5378 ln
636 5323 992 5378 Antichristo
1015 5327 1209 5378 autem
1239 5322 1524 5392 injustitia
1547 5329 1654 5389 est,
1677 5329 1733 5379 et
1753 5341 1843 5379 ve-

187 5424 278 5463 rax
307 5428 423 5465 non
461 5418 573 5479 est,
601 5430 715 5468 non
751 5417 839 5468 est
863 5429 896 5467 a
917 5428 1032 5483 quo
1056 5401 1276 5466 missus
1297 5417 1398 5467 est.
1430 5415 1552 5466 Non
1576 5413 1727 5468 enim
1756 5419 1844 5470 est

192 5497 427 5565 missus,
455 5501 555 5554 sed
575 5500 768 5556 venire
791 5500 1134 5572 permissus.
1164 5498 1378 5555 Omnes
1399 5517 1534 5570 ergo
1557 5502 1845 5572 pertinen-

192 5590 271 5640 tes
299 5590 370 5642 ad
391 5606 606 5660 corpus
628 5590 864 5656 Christi,
890 5607 960 5644 ne
977 5589 1329 5645 inducamur
1355 5590 1412 5644 in
1435 5589 1673 5663 laqueos
1693 5593 1848 5647 Anti-

195 5674 420 5748 christi,
446 5694 560 5738 non
593 5697 924 5758 qumramus
957 5679 1202 5755 gloriam
1227 5683 1508 5738 nostram.
1535 5680 1644 5741 Sed
1675 5681 1724 5740 si
1750 5679 1846 5740 ille

1943 3367 2255 3425 sabbatum
2287 3367 2592 3434 destruxit,
2627 3368 2766 3440 quia
2795 3386 3005 3424 sanum
3039 3369 3175 3425 fecit
3203 3370 3502 3428 hominem
3532 3373 3592 3429 in

1944 3457 2206 3523 sabbato,
2232 3456 2369 3528 quia
2390 3457 2463 3511 ad
2486 3455 2736 3512 salutem
2755 3457 3082 3526 hominum,
3106 3458 3449 3517 hominibus
3466 3463 3596 3518 sab-

1943 3545 2063 3601 bati
2095 3544 2360 3601 custodia
2390 3545 2526 3600 data
2556 3549 2666 3601 est.

2019 3657 2045 3684 ‹‹
2077 3634 2385 3706 Propterea
2402 3633 2628 3707 Moyses
2647 3634 2808 3690 dedit
2828 3636 2989 3692 vobis
3011 3636 3514 3696 circumcisionem
3532 3659 3545 3710 ;
3563 3664 3590 3691 ››

1944 3724 2090 3778 bene
2137 3724 2354 3778 factum
2388 3727 2476 3778 est
2505 3729 2572 3778 ut
2628 3725 2969 3795 acciperetis
3025 3725 3533 3784 circumcisionem
3561 3746 3595 3784 a

1945 3813 2162 3881 Moyse,
2194 3831 2224 3864 ι
2257 3828 2372 3866 non
2406 3811 2545 3883 quia
2575 3829 2644 3866 ex
2670 3813 2864 3885 Moyse
2895 3818 3004 3884 est,
3039 3815 3138 3870 sed
3169 3832 3235 3870 ex
3257 3817 3541 3887 patribus.
3566 3841 3594 3867 ››

1943 3901 2236 3955 Abraham
2267 3900 2482 3972 quippe
2515 3901 2742 3973 primus
2776 3903 2998 3974 accepit
3029 3902 3532 3962 circumcisionem
3563 3924 3596 3962 a

1944 3987 2209 4044 Domino.
2245 4011 2271 4037 ‹‹
2307 3990 2374 4043 Et
2403 3987 2463 4043 in
2496 3990 2739 4046 sabbato
2761 3991 3180 4046 circumciditis
3210 3992 3530 4049 hominem.
3567 4017 3596 4044 »

1943 4076 2244 4132 Convincit
2276 4093 2374 4131 vos
2399 4077 2716 4149 Moyses,in
2743 4078 2868 4151 lege
2890 4081 3195 4152 accepistis
3218 4085 3275 4135 ut
3301 4081 3601 4138 circumci-

1943 4165 2096 4220 datis
2117 4170 2314 4220 octavo
2332 4165 2444 4231 die,
2471 4166 2779 4237 accepistis
2802 4167 2858 4221 in
2881 4167 3006 4238 lege
3027 4173 3090 4223 ut
3111 4169 3326 4224 vacetis
3349 4171 3597 4242 septimo

1944 4253 2055 4309 die.
2089 4253 2145 4308 Si
2179 4257 2416 4308 octavus
2446 4254 2571 4308 dies
2621 4254 2782 4308 illius
2822 4255 2922 4326 qui
2955 4261 3128 4310 natus
3159 4261 3249 4312 est
3279 4257 3600 4320 occurrerit

1944 4343 2013 4398 ad
2040 4342 2191 4397 diem
2216 4341 2530 4414 septimum
2556 4341 2806 4407 sabbati,
2839 4343 2976 4415 quid
3010 4343 3196 4398 facitis
3221 4345 3248 4398 ?
3276 4344 3596 4411 Vacahitis,

1945 4437 2007 4487 ut
2025 4431 2263 4487 servetis
2286 4431 2621 4498 sabbatum,
2646 4448 2719 4486 an
2742 4431 3193 4501 circumcidetis,
3221 4437 3285 4488 ut
3302 4432 3597 4505 impleatis

1943 4521 2184 4578 sabbato
2217 4525 2650 4575 sacramentum
2683 4520 2794 4576 diei
2817 4520 3000 4577 octavi
3018 4521 3045 4576 ?
3071 4521 3181 4577 Sed
3206 4521 3357 4588 novi,
3385 4520 3598 4604 inquit,

1869 4635 1915 4699 Β
1947 4609 2086 4683 quid
2114 4609 2322 4676 facitis,
2343 4631 2370 4658 «
2392 4608 2806 4664 circumciditis
2830 4609 3147 4664 hominem.
3167 4632 3195 4658 ››
3217 4609 3442 4673 Quare?
3464 4607 3603 4681 quia

1949 4697 2316 4756 circumcisio
2349 4697 2597 4770 pertinet
2645 4698 2714 4754 ad
2751 4697 2984 4770 aliquod
3018 4697 3252 4770 signum
3285 4697 3512 4764 salutis,
3544 4702 3604 4754 et.

1951 4806 2064 4846 non
2098 4787 2311 4842 debent
2345 4786 2611 4841 homines
2643 4787 2884 4842 sabbato
2916 4803 3118 4841 vacare
3149 4804 3182 4842 a
3212 4786 3421 4842 salute.
3453 4787 3602 4860 Ergo

1950 4895 2054 4933 nec
2088 4875 2228 4931 mihi
2256 4875 2598 4943 irascimini,
2623 4876 2760 4947 quia
2791 4874 3016 4930 salvum
3050 4875 3156 4930 feci
3187 4878 3376 4930 totum
3410 4873 3606 4930 homi-

1952 4984 2086 5021 nem
2118 4965 2176 5020 in
2211 4965 2472 5020 sabbato.

2026 5079 2051 5104 ‹‹
2088 5055 2147 5110 Si
2179 5053 2705 5122 circumcisionem,
2731 5053 2941 5126 inquit,
2967 5053 3177 5126 accipit
3199 5053 3375 5110 homo
3396 5054 3454 5109 in
3477 5053 3608 5110 sab-

1955 5168 1981 5194 ‹‹
2016 5145 2172 5210 bato,
2208 5148 2270 5198 ut
2301 5160 2414 5197 non
2461 5141 2720 5197 solvatur
2748 5143 2837 5197 lex
2869 5143 3129 5216 Moysi.»
3176 5142 3408 5215 Aliquid
3449 5141 3606 5199 enim

1952 5249 2052 5305 per
2083 5233 2315 5304 Moysen
2339 5231 2397 5285 in
2413 5231 2514 5286 illa
2529 5231 3422 5290 constitutionecircumcisionis
3444 5231 3606 5289 salu-

1955 5322 2134 5377 briter
2157 5321 2493 5376 institutum
2521 5325 2630 5375 est.
2659 5345 2684 5371 ‹‹
2710 5321 2902 5376 Mihi»
2935 5321 3200 5394 aperanti
3221 5321 3470 5378 salutem
3493 5344 3521 5372 (ί
3545 5321 3606 5375 in

1954 5435 1980 5463 «
2006 5411 2248 5466 sabbato
2267 5432 2293 5458 ››
2317 5425 2497 5480 quare
2514 5432 2540 5459 ‹‹
2555 5408 3015 5483 indignemini?»
3039 5412 3204 5467 Forte
3219 5411 3376 5466 enim
3389 5409 3487 5464 illa
3503 5409 3610 5464 cir-

1955 5498 2236 5557 cumcisio
2262 5497 2456 5571 ipsum
2488 5498 2802 5555 Dominum
2834 5499 3223 5573 significabat,
3255 5499 3347 5555 cui
3378 5497 3472 5552 isti
3504 5513 3611 5552 cu-

1957 5590 2132 5660 ranti,
2157 5593 2213 5646 et
2231 5589 2463 5647 sananti
2482 5588 2963 5663 indignabantur.
2981 5591 3158 5647 Jussa
3173 5594 3263 5644 est
3280 5587 3434 5644 enim
3453 5584 3612 5640 adhi-

1956 5680 2079 5737 beri
2107 5683 2307 5738 octava
2337 5679 2450 5739 die.
2484 5680 2554 5738 Et
2583 5680 2724 5757 quid
2756 5685 2844 5739 est
2863 5677 3251 5747 circumcisio,
3285 5674 3396 5732 nisi
3419 5670 3613 5757 carnis
