3926 6170
347 354 462 419 303

910 350 1324 412 HAYMONIS
1373 347 1912 409 HALBERSTAT.
1962 316 2199 406 EPISC.
2250 346 2420 407 OPP.
2468 346 2669 406 PARS
2718 343 3179 405 ll.—IlOMIL.

3580 349 3681 408 30S

340 483 721 560 exspoliatio?
738 482 1186 555 Significatergo
1207 479 1991 552 istacircumcisiocxspolia-
2024 485 2075 550 Α
2105 478 2436 546 Christum;
2463 477 2590 532 ideo
2614 482 2994 549 pepercerunt
3009 478 3079 543 ei,
3104 493 3267 550 quem
3280 480 3551 550 tantopere
3564 481 3684 535 occi-

340 577 559 633 tionem
575 591 608 628 a
628 573 799 628 corde
818 571 1210 643 cupiditatum
1225 570 1566 626 carnalium.
1581 568 1703 623 Non
1724 586 1858 641 ergo
1874 568 1997 624 sinc

341 680 518 722 causa
540 663 675 719 data
691 664 802 727 est,
826 664 882 716 et
907 660 963 715 in
988 675 1052 715 eo
1072 660 1331 716 membro
1357 658 1477 713 ﬁeri
1494 659 1683 730 jussa.
1712 657 1996 721 Quoniam

338 768 444 829 per
466 751 610 807 illud
636 751 967 806 membrum
995 752 1332 822 procreatur
1352 753 1615 802 creatura
1638 746 1995 813 mortalium,

340 848 397 899 et
424 857 530 915 per
559 856 744 895 unum
779 837 1079 894 hominem
1133 836 1481 892 resurrectio
1514 840 1899 891 mortuorum.
1936 835 2001 889 Et

338 931 515 1003 (Rom.
542 929 598 1000 v)
636 951 663 979 «
687 945 791 1001 per
812 944 997 983 unum
1025 925 1323 981 hominem
1355 929 1657 997 peccatum
1682 923 1921 979 intravit
1940 922 1999 977 in

342 1019 653 1084 mundum,
677 1022 732 1073 et
749 1033 853 1090 per
875 1019 1178 1089 peccatum
1198 1031 1422 1082 mors,»
1449 1014 1576 1069 ideo
1598 1014 1848 1085 quisque
1866 1029 1999 1067 cum

343 1105 625 1183 praeputio
656 1105 938 1173 nascitur,
973 1103 1109 1177 quia
1130 1102 1322 1159 omnis
1354 1103 1527 1158 homo
1551 1119 1683 1157 cum
1705 1101 1843 1155 vitio
1876 1119 2003 1174 pro-

343 1196 574 1272 paginis
606 1190 882 1252 nascitur.
921 1194 990 1249 Et
1021 1210 1135 1251 non
1187 1194 1434 1248 mundat
1464 1192 1618 1247 Deus
1649 1190 1766 1246 sive
1798 1209 1831 1246 a
1860 1190 1999 1245 vitio

344 1302 477 1341 cum
514 1301 628 1357 quo
659 1282 979 1350 nascimur,
1015 1282 1136 1338 sive
1168 1300 1201 1337 a
1230 1280 1384 1337 vitiis
1417 1298 1544 1353 quae
1575 1278 1727 1334 male
1757 1279 1999 1335 vivendo

344 1374 639 1441 addimus,
675 1372 786 1429 nisi
815 1389 917 1445 per
939 1370 1242 1427 cultellum
1266 1369 1585 1444 petrinum,
1609 1369 1664 1425 id
1693 1374 1781 1425 est
1810 1370 1999 1425 Domi-

342 1478 484 1519 num
517 1466 784 1518 nostrum
818 1461 1021 1517 Jesum
1054 1460 1374 1517 Christum.
1408 1482 1435 1510 «ι
1462 1460 1627 1515 Petra
1655 1458 1810 1514 enim
1845 1458 2001 1514 Chri-

340 1558 469 1611 stus
498 1554 549 1624 (I
577 1555 696 1609 Cor.
725 1553 804 1624 x).
837 1574 863 1600 »
890 1550 1153 1607 Cultellis
1175 1550 1330 1605 enim
1354 1549 1597 1622 petrinis
1621 1548 2000 1604 circumcide-

341 1643 503 1709 bant,
530 1646 588 1697 et
619 1645 792 1714 petrae
824 1640 1059 1697 nomine
1087 1638 1379 1694 Christum
1406 1639 1759 1710 ﬁgurabant,
1785 1643 1841 1693 ct
1861 1655 2001 1711 prae-

343 1736 569 1788 sentem
603 1748 716 1785 non
751 1729 1168 1803 agnoscebant,
1197 1728 1297 1783 sed
1324 1728 1565 1801 insuper
1584 1745 1714 1784 eum
1741 1728 2002 1782 occidere

342 1820 677 1893 cupiebant.
706 1819 864 1882 Quod
885 1835 1016 1873 vero
1039 1816 1458 1873 circumciditis
1477 1816 1772 1872 hominem
1794 1817 1850 1871 in
1874 1817 2002 1871 sab-

342 1909 506 1977 bato,
537 1906 847 1980 intelligite
902 1906 1009 1961 hoc
1043 1905 1358 1979 signiﬁcari
1391 1923 1538 1979 opus
1569 1907 1809 1974 bonum,
1845 1906 2000 1977 quod

344 2013 449 2070 ego
481 1997 589 2051 feci
615 2000 803 2052 totum
828 1993 1124 2053 hominem
1152 1995 1209 2049 in
1244 1994 1485 2051 sabbato
1507 1994 1763 2063 salvum;
1789 1996 1928 2068 quia
1947 2000 2006 2050 et

346 2090 589 2141 curatus
619 2089 728 2153 est,
764 2088 827 2140 ut
859 2102 1040 2140 sanus
1070 2090 1226 2140 esset
1256 2085 1314 2141 in
1347 2102 1585 2158 corpore
1610 2104 1624 2154 ;
1655 2089 1711 2141 et
1735 2085 2000 2152 credidit,

347 2178 413 2230 ut
444 2192 625 2231 sanus
653 2179 808 2231 esset
839 2172 897 2228 in
932 2174 1150 2230 anima.

422 2286 449 2314 ‹‹
482 2258 670 2320 Nolite
693 2263 959 2334 judicare
992 2262 1396 2336 personaliter,
1418 2263 1516 2317 sed
1544 2263 2002 2334 rectejudicium

336 2353 619 2425 judicate.
648 2376 674 2402 ››
706 2352 852 2418 Quid
905 2357 994 2408 est
1044 2352 1150 2407 hoc
1184 2353 1354 2407 modo
1384 2353 1411 2406 ‘2
1441 2352 1615 2418 Quasi
1669 2370 1769 2423 per
1816 2352 2003 2424 legem

343 2443 521 2517 Moysi
575 2442 992 2497 circumciditis
1044 2441 1306 2508 sabbato,
1354 2458 1466 2495 non
1502 2440 1823 2496 irascimini
1858 2441 2004 2509 mihi

343 2530 729 2605 personaliter
758 2528 1005 2587 veritati.
1030 2528 1343 2585 Veritatem
1369 2530 1669 2597 attendite,
1701 2536 1759 2585 et
1772 2531 2003 2600 justum

338 2619 627 2692 judicium
645 2619 926 2690 judicate.
954 2619 1013 2674 Si
1036 2618 1361 2675 secundum
1384 2618 1682 2674 veritatem
1699 2619 2003 2692 judicatis,

345 2725 534 2783 neque
556 2709 811 2782 Moysen,
841 2725 1029 2781 neque
1054 2725 1145 2764 me
1172 2708 1664 2776 condemnabitis,
1691 2714 1745 2764 et
1768 2709 2006 2765 veritate

349 2797 583 2872 cognita
632 2815 725 2854 me
774 2797 1146 2870 cognoscitis,
1201 2797 1338 2869 quia
1387 2822 1412 2846 «ι
1450 2814 1553 2869 ego
1604 2815 1735 2853 sum
1794 2798 2006 2853 veritas

350 2887 526 2959 (Joan.
560 2890 696 2954 xw).
736 2909 761 2935 ››
807 2885 926 2941 Hoc
955 2885 1187 2956 vitium,
1240 2885 1469 2952 fratres,
1520 2886 1671 2957 quod
1725 2886 2008 2941 Dominus

351 2976 573 3031 notavit
604 2975 710 3029 hoc
744 2972 890 3039 loco,
917 2974 1157 3029 evadere
1178 2972 1236 3029 in
1260 2973 1367 3029 hoc
1391 2973 1600 3030 saeculo
1625 2975 1819 3048 magni
1848 2974 2007 3031 labo-

351 3064 433 3120 ris
465 3068 576 3131 est,
612 3081 725 3119 non
757 3062 1437 3136 personalitcrjudicare,
1472 3064 1571 3119 sed
1606 3069 1826 3119 rectum
1850 3065 2011 3136 judi-

349 3153 505 3211 cium
540 3153 809 3210 retinere.
835 3153 1153 3209 Admonuit
1174 3152 1411 3225 quidem
1441 3152 1725 3210 Dominus
1752 3155 2008 3219 Judanos,

349 3242 451 3299 sed
485 3259 597 3297 non
631 3242 828 3298 minus
852 3243 1159 3298 admonuit
1189 3246 1244 3296 et
1276 3260 1401 3297 nos.
1438 3241 1573 3297 Illos
1606 3242 1871 3307 convicit,
1897 3259 2003 3298 nos
2033 3229 2076 3294 C

347 3331 654 3387 instruxit:
690 3330 822 3386 illos
845 3330 1162 3402 redarguit.
1188 3348 1294 3385 nos
1311 3330 1558 3386 exacuit.
1580 3329 1704 3385 Non
1730 3336 2005 3402 putemus

347 3418 455 3475 hoc
487 3420 657 3474 nobis
690 3419 816 3474 ideo
848 3435 963 3473 non
995 3417 1241 3487 dictum,
1284 3419 1423 3490 quia
1455 3421 1592 3474 tunc
1622 3420 1697 3473 ibi
1743 3437 1856 3473 non
1887 3421 2003 3475 fui-

347 3522 512 3561 mus:
544 3523 651 3561 nos
686 3507 881 3577 itaque
911 3507 993 3560 sic
1042 3507 1355 3561 audiamus
1407 3506 1783 3576 Evangelium
1836 3510 2004 3581 quasi

346 3598 691 3667 praesentem
716 3594 1055 3650 Dominum.
1080 3596 1161 3650 Ne
1183 3595 1483 3650 dicamus:
1509 3596 1552 3652 Ο
1576 3595 1656 3652 illi
1683 3596 1876 3654 felices
1902 3601 2005 3671 qui

347 3698 479 3739 eum
500 3682 691 3740 videre
711 3687 1053 3756 potuerunt;
1078 3682 1245 3738 multi
1269 3684 1323 3737 in
1343 3684 1446 3751 eis,
1467 3686 1566 3755 qui
1585 3685 1853 3742 viderunt
1870 3705 2003 3744 cum

348 3770 679 3841 carnaliter,
714 3772 1074 3841 occiderunt,
1110 3772 1280 3828 multi
1314 3778 1509 3828 autem
1544 3775 1599 3829 in
1650 3775 1857 3844 nobis;
1903 3779 2002 3849 qui

347 3877 464 3918 non
496 3860 789 3932 viderunt,
813 3861 1204 3918 crediderunt.
1231 3862 1372 3928 Quis
1395 3867 1483 3918 est
1516 3864 1613 3935 qui
1640 3881 1751 3920 non
1777 3866 2007 3938 judicat

346 3948 751 4023 personaliter,
784 3950 897 4006 nisi
920 3950 1019 4022 qui
1054 3950 1355 4023 aequaliter
1375 3952 1615 4025 diligit?
1636 3954 1740 4018 Qui
1770 3955 2005 4027 aequali-

346 4043 435 4096 ter
464 4055 668 4095 omnes
690 4038 901 4113 diligit,
936 4038 1237 4112 aequaliter
1257 4041 1327 4095 de
1352 4041 1626 4097 omnibus
1649 4044 1898 4114 judicat.
1924 4047 2005 4102 Ne

346 4128 457 4185 hoc
488 4128 709 4185 dictum
746 4136 1021 4202 putemus
1053 4130 1123 4186 de
1170 4129 1284 4185 illis
1310 4147 1458 4202 quos
1489 4148 1591 4202 pro
1625 4132 1841 4189 honore
1871 4152 2002 4208 gra-

346 4217 528 4274 duum
553 4219 783 4275 diverso
807 4218 979 4274 modo
1003 4218 1383 4286 honoramus,
1406 4220 1504 4276 sed
1525 4220 1594 4275 de
1612 4221 1733 4276 illis
1751 4240 2001 4294 quorum

344 4325 560 4365 causas
591 4308 911 4380 dijudicare
933 4308 1234 4380 jubemur.
1282 4309 1564 4364 Dominus
1610 4311 1785 4380 igitur
1829 4312 2001 4368 Jesus

342 4414 457 4454 non
485 4397 812 4468 manifeste,
839 4396 938 4453 sed
969 4397 1191 4454 occulte
1209 4399 1556 4453 ascenditur]
1584 4400 1737 4454 diem
1764 4401 1999 4473 festum,

346 4503 461 4541 non
498 4486 637 4557 quia
666 4486 910 4542 timebat
942 4502 1011 4541 ne
1044 4491 1358 4553 teneretur,
1414 4487 1513 4542 sed
1548 4492 1610 4542 ut
1648 4488 2004 4560 significaret

339 4574 516 4628 etiam
550 4573 677 4645 ipso
705 4574 796 4629 die
817 4575 985 4644 festo,
1018 4575 1117 4646 qui
1144 4572 1777 4664 celebraturadudaeis,
1808 4577 2000 4633 occul-
2030 4601 2076 4664 Β

339 4665 527 4716 tatum
562 4665 619 4716 et
647 4679 949 4717 summum
977 4679 1105 4718 esse
1130 4662 1495 4735 mysterium.
1522 4663 1631 4718 Sed
1659 4680 1791 4719 mox
1819 4682 1996 4737 appa-

343 4750 459 4803 ruit
491 4752 769 4822 potestas,
800 4768 931 4824 quae
953 4751 1274 4825 putabatur
1296 4750 1597 4805 timiditas.
1632 4752 2000 4824 Loqucbatur

340 4839 494 4893 enim
542 4838 734 4911 palam
788 4841 847 4896 in
897 4841 990 4896 die
1039 4842 1207 4905 festo,
1242 4840 1322 4894 ita
1354 4844 1415 4893 ut
1466 4840 1820 4897 mirarentur
1872 4848 1995 4899 tur-

344 4924 449 4991 bae,
483 4932 540 4980 et
570 4928 850 4997 dicerent,
884 4930 1036 5001 quod
1079 4929 1412 4984 audivimus
1452 4945 1585 4984 cum
1639 4929 1806 4987 lectio
1840 4930 1996 5005 lege-

344 5017 526 5067 retur.

416 5124 442 5149 ‹‹
479 5100 678 5156 Nonne
708 5102 801 5158 hic
834 5112 922 5159 est
953 5123 1124 5178 quem
1162 5113 1431 5179 quaerunt
1462 5108 1782 5164 interficere
1805 5109 1832 5165 ?
1853 5111 1993 5166 Ecce

346 5213 373 5239 ‹‹
405 5188 597 5263 palam
630 5189 908 5261 loquitur,
937 5200 993 5248 et
1025 5196 1168 5250 nihil
1203 5198 1253 5251 ei
1286 5199 1508 5252 dicunt.
1562 5199 1837 5270 Nunquid
1870 5217 2001 5256 vere

352 5299 378 5331 α
410 5285 803 5351 cognoverunt
850 5282 1143 5354 principes
1193 5285 1333 5355 quia
1363 5286 1454 5340 hic
1498 5292 1585 5342 est
1624 5287 1938 5344 Christus?
1970 5312 1997 5339 ››

346 5367 453 5434 Qui
488 5372 765 5423 noverant
794 5386 913 5440 qua
942 5372 1160 5427 saevitia
1203 5376 1587 5445 quwrebatur,
1633 5378 2000 5435 mirabantur

346 5473 461 5529 qua
492 5456 752 5531 potentia
781 5475 898 5514 non
922 5460 1251 5515 tenebatur.
1288 5464 1425 5517 Inde
1449 5482 1561 5520 non
1585 5466 1751 5538 plene
1784 5467 1994 5523 intelli-

345 5550 547 5621 gentes
579 5545 738 5602 illius
768 5547 1112 5622 potentiam,
1136 5553 1481 5620 putaverunt
1505 5571 1633 5610 esse
1664 5557 1993 5630 principum

346 5635 649 5699 scientiam
702 5638 857 5717 quod
916 5635 1027 5716 ipsi
1090 5644 1495 5715 cognoverant,
1540 5646 1811 5703 eumdem
1866 5663 1994 5706 esse

2110 569 2422 623 cidendum
2454 568 2827 639 quaesierunt.
2866 566 3074 621 Deinde
3098 566 3177 621 illi
3202 567 3302 639 ipsi
3332 566 3471 639 apud
3496 569 3685 641 seipsos

2108 657 2247 728 quid
2282 656 2594 712 dixerunt?
2628 681 2653 705 ‹‹
2678 656 2952 729 Nunquid
2977 673 3099 712 vere
3122 660 3485 729 cognoverunt
3504 657 3685 730 princi-

2108 763 2209 818 pes
2242 747 2380 818 quia
2411 744 2505 801 hic
2537 749 2625 801 est
2648 746 2911 801 Christus
2930 746 2957 801 ἱ)
2979 770 2999 799 ι
3036 745 3309 802 Fecerunt
3336 746 3437 801 sibi
3458 749 3687 819 quastio-

2109 852 2242 890 nem
2274 852 2390 908 qua
2422 836 2504 891 eis
2530 836 2823 891 videretur
2853 853 2965 891 non
2985 853 3108 892 esse
3129 833 3404 903 Christus,
3423 836 3692 910 adjungen-

2108 926 2195 980 tes
2228 925 2381 980 enim
2416 925 2716 981 dixerunt:

2181 1036 2207 1063 ‹‹
2243 1014 2353 1069 Sed
2388 1014 2565 1069 istum
2616 1014 2885 1070 novimus
2935 1014 3087 1069 unde
3120 1014 3215 1069 sit.
3264 1014 3508 1069 Christus
3534 1018 3693 1071 autem

2113 1124 2140 1153 ‹‹
2172 1119 2304 1158 cum
2335 1102 2575 1170 venerit,
2600 1121 2771 1159 nemo
2801 1103 2911 1159 scit
2940 1104 3093 1158 unde
3124 1104 3216 1157 sit.
3254 1125 3280 1150 »
3309 1103 3446 1169 Quid
3474 1105 3693 1176 estquod

2109 1191 2380 1248 dixerunt
2408 1191 2629 1247 Judaei:
2665 1216 2691 1241 ‹‹
2723 1191 2991 1249 Christus
3022 1210 3152 1249 cum
3183 1193 3412 1259 venerit,
3436 1209 3585 1247 nemo
3611 1194 3697 1247 scit

2112 1281 2266 1336 unde
2298 1281 2393 1347 sit,
2424 1305 2449 1329 ››
2483 1298 2617 1335 cum
2650 1281 2872 1338 Herode
2906 1281 3293 1354 interrogante
3322 1280 3499 1336 locum
3528 1281 3698 1336 nativi-

2111 1369 2246 1425 tatis
2261 1369 2389 1441 cjus
2402 1370 2990 1443 demonstraveruntJ
3004 1375 3137 1426 uxta
3148 1368 3492 1445 prophetiam
3506 1369 3698 1425 Michcae

2110 1452 2448 1532 prophetae?
2478 1458 2547 1514 Et
2570 1476 2638 1515 ex
2658 1459 2765 1515 hoc
2797 1465 3020 1516 certum
3044 1459 3232 1515 locum
3258 1460 3552 1516 nativitatis
3574 1458 3701 1515 illius

2110 1565 2210 1603 eos
2244 1564 2436 1615 nosse,
2490 1548 2589 1604 sed
2640 1549 3133 1605 considerandum
3171 1554 3259 1605 est
3307 1550 3441 1621 quid
3471 1566 3525 1603 se
3564 1564 3702 1603 nosse

2111 1639 2403 1707 putarent,
2437 1640 2491 1691 et
2522 1637 2659 1709 quid
2696 1654 2756 1693 se
2800 1638 3026 1693 nescire
3059 1638 3342 1694 dixerunt.
3378 1639 3573 1694 Locum
3598 1654 3703 1692 vero

2113 1724 2436 1780 nativitatis
2453 1724 2607 1781 illius
2626 1727 2889 1782 sciebant
2907 1743 3010 1800 per
3030 1728 3436 1801 prophetarum
3455 1727 3608 1795 dicta,
3627 1726 3705 1780 sed

2112 1814 2367 1869 divinam
2402 1816 2527 1886 ejus
2562 1814 2943 1885 nativitatem,
2969 1833 3086 1888 qua
3107 1833 3172 1871 ex
3203 1816 3315 1872 Deo
3337 1817 3492 1873 Patre
3511 1821 3707 1872 aeterna-

2115 1904 2247 1962 liter
2277 1908 2452 1959 natus
2481 1906 2589 1971 est,
2624 1909 2859 1977 propter
2892 1905 3249 1977 impietatem
3294 1906 3477 1961 cordis
3521 1906 3599 1960 sui
3633 1922 3708 1960 ne-

2115 1992 2398 2059 sciebant,
2433 1992 2584 2048 Isaia
2614 1994 2881 2049 dicente:
2920 2018 2939 2042 c
2975 1995 3413 2052 Generationem
3454 1996 3568 2067 ejus
3606 1993 3713 2066 quis

2113 2082 2408 2137 enarrabit
2429 2083 2456 2137 ἱ)
2481 2105 2507 2131 »
2542 2085 2669 2151 (lsa.
2707 2087 2846 2153 L111).
2870 2083 3133 2156 Denique
3153 2089 3207 2140 et
3234 2084 3355 2158 ipse
3375 2085 3632 2140 Dominus
3656 2084 3712 2138 ad

2115 2176 2429 2243 utrumque
2453 2172 2771 2244 respondit,
2794 2177 2850 2227 et
2870 2173 2941 2228 de
2963 2173 3349 2230 humanitatis
3375 2173 3715 2247 fragilitate,et

2115 2261 2184 2315 de
2216 2259 2523 2316 Divinitate
2556 2262 2901 2333 majestatis,
2937 2262 3177 2319 dicens:

2191 2375 2210 2399 α
2247 2349 2548 2406 Clamabat
2579 2368 2713 2423 ergo
2742 2352 2954 2407 docens
2986 2352 3044 2406 in
3088 2352 3303 2427 templo
3332 2354 3529 2409 Jesus:
3561 2353 3619 2407 Et
3645 2368 3718 2407 me

2118 2462 2141 2489 «ι
2178 2439 2363 2505 scitis,
2395 2444 2449 2493 et
2476 2440 2629 2495 unde
2662 2440 2773 2495 sim
2806 2440 2987 2496 scitis.
3017 2464 3042 2489 ››
3076 2441 3251 2497 Recto
3271 2459 3405 2515 ergo
3438 2443 3598 2498 dixit:
3621 2441 3719 2496 «Et

2117 2546 2209 2584 mc
2241 2528 2403 2584 scitis
2425 2534 2481 2583 et
2510 2530 2661 2611 unde
2692 2529 2805 2584 sim
2838 2529 3023 2598 scitis,
3048 2553 3078 2579 »
3105 2532 3161 2586 id
3188 2537 3276 2588 est
3296 2534 3597 2588 secundum
3617 2548 3717 2586 car-

2117 2635 2249 2674 nem
2279 2617 2638 2673 nativitatem
2684 2635 2872 2674 meam
2905 2620 3116 2689 nostis,
3162 2626 3220 2677 et
3262 2621 3604 2678 nobilitatem
3638 2638 3720 2694 pa-

2118 2712 2349 2763 rentum
2386 2724 2669 2775 meorum,
2704 2712 2759 2762 et
2789 2707 3038 2781 efﬁgiem
3062 2710 3263 2768 vultus
3294 2713 3402 2767 mei
3428 2711 3628 2779 nostis;
3655 2726 3724 2763 se-

2117 2798 2373 2852 cundum
2424 2796 2794 2853 Divinitatcm
2844 2802 3040 2854 autem
3074 2817 3193 2856 non
3249 2802 3451 2874 nostis,
3499 2802 3621 2873 quia
3645 2815 3723 2854 «a

2123 2910 2143 2936 α
2178 2887 2400 2958 meipso
2431 2902 2546 2941 non
2577 2886 2727 2954 veni,
2761 2888 2861 2943 sed
2919 2894 3007 2944 est
3048 2906 3222 2949 verus
3275 2892 3375 2964 qui
3434 2908 3521 2947 me
3570 2890 3725 2953 misit,

2119 3000 2145 3025 ‹‹
2183 2992 2353 3048 quem
2404 2992 2505 3029 vos
2558 2993 2672 3032 non
2703 2977 2885 3033 scitis.
2920 3000 2948 3027 »
2984 2978 3094 3034 Sed
3131 2985 3194 3035 ut
3224 2997 3356 3037 eum
3395 2980 3601 3049 sciatis,
3626 2994 3725 3034 cre‘

2119 3066 2238 3120 dite
2267 3065 2322 3119 in
2355 3082 2489 3121 eum
2530 3083 2703 3137 quem
2736 3066 2916 3121 misit.
2968 3068 3037 3122 Et
3087 3069 3291 3126 sciatis
3340 3071 3490 3143 quod
3534 3093 3557 3120 «
3586 3085 3725 3125 nemo

2121 3160 2299 3210 Deum
2332 3155 2475 3209 vidit
2505 3172 2785 3227 unquam,
2819 3155 2930 3210 nisi
2955 3157 3297 3229 unigenitus
3320 3160 3512 3229 Filius,
3543 3160 3629 3232 qui
3654 3160 3728 3213 est

2115 3245 2172 3299 in
2204 3245 2337 3300 sinu
2378 3243 2587 3309 Patris,
2632 3244 2754 3317 ipse
2802 3247 3096 3302 enarravit
3138 3248 3315 3321 (Joan.
3349 3250 3407 3322 ι).
3444 3274 3470 3299 ››
3495 3251 3560 3305 Et
3586 3262 3728 3303 nemo

2115 3334 2382 3408 cognovit
2414 3335 2663 3405 Patrem,
2706 3335 2817 3391 nisi
2862 3335 3063 3405 Filius,
3098 3342 3156 3394 et
3186 3340 3280 3394 cui
3313 3339 3550 3396 voluerit
3578 3337 3730 3394 Filius

2115 3424 2383 3480 revelare.
2410 3424 2667 3498 Denique
2698 3440 2831 3479 cum
2864 3425 3134 3482 dixisset:
3171 3452 3200 3478 ‹‹
3236 3429 3334 3484 sed
3359 3434 3447 3485 est
3472 3443 3627 3484 verus
3648 3424 3728 3497 qui

2115 3512 2278 3569 misit
2298 3529 2409 3579 me,
2434 3531 2610 3585 quem
2626 3531 2729 3569 vos
2752 3514 3046 3584 nescitis,»
3066 3520 3133 3572 ut
3151 3520 3485 3574 ostenderet
3505 3518 3582 3573 eis
3603 3514 3730 3570 unde

2115 3608 2354 3675 possent
2384 3602 2531 3658 scire
2563 3604 2715 3675 quod
2747 3604 3105 3672 nesciebant,
3138 3608 3425 3679 subjecit:

2187 3714 2213 3740 ‹‹
2251 3692 2365 3764 Ego
2397 3691 2515 3747 scio
2547 3708 2701 3747 eum.
2726 3713 2751 3743 η
2789 3694 2936 3766 Ergo
2965 3710 3000 3748 a
3031 3710 3124 3750 me
3173 3698 3418 3768 quaerite
3458 3701 3518 3753 ut
3562 3693 3733 3751 sciatis

2113 3797 2268 3836 eum.
2295 3782 2480 3845 Quare
2510 3786 2705 3837 autem
2737 3782 2857 3839 scio
2887 3800 3017 3839 eum
3040 3783 3068 3837 ?
3091 3807 3117 3834 ‹‹
3147 3787 3298 3852 Quia
3334 3787 3406 3842 ab
3456 3787 3573 3859 ipso
3600 3798 3732 3846 sum,

2118 3892 2145 3919 ‹‹
2178 3875 2235 3925 et
2266 3870 2387 3942 ipse
2420 3887 2513 3926 me
2544 3871 2723 3926 misit.
2757 3893 2783 3921 ››
2819 3871 3121 3945 Magniﬁce
3143 3879 3461 3948 utrumque
3484 3877 3735 3929 monetm-

2113 3959 2230 4014 vit:
2265 3958 2335 4013 ab
2387 3959 2534 4032 ipso,
2571 3960 2782 4031 inquit,
2832 3977 2987 4028 sum,
3014 3984 3041 4010 ››
3075 3962 3219 4033 quia
3250 3964 3432 4019 Filius
3461 3964 3528 4019 de
3558 3963 3733 4024 Patre;

2113 4053 2169 4102 et
2199 4048 2486 4120 quidquid
2534 4054 2622 4103 est
2659 4049 2858 4117 Filius,
2893 4050 2963 4106 de
2994 4049 3094 4106 illo
3125 4057 3215 4107 est
3243 4055 3417 4124 cujus
3446 4057 3532 4109 est
3561 4050 3732 4108 Filius.

2113 4137 2247 4191 Ideo
2268 4138 2576 4193 Dominum
2595 4139 2798 4193 Jesum
2822 4139 3074 4195 dicimus
3086 4139 3272 4197 Deum
3288 4143 3363 4198 de
3384 4148 3514 4211 Deo,
3541 4143 3738 4198 l‘atrem

2114 4243 2228 4280 non
2261 4226 2513 4282 dicimus
2556 4228 2739 4283 Deum
2772 4228 2843 4284 de
2890 4228 3026 4296 Deo,
3062 4230 3162 4285 sed
3194 4235 3429 4287 tantum
3463 4233 3652 4287 Deum.
3682 4227 3740 4281 Et

2114 4314 2363 4370 dicimus
2385 4315 2699 4371 Dominum
2730 4316 2933 4372 Jesum
2956 4316 3152 4373 lumen
3178 4319 3249 4374 de
3281 4319 3523 4389 lumine,
3543 4317 3638 4375 sed
3657 4316 3742 4371 Ρα-

2115 4407 2258 4457 trem
2293 4408 2518 4459 tantum
2568 4404 2789 4460 lumen.
2829 4407 2912 4461 Ad
2964 4406 3072 4461 hoc
3124 4424 3260 4480 ergo
3310 4410 3559 4480 pertinet
3603 4402 3737 4478 quod

2110 4491 2254 4547 dixit
2288 4513 2315 4545 ιι
2345 4494 2416 4547 ab
2450 4492 2574 4565 ipso
2613 4511 2767 4551 sum.
2797 4518 2823 4544 »
2872 4496 3033 4561 Quod
3066 4501 3263 4551 autem
3313 4499 3522 4555 videtis
3566 4511 3652 4552 me
3687 4493 3737 4546 in

2109 4597 2303 4647 carne,
2331 4604 2356 4631 ‹‹
2383 4582 2505 4654 ipse
2530 4599 2619 4638 me
2644 4583 2831 4639 misit:
2862 4607 2889 4633 ››
2912 4584 3009 4639 ubi
3034 4585 3204 4640 audis
3229 4609 3256 4636 «ι
3281 4587 3410 4660 ipse
3428 4605 3518 4643 me
3536 4584 3734 4642 misit.-

2108 4668 2225 4724 noli
2258 4670 2579 4744 intelligere
2611 4678 2829 4727 naturae
2861 4673 3432 4744 dissimilitudinem,
3468 4676 3565 4733 sed
3594 4687 3740 4747 gene-

2106 4759 2291 4815 rantis
2320 4762 2745 4816 auctoritatem.

2179 4872 2206 4897 ‹‹
2240 4850 2585 4914 Quaerebant
2625 4868 2760 4923 ergo
2810 4869 2942 4907 eum
2993 4853 3454 4925 apprehendere,
3487 4861 3543 4911 et
3589 4866 3740 4908 nemo

2107 4959 2134 4985 ι(
2170 4939 2332 4993 misit
2363 4940 2420 4995 in
2454 4939 2620 4995 illum
2646 4958 2877 5010 manus,
2908 4942 3046 5014 quia
3071 4944 3332 5000 nondum
3354 4950 3589 5001 venerat
3617 4943 3742 4997 hora

2109 5048 2137 5075 ‹‹
2168 5028 2317 5099 ejus.
2347 5052 2373 5078 ››
2405 5029 2520 5085 Hoc
2542 5036 2630 5086 est
2662 5032 2800 5102 quia
2832 5031 3100 5100 nolebat;
3135 5034 3233 5103 qui
3267 5034 3426 5089 enim
3467 5032 3740 5089 voluntate

2104 5121 2277 5172 natus
2308 5124 2416 5185 est,
2449 5119 2744 5174 voluntate
2776 5136 2987 5190 passus
3026 5125 3134 5177 est.
3173 5122 3335 5179 Sicut
3370 5123 3575 5179 horam
3605 5136 3739 5194 pre-

2107 5205 2339 5262 vidcbat
2371 5208 2480 5263 sibi
2516 5207 2832 5262 nativitatis
2865 5225 3003 5275 suae,
3038 5210 3117 5266 ita
3147 5211 3351 5267 horam
3380 5210 3739 5284 praedestina-

2106 5293 2184 5349 vit
2217 5295 2508 5366 passionis
2540 5312 2676 5349 suae.
2711 5294 2769 5348 Si
2814 5294 2956 5351 hora
2986 5301 3191 5354 mortis
3224 5307 3432 5356 nostrae
3484 5300 3637 5357 illius
3663 5298 3741 5351 est

2106 5383 2395 5450 voluntas,
2428 5387 2645 5455 quanto
2677 5384 2866 5455 magis
2894 5384 3037 5443 hora
3061 5390 3355 5460 passionis
3384 5407 3506 5446 suae
3528 5391 3585 5445 in
3608 5385 3741 5444 arbi.

2104 5472 2215 5525 trio
2236 5472 2550 5527 voluntatis
2576 5487 2693 5526 sua:
2715 5473 2911 5529 venit?
2929 5475 3138 5548 Magna
3162 5478 3339 5551 igitur
3358 5474 3745 5534 misericordia

2104 5559 2333 5615 Domini
2358 5559 2537 5614 nostri
2557 5559 2695 5615 Jesu
2718 5560 2952 5633 Christi,
2978 5564 3192 5623 factum
3214 5584 3343 5625 esse
3364 5584 3500 5625 eum
3524 5568 3743 5641 propter

2105 5664 2209 5706 nos
2242 5648 2297 5704 in
2334 5653 2607 5722 tempore,
2650 5666 2753 5727 per
2782 5666 2954 5727 quem
2985 5653 3134 5715 facta
3166 5662 3304 5715 sunt
3335 5664 3635 5734 tempore;
3666 5652 3741 5710 fa-
