3926 6170
241 300 325 395 305'
1202 356 1207 359 -
1334 294 1339 301 ’
1429 335 1927 399 nomn/ene
1972 335 2369 400 TEMP‘ORE.

3482 318 3605 404 3'00

236 471 357 523 ctum
390 482 521 522 esse
553 464 703 522 inter
731 465 947 534 omnia,
983 488 1011 517 ‹‹
1044 483 1148 539 per
1177 484 1352 540 quem
1384 468 1536 523 facta
1565 472 1703 525 sunt
1733 484 1850 523 om-
1880 469 1924 536 Α
1961 469 2344 525 nasceretur?
2395 470 2697 527 Habebant
2744 475 2939 529 autem
2986 452 3289 545 peccatum
3333 479 3601 547 parentes

232 556 302 613 nia
325 557 517 629 (Joan.
542 560 621 623 1):
662 580 689 605 ››
724 556 942 612 factum
973 573 1102 613 esse
1148 557 1304 630 quod
1336 556 1488 614 fecit.
1526 558 1734 614 Factus
1763 561 1852 613 est

227 646 350 723 quod
385 646 636 713 fecerat;
675 644 863 702 factus
894 650 984 701 est
1012 646 1167 701 enim
1214 646 1390 702 homo
1417 646 1515 719 qui
1548 646 1847 720 hominem

222 735 430 799 fecerat,
464 750 535 789 ne
578 734 794 805 periret
842 734 998 806 quod
1046 734 1279 790 fecerat.
1333 736 1668 791 Secundum
1698 736 1849 791 hanc

218 822 842 895 dispensationemjam
862 828 1099 880 venerat
1110 823 1255 879 liora
1278 824 1597 880 nativitatis
1608 829 1849 881 etnatus

216 917 335 981 erat,
369 913 473 967 sed
507 913 769 968 nondum
801 911 959 968 venit
1005 912 1151 969 hora
1192 913 1505 986 passionis.
1540 914 1673 970 Ideo
1702 932 1849 969 non-

213 1002 330 1057 dum
359 1017 575 1074 passus
604 1001 900 1072 erat.quia
927 1002 1191 1057 nondum
1222 1007 1460 1058 venerat
1489 1002 1631 1059 hora
1652 1002 1710 1058 in
1733 1019 1851 1075 qua

208 1090 312 1164 pati
341 1089 645 1146 voluisset.
679 1089 813 1145 Ideo
845 1089 905 1144 in
954 1105 1126 1146 cruce
1177 1090 1390 1163 legitur
1436 1108 1571 1147 eum
1606 1092 1664 1146 di
1684 1092 1844 1157 .isse,

206 1180 330 1235 dum
362 1178 566 1234 omnia
587 1179 842 1250 perfecta
859 1183 1000 1235 sunt
1016 1180 1341 1235 secundum
1369 1179 1689 1253 scripturas
1712 1198 1848 1253 pro-

206 1269 504 1341 phetarum
532 1284 544 1323 :
581 1291 608 1316 «
632 1268 1119 1324 Consummatum
1144 1266 1232 1323 est
1256 1271 1332 1323 :et
1361 1268 1638 1324 inclinato
1661 1269 1848 1342 capite

207 1356 436 1414 tradidit
468 1357 743 1429 spiritum
797 1357 971 1431 (Joan.
1004 1357 1142 1429 xxx).
1196 1378 1223 1407 »
1271 1357 1423 1412 Dum
1471 1374 1605 1413 vero
1642 1357 1845 1426 voluit,

201 1450 603 1502 consummata
651 1446 884 1502 fuerant
931 1463 1057 1519 quae
1107 1447 1178 1501 de
1227 1462 1294 1501 eo
1344 1447 1562 1520 scripta
1598 1452 1756 1514 sunt,
1792 1452 1848 1503 et

197 1535 618 1592 consummatis
669 1535 966 1603 omnibus,
1016 1539 1301 1607 potestate
1354 1536 1592 1608 propria
1649 1536 1847 1592 emisit

195 1624 485 1698 spiritum.

262 1738 288 1764 ‹‹
326 1716 400 1770 De
431 1714 611 1769 turba
653 1718 850 1769 autem
898 1712 1065 1767 multi
1118 1712 1491 1769 crediderunt
1530 1714 1587 1786 in
1621 1730 1777 1769 eum.
1812 1736 1840 1764 »

1960 560 2111 630 ejus,
2145 559 2245 614 sed
2281 576 2395 615 non
2432 558 2489 616 in
2525 560 2651 632 ipso
2683 567 2985 635 peccatum
3035 562 3253 617 factum
3285 568 3373 618 est
3403 566 3469 619 ut
3499 580 3603 621 cae-

1958 664 2062 703 cus
2095 652 2448 703 nasceretur.
2483 650 2541 704 Si
2574 667 2710 723 ergo
2738 667 2851 706 non
2897 655 3131 723 peccato
3179 655 3489 724 parentum
3522 653 3604 709 fa-

1959 741 2117 792 ctum
2149 741 2238 792 est
2269 741 2335 792 ut
2364 755 2550 793 caecus
2598 744 2959 809 nasceretur,
2994 757 3175 813 quare
3222 757 3408 797 caecus
3439 745 3612 799 natus

1958 829 2049 880 est
2069 823 2263 880 ?Audi
2296 825 2644 897 magistrum
2673 827 3227 899 docentem,quaerit
3255 829 3608 899 credentem,

1960 917 2025 968 ut
2055 913 2228 969 faciat
2256 913 2679 987 intelligentem
2708 932 2720 969 :
2745 916 2870 987 ipse
2901 932 3139 972 causam
3163 916 3305 973 dicit
3335 933 3514 989 quare
3534 916 3612 973 sit

1958 1001 2053 1057 ille
2084 1019 2270 1059 caecus
2302 1008 2530 1058 natus.«
2564 1004 2761 1077 Neque
2780 1004 2874 1060 hic
2906 1006 3378 1078 peccavit,neque
3408 1022 3610 1079 paren-

1960 1096 2047 1148 tes
2074 1092 2222 1163 ejus,
2258 1092 2358 1147 scd
2392 1097 2457 1148 ut
2488 1093 2940 1149 manifestentur
2987 1110 3161 1166 Opera
3210 1094 3307 1150 Dei
3338 1095 3395 1150 in
3426 1094 3545 1152 illo.
3575 1117 3605 1147 ιο

1957 1182 2080 1237 Non
2117 1181 2307 1238 solum
2342 1182 2481 1253 quid
2516 1183 2572 1237 in
2607 1181 2717 1238 hoc
2748 1184 3155 1239 tantummodo
3186 1200 3335 1257 caeco
3368 1189 3606 1241 acturus

1959 1270 2199 1337 sim,sed
2227 1276 2288 1326 ut
2320 1270 2728 1327 manifestetur
2753 1271 2894 1343 quid
2918 1271 2976 1326 in
3001 1271 3256 1328 caecitate
3286 1272 3467 1328 totius
3500 1271 3608 1328 hu;

1959 1359 2116 1415 mani
2147 1360 2377 1433 generis
2411 1377 2512 1432 per
2543 1377 2634 1415 me
2666 1362 2956 1431 agendum
2998 1361 3093 1417 sit.
3128 1360 3343 1418 Deinde
3368 1366 3604 1418 secutus

1958 1449 2260 1519 adjunxit:

2028 1560 2053 1587 ‹‹
2092 1538 2180 1594 Me
2211 1541 2437 1610 Oportet
2489 1539 2712 1611 operari
2767 1555 2940 1611 Opera
2987 1539 3118 1610 ejus
3165 1539 3263 1613 qui
3295 1541 3459 1596 misit
3489 1557 3602 1613 me,

1959 1649 1985 1675 ‹‹
2018 1627 2201 1682 donec
2232 1627 2357 1683 dies
2388 1630 2493 1683 est.
2531 1651 2556 1676 ››
2592 1629 2880 1683 Memento
2939 1630 3233 1700 quomodo
3267 1630 3599 1686 universam

1954 1713 2197 1786 gloriam
2231 1713 2315 1770 illi
2346 1716 2469 1781 dat,
2505 1716 2575 1771 de
2606 1734 2719 1789 quo
2747 1718 3010 1790 est,quia
3040 1718 3135 1773 ille
3166 1718 3343 1774 habet
3392 1719 3602 1775 Filium

196 1802 452 1859 Humiles
481 1808 538 1858 et
568 1818 857 1875 pauperes
879 1801 1070 1857 salvos
1098 1801 1346 1857 faciebat
1374 1803 1843 1875 Dominus,prin-
1876 1842 1923 1905 Β
1955 1804 2054 1875 qui
2088 1804 2159 1858 de
2192 1803 2287 1858 illo
2314 1804 2542 1876 sit,ipse
2575 1822 2691 1867 non
2722 1804 2900 1861 habet
2928 1807 3000 1862 de
3031 1824 3146 1878 quo
3179 1806 3272 1863 sit.
3306 1808 3440 1872 Quae
3465 1812 3606 1863 sunt

197 1893 348 1965 cipcs
375 1890 848 1947 insaniebant.Et
877 1890 1007 1946 ideo
1040 1891 1331 1946 medicum
1366 1909 1480 1947 non
1512 1890 1703 1948 solum
1728 1910 1841 1948 non

196 1981 603 2054 agnoscebant,
635 1981 738 2037 sed
769 1979 947 2034 etiam
980 1980 1245 2035 occidere
1277 1980 1607 2052 cupiebant.

790 2166 1099 2225 HOMILIA
1138 2167 1254 2223 LlI.

577 2291 743 2329 FERIA
782 2290 1007 2337 ouaa'ra
1046 2290 1184 2329 posr
1223 2275 1457 2332 Laetare.

265 2429 446 2499 (δυτψ.
483 2432 584 2494 Ix.)
616 2451 643 2476 α
676 2428 737 2483 In
772 2425 870 2483 illo
902 2431 1164 2499 tempore
1196 2428 1533 2500 prasteriens
1563 2429 1845 2496 Jesus,vi-

196 2542 223 2567 «
253 2518 338 2574 dit
365 2517 665 2574 hominem
696 2532 913 2573 caecum
946 2533 978 2570 a
1007 2515 1329 2571 nativitate.
1358 2541 1384 2566 ››
1414 2519 1483 2573 Et
1514 2518 1845 2590 reliqua.Ea

195 2608 404 2681 quippe
420 2624 547 2679 qua:
573 2604 707 2662 fecit
723 2606 1007 2662 Dominus
1028 2613 1226 2660 noster
1245 2606 1415 2662 Jesus
1437 2607 1703 2665 Christus
1725 2613 1845 2664 stu-

200 2698 383 2770 penda
413 2702 591 2768 atque
621 2694 972 2761 miranda,et
999 2710 1174 2766 opera
1195 2701 1253 2750 et
1275 2696 1449 2751 verba
1468 2697 1839 2769 sunt.0pera,

204 2786 341 2859 quia
372 2786 520 2843 facta
550 2788 724 2852 sunt;
776 2784 968 2851 verba,
1003 2783 1144 2855 quia
1200 2783 1371 2855 signa
1426 2789 1584 2840 sunt.
1615 2785 1672 2840 Si
1705 2803 1842 2859 ergo

201 2876 336 2948 quid
354 2874 643 2947 significet
662 2872 770 2928 hoc
791 2873 947 2944 quod
966 2872 1183 2928 factum
1206 2876 1292 2927 est
1305 2872 1842 2947 cogitemus,genus

203 2958 523 3021 humanum
550 2967 641 3019 est
668 2961 777 3017 iste
808 2962 1151 3017 czecus.Haec
1166 2962 1322 3018 enim
1354 2963 1581 3019 caicitas
1599 2964 1845 3038 contigit

203 3054 259 3109 in
292 3055 477 3126 primo
507 3051 746 3107 homine
776 3068 878 3124 per
903 3056 1228 3123 peccatum,
1252 3052 1322 3106 de
1353 3069 1467 3123 quo
1501 3069 1705 3107 omnes
1727 3056 1840 3109 ori-

202 3142 390 3215 ginem
420 3142 841 3205 duximus,non
867 3138 1058 3195 solum
1082 3139 1412 3205 mortis,sed
1438 3140 1612 3197 etiam
1632 3142 1844 3214 iniqui-

1954 1909 2127 1965 opera
2152 1892 2376 1948 Domini
2406 1898 2644 1966 propter
2670 1895 2823 1966 quod
2843 1895 2997 1950 venit
3027 1895 3207 1951 Filius
3238 1894 3339 1951 Dei
3361 1895 3420 1951 in
3441 1914 3606 1952 mun-

1953 1981 2239 2051 dum,nisi
2257 1983 2574 2038 cmcitatem
2596 1982 2841 2039 humani
2864 1983 3096 2055 generis
3120 1983 3602 2050 illuminare,vul-

1955 2075 2159 2126 nerata
2184 2087 2429 2143 qumque
2462 2088 2690 2136 sanare,
2714 2071 2941 2143 perdita
2972 2073 3287 2144 requirere,
3320 2074 3607 2130 deformia

1954 2159 2314 2216 reformare?
2345 2159 2452 2215 Sed
2490 2159 2629 2233 quid
2661 2165 2749 2216 est
2790 2162 2944 2232 quod
2978 2160 3160 2216 dixit.
3197 2184 3224 2211 ‹‹
3259 2162 3348 2217 Me
3377 2166 3606 2235 oportet

1955 2250 2179 2322 operari
2209 2266 2385 2322 Opera
2414 2250 2543 2321 ejus
2561 2249 2658 2321 qui
2686 2248 2849 2304 misit
2871 2250 3169 2318 me,donec
3196 2250 3320 2307 dies
3342 2250 3468 2307 est?
3493 2251 3602 2308 Ve-

1955 2338 2043 2393 nit
2074 2337 2230 2394 enim
2265 2356 2376 2394 nox
2408 2339 2642 2410 quando
2667 2354 2836 2393 nemo
2865 2342 3055 2408 potest
3085 2339 3610 2412 operari.nConstat

1956 2445 2299 2500 expressum
2319 2445 2384 2482 ac
2403 2427 2713 2482 definitum
2736 2427 2889 2483 diem
2905 2445 3398 2485 commemorasse
3420 2430 3611 2486 Domi-

1955 2533 2098 2572 num
2146 2517 2255 2572 hoc
2330 2515 2457 2572 loco
2509 2516 2791 2589 seipsum,
2855 2516 2911 2571 id
2966 2521 3056 2572 est
3120 2516 3319 2573 lumen
3378 2519 3603 2575 mundi.

1955 2628 1981 2654 ‹‹
2017 2606 2307 2672 Quandiu,
2343 2604 2707 2677 inquit,sum
2743 2604 2799 2659 in
2834 2605 2940 2659 hoc
2969 2607 3211 2674 mundo,
3239 2605 3437 2662 lumen
3470 2626 3606 2665 sum

1955 2695 2181 2749 mundi.
2222 2718 2247 2741 ι»
2282 2694 2428 2765 Ergo
2459 2693 2583 2765 ipse
2633 2697 2925 2764 operatur,
2958 2694 3218 2766 quandiu
3270 2698 3358 2749 est
3406 2696 3463 2751 in
3498 2697 3606 2753 hoc

1953 2784 2194 2838 mundo.
2227 2783 2531 2850 Putemus,
2567 2783 2794 2849 fratres,
2833 2798 2967 2837 eum
3020 2781 3197 2837 fuisse
3228 2782 3320 2838 hic
3352 2787 3513 2853 tunc,
3547 2790 3605 2841 et

1952 2872 2125 2928 modo
2149 2889 2262 2927 non
2290 2871 2383 2926 hic
2405 2872 2575 2926 esse?
2593 2869 2654 2927 Si
2686 2870 2793 2925 hoc
2832 2874 3130 2943 putamus,
3148 2871 3275 2942 jam
3302 2864 3437 2949 ergo
3465 2876 3602 2945 post

1951 2977 2263 3016 ascensum
2297 2959 2523 3014 Domini
2561 2960 2711 3013 facta
2742 2963 2831 3013 est
2853 2975 2967 3014 nox
2995 2957 3110 3014 ista
3135 2961 3468 3027 metuenda,
3494 2959 3597 3016 ubi

1952 3067 2121 3104 nemo
2155 3047 2338 3121 possit
2357 3046 2604 3119 operari.
2629 3047 2739 3102 Sed
2764 3050 2894 3119 post
2913 3047 3316 3104 ascensionem
3342 3050 3492 3105 facta
3511 3053 3601 3106 est

1954 3155 2066 3193 nox
2096 3138 2229 3205 ista,
2262 3137 2402 3209 quid
2445 3139 2535 3191 est
2582 3136 2737 3207 quod
2785 3136 2863 3191 ait
2908 3135 3212 3209 discipulis
3243 3139 3369 3195 suis
3397 3156 3601 3196 ascen-

204 3232 354 3288 talis.
386 3232 445 3287 Si
475 3230 634 3287 enim
664 3229 895 3285 caecitas
924 3234 1014 3285 est
1042 3227 1377 3297 inﬁdelitas,
1412 3234 1468 3285 et
1494 3230 1846 3288 illuminatio
1879 3207 1919 3273 (ἶ
1959 3227 2101 3281 deus
2130 3225 2189 3280 in
2221 3224 2430 3280 ccclqu
2458 3242 2470 3280 :
2502 3225 2674 3279 «Ecce
2696 3241 2801 3297 ego
2832 3225 3132 3281 vobiscum
3166 3243 3297 3282 sum
3325 3227 3602 3283 omnibus

204 3322 545 3393 ﬁdes,quem
579 3317 832 3383 ﬁdelem,
852 3318 1086 3390 quando
1110 3319 1269 3373 venit
1297 3317 1850 3387 Christus,invenit?

207 3409 336 3464 Ideo
363 3407 719 3479 evangelista
760 3407 832 3461 de
878 3406 1109 3462 Christo
1139 3406 1317 3462 dicit:
1356 3428 1383 3455 ‹‹
1416 3408 1484 3462 Et
1515 3408 1849 3479 praeteriens

204 3497 389 3554 Jesus.
423 3519 449 3547 ι)
474 3495 570 3552 Sic
602 3494 879 3568 praeteriit
907 3494 1062 3550 enim
1107 3493 1397 3564 Christus,
1432 3500 1489 3552 et
1521 3514 1635 3551 non
1666 3495 1726 3552 in
1758 3496 1851 3551 via

209 3591 566 3659 peccatorum
590 3588 924 3640 nostrorum
958 3583 1302 3650 stetit,sicut
1324 3583 1379 3637 in
1405 3585 1663 3655 quadam
1686 3602 1852 3657 para-

211 3675 477 3748 bolaipse
506 3673 790 3729 Dominus
807 3672 887 3728 ait
905 3673 1053 3743 (Lua.
1075 3675 1168 3741 x):
1200 3694 1225 3721 «
1258 3672 1428 3728 Venit
1455 3674 1614 3729 enim
1645 3674 1850 3729 Sama-

212 3765 429 3820 ritanus
458 3780 629 3820 secus
656 3763 832 3825 viam,
869 3784 897 3811 ››
920 3762 1021 3834 qui
1055 3761 1212 3816 venit
1244 3778 1453 3817 sanare
1481 3762 1850 3818 vulneratum

213 3853 564 3909 semivivum.
600 3851 880 3907 Praeteriit
899 3849 1494 3918 caacumilluminare,
1526 3851 1628 3924 qui
1650 3850 1850 3906 vulne-

216 3946 371 3998 ratus
396 3942 453 3997 in
483 3938 761 4015 parabole.
777 3938 1112 4004 dicitur,hic
1142 3937 1200 3993 in
1237 3956 1296 3994 re
1327 3943 1491 4012 gesta
1522 3938 1854 3995 cazcusillu-

216 4030 478 4088 minatur.
513 4030 675 4086 Vidit
703 4046 840 4104 ergo
870 4028 1167 4085 hominem
1218 4046 1458 4095 cmcum,
1489 4047 1603 4085 non
1638 4033 1854 4086 utcun-

214 4137 324 4191 que
352 4138 583 4189 caecum,
611 4120 715 4176 sed
743 4134 962 4174 cacum
1003 4135 1038 4174 a
1086 4117 1406 4174 nativitate.
1441 4119 1657 4174 Omnes
1695 4118 1851 4174 enim

216 4207 493 4279 homines,
528 4212 737 4282 praeter
768 4206 936 4263 illum
968 4206 1160 4264 solum
1193 4207 1292 4279 qui
1314 4225 1382 4263 ex
1411 4207 1649 4279 Virgine
1681 4212 1854 4263 natus

213 4303 320 4362 est,
362 4298 624 4373 originali
672 4299 910 4370 peccato
960 4296 1113 4364 caeci,
1176 4297 1232 4351 id
1284 4301 1374 4351 est
1430 4314 1565 4352 cum
1618 4301 1855 4369 peccato

217 4387 334 4443 nati
375 4394 526 4455 sunt,
558 4388 716 4461 quod
762 4403 830 4442 ex
877 4385 1071 4441 radice
1114 4384 1330 4457 peccati
1378 4385 1551 4456 primi
1598 4385 1856 4458 parentis

220 4478 523 4534 traxerunt.

1956 3316 2183 3382 diebus,
2218 3330 2403 3386 usque
2433 3314 2504 3369 ad
2545 3314 3112 3369 consummationem
3146 3314 3340 3391 saeculi
3376 3316 3602 3389 (Matth.

1956 3404 2191 3477 xxvm)?
2242 3427 2270 3452 ››
2330 3404 2430 3476 qui
2479 3407 2617 3458 tunc
2686 3402 2969 3475 corporali
3039 3404 3345 3476 praesentia
3394 3405 3505 3460 fuit
3544 3405 3604 3460 in

1959 3495 2197 3561 mnndo,
2233 3510 2389 3549 nunc
2421 3491 2616 3547 divina
2664 3491 2921 3563 potentia
2968 3509 3223 3564 praisens
3270 3497 3358 3549 est
3392 3493 3608 3567 ubique

1958 3583 2018 3638 in
2051 3584 2290 3638 mundo.
2325 3581 2667 3637 Audivimns
2696 3581 2873 3647 diem,
2898 3581 3211 3637 audiamus
3243 3599 3368 3655 quas
3393 3582 3470 3639 sit
3496 3600 3609 3639 nox

1960 3673 2091 3728 ista.
2148 3671 2293 3737 Quid
2346 3671 2572 3743 igitur?
2622 3669 2761 3742 quid
2823 3670 3086 3727 dicemus
3142 3672 3212 3727 de
3265 3677 3429 3728 nocte
3473 3671 3607 3740 ista,

1962 3761 2194 3833 quando
2219 3761 2590 3831 erit,quando
2624 3777 2795 3815 nemo
2830 3760 3040 3832 poterit
3062 3762 3285 3832 operari
3305 3763 3326 3816 Ρ
3345 3761 3467 3816 Nox
3498 3760 3613 3817 ista

1961 3849 2278 3922 impiorum
2310 3847 2438 3913 erit,
2473 3866 2585 3902 nox
2628 3848 2741 3903 ista
2783 3865 2983 3904 eorum
3029 3848 3139 3903 erit
3169 3848 3466 3920 quibusin
3497 3850 3613 3905 fine

1964 3939 2226 3993 dicetur:
2260 3960 2286 3986 ‹‹
2326 3941 2405 3991 Ite
2438 3935 2495 3990 in
2544 3936 2739 4008 ignem
2787 3942 3089 4004 aeternum,
3123 3937 3221 4010 qui
3254 3942 3495 4010 paratus
3526 3941 3614 3994 est

1963 4025 2196 4082 diabolo
2229 4030 2284 4080 et
2315 4023 2539 4096 angelis
2591 4026 2718 4096 ejus
2751 4028 2972 4092 (Matth.
3005 4027 3158 4095 xxv).
3195 4050 3224 4076 »
3258 4027 3368 4083 Sed
3416 4030 3471 4082 et
3502 4043 3614 4082 nox

1964 4117 2117 4171 dicta
2144 4119 2233 4171 est
2264 4114 2503 4169 ﬂamma
2546 4113 2719 4185 ignis.
2752 4114 2921 4181 Audi,
2957 4115 3093 4186 quia
3138 4118 3195 4169 et
3226 4132 3338 4170 nox
3366 4119 3455 4170 est
3485 4132 3613 4187 qua:

1965 4206 2036 4261 de
2069 4204 2320 4276 quodam
2364 4219 2529 4257 servo
2561 4200 2777 4257 dicitur
2804 4203 3024 4269 (Matth.
3049 4202 3216 4273 xxu):
3252 4226 3278 4253 α
3305 4200 3505 4275 Ligate
3529 4200 3613 4257 illi

1967 4310 2177 4349 manus
2202 4296 2256 4347 et
2280 4291 2542 4362 pedes,et
2565 4287 2827 4361 projicite
2849 4305 2983 4344 eum
3008 4288 3063 4345 in
3088 4291 3356 4345 tenebras
3377 4289 3616 4346 exterio-

1966 4400 2078 4439 res.
2117 4405 2142 4430 ››
2174 4381 2457 4452 Operetur
2479 4395 2613 4450 ergo
2652 4378 2845 4443 homo,
2881 4396 2953 4433 ne
2984 4377 3082 4433 illa
3104 4381 3270 4434 nocte
3300 4378 3613 4451 praivenia-

1969 4471 2190 4539 tur,ubi
2225 4476 2394 4524 nemo
2418 4467 2603 4539 possit
2624 4467 2867 4538 operari.
2903 4466 3073 4522 Modo
3106 4472 3217 4536 est,
3250 4470 3316 4523 ut
3345 4464 3647 4540 operetur‘

287 4589 315 4614 (ί
350 4568 847 4639 tnterrogaverunt
889 4581 1023 4620 eum
1074 4562 1345 4635 discipuli
1379 4563 1544 4633 ejus:
1581 4562 1787 4619 Rabbi.
1827 4587 1854 4612 ››
1892 4578 1932 4641 D
1966 4579 2066 4634 per
2096 4558 2465 4614 dilectionem
2493 4573 2504 4610 :
2536 4560 2593 4611 et
2623 4554 2670 4612 si
2699 4556 2868 4611 modo
2892 4542 3323 4628 oporamur,hic
3356 4560 3441 4613 est
3466 4556 3612 4624 dies,

221 4651 552 4727 Magistrum
586 4652 985 4727 appellabant,
1018 4653 1118 4724 qui
1170 4651 1392 4707 discere
1422 4652 1852 4708 desiderabant.

218 4742 590 4806 Quaestionem
607 4742 828 4815 quippe
844 4741 1090 4797 Domino
1116 4744 1856 4813 proposuerunt,tanquam

221 4832 508 4904 magistro.
543 4856 572 4882 ‹‹
605 4831 749 4897 Quis
779 4831 1084 4902 peccavit?
1114 4829 1231 4898 hic,
1258 4835 1359 4885 aut
1406 4833 1676 4901 parentes
1706 4830 1857 4899 ejus,

227 4941 254 4965 ιι
284 4926 348 4975 ut
373 4938 552 4976 caecus
606 4918 993 4975 nasceretur?
1046 4918 1367 4990 Respondit
1412 4919 1621 4974 Jesus:
1660 4918 1859 4990 Neque

231 5030 255 5055 ιι
289 5006 379 5064 hic
404 5008 878 5083 peccavit,neque
910 5012 1182 5079 parentes
1202 5008 1251 5078 ej
1265 5024 1352 5062 us.
1392 5006 1568 5072 nQuid
1594 5010 1683 5060 est
1703 5006 1855 5077 quod

226 5095 409 5153 dixit?
439 5099 493 5154 Si
521 5096 914 5153 nullushomo
940 5094 1065 5153 sine
1088 5099 1341 5167 peccato,
1368 5094 1633 5167 nunquid
1660 5111 1859 5165 paren-

227 5186 310 5239 tes
341 5185 507 5259 hujus
532 5184 666 5241 caeci
691 5183 817 5242 sine
838 5186 1075 5256 peccato
1097 5184 1581 5255 erant?Nunquid
1598 5183 1719 5254 ipse
1734 5183 1859 5237 sine

230 5280 447 5341 peccato
481 5272 753 5347 originali
803 5274 995 5357 magna
1018 5275 1161 5335 erat,
1198 5270 1284 5325 vel
1316 5270 1555 5327 vivendo
1588 5270 1733 5325 nihil
1765 5271 1861 5325 ad-

227 5359 463 5418 diderat?
490 5364 546 5418 Si
580 5379 718 5435 ergo
747 5366 804 5417 et
824 5348 1094 5435 parentes
1134 5360 1261 5431 ejus
1293 5360 1625 5415 habuerunt
1638 5376 1859 5433 pecca-

226 5452 346 5507 tum
374 5458 427 5507 et
450 5453 559 5510 iste
587 5449 796 5512 habuit
827 5435 1347 5546 pecgwmﬂuare
1377 5447 1655 5503 Dominus
1687 5446 1859 5503 dixit:

231 5559 257 5585 (ι
285 5539 470 5612 Neque
503 5541 597 5596 hic
628 5534 905 5612 peccavit,
928 5525 1117 5610 milia
1139 5542 1409 5609 parentes
1438 5537 1585 5605 ejus,
1622 5535 1766 5590 nnisi
1792 5536 1865 5590 ad

230 5642 344 5683 rem
372 5628 665 5702 respondit
713 5628 785 5683 de
818 5644 937 5699 qua
986 5626 1379 5699 interrogatus
1412 5629 1517 5697 est,
1551 5642 1652 5680 cur
1682 5641 1866 5680 caecus

1966 4650 2061 4704 hic
2093 4654 2179 4704 est
2210 4644 2492 4701 Chrisius.
2528 4643 2677 4699 Audi
2704 4644 3163 4715 promittentem,
3183 4648 3240 4701 et
3271 4663 3343 4701 ne
3374 4645 3616 4701 arbitro-

1966 4738 2049 4793 ris
2078 4736 2400 4792 absentem.
2440 4757 2459 4781 «
2494 4733 2638 4788 Ecce
2667 4748 2772 4804 ego
2823 4731 3121 4788 vobiscum
3176 4749 3307 4787 sum
3342 4730 3616 4787 omnibus

1968 4827 2176 4881 diebus
2211 4839 2396 4893 usque
2426 4822 2497 4876 ad
2549 4821 3115 4877 consummationem
3166 4820 3362 4876 szeculi
3396 4819 3614 4882 (Matth.

1968 4913 2182 4973 xxvm).
2224 4936 2247 4959 ››
2282 4911 2365 4965 lbi
2397 4910 2553 4965 enim
2587 4909 2695 4964 erit
2744 4925 2875 4975 nox,
2912 4909 3008 4963 ubi
3061 4925 3230 4964 nemo
3263 4907 3448 4980 possit
3477 4925 3619 4981 Ope-

1970 5003 2106 5072 rari,
2140 5001 2236 5056 sed
2269 4997 2521 5069 recipere
2565 4998 2715 5068 quod
2741 5001 3015 5070 operatus
3035 5000 3141 5052 est.
3166 4995 3337 5052 Aliud
3361 5001 3450 5053 est
3474 5001 3617 5053 tem-

1970 5109 2081 5165 pus
2130 5086 2506 5162 operationis,
2562 5085 2721 5140 aliud
2779 5085 3142 5158 receptionis.
3197 5086 3418 5142 Reddet
3463 5086 3618 5142 enim

1969 5180 2285 5251 unicuique
2317 5174 2639 5231 secundum
2670 5191 2843 5246 opera
2865 5192 2990 5231 sua.
3014 5175 3340 5231 Audiamus
3371 5172 3623 5251 sollicita

1971 5274 2164 5325 mente
2193 5262 2534 5337 Apostolum
2586 5281 2692 5319 nos
2738 5263 3142 5322 exhortantem
3175 5250 3625 5345 operariﬁDricit

1973 5358 2125 5413 enim
2155 5372 2167 5410 :
2206 5380 2231 5402 «
2268 5359 2411 5408 Dum
2443 5356 2677 5425 tempus
2727 5353 3036 5421 habemus,
3068 5370 3378 5427 operemur
3405 5345 3624 5433 bonum

1975 5443 2276 5517 (Gututm).
2306 5465 2331 5492 »
2359 5440 2505 5506 Quid
2538 5441 2694 5496 enim
2726 5442 2993 5498 Christus
3024 5442 3236 5498 dixerit
3258 5440 3625 5498 admonendo

1975 5536 2182 5598 bonos,
2214 5529 2484 5586 terrendo
2534 5530 2740 5600 malos,
2770 5532 3146 5607 audivimus;
3181 5531 3282 5586 sed
3321 5529 3624 5584 videamus

1983 5622 2121 5694 quid
2157 5619 2373 5676 fecerit.
