4028 6176
347 321 488 401 θο-ι,

904 319 1315 386 HAYMONIS
1358 322 1902 387 HALBERS'I‘AT.
1949 321 2193 385 EPISC.
2239 324 2413 387 OPP.
2460 324 2658 387 PARS
2702 323 2782 388 II.
2811 357 2893 372 -
2921 322 3195 389 HOMIL.

3639 319 3757 387 308

421 482 447 507 «
485 458 611 514 Haec
642 473 777 514 cum
811 457 1075 528 dixisset,
1117 457 1348 530 exspuit
1389 458 1446 513 in
1499 461 1739 526 terram,
1773 464 1829 513 et
1861 457 1993 513 fecit
2025 462 2075 525 Α
2108 458 2267 525 bant,
2302 458 2689 531 spiritualiter
2717 459 3031 516 violabant.
3066 482 3105 523 ‹‹,
3127 456 3235 513 Alii
3267 454 3574 513 dicebant:
3607 446 3780 522 Quo!

350 571 378 599 «
411 549 603 607 lutum
634 566 704 606 ex
734 551 931 621 sputo,
963 551 1021 602 et
1068 545 1257 602 linivit
1302 564 1480 619 super
1528 545 1729 603 oculos
1760 547 1908 619 ejus,
1943 551 2002 602 et

357 662 378 688 α
414 638 562 697 dixit
591 638 677 695 ei:
710 637 867 694 Vade
898 642 956 693 et
986 635 1115 692 lava
1135 635 1194 691 in
1236 634 1523 691 natatoria
1551 635 1725 703 Siloe,
1758 653 1884 708 quae
1911 636 2001 690 in-

357 752 386 782 ‹‹
412 732 765 803 terpretatur
792 728 1011 782 missus.
1047 747 1074 773 ››
1107 724 1253 790 Quid
1288 724 1423 779 fecit
1469 724 1755 780 Dominus
1787 716 2003 797 perspi-

353 837 531 877 cuum
563 822 670 875 est.
705 813 1060 871 Illuminatio
1088 813 1245 869 enim
1280 812 1431 869 facta
1480 818 1570 868 est
1608 813 1667 869 in
1698 830 1870 879 caeco,
1899 814 2001 869 sed

354 925 638 983 magnum
669 903 1013 978 mysterium
1053 903 1501 958 commendatur
1531 901 1589 957 in
1621 902 1882 958 humano
1902 919 2003 975 ge-

355 1015 513 1058 nere.
546 994 790 1067 Exspuit
817 993 878 1049 in
908 995 1147 1059 terram,
1179 995 1236 1046 et
1282 1007 1350 1046 ex
1409 989 1592 1046 saliva
1622 990 1813 1046 lutum
1846 989 2000 1057 fecit,

357 1088 498 1163 quia
527 1110 554 1137 ‹‹
587 1083 844 1140 Verbum
878 1097 1012 1137 caro
1042 1079 1257 1135 factum
1282 1084 1373 1135 est
1401 1084 1659 1148 (Joan.1),
1694 1102 1721 1130 »
1755 1085 1811 1135 et
1840 1078 2006 1135 unxit

359 1176 561 1236 oculos
592 1172 747 1230 caci.
782 1172 1064 1226 Inunctus
1095 1172 1299 1233 erat,et
1331 1168 1591 1223 nondum
1613 1166 2003 1235 videbat,mit-

357 1269 430 1324 tit
460 1265 628 1321 illum
659 1262 733 1319 ad
764 1257 1050 1333 piscinam
1081 1274 1209 1328 quae
1238 1260 1477 1311 vocatur
1516 1256 1685 1313 Siloe.
1722 1256 2007 1312 Pertinuit

360 1360 556 1413 autem
574 1352 645 1409 ad
659 1347 1076 1422 evangelistam
1100 1345 1511 1400 commendare
1535 1344 1703 1401 nobis
1725 1345 1903 1417 hujus
1915 1345 2005 1418 pi-

360 1444 535 1502 scina:
567 1435 1038 1511 intelligentiam,
1066 1440 1123 1489 et
1171 1433 1280 1490 ait:
1319 1456 1345 1482 ››
1378 1433 1539 1497 Quod
1592 1434 2006 1505 interpretatur

361 1533 605 1592 missus.
642 1528 804 1584 nJam
826 1525 958 1599 quis
979 1528 1068 1580 est
1090 1522 1309 1580 missus
1332 1522 1663 1596 agnoscitis.
1693 1522 1815 1578 Nisi
1846 1523 2003 1578 enim

360 1621 457 1679 ille
489 1620 698 1678 fnisset
724 1616 1142 1679 missus,nemo
1169 1615 1436 1667 nostrum
1459 1611 1667 1667 fuisset
1695 1611 1767 1667 ab
1798 1611 2007 1683 iniqui-

360 1715 478 1768 tate
507 1708 812 1765 dimissus.
847 1702 1009 1759 Lavit
1037 1717 1173 1773 ergoi
1204 1700 1403 1756 oculos
1429 1700 1487 1754 in
1520 1717 1587 1756 ea
1618 1700 2004 1773 piscina,quee

363 1801 778 1871 interpretatur
806 1794 1027 1848 missus.
1062 1789 1397 1863 Baptizatus
1444 1793 1533 1845 est
1563 1789 1620 1844 in
1652 1789 1920 1849 Christo:
1956 1787 2003 1845 si

361 1905 498 1961 ergo
520 1884 753 1959 quando
774 1899 907 1938 eum
931 1881 989 1935 in
1004 1879 1197 1952 seipso
1217 1878 1648 1950 quodammodo
1670 1876 2005 1951 baptizavit,

362 1984 503 2033 tunc
532 1970 921 2029 illuminavit:
949 1969 1185 2042 quando
1208 1967 1709 2034 inunxit,fortasse
1740 1967 2010 2023 catechu-

362 2079 604 2123 menum
631 2060 783 2117 fecit.
814 2059 1006 2116 Potest
1020 2057 1258 2129 quidem
1280 2057 1449 2111 aliter
1477 2061 1651 2129 atque
1681 2055 2008 2111 alitertanti

364 2150 716 2211 sacramenti
748 2147 957 2221 exponi
1008 2151 1066 2203 ct
1113 2145 1451 2219 pertractari
1486 2144 1872 2217 profunditas,
1907 2145 2009 2200 sed

364 2244 475 2300 hoc
504 2239 759 2298 sufﬁciat
796 2237 1063 2294 charitati
1094 2240 1315 2291 vestras.
1367 2233 1617 2306 Ungitur
1646 2234 2010 2290 catechume-

363 2349 499 2399 nus,
530 2331 588 2386 id
620 2334 710 2387 est
738 2329 979 2384 docetur
1004 2330 1069 2381 ut
1098 2325 1296 2380 credat
1323 2323 1381 2379 in
1414 2323 1709 2379 Christum
1736 2323 2012 2391 ;mittitur

364 2422 438 2478 ad
474 2419 758 2493 piscinam
791 2415 1162 2489 baptismi,ut
1193 2412 1577 2479 illuminetur,
1610 2418 1674 2467 ut
1702 2410 1900 2467 lumen
1924 2430 2011 2468 ve-

362 2526 495 2567 rum
528 2509 899 2581 agnoscat,ut
920 2502 1326 2560 remissionem
1349 2506 1717 2573 peccatorum
1739 2500 2005 2573 accipiat,

362 2603 430 2655 ut
456 2615 524 2654 ex
557 2596 675 2653 ﬁlio
704 2595 801 2651 ira:
834 2593 1124 2650 efﬁciatur
1169 2590 1328 2647 ﬁlius
1369 2589 1486 2656 Dei,
1521 2589 2007 2663 illuminatusque

356 2688 551 2744 veniat
580 2683 895 2759 praedicare
919 2681 1240 2738 Christum.

428 2800 455 2827 ‹‹
492 2777 692 2848 Itaque
719 2772 916 2841 vicini,
949 2776 1007 2827 et
1035 2769 1135 2843 qui
1180 2770 1457 2825 videbant
1482 2785 1615 2824 eum
1649 2768 1833 2841 prius,
1867 2769 2006 2841 quia

363 2887 386 2915 ε
420 2863 728 2922 mendicus
755 2866 900 2927 erat,
936 2859 1249 2916 dicebant:
1282 2858 1486 2913 Nonne
1533 2857 1627 2913 hic
1660 2862 1749 2913 est
1779 2859 1880 2925 qui
1914 2875 2004 2914 se-

360 2977 390 3007 a
420 2953 596 3010 debat
624 2956 682 3007 et
710 2948 1247 3006 mendicabatYAlii
1270 2948 1540 3003 dicebant
1564 2946 1725 3019 :quia
1754 2945 1848 3002 hic
1874 2952 1964 3003 est
1988 2964 2000 3002 :

359 3066 389 3095 «
421 3042 517 3099 alii
550 3045 785 3107 autem;
820 3054 1213 3111 nequaquam,
1244 3036 1346 3092 sed
1396 3035 1608 3092 similis
1653 3038 1743 3091 est
1789 3036 1937 3106 ejus.
1972 3058 2001 3087 »

359 3130 555 3206 Aperti
586 3127 737 3186 oculi
763 3126 986 3184 vultum
1023 3126 1348 3183 mutabant.
1387 3148 1414 3175 «
1448 3123 1548 3181 Ille
1576 3142 1709 3181 vero
1739 3125 1999 3181 dicebat:

364 3194 564 3293 «.quia
591 3235 697 3292 ego
728 3216 1043 3275 sum.»Vox
1062 3220 1327 3289 grata,ne
1357 3214 1738 3269 damnaretur
1759 3213 2006 3285 ingrata.
2040 3194 2083 3259 α

435 3332 463 3359 ‹‹
503 3309 778 3365 Dicebant
792 3303 1320 3377 ergoeizouomodo
1343 3301 1526 3373 aperti
1555 3306 1693 3357 sunt
1713 3300 1864 3356 oculi
1879 3300 1963 3355 tui
1984 3300 2012 3354 ?

363 3421 392 3450 «
427 3395 750 3469 Respondit
768 3394 890 3450 :llle
911 3394 1086 3448 homo
1108 3392 1207 3464 qui
1223 3391 1435 3447 dicitur
1453 3389 1839 3453 Jesus,lutum
1856 3388 2008 3456 fecit,

362 3506 392 3534 «
421 3488 479 3540 et
508 3483 675 3538 unxit
689 3480 891 3538 oculos
926 3496 1108 3545 meos,
1133 3483 1191 3534 et
1229 3478 1374 3533 dixit
1394 3476 1537 3531 mihi
1564 3493 1577 3531 :
1612 3475 1772 3531 Vade
1803 3478 1873 3531 ad
1908 3494 2009 3532 na-

362 3594 392 3622 «
424 3570 698 3626 tatoriam
729 3568 904 3636 Siloe,
937 3572 994 3623 et
1014 3566 1161 3622 lava.
1192 3567 1262 3620 Et
1290 3564 1426 3630 abii,
1461 3569 1517 3619 et
1555 3562 1688 3630 lavi,
1721 3568 1780 3620 et
1807 3564 1943 3619 vidi.
1978 3587 2005 3614 »

360 3660 505 3716 Ecce
550 3656 930 3714 annuntiator
979 3656 1167 3711 factus
1214 3658 1303 3709 est
1344 3652 1568 3726 gratiae,
1626 3652 2006 3726 evangelizat,

360 3747 691 3804 conﬁtetur.
724 3744 942 3800 Videns
990 3759 1177 3799 caecus
1231 3740 1329 3798 ille
1374 3741 1781 3810 conﬁtebatur,
1816 3747 1873 3797 et
1912 3759 2010 3798 cor

358 3835 674 3909 impiorum
698 3830 1261 3907 stringebatur,quia
1290 3846 1406 3886 non
1430 3829 1724 3886 habebant
1752 3830 1810 3885 in
1835 3832 2008 3888 corde

360 3924 517 3997 quod
540 3924 667 3996 jam
700 3921 949 3979 habebat
978 3921 1037 3977 in
1072 3919 1236 3976 facie.

433 4036 459 4063 ‹‹
493 4012 775 4068 Dixerunt
804 4010 889 4067 ei:
918 4010 1026 4068 Ubi
1050 4014 1139 4066 est
1168 4009 1265 4065 ille
1285 4011 1313 4065 ?
1336 4009 1429 4065 Ait
1456 4026 1469 4064 :
1495 4008 1719 4065 Nescio.
1758 4034 1783 4057 υ
1821 4012 1878 4066 In
1914 4010 2006 4067 his

360 4100 556 4157 verbis
586 4100 823 4156 animus
868 4100 1058 4173 ipsius
1106 4098 1298 4156 adhuc
1346 4098 1585 4153 inuncto
1617 4098 1828 4154 similis
1858 4104 2004 4165 erat,

360 4191 623 4248 nondum
638 4188 854 4245 videnti
865 4189 989 4244 .Sed
998 4187 1829 4262 ponamus,fratres,tanquam
1845 4185 2005 4242 illam

359 4277 759 4334 inunctionom
809 4276 867 4332 in
917 4277 1113 4333 animo
1156 4275 1449 4343 habuerit,
1504 4280 1561 4330 et
1609 4274 1898 4347 praedicat,
1949 4281 2007 4330 et

359 4365 546 4423 nescit
575 4382 750 4437 quem
784 4367 1079 4438 pradicat.

427 4478 456 4506 «
487 4453 803 4509 Adducunt
830 4471 965 4526 ergo
995 4471 1130 4509 eum
1182 4453 1253 4507 ad
1306 4451 1649 4518 Pharisaaos,
1682 4452 1783 4524 qui
1817 4468 2003 4507 cereus

361 4564 389 4593 «
421 4543 629 4597 fuerat.
661 4542 798 4596 Erat
827 4546 1021 4596 autem
1047 4541 1381 4608 sabbatum,
1401 4540 1635 4612 quando
1659 4538 1849 4594 lutum
1873 4539 2006 4595 fecit
2035 4559 2083 4626 Β

355 4652 383 4680 ‹‹
417 4628 612 4693 Jesus,
645 4632 701 4682 et
731 4627 957 4700 aperuit
1003 4626 1203 4684 oculos
1235 4629 1381 4699 ejus.
1412 4628 1628 4683 Iterum
1660 4645 1795 4701 ergo
1827 4629 2002 4683 inter-

354 4741 382 4767 ‹‹
418 4715 703 4788 rogabant
748 4732 880 4770 eum
932 4714 1204 4771 Pharisaei
1258 4716 1551 4787 quomodo
1597 4715 1861 4772 vidisset.
1898 4716 2001 4773 Ille

354 4828 383 4854 «
416 4807 613 4860 autem
643 4802 821 4885 dixit:
876 4804 1090 4860 Lutum
1144 4803 1287 4858 mihi
1336 4804 1534 4876 posuit
1579 4821 1755 4876 super
1799 4804 1998 4861 oculos

358 4913 381 4942 ι
418 4906 599 4959 meos,
632 4893 690 4947 et
717 4890 907 4958 lavi,et
932 4891 1116 4947 video.
1140 4890 1413 4947 Dicebant
1433 4909 1569 4965 ergo
1598 4909 1666 4949 ex
1694 4892 1998 4948 Phariszeis

354 5001 383 5028 «
415 4978 679 5049 quidam.
716 5002 744 5029 ››
776 4980 901 5035 Non
952 4996 1179 5046 omnes,
1213 4981 1313 5036 sed
1363 4979 1639 5052 quidam:
1682 4982 1806 5053 jam
1840 4981 1997 5036 enim

352 5066 788 5140 inungebantur
817 5068 1081 5140 quidam.
1117 5068 1262 5136 Quid
1299 5086 1434 5142 ergo
1465 5068 1755 5137 dicebant,
1781 5086 1884 5125 nec
1914 5068 1997 5124 vi-

353 5154 578 5220 dentes,
612 5172 716 5209 nec
749 5156 954 5211 uncti?
982 5181 1009 5205 ‹‹
1045 5158 1170 5213 Non
1203 5162 1292 5213 est
1316 5156 1424 5212 iste
1455 5156 1630 5212 homo
1661 5174 1695 5212 a
1725 5161 1859 5221 Deo,
1894 5158 1995 5229 qui

352 5267 380 5292 «
415 5243 724 5299 sabbatum
759 5260 871 5299 non
904 5245 1351 5317 custoditmlpse
1382 5243 1579 5317 potius
1609 5246 1993 5314 custodiebat,

351 5331 449 5402 qui
479 5331 605 5387 sine
637 5336 871 5404 peccato
903 5337 1048 5399 erat,
1081 5334 1388 5389 sabbatum
1421 5332 1744 5406 spirituale,
1768 5334 1876 5390 hoc
1907 5340 1997 5390 est

348 5434 464 5473 non
494 5418 707 5475 habere
738 5424 1061 5492 peccatum.
1086 5444 1114 5472 ‹‹
1141 5421 1346 5477 Omnis
1368 5422 1469 5494 qui
1505 5422 1641 5478 facit
1669 5427 1992 5494 peccatum,

346 5522 547 5563 servus
569 5512 658 5563 est
678 5508 895 5580 peccati
920 5514 1103 5581 (loan.
1132 5516 1272 5579 VIII).
1292 5511 1437 5567 nSed
1462 5510 1556 5567 isti
1584 5527 1688 5566 nec
1710 5511 1992 5583 videntes,

345 5600 410 5652 ut
443 5595 581 5668 dixi,
609 5612 713 5654 nec
746 5596 989 5667 inuncti,
1024 5599 1332 5656 sabbatum
1384 5598 1693 5654 carnaliter
1723 5600 1992 5656 observa-

2110 570 2139 597 «
2173 547 2344 604 modo
2375 552 2567 619 potest
2598 548 2772 605 homo
2803 555 3072 620 peccator
3101 546 3224 602 haec
3264 544 3434 618 signa
3464 544 3696 601 facere?
3727 568 3757 595 »

2109 636 2252 692 Ecce
2282 641 2423 693 sunt
2454 637 2704 693 inuncti.
2739 660 2766 687 ‹‹
2798 638 2868 693 Et
2897 636 3155 693 schisma
3187 640 3313 690 erat
3344 634 3404 689 in
3435 632 3541 690 eis.
3570 656 3597 683 ››
3630 633 3761 690 Dies

2109 724 2204 780 ille
2231 725 2455 781 divisus
2486 731 2611 781 erat
2637 725 2789 782 inter
2820 724 3009 782 lucem
3040 729 3097 780 et
3126 723 3419 780 tenebras.

2182 854 2210 879 ‹‹
2244 831 2455 887 Dicunt
2484 848 2619 903 ergo
2647 848 2796 887 caeco
2827 830 3040 887 iterum
3066 848 3078 885 :
3113 831 3201 885 Tu
3233 828 3376 901 quid
3399 827 3546 889 dicis
3568 829 3639 884 de
3670 845 3759 897 eo,

2111 940 2139 967 «
2172 919 2272 991 qui
2303 920 2534 992 aperuit
2563 919 2763 976 oculos
2796 924 2928 974 tuos
2948 919 2976 974 Ἰ
2997 918 3137 991 quid
3162 918 3234 973 de
3257 916 3371 993 illo.
3387 917 3570 974 sentis
3591 918 3763 991 ?quid

2110 1030 2140 1057 «
2174 1007 2476 1063 existimas
2496 1009 2524 1063 ?
2555 1007 2696 1080 quid
2727 1008 2951 1063 indicas
2974 1007 3002 1062 ?
3034 1030 3062 1057 »
3094 1006 3441 1073 Quaerebant
3480 1007 3766 1078 quemado
3794 1030 3807 1035 -

2113 1096 2353 1153 modum
2376 1096 2603 1152 homini
2622 1096 3217 1161 calumniarentur,ut
3238 1096 3310 1151 de
3333 1111 3629 1168 synagoga
3649 1093 3769 1168 pel-

2110 1184 2348 1253 leretur,
2364 1187 2464 1242 sed
2490 1203 2524 1241 a
2546 1185 2771 1241 Christo
2795 1184 3291 1241 inveniretur.Sed
3315 1182 3411 1239 ille
3432 1188 3771 1239 constanter

2112 1276 2268 1346 quod
2301 1275 2589 1331 sentiebat
2609 1274 2992 1347 expressi.Ait
3019 1275 3215 1329 enim:
3241 1296 3270 1323 (ι
3304 1272 3451 1339 Quia
3482 1272 3770 1344 propheta

2114 1386 2141 1412 «
2174 1362 2516 1427 est,»adbuc
2549 1362 2786 1435 quidem
2809 1361 3089 1418 inunctus
3109 1361 3167 1416 in
3190 1361 3649 1427 corde,nondum
3669 1361 3769 1417 Dei

2113 1450 2322 1506 Filium
2354 1452 2681 1519 conﬁtetur,
2716 1468 2819 1506 nec
2851 1449 3379 1507 mentitur.Tamen
3415 1450 3545 1522 ipse
3570 1449 3768 1505 Domi-

2114 1557 2227 1595 nus
2258 1541 2328 1595 de
2358 1539 2550 1612 seipso
2581 1539 2662 1595 ait
2686 1556 2744 1595 ;‹‹
2768 1540 2890 1595 Νοη
2924 1544 3014 1595 est
3045 1537 3332 1611 propheta
3363 1537 3490 1594 sine
3521 1538 3769 1607 honore,

2114 1628 2225 1684 nisi
2260 1628 2318 1684 in
2353 1629 2542 1700 patria
2572 1646 2678 1684 sua
2710 1630 2917 1700 (Matth.
2949 1628 3048 1699 xu).
3086 1650 3114 1677 »

2184 1758 2211 1784 ‹‹
2245 1734 2367 1791 Νοη
2399 1735 2775 1790 crediderunt
2802 1750 2938 1807 ergo
2966 1733 3152 1789 Judzei
3175 1733 3247 1789 de
3281 1732 3550 1805 illo,quia
3579 1751 3772 1790 caecus

2034 1828 2083 1893 B
2113 1846 2142 1873 ‹‹
2177 1823 2403 1889 fuisset,
2427 1828 2483 1880 et
2502 1823 2952 1889 vidisset,donec
2977 1827 3325 1878 vocaverunt
3346 1827 3618 1895 parentes
3637 1824 3774 1895 ejus

2124 1932 2146 1960 α
2180 1912 2279 1985 qui
2309 1912 2549 1982 viderat,
2582 1916 2638 1967 et
2670 1913 3175 1985 interrogaverunt
3193 1928 3313 1977 eos,
3345 1911 3640 1968 dicentes:
3668 1912 3776 1967 Hic

2118 2025 2143 2051 α
2174 2007 2262 2058 est
2293 2001 2448 2057 ﬁlius
2477 2007 2685 2069 vester,
2720 2018 2894 2073 quem
2926 2019 3028 2057 vos
3056 2001 3249 2057 dicitis
3287 2001 3427 2073 quia
3456 2018 3643 2057 caecus
3667 2019 3776 2057 na-

2118 2114 2145 2140 ‹‹
2180 2094 2275 2145 tus
2306 2096 2395 2146 est
2413 2091 2743 2155 ?Quomodo
2766 2106 2903 2163 ergo
2925 2107 3081 2145 nunc
3102 2090 3304 2145 videt?
3324 2076 3780 2160 Responderunt

2117 2202 2144 2228 ‹‹
2180 2179 2262 2234 eis
2296 2184 2561 2251 parentes
2592 2180 2741 2249 ejus,
2773 2182 2832 2234 et
2875 2178 3182 2234 dixerunt:
3217 2178 3451 2233 Scimus
3498 2178 3640 2249 quia
3672 2178 3774 2233 hic

2118 2290 2145 2317 «
2178 2272 2266 2322 est
2297 2267 2451 2323 ﬁlius
2477 2271 2754 2335 noster,et
2782 2266 2919 2339 quia
2945 2284 3132 2323 caecus
3158 2271 3328 2322 natus
3349 2268 3775 2332 est.Quomodo

2117 2380 2143 2405 ‹‹
2173 2372 2308 2427 ergo
2340 2372 2494 2409 nunc
2513 2356 2725 2419 videat,
2752 2356 3048 2411 nescimus
3074 2360 3197 2411 :aut
3226 2355 3360 2427 quis
3386 2356 3514 2427 ejus
3544 2356 3784 2428 aperuit

2117 2468 2144 2494 «
2178 2443 2397 2511 oculos,
2433 2460 2538 2499 nos
2570 2443 2869 2502 nescimus
2892 2443 3110 2516 ;ipsum
3141 2443 3516 2516 interrogate,
3541 2447 3781 2500 aetatem

2116 2554 2143 2583 ‹‹
2176 2532 2371 2600 habet,
2408 2532 2530 2604 ipse
2560 2533 2632 2587 de
2659 2548 2721 2588 se
2752 2531 3049 2605 loquatur.
3086 2554 3114 2581 »
3140 2532 3317 2597 Quasi
3348 2531 3781 2588 dicerent:Sci-

2115 2638 2250 2677 mus
2281 2620 2420 2693 quia
2441 2620 2533 2676 hic
2567 2619 2724 2676 ﬁlius
2757 2624 2954 2676 noster
2981 2625 3087 2689 est,
3122 2625 3180 2676 et
3206 2620 3346 2693 quia
3373 2636 3560 2676 caicus
3590 2626 3781 2677 natus

2114 2714 2240 2766 est:
2275 2711 2373 2765 sed
2400 2710 2562 2779 jusle
2590 2726 2934 2782 cogeremur
2960 2709 3123 2781 loqui
3156 2726 3259 2781 pro
3289 2710 3532 2776 infante,
3554 2709 3604 2765 si
3636 2710 3768 2781 ipse

2115 2816 2218 2871 pro
2249 2815 2310 2854 se
2337 2796 2494 2870 loqui
2527 2815 2642 2853 non
2677 2803 2892 2870 posset.
2927 2802 3041 2854 Iste
3091 2796 3231 2853 olim
3261 2814 3448 2853 caecus
3476 2796 3767 2870 loquitur,

2114 2889 2287 2943 modo
2319 2886 2723 2943 videt.Ca2cum
2754 2904 2788 2941 a
2810 2886 3109 2942 nativitate
3132 2885 3776 2957 novimus,loquentem

2110 2976 2247 3032 olim
2279 2977 2517 3041 scimus,
2550 2975 2841 3031 videntem
2887 2975 3074 3030 modo
3112 2974 3399 3030 videmus.
3444 2973 3645 3047 Ipsum
3698 2975 3783 3029 in-

2109 3069 2415 3138 terrogate,
2451 3069 2513 3120 ut
2543 3062 2955 3119 instruamini.

2199 3185 2226 3213 ‹‹
2261 3164 2386 3217 llaec
2416 3162 2691 3218 dixerunt
2718 3165 2990 3233 parentes
3019 3161 3324 3234 ejus,quia
3348 3161 3638 3218 timebant
3665 3162 3783 3218 Ju-

2121 3273 2150 3301 «
2185 3251 2359 3306 daaos.
2391 3250 2521 3305 Jam
2544 3249 2700 3306 enim
2733 3249 3209 3322 conspiraverant
3236 3249 3444 3317 Judaei,
3466 3254 3529 3304 ut
3558 3250 3607 3305 si
3641 3251 3780 3323 quis

2119 3362 2147 3387 ‹‹
2182 3356 2316 3395 eum
2343 3339 2719 3394 conﬁteretur
2746 3355 2875 3394 esse
2894 3338 3379 3404 Christum,extra
3411 3356 3775 3412 synagogam

2121 3450 2147 3475 ‹‹
2180 3427 2364 3481 ﬁeret.
2389 3427 2701 3498 Propterea
2717 3432 2990 3499 parentes
3012 3427 3142 3498 ejus
3172 3427 3447 3483 dixerunt
3470 3427 3784 3499 :quiazeta-

2124 3519 2299 3569 «tem
2333 3514 2525 3583 habet,
2554 3514 2749 3588 ipsum
2802 3515 3172 3590 interrogate.
3225 3515 3588 3572 Vocaverunt
3637 3533 3780 3589 ergo

2121 3627 2147 3653 tt
2184 3619 2421 3659 rmsum
2453 3604 2752 3660 hominem
2771 3605 2872 3676 qui
2903 3605 3095 3661 fuerat
3113 3610 3385 3672 caecus,et
3405 3605 3683 3660 dixerunt
3707 3605 3779 3662 ei:

2123 3714 2150 3741 ‹‹
2184 3696 2263 3747 Da
2293 3692 2539 3764 gloriam
2573 3693 2710 3749 Deo.
2741 3716 2767 3741 »
2798 3693 2945 3758 Quid
2995 3697 3084 3748 est
3117 3714 3144 3742 ‹‹
3176 3693 3250 3747 da
3280 3692 3524 3766 gloriam
3555 3693 3722 3750 Deo?
3751 3719 3775 3748 ι

2118 3781 2278 3854 Nega
2308 3782 2464 3852 quod
2489 3781 2787 3853 accepisti.
2803 3781 2920 3837 Hoc
2934 3780 3106 3853 plane
3129 3798 3241 3836 non
3272 3786 3361 3837 est
3385 3781 3502 3837 Deo
3523 3780 3779 3855 gloriam

2117 3870 2276 3937 dare,
2303 3870 2404 3926 sed
2432 3876 2610 3926 Deum
2634 3870 2831 3943 potius
2854 3869 3324 3943 blasphemare.«
3342 3869 3444 3937 Da,
3469 3870 3775 3943 inquiunt,

2115 3957 2362 4033 gloriam
2396 3959 2512 4015 Deo
2542 3960 2720 4027 (Joan.
2751 3960 2829 4031 v).
2870 3981 2896 4008 ››

2189 4081 2216 4106 ‹‹
2250 4057 2365 4112 Nos
2391 4056 2612 4112 scimus
2640 4054 2781 4127 quia
2827 4055 2923 4111 hic
2971 4055 3147 4112 homo
3178 4061 3449 4128 peccator
3473 4060 3585 4113 est.
3620 4056 3785 4114 Dixit

2118 4169 2144 4194 α
2176 4161 2313 4215 ergo
2344 4144 2428 4200 eis
2457 4144 2557 4200 ille
2580 4162 2594 4174 ε
2629 4145 2687 4200 Si
2715 4149 2986 4215 peccator
3013 4150 3122 4213 est,
3157 4145 3374 4201 nescio.
3405 4145 3600 4201 Unum
3627 4148 3778 4215 scio,

2118 4257 2145 4284 ‹(
2179 4234 2319 4306 quia
2345 4250 2535 4288 caecus
2585 4250 2716 4289 cum
2774 4250 2987 4297 essem,
3038 4234 3211 4290 modo
3257 4234 3447 4289 video.
3489 4234 3781 4292 Dixerunt

2115 4346 2141 4372 ‹‹
2175 4339 2311 4394 ergo
2340 4322 2391 4377 ei
2416 4322 2585 4389 :Quid
2613 4320 2744 4378 fecit
2766 4322 2870 4378 tibi
2895 4322 2923 4377 ‘I
2945 4324 3239 4394 quomodo
3260 4322 3616 4396 aperuittibi
3638 4340 3778 4380 ocu-

2114 4434 2142 4461 ‹‹
2176 4410 2263 4466 los
2280 4410 2309 4465 ?
2331 4433 2357 4459 η
2394 4411 2459 4465 Et
2488 4410 2585 4466 ille
2598 4412 2725 4482 jam
2753 4411 3130 4467 stomachans
3151 4411 3461 4468 adversum
3483 4411 3774 4468 duritiam

2112 4499 2473 4564 Judaaorum,
2506 4502 2563 4553 et
2605 4514 2673 4552 ex
2720 4514 2871 4553 caeco
2922 4498 3147 4566 videns,
3190 4515 3305 4555 non
3340 4499 3532 4555 ferens
3561 4516 3773 4557 caecos.

2184 4629 2210 4654 ‹‹
2247 4604 2571 4677 Respondit
2600 4603 2719 4659 eis:
2747 4603 2873 4659 Dixi
2905 4605 3298 4675 vobisjam,et
3317 4605 3589 4661 audistis.
3617 4606 3769 4670 Quid

2110 4717 2136 4743 ‹‹
2170 4694 2381 4748 iterum
2407 4693 2581 4749 vuitis
2603 4693 2843 4748 audire?
2862 4692 3137 4765 Nunquid
3161 4698 3220 4750 et
3247 4710 3348 4749 vos
3380 4693 3557 4750 vultis
3586 4695 3768 4751 disci-

2109 4806 2135 4831 ‹‹
2171 4781 2291 4854 puli
2323 4782 2451 4852 ejus
2483 4781 2601 4837 ﬁeri
2623 4782 2651 4837 ?
2682 4804 2709 4831 »
2742 4780 2891 4847 Quid
2916 4786 3007 4837 est
3039 4803 3066 4833 ‹‹
3099 4782 3389 4855 nunquid,
3418 4806 3446 4833 »
3477 4783 3592 4839 nisi
3625 4785 3770 4855 quia

2108 4887 2214 4944 ego
2240 4872 2361 4942 jam
2393 4888 2525 4925 sum
2546 4871 2574 4925 ?
2603 4870 2879 4943 Nunquid
2914 4874 2972 4926 et
2995 4888 3096 4926 vos
3120 4872 3248 4944 jam
3274 4871 3437 4928 video
3461 4872 3489 4926 ?
3521 4873 3624 4928 sed
3649 4890 3767 4928 non

2106 4959 2271 5015 video
2300 4976 2402 5015 vos
2432 4959 2648 5015 videre.

2179 5090 2205 5116 ‹‹
2242 5066 2663 5122 Maledixerunt
2691 5063 2764 5129 ei,
2796 5069 2853 5121 et
2881 5064 3189 5122 dixerunt:
3225 5067 3309 5122 Tu
3343 5065 3674 5138 discipulus
3694 5066 3754 5121 il-

2107 5180 2134 5204 ‹‹
2170 5154 2283 5210 lius
2315 5155 2450 5210 sis.»
2486 5153 2623 5209 Tale
2654 5153 3030 5209 maledictum
3063 5171 3240 5227 super
3270 5160 3460 5220 nos,et
3489 5173 3669 5227 super
3692 5157 3757 5210 ﬁ-

2106 5243 2215 5299 lios
2248 5248 2500 5299 nostros.
2535 5241 2905 5297 Maledictum
2936 5246 3025 5297 est
3051 5244 3207 5298 enim
3237 5244 3285 5298 si
3318 5261 3419 5299 eor
3446 5244 3751 5311 discutias,

2106 5350 2219 5388 non
2244 5331 2291 5387 si
2313 5331 2491 5387 verba
2506 5329 2891 5403 perpendas.«
2915 5331 3030 5385 Nos
3050 5336 3245 5387 autem
3267 5331 3541 5405 discipuli
3566 5332 3748 5404 Moysi

2106 5443 2133 5470 «
2168 5424 2393 5475 sumus.
2415 5420 2530 5474 Nos
2552 5417 2772 5474 scimus
2790 5418 3121 5491 quiaMoysi
3146 5419 3377 5475 locutus
3399 5425 3488 5475 est
3520 5421 3693 5476 Deus.
3724 5443 3752 5469 »

2105 5509 2340 5565 Ilabetis
2370 5508 2527 5564 enim
2562 5506 2873 5563 Dominum
2907 5507 3233 5563 dicentem:
3267 5532 3294 5558 «
3329 5508 3388 5565 Si
3433 5508 3749 5564 crederetis

2104 5598 2309 5670 Moysi,
2365 5595 2677 5653 crederetis
2727 5600 2784 5651 et
2831 5594 2973 5651 mihi
3022 5596 3227 5667 (Ibid).
3266 5619 3291 5646 η
3324 5597 3403 5654 De
3455 5614 3548 5653 me
3595 5596 3750 5653 enim
