4028 6176
375 385 488 449 3H
935 384 1343 449 HAYMONIS
1385 382 1923 451 HALBERS'I‘AT.
1969 377 2214 441 EPJSC.
2261 377 2434 439 OPP.
2478 376 2682 439 PARS
2726 377 2802 438 Il.
2836 409 2914 422 -—
2942 374 3212 437 HOMIL.
3651 372 3795 433 3l2‘

377 519 559 581 Filius
591 537 715 593 qua:
760 519 969 576 viderit
1008 520 1239 576 Patrem
1293 518 1618 583 facientem,
1671 515 1770 572 sed
1813 513 2017 571 eadem
2045 511 2103 589 Α,
2131 511 2620 583 suscitare,quam
2650 510 2961 583 languidos
2982 506 3327 567 sanare.Sed
3350 505 3501 563 sicut
3531 507 3776 563 suscitat

377 610 877 687 OperaipsaPater
901 614 959 665 et
985 609 1163 665 Filius
1181 606 1847 677 similiter.Quzncunqne
1866 603 2023 659 enim
2132 601 2301 656 Pater
2331 605 2592 656 mortuos
2632 603 2688 655 et
2718 599 2987 662 vivificat,
3020 599 3103 654 sic
3150 602 3207 687 et
3256 596 3437 687 Filius
3473 612 3624 687 quos
3651 597 3778 653 vult

379 684 716 763 ille-fecerit,
750 697 870 754 haec
908 702 965 754 et
1003 697 1182 753 Filius
1228 695 1500 752 similiter
1532 694 1684 750 facit.
1717 694 1841 748 Non
1890 707 2023 747 cum
2132 689 2399 746 vivificat.
2431 690 2555 745 Non
2587 689 2743 745 enim
2769 687 2914 744 alios
2940 685 3280 753 Pater,alios
3311 684 3487 741 Filius
3506 685 3774 751 vivificat,

378 787 478 845 ille
508 786 707 844 fecerit
735 772 1056 854 aiia,Filius
1076 783 1346 841 similiter
1366 783 1643 850 facit;sed
1668 797 2027 854 qumcunque
2130 778 2232 834 sed
2283 796 2401 835 una
2449 783 2704 850 potestas
2754 793 2934 833 unam
2980 774 3422 831 vivificationem
3466 773 3619 839 facit,
3652 791 3780 847 quis

380 877 478 933 ille
505 872 722 942 fecerit,
754 875 874 931 haec
926 878 983 932 et
1028 874 1207 930 Filius
1251 872 1522 928 similiter
1566 871 1719 927 facit.
1753 872 1865 927 Sed
1906 870 2026 925 haec
2132 866 2309 922 etiam
2342 871 2595 939 potestas
2627 883 2742 922 uno
2777 866 2995 922 honore
3028 863 3368 919 honoranda
3413 867 3520 918 est.
3557 863 3624 918 Et
3653 864 3781 920 ideo

381 966 520 1023 facit
550 964 733 1021 Filius
759 981 885 1036 qua:
926 963 1125 1020 fecerit
1165 964 1351 1029 Pater,
1377 978 1478 1033 per
1510 960 1720 1016 Filium
1755 959 1889 1015 facit
1919 960 2024 1015 Pa-
2135 961 2560 1027 consequenter
2588 954 2929 1027 subjunxit:

377 1059 485 1111 ter.
518 1053 578 1110 Si
610 1070 714 1126 per
742 1052 954 1117 Filium
1006 1052 1163 1119 facit,
1197 1068 1322 1124 qum
1375 1050 1511 1106 facit
1551 1050 1736 1115 Pater,
1767 1065 1880 1105 non
1914 1047 2028 1104 alia
2206 1066 2234 1094 «
2268 1044 2435 1100 Pater
2463 1044 2620 1100 enim
2654 1061 2769 1099 non
2791 1042 3019 1113 judicat
3067 1058 3446 1115 quemquam,
3477 1042 3575 1097 sed
3606 1059 3785 1099 omne

378 1144 566 1209 Pater,
599 1140 715 1198 alia
742 1139 923 1197 Filius
946 1140 1099 1205 facit,
1118 1141 1217 1196 sed
1250 1139 1453 1195 eadem
1476 1156 1652 1210 opera
1681 1141 1819 1193 sunt
1838 1136 2027 1191 Patris
2135 1131 2479 1203 «judicium
2511 1132 2671 1213 dedit
2702 1131 2880 1188 Filio:
2917 1136 2981 1189 ut
3018 1148 3222 1188 omnes
3270 1131 3655 1187 honorificent
3686 1131 3782 1186 Fi-

382 1236 438 1290 et
469 1231 618 1287 Filii.
651 1234 719 1286 Et
747 1230 1040 1302 quomodo
1070 1245 1138 1285 ea
1168 1228 1302 1285 facit
1332 1232 1387 1284 et
1426 1229 1605 1284 Filius
1652 1232 1710 1283 et
1738 1226 1941 1282 eadem
1971 1228 2030 1281 et
2136 1245 2163 1273 α
2198 1220 2365 1287 lium,
2392 1221 2544 1276 sicut
2574 1221 2959 1276 honorificant
2987 1218 3349 1286 Patrem.Qui
3373 1236 3487 1274 non
3512 1219 3788 1275 honorifi-

379 1319 653 1379 similiter
677 1318 705 1374 ‘I
734 1318 814 1374 Ne
846 1318 993 1374 forte
1029 1318 1253 1384 eadem,
1287 1317 1386 1371 sed
1433 1316 1580 1372 dicis
1611 1340 1639 1367 ‹‹
1673 1313 1961 1371 similiter.
1998 1336 2025 1363 »
2137 1334 2165 1361 «
2199 1314 2290 1365 cat
2323 1309 2555 1377 Filium,
2591 1327 2705 1365 non
2737 1309 3081 1365 honorificat
3111 1308 3359 1375 Patrem,
3394 1308 3492 1379 qui
3527 1308 3782 1364 misitil-

382 1406 1283 1483 Eadem,inquit,etsimiliterzet
1308 1406 1600 1478 quomodo
1626 1403 2026 1477 possiteadem
2137 1422 2163 1449 ‹‹
2198 1398 2341 1454 lum.
2372 1421 2399 1448 ››
2432 1400 2599 1455 Pater
2629 1415 2743 1454 non
2767 1397 2997 1469 judicat
3027 1411 3403 1470 quemquam,
3426 1396 3567 1468 quia
3598 1397 3786 1453 Patris

381 1515 498 1557 non
530 1496 821 1563 similiter,
855 1496 996 1552 dum
1029 1495 1229 1553 omnia
1252 1511 1377 1567 qua:
1411 1495 1581 1549 Pater
1616 1493 1771 1559 facit,
1804 1510 1906 1565 per
1937 1492 2027 1548 Fi-
2137 1505 2386 1561 persona
2418 1488 2476 1542 in
2506 1487 2742 1543 homine
2767 1485 3217 1559 suscipitur,nec
3246 1486 3305 1540 in
3327 1484 3552 1556 judicio
3572 1487 3790 1543 videbi-

383 1586 527 1643 lium
561 1585 714 1653 facit,
747 1585 1134 1642 sicutdictum
1166 1584 1526 1640 est:«0mnia
1544 1600 1645 1655 per
1666 1583 1858 1655 ipsum
1882 1581 2033 1638 facta
2138 1583 2253 1641 tur,
2286 1577 2387 1632 sed
2421 1575 2545 1632 sola
2574 1575 2698 1630 Filii
2737 1576 2943 1643 forma,
2976 1592 3101 1647 quae
3139 1574 3399 1645 judicata
3427 1580 3515 1629 est
3546 1576 3785 1647 injuste,

381 1680 540 1741 sunt,
568 1678 626 1732 et
656 1675 783 1731 sine
814 1674 939 1746 ipso
970 1674 1188 1730 factum
1219 1675 1309 1728 est
1338 1671 1485 1727 nihil
1515 1670 1719 1742 (Ibid).
1754 1693 1781 1719 »
1802 1671 1934 1726 Ideo
1957 1669 2032 1725 si-
2138 1669 2195 1721 et
2215 1666 2377 1736 juste
2399 1664 2629 1736 judicat
2659 1665 2816 1719 vivos
2843 1681 2908 1720 ac
2940 1667 3222 1719 mortuos.
3255 1664 3366 1718 Nec
3414 1664 3572 1720 enim
3604 1664 3790 1720 Filius

383 1764 603 1821 militer
632 1763 811 1818 dixit:
846 1762 988 1834 quia
1012 1762 1215 1818 eadem
1247 1761 1386 1816 facit
1426 1760 1607 1817 Filius
1656 1777 1782 1832 qua:
1811 1758 1949 1814 facit
1976 1762 2033 1814 et
2138 1754 2429 1810 videbitur
2459 1754 2516 1809 in
2538 1753 2765 1825 judicio
2800 1753 2854 1807 in
2883 1770 2952 1809 ea
2981 1755 3209 1818 natura,
3245 1769 3364 1823 qua
3401 1754 3790 1808 consubstan-

383 1855 570 1919 Pater,
605 1852 870 1927 quiauna
883 1852 1071 1907 Patris
1087 1856 1145 1906 et
1176 1849 1304 1906 Filii
1337 1850 1396 1905 in
1429 1849 1739 1906 Divinitate
1762 1850 2032 1904 substan-
2063 1883 2109 1949 Β
2139 1841 2297 1949 tialis
2320 1846 2424 1949 est.
2443 1841 2572 1949 Deo‘
2592 1841 2903 1949 Patri,psed
2938 1841 2997 1896 in
3019 1857 3088 1949 ea
3108 1856 3236 1949 qua
3266 1841 3793 1949 consubstantialis

383 1944 466 1999 tia
491 1948 550 2000 et
579 1941 855 2016 operatio,
890 1958 1008 1996 una
1030 1938 1301 1996 voluntas
1326 1944 1384 1995 et
1415 1943 1818 2013 potestas,una
1846 1938 2033 1993 vitaet
2063 1928 2109 1949 ⁸
2139 1935 2229 1987 est
2258 1930 2450 1995 matri,
2474 1935 2529 1985 et
2560 1930 2734 1985 homo
2767 1930 2951 1985 factus
2973 1934 3079 1987 est.
3108 1931 3190 1985 Ita
3212 1928 3655 2002 intelligendum
3681 1935 3790 1999 est,

382 2032 656 2088 essentia.
689 2031 757 2086 Et
785 2029 1033 2103 aequalia
1070 2029 1269 2085 omnia
1299 2032 1438 2084 sunt
1471 2027 1530 2083 in
1580 2029 1747 2083 Patre
1776 2032 1833 2083 et
1864 2026 2029 2096 Filio,

382 2121 495 2177 nisi
528 2120 685 2193 quod
718 2120 886 2179 Pater
906 2119 1074 2174 Pater
1102 2121 1211 2185 est,
1239 2121 1296 2174 et
1326 2117 1507 2173 Filius
1556 2115 1736 2173 Filius
1787 2119 1893 2171 est.
1930 2114 2035 2170 Se-

382 2210 605 2283 paratio
636 2213 727 2266 est
758 2209 815 2263 in
848 2208 1134 2282 personis,
1169 2207 1270 2263 sed
1302 2206 1498 2262 unitas
1528 2205 1585 2260 in
1611 2210 1837 2261 natura.
1860 2228 1885 2253 α
1908 2204 2033 2258 Non

382 2299 540 2355 enim
572 2301 764 2371 potest
796 2296 977 2352 Filius
1010 2313 1043 2353 a
1073 2313 1135 2351 se
1169 2297 1353 2351 facere
1385 2293 1849 2367 quidquam,nisi
1878 2292 2032 2365 quod

381 2386 591 2443 viderit
611 2386 838 2442 Patrem
863 2385 1187 2440 facientem.
1212 2406 1239 2432 »
1262 2384 1385 2438 Non
1418 2384 1697 2438 debemus
1729 2380 2038 2437 carnaliter

394 2473 716 2548 intelligere
728 2472 879 2529 hanc
892 2471 1435 2543 sententiam,quasi
1454 2471 1703 2526 duorum
1728 2469 2034 2526 hominum

388 2564 576 2620 Patris
608 2568 664 2619 et
690 2562 839 2629 Filii,
872 2562 1049 2618 unius
1079 2560 1459 2624 ostendentis,
1484 2558 1722 2615 alterius
1752 2558 2031 2614 videntis:

388 2653 568 2710 unius
598 2651 911 2725 loquentis,
944 2650 1184 2707 alterius
1213 2650 1505 2705 audientis
1530 2665 1543 2706 :
1566 2649 1705 2721 quia
1734 2665 1838 2703 nec
1868 2648 2038 2703 Pater

388 2742 674 2801 minorem
688 2740 863 2797 habet
878 2744 1245 2813 potestatem,
1270 2754 1373 2794 nec
1395 2738 1675 2809 majorem
1705 2737 1797 2792 Dei
1832 2735 2032 2802 Filius,

385 2848 520 2887 cum
549 2831 717 2887 Patre
741 2833 799 2885 et
823 2828 967 2885 Filio
987 2827 1265 2885 distantia
1294 2826 1625 2882 Divinitatis
1658 2842 1773 2880 non
1807 2824 1901 2891 sit,
1932 2824 2033 2880 sed

383 2937 505 2977 una
534 2919 834 2991 majestas.
869 2917 1002 2974 Ideo
1055 2916 1345 2987 subjecit:
1378 2938 1404 2965 ‹‹
1440 2914 1650 2971 Omnia
1687 2914 1841 2971 enim
1877 2930 2034 2985 quae-

386 3030 414 3065 ιι
447 3023 677 3080 cunque
699 3005 1240 3071 facitPater,eadem
1262 3003 1508 3060 etFilius
1527 3003 1662 3059 facit
1686 3001 1975 3059 similiter.
2001 3023 2030 3052 ››

383 3094 879 3168 Significationem
906 3094 1081 3149 unius
1103 3098 1320 3149 natura:
1334 3092 1673 3160 ostendit,et
1698 3091 1872 3147 unius
1894 3106 2033 3163 ope-

384 3183 627 3241 rationis
656 3199 669 3239 :
704 3182 845 3256 quia
873 3182 1203 3239 communis
1232 3186 1320 3238 est
1352 3180 1611 3254 operatio
1642 3180 1830 3236 Patris
1860 3184 1916 3235 et
1946 3179 2033 3234 Fi-

2142 2042 2169 2069 ‹‹
2202 2021 2370 2075 Pater
2395 2037 2509 2074 non
2534 2020 2761 2090 judicat
2792 2020 3276 2090 quemquam,sed
3310 2019 3792 2090 omnejudicium

2141 2109 2301 2165 dedit
2334 2107 2496 2174 Filio,
2532 2129 2558 2156 ››
2592 2125 2658 2163 ac
2690 2108 2737 2162 si
2768 2108 3094 2163 diceretur:
3121 2108 3348 2162 Patrem
3380 2124 3552 2163 nemo
3573 2108 3797 2164 videbit

2144 2198 2199 2252 in
2216 2197 2439 2269 judicio
2462 2197 2720 2252 vivorum
2738 2201 2794 2251 et
2814 2197 3309 2263 mortuorum,sed
3325 2213 3529 2252 omnes
3552 2195 3795 2252 Filium:

2144 2287 2283 2359 quia
2312 2290 2370 2341 et
2402 2285 2583 2342 Filius
2614 2284 2870 2341 hominis
2900 2290 3008 2354 est,
3033 2290 3099 2340 ut
3118 2286 3305 2356 possit
3333 2290 3391 2341 et
3418 2285 3709 2357 abimpiis
3725 2286 3801 2340 vi-.

2144 2376 2286 2439 deri,
2312 2392 2441 2430 cum
2465 2380 2521 2430 et
2544 2374 2623 2430 illi
2647 2374 3001 2430 videbuntin
3024 2390 3200 2445 quem
3222 2375 3798 2447 pupugeruntQuod

2146 2480 2216 2520 ne
2248 2464 2531 2536 conjicere
2551 2465 2747 2536 potius
2769 2479 2947 2536 quam
2970 2468 3166 2535 aperte
3177 2463 3577 2520 demonstrare
3596 2465 3800 2520 videa-

2147 2571 2299 2619 mur,
2333 2552 2685 2625 proferimus
2735 2552 2999 2623 ejusdcm
3053 2552 3279 2607 Domini
3335 2557 3550 2609 certam
3602 2555 3799 2609 mani-

2146 2641 2470 2713 festamque
2484 2642 2856 2708 sententiam,
2882 2657 3057 2712 quam
3072 2640 3439 2696 ostendimus
3452 2641 3640 2713 ipsam
3659 2643 3803 2698 fuis.

2145 2747 2207 2786 se
2238 2747 2497 2797 causam,
2531 2735 2595 2784 ut
2624 2731 2875 2785 diceret:
2912 2753 2938 2779 ‹‹
2972 2729 3142 2785 Pater
3190 2746 3304 2784 non
3328 2730 3555 2801 judicat
3588 2747 3798 2802 quem-

2144 2836 2342 2891 quam,
2370 2820 2469 2875 sed
2502 2836 2675 2874 omne
2696 2818 2988 2891 judicium
3012 2818 3171 2873 dedit
3187 2817 3726 2890 Filiomquiajudex
3743 2821 3800 2877 in

2144 2909 2332 2966 forma
2351 2908 2477 2964 Filii
2492 2908 2747 2964 hominis
2759 2906 3215 2979 apparebit,qure
3240 2907 3427 2962 forma
3440 2924 3554 2964 non
3574 2913 3671 2963 est
3694 2910 3801 2966 Pa-

2141 2997 2377 3065 trie,sed
2394 2996 2659 3052 Filii.l\'ec
2683 3013 2749 3052 ea
2768 2995 2893 3051 Filii
2908 2996 2967 3050 in
2991 3012 3105 3067 qua
3117 2995 3357 3068 aequalis
3375 3001 3461 3051 est
3485 2996 3664 3064 Patri,
3696 2999 3798 3055 sed

2143 3087 2198 3142 in
2232 3104 2349 3160 qua
2378 3087 2570 3145 minor
2599 3092 2688 3142 est
2708 3086 2892 3151 Patre,
2922 3090 2987 3140 ut
3017 3085 3094 3140 sit
3121 3085 3179 3140 in
3195 3085 3417 3156 judicio
3440 3087 3799 3158 conspicuus

2139 3176 2309 3232 bonis
2339 3182 2397 3232 et
2426 3175 2617 3242 malis,
2650 3199 2676 3224 ››
2705 3181 2767 3231 ut
2797 3191 3001 3230 omnes
3032 3173 3416 3230 honorificent.
3442 3174 3800 3244 Filium,sic—

383 3273 467 3341 lii,
502 3249 752 3348 quorum
785 3276 874 3329 est
903 3289 1021 3328 una
1037 3249 1586 3339 natura,una—etiam
1614 3267 2026 3341 operatio.ldco
2058 3249 2101 3316 C
2141 3270 2207 3318 ut
2236 3265 2622 3320 honorificant
2654 3264 2901 3321 Patrem.
2938 3285 2967 3313 ››
2998 3262 3107 3330 Qui
3149 3279 3263 3319 non
3316 3263 3665 3319 honorificat
3714 3265 3800 3320 Fi-

384 3364 806 3434 consequenter
835 3359 1165 3431 subjunxit:

458 3472 485 3499 α
516 3450 685 3505 Pater
710 3447 903 3519 diligit
952 3446 1184 3512 Filium,
1218 3449 1273 3501 et
1319 3446 1517 3502 omnia
1566 3445 1930 3499 demonstrat
1976 3443 2026 3498 ei

385 3558 413 3586 «
440 3553 566 3608 quin
592 3536 715 3609 ipse
748 3533 902 3591 facit.
930 3555 955 3581 n
991 3534 1063 3589 Ut
1091 3533 1421 3589 ostenderet
1466 3548 1701 3588 omnem
1742 3531 1892 3586 hanc
1922 3533 2025 3588 Pa-

379 3624 486 3679 tris
516 3622 1073 3679 demonstrationem
1106 3621 1237 3676 fidei
1272 3625 1480 3676 nostra:
1510 3636 1638 3675 esse
1666 3620 2023 3687 doctrinam;

378 3717 435 3768 et
464 3715 529 3767 ut
558 3726 931 3782 nequaquam
972 3709 1065 3765 hic
1113 3708 1399 3781 ignoratio
1430 3709 1488 3764 in
1547 3708 1687 3764 l’ilio
1722 3710 1906 3781 possit
1936 3710 2027 3765 in-

374 3800 576 3874 telligi,
627 3800 720 3855 cui
776 3799 944 3855 Pater
1001 3814 1177 3871 opera
1232 3797 1430 3853 omnia
1484 3815 1611 3869 qua:
1639 3798 1762 3870 ipse
1815 3798 2027 3855 faceret

375 3891 748 3954 monstraret,
783 3887 1061 3943 continuo
1086 3887 1203 3942 ait:

448 3999 475 4025 ‹‹
506 3977 576 4032 Et
607 3976 831 4045 majora
859 3975 954 4031 his
972 3991 1149 4048 opera
1179 3976 1608 4030 demonstrabit
1635 3975 1781 4044 ei,ut
1807 3994 1910 4033 vos
1930 3978 2026 4032 ad-

376 4088 405 4116 «
437 4065 752 4122 miremini.
788 4065 949 4121 Sicut
980 4064 1137 4119 enim
1170 4063 1338 4118 Pater
1379 4064 1625 4120 suscitat
1678 4070 1937 4121 mortuos
1968 4071 2025 4121 et

372 4177 401 4204 «
434 4154 701 4222 vivificat,
734 4153 818 4208 sic
847 4157 905 4208 et
936 4152 1117 4208 Filius
1134 4168 1281 4223 quos
1306 4151 1431 4207 vult
1451 4152 1840 4209 vivificat.»Ea
1864 4154 2020 4209 enim

372 4243 601 4299 Patrem
635 4242 1035 4298 demonstrare
1068 4239 1210 4297 Filio
1239 4240 1400 4311 dicit,
1431 4259 1557 4313 qua:
1609 4243 1929 4298 mirentur:
1965 4248 2023 4298 et

371 4349 499 4403 qua:
528 4331 731 4388 eadem
762 4335 977 4397 essent,
1022 4329 1122 4385 illa
1174 4346 1308 4384 mox
1350 4330 1566 4386 docuit.
1601 4353 1628 4380 ‹‹
1672 4331 1833 4387 Sicut
1860 4332 2019 4387 enim

370 4421 541 4478 Pater
570 4419 816 4477 suscitat
853 4424 1138 4483 mortuos,
1188 4423 1246 4473 et
1287 4418 1555 4484 viviﬁcat,
1607 4419 1691 4474 sic
1733 4424 1789 4474 et
1838 4421 2019 4476 Filius

370 4526 518 4582 quos
546 4507 671 4563 vult
697 4507 1316 4579 vivificat.»Exaequata
1339 4507 1523 4562 virtus
1554 4513 1641 4561 est
1672 4523 1775 4579 per
1798 4513 2018 4563 natura:

370 4593 742 4678 indissimilis
772 4596 1079 4659 unitatem,
1103 4600 1161 4651 et
1188 4595 1727 4651 demonstrationen
1749 4612 2013 4667 operum.
2046 4617 2096 4683 Β

369 4684 495 4740 Non
522 4682 905 4757 ignorationis
954 4683 1263 4739 instructio
1310 4688 1418 4749 est,
1469 4684 1569 4738 sed
1616 4688 1825 4739 nosti-re
1858 4684 2014 4751 fidei,

368 4790 494 4847 qua:
527 4790 641 4830 non
696 4771 839 4827 Fiiiu
889 4771 1194 4828 scientiam
1242 4771 1661 4845 ignoraturum,
1694 4772 1796 4827 sed
1849 4774 2016 4828 nobis

367 4862 791 4919 confessicnem
825 4861 1144 4917 nativitatis
1162 4860 1396 4917 invexit.
1428 4860 1838 4916 Demonstrare
1857 4861 2015 4917 enim

366 4950 616 5016 Patrem,
649 4953 737 5006 est
758 4966 861 5022 per
882 4949 1091 5006 Filium
1112 4949 1296 5004 facere
1314 4965 1440 5020 qua:
1471 4947 1730 5003 facturus
1754 4949 2015 5004 est.Nam

368 5038 591 5107 majora
603 5055 778 5109 opera
799 5044 938 5093 sunt
964 5037 1307 5094 resurrectio
1327 5041 1712 5101 mortuorum,
1746 5054 1872 5107 qum
1904 5038 2015 5093 erit

368 5126 425 5180 in
460 5126 1081 5197 novissimodie,quam
1116 5125 1637 5199 istiuslanguentis
1661 5126 2009 5198 sanitas,qui

365 5213 576 5270 Christi
599 5213 772 5268 verbo
799 5217 1041 5270 sanatus
1066 5219 1174 5281 est,
1197 5232 1266 5270 ex
1287 5231 1403 5288 quo
1430 5218 1565 5270 nata
1591 5220 1678 5271 est
1710 5214 1888 5286 hujus
1912 5232 2012 5271 oc-

365 5300 520 5358 casio
551 5305 672 5357 tota
703 5300 1169 5357 sermonis.Dicit
1188 5303 1411 5358 enimn»
1435 5307 1499 5358 ut
1528 5319 1628 5359 vos
1654 5300 2007 5358 miremini:»

361 5394 419 5445 et
450 5390 556 5444 hoc
584 5387 820 5444 difficile
849 5394 937 5444 est
964 5389 1178 5457 videre,
1212 5391 1504 5462 quomodo
1548 5396 1828 5462 tanquam
1861 5395 2006 5447 tem-

2138 3351 2304 3417 lium,
2337 3370 2451 3409 non
2485 3352 2829 3409 honorificat
2858 3352 3274 3420 Patrem.Quid
3303 3357 3394 3408 est
3421 3352 3604 3419 enim,
3637 3376 3663 3403 ‹‹
3690 3353 3799 3410 ho-

2138 3442 2405 3497 norificat
2435 3442 2685 3508 Patrem,
2718 3463 2747 3491 »
2784 3442 2897 3498 nisi
2930 3441 3085 3513 quod
3117 3440 3330 3498 habeat
3362 3441 3572 3496 Filium
3587 3442 3799 3499 ?A|iud

2136 3536 2227 3586 est
2254 3530 2431 3596 enim,
2467 3547 2598 3585 cum
2631 3530 2734 3586 tibi
2768 3530 3213 3587 commendatur
3258 3534 3427 3596 Deus,
3463 3530 3605 3602 quia
3634 3531 3799 3588 Deus

2135 3625 2223 3675 est
2246 3625 2324 3676 :et
2346 3619 2665 3687 aliud,cum
2692 3619 2795 3675 tibi
2814 3620 3256 3675 commendatur
3279 3619 3599 3691 Deus,quia
3620 3620 3798 3677 Pater

2136 3713 2242 3764 est.
2272 3709 2415 3764 Cum
2448 3709 2552 3763 tibi
2584 3708 2724 3780 quia
2755 3708 2909 3763 Deus
2940 3712 3027 3764 est
3054 3708 3516 3775 commendatur,
3548 3709 3798 3765 Greater

2136 3798 2238 3853 tibi
2272 3798 2733 3863 commendatur,
2767 3797 3141 3868 omnipotens
3168 3797 3272 3851 tibi
3306 3798 3791 3854 commendatur:

2134 3887 2388 3959 Spiritus
2416 3886 2657 3957 quidam
2689 3902 2980 3953 summus,
3014 3890 3287 3966 aeternus,
3330 3885 3661 3956 invisibilis,
3702 3887 3792 3942 in-

2133 3975 2571 4031 commutabilis
2622 3975 2726 4030 tibi
2778 3974 3243 4030 commendatur.
3294 3974 3437 4031 Cum
3485 3991 3620 4031 vero
3652 3976 3790 4044 tibi,

2134 4065 2273 4135 quia
2302 4066 2470 4120 Pater
2497 4068 2605 4129 est,
2637 4063 3102 4127 commendatur,
3121 4063 3267 4119 nihil
3302 4062 3578 4118 tibialiud
3601 4081 3791 4135 quam

2133 4153 2313 4208 Filius
2345 4153 2805 4208 commendatur.
2830 4151 2974 4217 Quia
3004 4152 3172 4206 Pater
3200 4151 3313 4206 dici
3346 4167 3458 4207 non
3488 4155 3704 4223 potest,
3740 4155 3789 4210 si

2131 4241 2339 4297 Filium
2375 4258 2488 4296 non
2522 4241 2697 4296 habet
2719 4241 2899 4295 :sicut
2942 4257 3045 4296 nec
3088 4238 3289 4305 Filius,
3318 4240 3366 4294 si
3400 4241 3629 4295 Patrem
3662 4258 3789 4298 non

2131 4329 2324 4385 habet.
2359 4330 2471 4384 Sed
2505 4345 2574 4384 ne
2606 4329 2748 4382 forte
2774 4328 3001 4383 Patrem
3023 4327 3261 4399 quidem
3286 4327 3635 4384 honorifices
3658 4333 3793 4385 tan-

2129 4435 2306 4489 quam
2340 4418 2641 4486 majorem,
2668 4415 2878 4472 Filium
2901 4432 3033 4471 vero
3063 4420 3343 4488 tanquam
3370 4416 3678 4483 minorem,
3719 4423 3789 4473 ut

2127 4506 2327 4561 dicas:
2361 4504 2688 4561 Honoritico
2716 4505 2981 4559 Patrem:
3015 4504 3133 4560 scio
3162 4506 3319 4561 enim
3365 4505 3520 4577 quod
3561 4505 3786 4564 haheat

2128 4594 2360 4659 Filium,
2394 4598 2451 4649 et
2482 4611 2595 4649 non
2628 4610 2789 4648 error
2836 4593 2896 4647 in
2937 4593 3123 4650 Patris
3171 4594 3428 4651 nomine.
3459 4595 3584 4650 Non
3614 4596 3778 4651 enim

2128 4684 2354 4739 Patrem
2388 4682 2648 4754 intelligo
2679 4682 2805 4737 sine
2842 4681 3005 4747 Filio,
3040 4681 3360 4739 honorifico
3392 4687 3586 4740 tamen
3608 4688 3667 4739 et
3690 4685 3784 4739 Fi-

2126 4771 2271 4827 lium
2302 4776 2585 4843 tanquam
2620 4771 2926 4826 minorem.
2952 4769 3214 4843 Corrigat
3244 4775 3299 4826 te
3328 4770 3687 4843 ipse’Filius,
3723 4777 3785 4828 et

2126 4865 2350 4917 revocet
2378 4865 2451 4926 te,
2485 4860 2685 4914 dicens
2709 4876 2721 4913 :
2743 4882 2771 4907 «
2791 4859 2859 4914 Et
2873 4874 3077 4915 omnes
3097 4858 3482 4915 honorificent
3505 4859 3778 4915 Filium.»

2125 4966 2240 5005 non
2276 4948 2539 5013 inferius,
2572 4948 2671 5004 sed
2698 4947 2851 5002 sicut
2901 4946 3287 5004 honorificant
3317 4947 3570 5003 Patrem.
3604 4971 3633 4997 «
3667 4949 3777 5014 Qui

2123 5055 2258 5111 ergo
2282 5055 2396 5094 non
2424 5036 2767 5092 honorificat
2794 5034 3139 5103 Filium,nce
3157 5036 3385 5092 Patrem
3404 5036 3773 5103 honorificat,

2122 5127 2222 5198 qui
2256 5125 2419 5181 misit
2452 5124 2638 5180 illum.
2674 5147 2700 5173 ι)
2735 5124 2872 5195 Ego,
2908 5124 3119 5195 inquit,
3154 5125 3437 5195 majorem
3486 5123 3773 5181 honorem

2117 5214 2246 5271 volo
2276 5216 2414 5270 dare
2447 5213 2622 5278 Patri,
2655 5213 2940 5268 minorem
2986 5212 3146 5269 Filio.
3179 5213 3261 5268 lhi
3311 5212 3467 5269 tollis
3488 5212 3772 5270 honorem

2119 5303 2294 5371 Patri,
2329 5302 2428 5359 ubi
2461 5302 2741 5372 maiorem
2773 5301 2880 5357 das
2912 5300 3077 5357 Filio.
3113 5301 3256 5367 Quid
3290 5302 3448 5358 enim
3480 5301 3585 5357 tibi
3609 5302 3768 5359 aliud

2114 5394 2343 5447 videtur
2369 5392 2479 5445 ista
2508 5389 2816 5455 sententia,
2850 5390 2961 5444 nisi
2994 5390 3132 5460 quia
3161 5390 3329 5445 Pater
3345 5390 3631 5461 aequalem
3656 5390 3767 5446 sibi

360 5478 636 5552 poraliter
662 5476 803 5534 Filio
826 5483 1105 5535 coazterno
1139 5478 1337 5552 aliqua
1367 5480 1727 5536 demonstret
1756 5487 2007 5537 aeternus
2119 5480 2324 5537 Filium
2359 5495 2632 5553 generare
2662 5482 2763 5533 aut
2793 5477 3000 5544 noluit,
3038 5484 3138 5533 aut
3174 5494 3290 5535 non
3321 5478 3558 5550 potuit?
3589 5479 3649 5534 Si
3673 5495 3771 5534 ne»

358 5565 752 5633 Pater,omnia
771 5565 972 5623 scienti
997 5583 1124 5639 qua:
1145 5573 1233 5623 est
1249 5569 1402 5641 apud
1429 5569 1678 5624 Patrem.
1704 5570 1835 5633 Qua:
1868 5577 2007 5627 sunt
2113 5569 2241 5635 luit,
2269 5569 2509 5633 invidit;
2544 5568 2590 5623 si
2625 5584 2739 5622 non
2771 5568 2980 5638 potuit,
3011 5566 3237 5623 defecit.
3258 5568 3382 5623 Non
3415 5583 3552 5640 ergo
3581 5569 3761 5651 vides,

357 5662 550 5712 tamen
584 5653 684 5711 illa
706 5654 1193 5727 majora?Majora
1222 5672 1357 5728 ergo
1379 5660 1516 5713 sunt.
1547 5673 1722 5729 opera
1742 5664 2003 5714 mortuos
2114 5659 2253 5730 quia
2282 5659 2362 5714 ita
2381 5656 2771 5723 sentiendum,
2790 5656 2885 5711 ubi
2911 5657 3191 5727 majorem
3222 5656 3503 5714 honorem
3516 5656 3604 5713 vis
3626 5652 3761 5715 dare
