4028 6176
226 381 333 445 313

1426 375 1778 437 HOMILIZE
1821 374 1928 438 DE
1967 375 2366 437 TEMPORE.

3467 383 3588 448 3M

224 516 382 582 Patri,
415 513 486 570 ibi
510 531 568 570 es
595 509 1050 568 contumeliosus
1084 508 1142 566 iu
1179 511 1426 567 Patrem.
1462 511 1710 566 Proinde
1744 510 1828 566 sic
1857 508 1916 580 Α
1945 509 2119 566 ctioni
2152 509 2261 566 hoc
2293 509 2485 582 ipsum
2520 511 2830 583 promittit,
2867 510 3006 584 quia
3033 513 3299 571 ostendet
3328 516 3586 590 seipsum

223 604 516 660 honoriﬁca
546 601 749 658 Filium
783 602 1076 673 quomodo
1107 600 1456 656 honoriﬁcas
1504 602 1754 667 Patrem,
1783 603 1832 656 si

218 695 294 750 vis
321 693 688 749 honoriﬁcare
717 694 772 746 et
805 690 1014 746 Filium
1045 695 1102 746 et
1131 692 1380 746 Patrem.

277 808 303 834 ‹‹
323 786 498 838 Amen
529 799 695 838 amen
725 781 854 836 dico
884 780 1223 852 vobis,quia
1247 781 1346 851 qui
1372 781 1612 835 verbum
1636 796 1832 836 meum

216 898 238 924 ι(
269 872 509 938 audit,et
539 869 719 926 credit
746 869 794 924 ei
830 869 929 940 qui
961 868 1122 926 misit
1152 869 1647 936 me,habetvitam
1675 874 1834 924 aeter-

217 985 240 1012 «
267 977 414 1016 nam.
449 960 516 1015 Et
569 959 622 1012 in
667 958 961 1029 judicium
1005 975 1121 1014 non
1164 958 1374 1025 veniet,
1408 959 1508 1013 sed
1562 958 1773 1014 transit
1802 976 1835 1013 a

214 1075 236 1100 α
268 1054 442 1104 morte
471 1048 531 1102 in
562 1048 760 1103 vitam.
794 1069 820 1096 ››
852 1048 920 1102 Et
943 1048 1051 1102 hoc
1083 1047 1383 1112 attendite,
1409 1070 1435 1096 ‹‹
1462 1048 1560 1118 qui
1592 1048 1834 1103 verbum

213 1155 389 1193 meum
419 1137 604 1202 audit,
643 1160 669 1184 ››
702 1142 757 1190 et
779 1153 891 1192 nou
924 1136 1281 1202 dixit,Crede
1304 1135 1471 1202 mihi,
1493 1137 1590 1192 sed
1610 1136 1837 1192 «credit

212 1229 252 1282 ei
275 1227 365 1298 qui
397 1243 490 1280 me
525 1225 702 1280 misit.
721 1245 748 1274 »
764 1224 1019 1280 Verbum
1052 1241 1188 1298 ergo
1219 1223 1345 1280 Filii
1367 1226 1835 1290 audiat,utPatri

209 1315 403 1371 credat.
437 1316 628 1379 Quare
658 1314 900 1368 verbum
932 1313 1097 1368 audit
1127 1319 1295 1369 tuum
1327 1319 1384 1369 et
1413 1315 1596 1370 credit
1627 1314 1837 1370 alteri?

209 1405 388 1460 Nonne
400 1419 536 1457 cum
553 1403 793 1458 verbum
807 1401 1057 1474 alicujus
1079 1403 1374 1469 audimus,
1388 1403 1577 1458 eidem
1595 1403 1836 1459 verbum

208 1492 503 1566 proferenti
533 1489 854 1557 credimus,
887 1490 1148 1562 loquenti
1181 1491 1350 1547 nobis
1397 1491 1572 1548 ﬁdem
1605 1509 1839 1549 accom-

209 1581 548 1636 modamus"?
580 1579 726 1642 Quid
766 1595 903 1650 ergo
934 1578 1116 1634 voluit
1137 1579 1347 1642 dicere,
1381 1600 1412 1631 ε
1447 1581 1547 1652 qui
1595 1582 1839 1637 verbum

207 1686 382 1726 meum
415 1669 606 1736 audit,
637 1672 694 1724 et
726 1667 908 1724 credit
938 1669 990 1723 ei
1023 1668 1125 1740 qui
1159 1669 1322 1724 misit
1346 1687 1460 1734 me,
1496 1694 1522 1719 υ
1558 1671 1669 1726 nisi
1703 1671 1842 1742 quia

204 1760 424 1816 verbum
451 1758 584 1829 ejus
616 1757 785 1813 estin
810 1758 1017 1813 me?Et
1039 1757 1171 1830 quis
1193 1759 1395 1830 estqui
1415 1759 1579 1814 audit
1597 1762 1839 1816 verbum

207 1864 407 1914 meum,
427 1845 544 1902 nisi
568 1846 669 1918 qui
695 1847 864 1906 audit
889 1862 998 1911 me,
1015 1852 1072 1902 et
1092 1847 1194 1918 qui
1218 1847 1404 1903 credit
1425 1847 1481 1902 in
1503 1849 1842 1905 me?Credit

206 1942 380 1992 autem
413 1935 466 1991 ei
491 1935 597 2006 qui
623 1934 785 1991 misit
811 1951 924 2001 me,
958 1934 1098 2006 quia
1128 1953 1260 1990 eum
1300 1935 1385 1991 illi
1435 1937 1634 2007 credit,
1669 1940 1840 1994 verbo

205 2027 316 2096 ejus
345 2024 568 2090 credit;
607 2041 742 2078 cum
776 2027 973 2078 autem
1004 2025 1246 2080 verbum
1285 2025 1413 2094 ejus
1460 2027 1661 2094 credit,
1695 2027 1839 2083 mihi

204 2113 394 2170 credit:
412 2113 557 2184 quia
570 2111 830 2167 Verbum
845 2112 1036 2168 Patris
1056 2129 1162 2185 ego
1174 2129 1328 2169 sum.
1345 2114 1466 2169 Non
1481 2115 1638 2170 enim
1655 2120 1841 2172 trans-

205 2201 298 2257 iret
327 2203 394 2256 de
426 2204 622 2256 morte
645 2201 716 2255 ad
749 2199 950 2267 vitam,
984 2200 1096 2256 nisi
1129 2200 1317 2272 primo
1347 2207 1501 2258 esset
1543 2203 1600 2258 in
1636 2208 1840 2262 morte.

205 2290 455 2346 Mortuus
486 2305 633 2361 ergo
663 2291 789 2343 erat
836 2293 893 2344 et
923 2288 1146 2355 revixit,
1180 2289 1428 2362 perierat
1475 2294 1532 2345 et
1574 2292 1842 2348 inventus

203 2383 296 2435 est.
328 2379 411 2434 Fit
444 2377 701 2450 proinde
723 2378 849 2448 jam
883 2378 1150 2448 quaedam
1185 2379 1550 2445 resurrectio,
1574 2386 1629 2436 et
1661 2385 1845 2437 trans-

202 2472 327 2524 eunt
353 2484 573 2524 omnes
604 2483 637 2520 a
659 2469 845 2522 morte
868 2466 1120 2537 quadam
1154 2467 1226 2522 ad
1249 2468 1565 2538 quamdam
1588 2470 1760 2525 vitam
1781 2487 1793 2524 :
1812 2489 1845 2526 a

204 2562 368 2614 morte
392 2554 771 2612 inﬁdelitatis
802 2556 873 2610 ad
905 2555 1084 2611 vitam
1118 2556 1270 2622 ﬁdei,
1297 2574 1330 2610 a
1359 2563 1542 2612 morte
1575 2557 1843 2616 falsitatis

204 2647 263 2701 ad
292 2646 465 2701 vitam
492 2641 772 2714 justitim.
793 2645 894 2700 Est
922 2660 1058 2717 ergo
1090 2649 1147 2699 et
1177 2643 1290 2699 ista
1320 2647 1666 2702 resurrectio
1699 2666 1848 2704 mor-

203 2738 439 2790 tuorum.
471 2733 722 2805 Aperiat
750 2731 910 2788 illam
943 2733 1194 2805 plenius,
1230 2736 1288 2788 et
1309 2732 1564 2790 lucescat
1593 2736 1764 2793 nobis
1782 2743 1847 2793 ut

203 2825 376 2896 ccepit.
1081 2815 1086 2818 ’

263 2937 286 2962 ‹‹
319 2915 497 2968 Amen
516 2953 534 2979 ,
554 2927 726 2967 amen
758 2909 887 2966 dico
915 2911 1102 2979 vobis,
1121 2910 1258 2983 quia
1279 2911 1434 2967 venit
1464 2912 1846 2971 horaetnunc

205 3023 230 3050 κ
255 3001 608 3073 est,quando
640 3000 855 3055 mortui
887 3000 1126 3056 audient
1158 3017 1352 3056 vocem
1389 3001 1511 3057 Filii
1537 3002 1722 3068 Dei,et
1744 3004 1844 3075 qui

208 3114 229 3139 «
256 3089 551 3146 audierint
581 3088 840 3143 vivent.»
863 3088 980 3143 Hoc
1010 3088 1312 3159 proprium
1336 3093 1426 3144 est
1443 3090 1725 3161 priorum,
1744 3091 1846 3163 qui

207 3177 277 3232 sic
301 3177 558 3234 audiunt
579 3177 651 3232 de
673 3175 1076 3238 incarnatione
1103 3177 1152 3248 ej
1164 3181 1324 3244 us,ut
1352 3179 1592 3234 credant
1608 3180 1748 3251 quia
1763 3181 1847 3236 Fi—

1940 598 2079 655 illis.
2112 599 2182 655 Et
2211 600 2339 654 ideo
2372 601 2499 656 vide
2531 601 2672 672 quid
2708 601 2978 674 sequitur
3010 619 3022 656 :

2014 710 2039 736 ‹‹
2075 686 2262 743 Nolite
2295 689 2494 744 mirari
2527 689 2655 757 hoc,
2688 713 2714 738 »
2746 691 2956 762 inquit.
2987 692 3137 756 Quid
3169 709 3274 748 nos
3322 694 3590 766 prohibet

1945 777 2168 844 mirari,
2187 777 2298 833 nisi
2324 777 2469 834 illud
2495 779 2649 852 quod
2669 796 2866 836 revera
2889 781 3136 836 miratur
3155 783 3346 838 omnis
3360 784 3456 854 qui
3475 802 3588 842 non

1942 864 2255 937 intelligit?
2269 867 2337 921 Et
2364 866 2494 922 ideo
2524 868 2741 924 diceret
2761 870 2991 926 Patrem
3012 870 3243 926 dedisse
3261 872 3314 926 ei
3333 877 3591 944 potesta-

1943 960 2059 1010 tem
2083 955 2376 1025 judicium
2412 957 2617 1025 facere,
2652 957 2932 1029 quoniam
2983 957 3139 1014 ﬁlius
3180 959 3435 1017 hominis
3481 967 3589 1028 est,

1945 1060 2078 1098 cum
2112 1045 2300 1116 magis
2318 1045 2485 1116 quasi
2509 1045 2618 1100 hoc
2641 1051 3092 1119 exspectaretur,
3109 1052 3175 1102 ut
3195 1048 3430 1118 diceret,
3445 1067 3589 1122 quo-

1944 1131 2101 1188 niam
2134 1132 2312 1188 Filius
2343 1134 2440 1190 Dei
2475 1136 2708 1191 estzsed
2742 1135 2879 1208 quia
2899 1135 3110 1192 Filium
3130 1137 3590 1203 Dei,secundum

1947 1221 2002 1276 id
2034 1222 2189 1292 quod
2221 1221 2280 1276 in
2311 1222 2497 1278 forma
2523 1222 2623 1278 Dei
2655 1224 2896 1295 aequalis
2927 1231 3015 1280 est
3044 1225 3217 1292 Patri,
3252 1227 3442 1284 videre
3482 1229 3591 1284 ini-

1947 1311 2045 1382 qui
2070 1327 2183 1366 non
2208 1316 2475 1382 possunt.
2490 1316 2715 1383 oportet
2739 1318 2800 1368 ut
2813 1313 3076 1383 judieem
3098 1314 3357 1370 vivorum
3374 1321 3430 1371 et
3443 1333 3592 1380 mor-

1946 1403 2205 1470 tuorum,
2221 1416 2354 1454 cum
2378 1401 3266 1472 coramjudicabuntur,etjusti
3289 1403 3592 1462 videantet

1949 1488 2155 1560 iniqui.
2186 1512 2212 1538 ‹‹
2248 1488 2454 1556 Nolite,
2490 1489 2702 1560 inquit,
2724 1490 2943 1556 mirari,
2964 1489 3242 1562 quoniam
3265 1491 3419 1547 venit
3449 1493 3593 1550 hora

1952 1598 1981 1627 «ι
2013 1577 2070 1630 in
2095 1593 2211 1648 qua
2242 1593 2445 1632 omnes
2473 1579 2573 1649 qui
2621 1577 2681 1632 in
2723 1580 3119 1635 monumentis
3169 1585 3308 1635 sunt
3354 1582 3592 1639 audient

1951 1689 1975 1715 α
2009 1682 2209 1720 vocem
2250 1666 2374 1720 Filii
2409 1665 2528 1722 Dei.
2563 1668 2633 1722 Et
2663 1669 2975 1739 precedent
3005 1668 3106 1739 qui
3148 1669 3300 1724 bona
3326 1675 3588 1743 egerunt,

1952 1777 1978 1804 «
2005 1755 2063 1808 in
2095 1755 2579 1811 resurrectionem
2610 1756 2740 1812 vitae
2775 1773 2788 1811 :
2823 1756 2924 1828 qui
2973 1755 3130 1812 mala
3171 1763 3496 1829 gesserunt,
3532 1761 3590 1818 in

1953 1866 1981 1894 ‹‹
2005 1844 2488 1900 resurrectionem
2516 1844 2742 1916 judicii.
2783 1868 2809 1893 ››
2843 1845 2925 1900 Ad
2958 1844 3066 1901 hoc
3115 1861 3250 1918 ergo
3290 1848 3594 1918 oportebat

1953 1937 2016 1989 ut
2045 1933 2172 1988 ideo
2201 1933 2668 2006 aeciperetillam
2702 1938 3072 2006 potestatem,
3103 1934 3204 2004 qui
3238 1933 3394 1990 ﬁlius
3414 1934 3596 1991 homi-

1950 2023 2044 2077 nis
2074 2027 2180 2090 est,
2215 2029 2281 2078 ut
2308 2028 2677 2095 resurgentes
2702 2040 2909 2078 omnes
2928 2023 3191 2078 viderent
3220 2039 3351 2078 eum
3386 2023 3446 2084 in
3480 2024 3595 2080 for-

1953 2127 2068 2179 ma,
2105 2111 2163 2166 in
2197 2129 2312 2183 qua
2341 2111 2521 2168 videri
2555 2113 2626 2167 ab
2657 2112 3000 2167 hominibus
3027 2113 3357 2183 potest,sed
3390 2111 3488 2167 alii
3522 2114 3595 2169 ad

1950 2197 2408 2266 damnationem,
2443 2198 2540 2254 alii
2573 2200 2642 2254 ad
2673 2199 2852 2254 vitam
2883 2203 3181 2256 aeternam.
3215 2202 3350 2266 Quae
3381 2205 3470 2256 est
3500 2218 3598 2257 au-

1950 2292 2066 2342 tem
2097 2287 2214 2342 vita
2239 2293 2474 2353 aeterna,
2507 2288 2621 2344 uisi
2652 2286 2754 2344 illa
2782 2287 2926 2343 visio
2958 2305 3084 2359 qua:
3117 2306 3230 2344 non
3263 2290 3599 2346 conceditur

1953 2375 2344 2449 impiis?»Ut
2390 2383 2746 2450 cognoscant
2789 2383 2864 2443 te,
2915 2377 3125 2449 inquit,
3163 2395 3347 2434 unum
3396 2396 3596 2437 verum

1952 2466 2158 2531 Deum,
2173 2471 2230 2521 et
2242 2483 2414 2539 quem
2431 2467 2642 2522 misisti
2656 2467 2856 2523 J'esum
2871 2465 3189 2533 Christum,
3207 2467 3557 2530 (Joan.xvn).
3569 2491 3596 2518 ››

1954 2557 2253 2622 Quomodo
2267 2555 2526 2626 etipsum
2546 2557 2745 2612 Jesum
2760 2556 3078 2622 Christum,
3101 2555 3211 2611 nisi
3225 2559 3600 2628 quemadmo-

1954 2646 2095 2701 dum
2113 2663 2293 2700 unum
2313 2662 2512 2700 verum
2538 2647 2713 2702 Deum
2732 2644 3165 2717 quiostenditet
3180 2646 3440 2716 seipsum
3456 2645 3600 2702 illis?

1954 2734 2079 2789 Non
2113 2735 2402 2805 quomodo
2436 2751 2496 2788 se
2518 2734 2851 2789 ostenderet
2881 2733 3055 2788 etiam
3082 2732 3393 2804 puniendis
3413 2733 3471 2787 in
3493 2735 3603 2790 for-

1955 2839 2051 2877 ma
2083 2822 2184 2876 ﬁlii
2218 2823 2494 2878 hominis.
2531 2821 2864 2877 Secundum
2897 2819 3057 2876 illam
3089 2818 3373 2876 visionem
3411 2821 3599 2878 bonus

1955 2915 2066 2978 est,
2087 2911 2410 2966 secundum
2431 2926 2606 2983 quam
2629 2909 2911 2965 visionem
2935 2909 3092 2965 Deus
3111 2910 3600 2981 apparetmundis

1955 3001 2230 3067 corde,ut
2245 2999 2647 3056 aitPsalmista
2662 3017 2674 3053 :
2691 2998 2972 3065 Quoniam
2989 3022 3017 3048 ‹‹
3031 3013 3208 3070 quam
3219 2998 3409 3056 bonus
3423 2998 3600 3055 Israel

1956 3089 2108 3144 Deus
2140 3089 2312 3144 rectis
2344 3089 2516 3144 corde
2546 3089 2716 3159 (Psal.
2751 3092 2940 3155 va").
2980 3113 2999 3138 υ
3033 3087 3273 3150 Quando
3304 3088 3603 3159 autemju-

1957 3177 2144 3232 dicem
2174 3176 2457 3232 videbunt
2487 3176 2647 3244 mali,
2665 3193 2779 3232 non
2811 3177 2896 3232 eis
2918 3176 3208 3232 videbitur
3227 3176 3438 3241 bonus,
3463 3175 3603 3247 quia

205 3265 303 3321 lius
335 3265 434 3322 Dei
465 3269 598 3331 est;
622 3265 677 3320 id
712 3269 818 3332 est,
844 3265 927 3320 sic
950 3282 1085 3320 eum
1118 3269 1353 3338 propter
1368 3267 1844 3335 sefactum,acci-
1874 3253 1916 3320 C
1956 3284 2071 3323 non
2100 3267 2169 3321 ad
2192 3283 2326 3321 eum
2357 3265 2698 3338 gaudebunt
2722 3265 3031 3332 corde,sed
3065 3269 3203 3320 tunc
3233 3281 3295 3321 se
3325 3263 3603 3336 plangeut

209 3356 357 3425 piunt
400 3356 700 3411 minorem
733 3355 900 3409 Patre
948 3355 1009 3410 in
1059 3355 1248 3410 forma
1294 3356 1464 3422 servi,
1499 3361 1564 3412 ut
1606 3358 1847 3415 credant

209 3443 331 3515 quia
369 3443 625 3516 aequ-alis
675 3446 765 3498 est
811 3443 964 3500 Patri
1014 3443 1074 3498 in
1114 3443 1301 3500 forma
1334 3445 1452 3500 Dei.
1482 3446 1547 3499 Et
1587 3446 1715 3503 ideo
1755 3465 1844 3503 se-

210 3534 408 3604 quitur.

265 3644 287 3670 ‹‹
317 3623 477 3678 Sicut
503 3621 682 3692 enim
704 3621 872 3676 Pater
901 3621 1077 3676 habet
1104 3621 1284 3677 vitam
1316 3621 1375 3677 iu
1409 3623 1743 3697 semetipso,
1763 3625 1841 3680 ita

205 3732 226 3755 κ
255 3710 402 3766 dedit
432 3716 494 3766 et
528 3709 676 3766 Filio
705 3710 882 3764 vitam
908 3709 1121 3767 habere
1149 3710 1214 3774 in
1249 3711 1584 3783 semetipso.
1621 3736 1648 3761 ››
1679 3715 1840 3778 Quod

201 3812 319 3871 ergo
348 3800 427 3854 ait
461 3817 472 3853 :
502 3823 535 3846 «
569 3798 739 3856 Dedit
770 3798 912 3854 Filio
939 3797 1115 3853 vitam
1142 3798 1357 3854 habere
1400 3800 1459 3854 in
1502 3803 1838 3876 semetipso,

204 3886 429 3944 breviter
459 3887 646 3955 dicat,
666 3885 1094 3959 genuitFilium
1107 3887 1283 3943 vitam
1301 3888 1358 3944 in
1382 3905 1443 3944 se
1461 3889 1789 3947 habentem.
1812 3915 1839 3942 »

205 3973 377 4048 Neque
422 3977 590 4032 enim
636 3980 760 4030 erat
809 3975 936 4030 sine
982 3975 1118 4042 vita,
1153 3979 1209 4031 et
1237 3977 1461 4049 accepit
1507 3978 1704 4048 vitam,
1738 3982 1836 4036 sed

204 4066 474 4122 nascendo
504 4064 630 4120 vita
657 4067 764 4119 est.
795 4065 963 4118 Pater
993 4063 1110 4119 vita
1138 4069 1227 4120 est
1257 4082 1372 4121 non
1405 4068 1718 4135 nascendo,
1748 4069 1838 4123 Fi-

205 4149 300 4206 lius
329 4154 446 4210 vita
477 4156 573 4210 est
605 4153 918 4208 nascendo.
956 4154 1124 4208 Pater
1153 4154 1222 4208 de
1251 4153 1413 4209 nullo
1444 4156 1630 4221 Patre,
1660 4157 1839 4213 Filius

203 4240 260 4295 de
288 4242 398 4298 Deo
421 4245 616 4299 Patre.
651 4242 818 4297 Pater
835 4246 1070 4314 propter
1098 4241 1308 4297 Filium
1333 4247 1449 4310 est;
1483 4243 1664 4300 Filius
1681 4263 1834 4314 vero,

204 4333 249 4382 et
275 4332 419 4401 quod
446 4330 636 4388 Filius
668 4334 1026 4402 est,propter
1045 4331 1276 4386 Patrem
1309 4335 1428 4387 est:
1464 4336 1521 4388 et
1551 4335 1704 4405 quod
1726 4339 1834 4401 est,

203 4434 231 4470 a
255 4419 410 4474 Patre
440 4425 554 4476 est.
572 4423 692 4474 Hoc
723 4419 929 4485 dixit,«
953 4420 1130 4474 vitam
1164 4420 1324 4474 dedit
1355 4420 1517 4488 Filio,
1538 4444 1563 4470 ››
1584 4427 1647 4477 ut
1666 4423 1838 4480 habe-

203 4511 412 4563 reteum
424 4509 483 4563 in
503 4507 844 4579 semetipso,
860 4512 1141 4579 tauquam
1157 4508 1405 4564 diceret:
1429 4511 1617 4576 Pater,
1634 4511 1733 4583 qui
1748 4517 1836 4568 est

202 4592 300 4651 vita
332 4597 386 4652 in
415 4595 979 4669 semetipso,genuit
1009 4595 1359 4669 Filium,qui
1377 4600 1603 4655 essetin
1627 4606 1833 4656 semet-

200 4681 329 4753 ipso.
360 4692 466 4742 Pro
487 4704 557 4742 eo
588 4686 746 4742 enim
774 4686 928 4758 quod
959 4688 1170 4754 genuit,
1201 4686 1384 4742 voluit
1415 4687 1658 4761 intelligi
1689 4691 1836 4747 dedit

201 4775 460 4846 tanquam
473 4776 523 4832 si
537 4776 815 4846 cuiquam
834 4775 1192 4831 diceremus:
1216 4775 1384 4833 Dedit
1400 4776 1503 4833 tibi
1517 4777 1670 4835 Deus
1681 4796 1828 4838 esse.

201 4859 458 4933 Sequitur
487 4864 647 4920 enim
678 4869 736 4920 et
766 4863 910 4919 dicit
943 4881 955 4919 :

260 4973 283 5000 ι(
316 4952 382 5008 Et
418 4956 769 5025 potestatem
819 4951 979 5009 dedit
1026 4952 1078 5009 ei
1121 4952 1414 5022 judicium
1449 4955 1658 5024 facere,
1694 4959 1832 5030 quia

201 5061 222 5083 α
254 5039 422 5098 Filius
453 5042 712 5098 hominis
744 5045 845 5098 est.
867 5065 894 5092 ››
927 5043 1071 5096 Puto
1103 5040 1247 5096 nihil
1276 5058 1407 5098 esse
1437 5046 1828 5104 manifestius.

203 5124 329 5183 Nam
359 5131 534 5187 Filius
564 5132 666 5187 Dei
707 5130 947 5203 aequalis
977 5131 1130 5186 Patri
1167 5147 1281 5186 non
1315 5133 1530 5206 accipit
1557 5133 1706 5192 hanc
1729 5154 1828 5208 po-

203 5216 451 5274 testatem
488 5220 784 5291 judicium
835 5219 1103 5285 faciendi,
1139 5220 1238 5276 sed
1290 5219 1466 5276 habet
1495 5221 1658 5280 illam
1694 5241 1828 5281 eum

205 5300 350 5360 Patre
372 5306 429 5360 in
459 5307 708 5364 occulto.
724 5308 960 5380 Accepit
983 5312 1181 5363 autem
1201 5307 1466 5374 illam,ut
1486 5311 1620 5366 boni
1642 5318 1698 5367 et
1711 5331 1830 5370 ma-

201 5387 235 5440 li
263 5407 389 5447 enm
417 5396 652 5452 videant
673 5397 1214 5467 judicantem,quia
1245 5396 1424 5452 Filius
1451 5397 1826 5458 hominisest.

201 5473 341 5534 Visio
362 5484 572 5557 quippe
595 5485 723 5540 Filii
747 5485 1004 5541 hominis
1021 5484 1660 5544 exhibebituretmalis.
1682 5491 1825 5548 Nam

200 5565 328 5623 Visio
357 5570 548 5632 forma:
591 5575 711 5640 Dei,
747 5574 980 5630 nonnisi
1033 5573 1272 5630 mundis
1321 5576 1514 5643 corde,
1549 5580 1825 5649 quoniam

203 5651 297 5722 ipsi
329 5656 511 5718 Deum
542 5662 845 5734 videbunt,
862 5663 918 5719 id
948 5666 1037 5721 est
1066 5661 1206 5720 solis
1237 5663 1370 5734 piis,
1408 5681 1660 5735 quorum
1695 5669 1832 5727 dile-

1957 3372 2160 3411 omnes
2206 3354 2397 3410 tribus
2441 3359 2626 3420 terrae,
2669 3353 2728 3409 in
2775 3370 3020 3409 numero
3069 3353 3270 3423 utique
3309 3353 3600 3409 malorum

1955 3445 2222 3500 omnium
2261 3448 2319 3499 et
2368 3442 2652 3499 ﬁdelium.
2686 3443 2925 3514 Propter
2970 3441 3080 3497 hoc
3127 3441 3302 3498 etiam
3351 3441 3468 3510 ille,
3499 3442 3600 3514 qui

1953 3550 2087 3590 eum
2112 3534 2335 3588 dixerat
2364 3531 2712 3605 magistrum
2746 3532 3268 3601 bonum,quaarens
3289 3530 3361 3585 ab
3383 3546 3449 3586 eo
3471 3547 3601 3586 cou-

1953 3623 2149 3678 silium
2179 3622 2600 3693 consequende
2629 3621 2757 3675 vitae
2789 3619 3378 3691 mternaa,respoudit:
3401 3642 3429 3669 «
3451 3620 3598 3686 Quid

1953 3729 2045 3767 me
2066 3712 2390 3782 interrogas
2414 3711 2483 3766 de
2504 3709 2694 3764 bono?
2712 3709 2890 3764 Nemo
2913 3709 3103 3763 bonus
3118 3708 3251 3774 ,uisi
3278 3726 3431 3764 unus
3447 3709 3601 3765 Deus

1950 3801 2160 3870 (Matth.
2192 3804 2378 3869 x120,»
2410 3815 2544 3854 cum
2574 3798 2875 3854 hominem
2905 3796 3020 3852 alio
3048 3795 3172 3853 loco
3204 3797 3360 3852 dicat
3377 3798 3597 3853 bonum

1950 3891 2074 3963 ipse
2107 3890 2421 3944 Dominus:
2441 3889 2678 3942 «Bonus
2710 3886 2992 3954 homo,de
3013 3886 3166 3941 bono
3192 3884 3463 3942 thesauro
3482 3903 3600 3941 cor-

1950 3980 2043 4035 dis
2074 3978 2162 4034 sui
2197 3977 2414 4049 profert
2434 3978 2587 4033 bona
2616 3993 2628 4031 :
2664 3981 2720 4031 et
2752 3973 2945 4032 malus
2976 3973 3258 4040 homo,de
3281 3973 3436 4030 malo
3468 3974 3596 4029 the-

1951 4085 2123 4124 sauro
2173 4066 2365 4122 cordis
2416 4066 2507 4121 sui
2557 4065 2778 4137 profert
2825 4062 2981 4119 mala
3035 4062 3238 4133 (Matth.
3266 4062 3386 4134 xu).
3422 4083 3449 4112 υ
3485 4063 3596 4118 Sed

1949 4156 2087 4228 quia
2119 4153 2212 4209 ille
2229 4155 2278 4207 vi
2291 4158 2403 4208 tam
2423 4158 2697 4208 aeternam
2716 4152 3028 4221 quaerebat,
3045 4151 3160 4205 vita
3176 4153 3371 4205 autem
3385 4154 3597 4205 aeterna

1947 4249 2036 4301 est
2063 4244 2120 4297 in
2153 4241 2252 4296 illa
2277 4239 2937 4311 contemplatione,quia
2967 4255 3081 4292 non
3099 4239 3173 4292 ad
3196 4237 3596 4308 pmuamvide-

1949 4339 2043 4389 tur
2072 4332 2246 4395 Deus,
2281 4330 2379 4386 sed
2413 4329 2484 4382 ad
2517 4327 2798 4401 gaudium
2829 4326 3272 4398 sempiternum,
3305 4325 3452 4379 duas
3500 4323 3595 4379 hic

1947 4420 2401 4477 resurrectioues
2434 4418 2557 4490 ipse
2587 4416 2872 4472 Dominus
2902 4416 3073 4470 Jesus
3097 4413 3362 4468 Christus
3411 4412 3469 4467 in
3501 4411 3595 4468 his

1946 4510 2136 4565 verbis
2168 4508 2335 4563 nobis
2362 4507 2725 4562 demonstrat
2758 4522 2770 4559 :
2804 4504 3076 4575 primam,
3111 4518 3235 4572 quae
3261 4500 3316 4555 in
3352 4500 3462 4557 ﬁde
3485 4505 3591 4567 est,

1946 4597 2302 4670 resurgendo
2331 4613 2363 4650 a
2394 4594 2666 4667 peccatis,
2691 4593 2761 4649 de
2793 4608 2910 4664 qua
2939 4591 3021 4648 ait
3054 4608 3066 4645 :
3101 4613 3128 4639 ‹‹
3162 4591 3367 4656 Amen,
3399 4605 3592 4655 amen,

1946 4689 2074 4745 diro
2097 4685 2282 4750 vobis,
2315 4683 2454 4756 quia
2481 4684 2641 4738 venit
2672 4683 2816 4738 hora
2846 4683 2904 4736 in
2937 4697 3053 4753 qua
3091 4677 3302 4734 mortui
3357 4676 3596 4733 audient

1943 4792 2142 4833 vocem
2175 4773 2303 4829 Filii
2335 4773 2455 4828 Dei.
2490 4795 2518 4823 »
2545 4771 2806 4828 Alteram
2829 4770 2929 4825 ubi
2961 4769 3043 4824 ait
3071 4785 3082 4824 :
3119 4789 3145 4818 «
3177 4768 3590 4831 Amen,amen,

1943 4867 2071 4922 dico
2101 4864 2287 4929 vobis,
2308 4861 2446 4933 quia
2472 4861 2630 4916 venit
2649 4860 2793 4916 hora
2810 4861 2870 4915 in
2901 4875 3016 4931 qua
3037 4872 3240 4913 omnes
3259 4853 3358 4926 qui
3386 4853 3444 4908 in
3468 4870 3593 4908 mo-

1943 4957 2225 5010 numento
2258 4955 2414 5014 sunt,
2447 4948 2687 5006 audient
2716 4965 2911 5004 vocem
2943 4947 3069 5002 Filii
3103 4944 3225 5000 Dei.
3254 4966 3280 4992 ››
3313 4942 3416 4998 Illa
3437 4943 3596 5015 prior

1943 5048 2031 5100 est
2062 5040 2408 5098 resurrectio
2440 5039 2795 5105 animarum,
2832 5037 2933 5092 illa
2961 5050 3213 5107 sequens
3246 5032 3592 5087 resurrectio

1941 5133 2050 5190 erit
2081 5128 2529 5202 corporum.Qui
2553 5143 2683 5183 vero
2717 5127 2773 5182 in
2805 5126 2913 5182 hac
2945 5125 3135 5198 prima
3165 5138 3280 5178 non
3313 5121 3587 5193 resurgit,

1940 5238 2046 5276 nec
2076 5220 2156 5275 ibi
2187 5219 2260 5274 ad
2291 5233 2424 5272 eum
2457 5220 2739 5287 resurget.
2763 5239 2789 5265 ‹‹
2817 5216 2968 5271 Hora
2993 5219 3189 5270 autem
3222 5228 3376 5266 nunc
3403 5215 3594 5277 est,ut

1941 5312 2250 5380 resurgant
2281 5303 2514 5359 mortui.
2531 5327 2557 5353 ››
2573 5301 2724 5358 Hora
2744 5305 2852 5359 erit
2874 5305 2932 5358 in
2954 5303 3068 5358 ﬁne
3093 5299 3308 5366 smculi,
3324 5305 3592 5354 utresur-

1940 5403 2080 5472 gant
2111 5402 2167 5451 et
2199 5394 2433 5450 mortui.
2467 5393 2577 5449 Sed
2610 5394 2657 5448 si
2710 5397 3017 5465 resurgant
3069 5406 3224 5446 nunc
3277 5389 3334 5442 in
3373 5391 3586 5452 mente,

1941 5495 2078 5544 tunc
2106 5487 2163 5540 in
2195 5500 2367 5539 carne
2399 5488 2725 5554 resurgent.
2743 5484 2906 5538 Nunc
2930 5484 2989 5542 in
3012 5486 3206 5538 mente
3222 5494 3325 5551 per
3347 5475 3586 5532 verbum
3653 5491 3658 5498 '

1939 5576 2130 5642 Dci,irl
2164 5577 2252 5628 est
2284 5588 2384 5644 per
2414 5570 2624 5627 Filium
2657 5572 3127 5644 Dei,resurgent:
3154 5575 3294 5624 tunc
3326 5566 3383 5622 in
3415 5580 3588 5620 carne

1937 5683 2040 5740 per
2069 5663 2325 5720 Verbum
2357 5660 2454 5718 Dei
2480 5677 2611 5718 caro
2633 5660 3075 5728 t‘actum,ﬁlium
3097 5653 3583 5725 hominis.Neque
