3926 6170
140 290 238 356 317
1331 283 1686 348 HOMILIE
1729 284 1748 346 l

1915 282 2276 348 'EMPORE.

3381 290 3509 358 318

138 427 260 482 lium
288 423 436 487 dare,
470 437 608 494 quos
640 437 672 475 a
704 437 795 475 me
826 417 1136 475 consilium
1185 424 1408 492 oportet
1458 418 1735 490 accipere.
1769 417 1822 484 Α
1852 424 2133 474 cresceret
2167 436 2180 473 :
2226 418 2494 492 quamvis
2523 418 2622 476 tali
2656 417 2828 476 verbo
2862 437 3007 477 usus
3038 420 3133 489 sit,
3168 426 3335 496 quasi
3367 432 3507 484 tunc

135 515 237 581 Quo
282 527 410 585 ergo
457 509 723 584 pertinet,
757 532 786 557 «
819 509 1022 565 Nonne
1066 506 1374 565 duodecim
1408 505 1562 563 horae
1609 511 1749 562 sunt

132 604 267 660 diei?
296 626 323 651 »
352 600 493 677 Quia
524 604 586 654 ut
613 598 767 655 diem
804 616 866 654 se
896 615 1025 655 esse
1055 598 1408 662 ostenderet,
1442 596 1748 653 duodecim

131 690 418 762 discipulos
472 687 662 760 elegit.
693 686 749 741 Si
782 703 888 758 ego
944 703 1103 753 sum,
1134 686 1343 759 inquit,
1378 686 1526 755 dies,
1564 688 1620 741 et
1646 702 1750 740 vos

133 781 279 845 horae,
300 776 557 850 nunquid
579 775 729 829 horae
746 775 859 829 diei
879 773 1188 829 consilium
1212 774 1394 830 dant?
1414 774 1574 829 Hora:
1596 774 1750 829 diem

132 872 441 941 sequuntur,
478 882 590 919 non
621 864 795 919 horas
844 863 988 918 dies.
1024 863 1081 918 Si
1116 880 1253 936 ergo
1287 862 1368 916 illi
1403 863 1579 929 horae,
1611 862 1750 935 quid

132 959 192 1016 ibi
218 956 411 1021 Judas,
445 960 503 1009 et
536 954 657 1025 ipse
708 952 859 1007 inter
887 951 1194 1007 duodecim
1245 952 1420 1008 horas
1441 951 1468 1007 ?
1500 952 1559 1007 Si
1609 952 1753 1006 hora

131 1050 245 1110 erat,
271 1044 517 1109 lucebat,
549 1041 595 1095 si
624 1040 873 1107 lucebat,
901 1040 1194 1113 quomodo
1222 1040 1377 1095 diem
1404 1041 1475 1096 ad
1504 1044 1752 1096 mortem

132 1130 404 1189 trahebat?
435 1130 549 1186 Sed
584 1130 860 1185 Dominus
907 1130 966 1184 in
998 1130 1108 1184 hoc
1137 1130 1333 1197 verbo,
1392 1147 1504 1184 non
1556 1130 1751 1201 ipsum

132 1223 332 1287 ludam,
367 1220 466 1275 sed
521 1234 917 1274 successorem
969 1218 1161 1290 ipsius
1199 1217 1569 1291 praevidebat.
1601 1218 1754 1273 Juda

132 1312 252 1367 enim
285 1309 546 1375 cadente,
601 1308 885 1363 successit
934 1306 1228 1371 Matthias,
1263 1312 1318 1362 et
1360 1307 1754 1362 duodenarius

134 1400 330 1455 mansit.
361 1399 485 1452 Non
519 1397 678 1453 enim
705 1397 924 1452 frustra
948 1396 1255 1451 duodecim
1290 1394 1613 1467 discipulos
1639 1393 1754 1451 ele-

132 1489 210 1561 git,
239 1487 340 1543 nisi
390 1486 533 1559 quia
564 1486 690 1558 ipse
736 1483 1061 1556 spiritualis
1092 1488 1182 1539 est
1231 1483 1375 1539 dies.
1426 1486 1755 1556 Sequantur

132 1594 238 1649 ergo
252 1576 394 1631 horae
411 1575 593 1641 diem,
613 1572 1090 1646 praedicenthoraa
1105 1572 1447 1629 diem.Hora3
1463 1570 1753 1628 illustran-

130 1672 249 1720 tura
266 1664 543 1719 die.llorzn
564 1662 974 1719 illuminentur
999 1678 1033 1717 a
1058 1662 1285 1717 dic.Pcr
1307 1661 1581 1717 horarum
1608 1678 1750 1734 prte-

130 1754 459 1819 dicationem,
485 1753 688 1809 credat
713 1752 972 1849 mundus
1001 1751 1355 1854 diem.‘Drgo
1387 1752 1468 1809 ait
1496 1750 1568 1806 de
1599 1767 1750 1806 com-
1777 1788 1827 1854 B

129 1843 302 1915 pendio
329 1859 342 1897 :
379 1842 469 1897 Me
501 1840 843 1914 sequimini,
877 1839 926 1894 si
959 1857 1073 1895 non
1114 1839 1288 1895 vultis
1319 1856 1529 1895 errare.

182 1956 204 1981 ‹‹
229 1933 300 1986 Ex
329 1934 459 2002 post
489 1930 617 1985 hazc
661 1929 805 1984 dicit
832 1929 916 1983 eis
946 1946 959 1983 :
992 1928 1244 1984 Lazarus
1295 1928 1519 1984 amicus
1552 1934 1750 1984 noster

129 2045 149 2071 υ
174 2019 384 2085 dormit,
404 2020 507 2074 sed
537 2019 691 2073 vado
718 2023 782 2073 ut
807 2035 842 2073 a
867 2033 1095 2074 sommo
1122 2017 1365 2073 excitem
1392 2034 1547 2072 eum.
1580 2040 1607 2067 ››
1639 2016 1746 2073 Ve-

132 2127 231 2164 rum
255 2109 423 2175 dixit;
450 2107 759 2163 sororibus
781 2111 1048 2162 mortuus
1070 2111 1211 2171 erat,
1236 2106 1483 2161 Domino
1504 2107 1752 2162 dormie-

129 2197 587 2252 batzhominibus
607 2200 873 2251 mortuus
890 2199 1033 2262 erat,
1049 2194 1146 2267 qui
1171 2212 1304 2250 eum
1328 2195 1609 2251 suscitare
1632 2213 1748 2251 non

130 2291 377 2359 poterant.
424 2286 578 2341 Nam
615 2284 898 2340 Dominus
932 2289 1094 2340 tanta
1123 2283 1397 2340 facilitate
1428 2285 1751 2341 suscitabat

130 2376 183 2431 de
209 2374 480 2449 sepulcro,
516 2378 745 2447 quanta
770 2379 830 2431 tu
858 2389 976 2430 non
1001 2374 1218 2428 excitas
1260 2373 1645 2429 dormientem
1678 2374 1750 2429 de

130 2464 264 2519 lecto.
278 2465 420 2537 Ergo
438 2464 769 2521 secundum
784 2462 1104 2534 potentiam
1122 2478 1290 2517 suam
1304 2462 1450 2517 dixit
1465 2461 1751 2518 dormien-

130 2558 239 2620 tem,
256 2554 384 2625 quia
408 2557 466 2607 et
486 2552 591 2607 alii
617 2551 829 2607 mortui
856 2550 992 2606 dicti
1021 2556 1159 2606 sunt
1180 2550 1235 2605 in
1261 2551 1577 2623 Scripturis
1599 2569 1750 2623 saepe

131 2642 463 2705 dormientes,
483 2639 969 2712 sicutApostolus
986 2639 1157 2694 dicit:
1179 2662 1205 2688 ‹‹
1228 2638 1307 2694 De
1325 2640 1750 2695 dormientibus

132 2736 289 2785 autem
320 2729 452 2785 nolo
486 2747 599 2786 vos
629 2730 916 2802 ignorare,
951 2729 1177 2794 fratres,
1212 2732 1278 2783 ut
1308 2745 1421 2782 non
1454 2728 1752 2785 contriste-

134 2818 245 2875 mini
261 2820 403 2875 sicut
419 2824 477 2876 et
492 2818 712 2885 caeteri,
728 2817 826 2891 qui
846 2833 1009 2890 spem
1028 2834 1144 2872 non
1162 2816 1382 2872 habent
1396 2819 1442 2886 (ι
1458 2817 1603 2873 Thes.
1620 2819 1703 2889 ιι).
1721 2840 1748 2867 ››

132 2908 234 2963 Ideo
245 2909 426 2981 etipse
443 2906 813 2963 dormientes
824 2905 1155 2979 appellavit,
1171 2906 1310 2978 quia
1320 2911 1646 2961 resurrectu
1658 2924 1750 2961 ros

132 2997 506 3068 pronuntiavit.
540 2998 620 3052 Et
651 2996 707 3050 in
741 2995 854 3050 alio
884 2995 1008 3050 loco
1036 3011 1048 3049 :
1083 2995 1300 3051 Omnes
1332 2995 1567 3067 quidem
1617 2996 1751 3050 dor-

134 3086 362 3154 miemus,
413 3087 517 3142 sed
572 3101 691 3140 non
741 3100 945 3139 omnes
995 3098 1371 3155 resurgemus
1404 3083 1451 3155 (Ι
1477 3086 1600 3140 Cor.
1634 3084 1748 3155 xv),

1860 506 2091 563 credere
2130 507 2473 581 inciperent.
2524 508 2650 565 Non
2698 508 2855 565 enim
2888 509 2988 580 ait,
3020 510 3246 583 gaudeo
3277 519 3509 587 propter

1858 611 1979 661 vos,
2012 600 2077 651 ut
2104 602 2299 653 vestra
2329 597 2475 653 ﬁdes
2501 603 2801 672 augeatur,
2822 598 2943 654 sive
2972 598 3239 656 firmetur
3266 618 3279 668 ;
3313 603 3415 657 sed
3446 607 3511 659 ut

1859 685 2131 753 credatis,
2166 686 2321 759 quod
2351 685 2796 760 intelligendum
2828 690 2937 756 est,
2970 691 3037 744 ut
3060 686 3317 761 amplius
3343 692 3513 747 robu-

1860 772 2129 847 stiusque
2159 775 2427 830 credatis.
2904 836 2925 853 .

1931 883 1960 910 «
1995 863 2104 917 Sed
2155 879 2360 918 eamus
2414 863 2487 919 ad
2519 879 2675 919 eum.
2710 864 2863 920 Dixit
2913 882 3050 938 ergo
3098 866 3379 938 Thomas,
3412 867 3511 942 qui

1867 973 1887 1001 ιι
1924 951 2139 1007 dicitur
2159 952 2464 1025 Didymus,
2484 953 2556 1008 ad
2580 953 3043 1026 condiscipulos:
3065 955 3284 1013 Eamus
3305 961 3361 1014 et
3384 975 3509 1023 nos,

1862 1063 1889 1090 «
1927 1046 1990 1095 ut
2008 1041 2328 1096 moriamur
2345 1059 2479 1097 cum
2496 1058 2582 1098 eo.
2602 1041 2773 1098 Venit
2788 1042 2984 1115 itaque
2998 1043 3194 1115 Jesus,
3217 1051 3273 1101 et
3294 1046 3515 1104 invenit

1861 1152 1889 1179 ‹‹
1923 1147 2054 1185 eum
2079 1134 2330 1203 quatuor
2352 1131 2614 1202 diesjam
2640 1130 2697 1186 in
2722 1137 3104 1187 monumento
3126 1133 3459 1192 habentem.
3483 1158 3511 1187 »

1861 1218 1940 1274 De
1966 1224 2217 1291 quatuor
2241 1219 2449 1275 diebus
2476 1219 2660 1276 multa
2685 1220 2920 1292 quidem
2944 1220 3057 1276 dici
3077 1229 3345 1294 possunt,
3362 1224 3514 1281 sicut

1862 1324 1923 1363 se
1940 1307 2157 1364 habent
2173 1309 2422 1363 obscura
2437 1309 2665 1381 Scriptu
2675 1326 2892 1377 rarum,
2910 1326 3035 1381 quae
3056 1327 3161 1381 pro
3178 1311 3511 1369 diversitate

1865 1395 2316 1469 intelligentium
2349 1397 2566 1452 multos
2618 1414 2827 1453 sensus
2859 1398 3116 1470 pariunt.
3150 1399 3424 1456 Dicamus
3455 1406 3514 1457 et

1863 1502 1991 1550 nos,
2011 1486 2149 1558 quid
2175 1486 2344 1541 nobis
2365 1486 2629 1541 videatur
2650 1486 2980 1559 significare
3000 1492 3267 1545 mortuus
3288 1491 3511 1562 quatri-

1862 1575 2112 1629 duanus.
2146 1575 2445 1640 Quomodo
2474 1574 2630 1630 enim
2681 1575 2740 1630 in
2782 1573 2883 1630 illo
2934 1592 3079 1631 caeco
3127 1576 3511 1651 intelligimus

1863 1663 2294 1736 quodammodo
2333 1663 2660 1718 humanum
2691 1680 2898 1737 genus,
2933 1665 3016 1719 sic
3046 1665 3190 1720 forte
3220 1668 3277 1722 et
3307 1666 3365 1723 in
3400 1668 3511 1723 isto

1863 1757 2093 1807 mortuo
2138 1750 2354 1807 multos
2396 1751 2747 1808 intellecturi
2797 1769 3044 1819 sumus;
3077 1753 3323 1810 diversis
3351 1757 3510 1812 enim

1859 1839 2049 1894 modis
2080 1856 2198 1894 una
2224 1856 2321 1913 res
2353 1839 2669 1912 signiﬁcari
2696 1845 2906 1911 potest.
2939 1841 3119 1896 Homo
3145 1844 3379 1914 quando
3408 1861 3509 1900 na-

1857 1927 2058 1993 scitur,
2072 1928 2195 1999 jam
2230 1944 2362 1982 cum
2396 1934 2580 1983 morte
2606 1928 2887 1995 nascitur,
2908 1929 3046 2001 quia
3077 1930 3147 1986 de
3173 1932 3357 1986 Adam
3380 1949 3511 2005 pec-

1859 2022 2051 2072 catum
2085 2016 2301 2085 trahit;
2348 2017 2503 2073 unde
2551 2016 2691 2073 dicit
2731 2016 3088 2089 Apostolus:
3122 2042 3150 2069 «
3190 2020 3297 2076 Per
3326 2038 3512 2077 unum

1858 2105 2155 2161 hominem
2183 2111 2483 2178 peccatum
2506 2104 2743 2163 intravit
2768 2107 2826 2162 in
2854 2108 3238 2175 mundum,et
3262 2128 3365 2183 per
3388 2127 3515 2183 pec-

1858 2199 2052 2249 catum
2086 2211 2280 2250 more:
2325 2200 2382 2249 et
2412 2194 2494 2250 ita
2524 2195 2583 2249 in
2617 2212 2820 2251 omnes
2851 2195 3120 2252 homines
3152 2198 3510 2270 pertransiit,

1858 2284 1916 2337 in
1962 2301 2076 2356 quo
2109 2300 2312 2339 omnes
2362 2288 2743 2355 peccaverunt
2775 2285 2948 2352 (Rom.
2982 2288 3059 2354 v).
3098 2308 3125 2335 ››
3157 2286 3299 2342 Ecce
3330 2287 3512 2345 habes

1858 2390 2042 2428 unum
2075 2372 2227 2427 diem
2252 2371 2477 2439 mortis,
2503 2373 2656 2445 quod
2681 2373 2856 2428 homo
2879 2374 3058 2429 trahit
3078 2375 3148 2430 de
3171 2382 3357 2433 morte
3379 2394 3514 2450 pro-

1857 2462 2152 2534 paginem.
2175 2461 2388 2517 Deinde
2405 2461 2630 2527 crescit,
2652 2461 2855 2534 incipit
2876 2463 3147 2522 accedere
3163 2466 3231 2521 ad
3259 2466 3512 2523 rationa-

1857 2551 1943 2606 les
1975 2567 2182 2616 annos,
2204 2555 2267 2605 ut
2296 2548 2481 2623 legem
2515 2551 2707 2622 sapiat
2736 2552 3083 2619 naturalem,
3104 2571 3280 2625 quam
3309 2571 3513 2611 omnes

1858 2640 2078 2695 habent
2100 2640 2157 2694 in
2192 2640 2362 2695 corde
2394 2640 2585 2694 fixam.
2610 2640 2773 2705 Quod
2802 2640 2908 2696 tibi
2932 2641 3055 2696 ﬁeri
3083 2659 3196 2697 non
3219 2643 3326 2708 vis,
3345 2644 3510 2699 alteri

1859 2745 1931 2785 ne
1952 2729 2176 2784 feceris.
2197 2728 2473 2799 Nunquid
2499 2727 2606 2783 hoc
2623 2727 2693 2784 de
2716 2729 2961 2800 paganis
2983 2729 3215 2798 dicitur,
3232 2736 3288 2786 et
3314 2748 3426 2786 non
3450 2731 3508 2786 in

1859 2823 2066 2873 natura
2098 2816 2227 2889 ipsa
2256 2816 2687 2888 quodammodo
2741 2815 2955 2888 legitur
2974 2818 3002 2872 ?
3030 2817 3276 2875 Furtum
3325 2820 3513 2876 facere

1857 2906 1944 2961 vis
1959 2907 1986 2961 ?
2007 2906 2122 2978 pati
2148 2905 2348 2977 utique
2372 2922 2487 2960 non
2508 2905 2616 2959 vis.
2637 2906 2778 2961 Ecce
2803 2904 2894 2962 lex
2917 2906 2976 2961 in
3004 2907 3174 2962 corde
3192 2911 3292 2964 tuo
3312 2924 3325 2961 :
3347 2908 3511 2974 Quod

1860 3012 1973 3051 non
2007 2994 2092 3048 vis
2124 2993 2265 3066 pati,
2311 2993 2497 3049 facere
2529 2992 2665 3048 noli.
2702 2994 2765 3049 Et
2807 2994 2959 3050 hanc
2989 2995 3176 3069 legem
3208 3001 3510 3070 transgre-

1861 3083 2104 3138 diuntur
2132 3082 2401 3138 homines
2434 3100 2448 3137 :
2478 3097 2606 3138 ecce
2636 3081 2783 3138 alter
2809 3083 2934 3139 dies
2966 3085 3191 3139 mortis.
3227 3084 3374 3141 Data
3422 3090 3514 3142 est

134 3180 338 3231 mortem
386 3179 659 3231 nostram
705 3172 1074 3228 dormitionis
1105 3170 1341 3227 nomine
1390 3171 1749 3245 signiﬁcans.
1781 3159 1824 3225 C
1863 3172 2038 3228 etiam
2072 3170 2161 3226 lex
2193 3170 2473 3226 divinitus
2506 3188 2609 3243 per
2655 3171 2943 3227 famulum
2990 3172 3090 3228 Dei
3124 3173 3380 3247 Moysen.
3414 3174 3510 3230 Di-

134 3263 248 3319 Nam
275 3281 479 3336 corpus
510 3265 664 3318 dum
708 3260 997 3317 deseritur
1038 3261 1110 3315 ab
1160 3260 1378 3329 anima,
1427 3261 1645 3317 dormit
1689 3261 1747 3316 in

136 3352 358 3424 sepulcro
378 3370 573 3426 usque
600 3352 670 3407 ad
694 3349 1194 3406 resuscitationem
1213 3348 1271 3404 in
1294 3350 1611 3405 novissimo
1633 3350 1746 3406 die.

133 3441 312 3497 Anima:
338 3459 471 3497 vero
501 3441 655 3497 dum
703 3439 983 3494 deserunt
1012 3454 1270 3510 corpora,
1303 3438 1563 3493 diversas
1596 3455 1748 3494 rece-

132 3529 317 3599 ptiones
340 3531 597 3586 habent:
619 3528 901 3601 gaudium
928 3527 1111 3591 bona),
1127 3525 1291 3581 mala:
1312 3531 1620 3582 tormenta.
1637 3527 1747 3583 Sed

131 3634 234 3674 cum
268 3620 409 3675 facta
438 3618 626 3675 fuerit
656 3616 1021 3682 resurrectio,
1053 3620 1109 3670 et
1138 3616 1423 3670 bonorum
1469 3616 1746 3687 gaudium

130 3705 341 3778 amplius
364 3708 474 3764 erit
498 3712 561 3762 et
592 3703 880 3760 malorum
908 3708 1199 3759 tormenta
1222 3703 1747 3776 graviora,quando

129 3809 230 3850 cum
246 3812 473 3869 corpore
490 3794 948 3867 torquebantur.
974 3793 1123 3848 Dum
1148 3791 1432 3847 Dominus
1449 3792 1520 3847 de
1537 3793 1750 3847 dormi-

129 3881 250 3938 tione
264 3886 424 3941 amici
442 3886 703 3954 dixerat,
715 3880 987 3954 discipuli
1002 3880 1747 3957 responderunt,quomodo

131 3969 495 4031 intellexerunt
523 3991 537 4030 :

186 4062 486 4129 «Domine,
522 4063 579 4119 si
607 4061 842 4126 dormit,
876 4059 1073 4116 salvus
1115 4058 1242 4115 erit.
1280 4081 1310 4109 »
1343 4057 1543 4115 Solent
1589 4060 1746 4115 enim

133 4152 319 4207 somnia
347 4169 475 4208 esse
520 4151 829 4224 aegrotanti
881 4149 1152 4204 interitus
1198 4148 1285 4204 vel
1334 4147 1542 4204 salutis
1590 4148 1746 4205 indi-

134 4253 214 4293 C13.

186 4350 209 4379 ‹‹
236 4330 447 4388 Dixerat
478 4334 682 4386 autem
733 4328 903 4383 Jesus
931 4328 1003 4383 de
1033 4331 1218 4383 morte
1247 4328 1396 4399 ejus,
1432 4326 1515 4381 illi
1549 4331 1744 4382 autem

138 4436 153 4461 ι
170 4422 486 4487 putaverunt
500 4417 647 4492 quia
663 4417 733 4473 de
748 4416 1101 4472 dormitione
1118 4416 1309 4471 somni
1327 4416 1561 4472 diceret.
1582 4417 1746 4471 Tunc

135 4524 156 4549 α
179 4521 291 4579 ergo
316 4507 456 4563 dixit
481 4509 573 4565 eis
601 4507 773 4563 Jesus
793 4505 1117 4561 manifeste.
1143 4528 1168 4553 ››
1187 4506 1557 4561 Subobscure
1584 4504 1740 4560 enim
1774 4528 1821 4592 Ι)

133 4590 329 4661 dixerat,
365 4620 385 4644 ι
419 4595 664 4653 dormit.
698 4617 726 4644 »
754 4595 849 4648 Ait
877 4610 1014 4667 ergo
1046 4593 1355 4649 manifeste
1385 4610 1396 4649 :

185 4703 207 4730 «
237 4683 473 4740 Lazarus
516 4700 658 4757 ergo
707 4689 974 4738 mortuus
1025 4687 1132 4749 est,
1165 4686 1223 4737 et
1251 4681 1475 4754 gaudeo
1508 4688 1744 4754 propter

135 4790 155 4814 ι(
177 4785 261 4826 vos
288 4779 347 4827 ut
374 4773 649 4841 credatis,
668 4772 806 4844 quia
836 4788 951 4827 non
982 4787 1142 4827 eram
1170 4769 1271 4826 ibi.
1308 4794 1335 4820 »
1368 4776 1538 4845 Eger
1563 4773 1741 4841 enim,

136 4871 225 4912 non
261 4866 522 4918 mortuus
575 4862 763 4917 fuerat
803 4860 1128 4927 nuntiatus,
1163 4860 1265 4915 sed
1316 4865 1381 4914 ut
1410 4859 1616 4916 lateret
1644 4860 1744 4934 qui

137 4955 398 5018 creaverat,
431 4956 490 5007 et
518 4951 591 5007 ad
625 4950 795 5023 cujus
825 4966 1038 5005 manus
1068 4949 1268 5005 anima
1316 4948 1619 5006 morientis
1649 4968 1743 5007 ex-

143 5031 270 5091 ierat.
298 5038 409 5095 Hoc
444 5044 556 5106 est,
606 5041 759 5113 quod
795 5039 896 5106 ait,
930 5061 957 5088 «
992 5038 1218 5111 gaudeo
1268 5041 1504 5111 propter
1549 5056 1651 5095 vos
1682 5045 1747 5095 ut

144 5124 348 5182 credatis
373 5128 510 5200 quia
534 5146 649 5184 non
677 5126 759 5183 ibi
784 5144 968 5195 eram,
988 5130 1052 5182 ut
1064 5127 1190 5197 jam
1214 5126 1537 5199 inciperent
1560 5127 1747 5184 admi-

143 5212 249 5277 rari,
278 5216 406 5286 quia
436 5217 720 5272 Dominus
752 5215 944 5289 potuit
992 5214 1181 5270 dicere
1234 5219 1556 5280 mortuum,
1592 5218 1746 5289 quod

146 5310 224 5351 nec
248 5302 471 5373 viderat,
494 5323 598 5361 nec
618 5305 897 5361 audierat.
924 5303 1029 5359 Ubi
1054 5320 1195 5359 sane
1216 5304 1558 5360 meminisse
1581 5307 1749 5362 debe-

147 5394 414 5460 mus,quod
432 5394 623 5449 adhuc
638 5394 812 5450 etiam
831 5393 1095 5464 ipsorum
1115 5391 1256 5447 disci
1266 5390 1667 5465 pulorum,qui
1685 5394 1744 5449 in

147 5486 249 5529 eum
279 5494 384 5535 non
415 5482 794 5547 crediderant,
813 5479 1113 5537 miraculis
1142 5480 1538 5536 aedificabatur
1564 5482 1742 5538 ﬁdes:

150 5575 237 5617 non
253 5573 443 5625 utesse
460 5570 751 5643 inciperet,
767 5571 868 5627 sed
888 5576 952 5625 ut
966 5586 1033 5625 ea
1049 5570 1207 5642 quaej
1215 5586 1309 5625 am
1327 5586 1455 5626 esse
1473 5578 1742 5644 cmperat,

1859 3265 2015 3316 ctum
2049 3265 2138 3317 est
2168 3258 2320 3314 illic:
2343 3280 2370 3308 «
2392 3258 2518 3314 Non
2549 3260 2798 3326 occides,
2818 3278 2935 3316 non
2969 3262 3372 3331 mcechaberis,
3392 3280 3507 3319 non

1858 3349 2073 3404 falsum
2106 3347 2509 3405 testimonium
2537 3348 2713 3404 dic-es.
2739 3349 2972 3405 Honora
2996 3355 3220 3422 patrem
3254 3356 3421 3407 tuum
3454 3358 3512 3408 et

1860 3443 2129 3503 matrem,
2163 3454 2275 3492 non
2310 3438 2684 3510 concupisces
2716 3454 2837 3494 rem
2889 3438 3136 3511 proximi
3180 3441 3266 3495 tui
3316 3441 3508 3512 (Exod.

1856 3527 1969 3600 xx).
2008 3548 2035 3577 ››
2068 3528 2209 3582 Ecce
2240 3525 2331 3581 lex
2361 3527 2576 3599 scripta
2605 3531 2714 3595 est,
2763 3532 2819 3582 et
2850 3527 2979 3600 ipsa
3008 3528 3422 3596 contemnitur,
3455 3534 3514 3585 et

1858 3617 1929 3673 ad
1952 3616 2191 3672 tertium
2214 3616 2369 3671 diem
2391 3616 2598 3671 mortis
2621 3616 2720 3689 qui
2746 3622 2943 3683 restat,
2962 3617 3212 3673 venitur.
3236 3618 3307 3673 Et
3325 3618 3511 3676 Evan-

1856 3705 2075 3779 gelium
2134 3705 2499 3777 praedicatur,
2544 3722 2789 3777 regnum
2841 3704 3118 3761 calorum
3174 3707 3514 3763 ditfamatur

1857 3794 2097 3866 ubique,
2119 3793 2389 3848 Christus
2412 3793 2673 3848 minatur
2692 3794 3046 3866 gehennam,
3062 3793 3243 3850 vitam
3264 3796 3511 3867 promit-

1855 3883 1926 3937 tit
1940 3887 2235 3938 aeternam.
2257 3882 2326 3936 Et
2348 3882 2539 3953 ipsum
2564 3882 2976 3952 contemnitur,
2998 3884 3515 3956 transgrediuntur

1856 3971 2126 4027 homines
2150 3969 2545 4044 Evangelium.
2568 3971 2711 4027 Ecce
2742 3976 2990 4045 quartus
3011 3972 3137 4027 dies
3160 3972 3385 4028 mortis.
3405 3975 3516 4028 Me-

1857 4059 1967 4115 rito
1992 4061 2117 4131 jam
2145 4064 2326 4131 putet.
2359 4059 2633 4131 Nunquid
2663 4060 2733 4115 de
2759 4059 2977 4115 talibus
3000 4061 3266 4133 neganda
3285 4065 3377 4116 est
3401 4061 3509 4116 mi-

1857 4147 2422 4204 sericordiaPAbsit.
2452 4146 2637 4203 Etiam
2688 4148 2759 4203 ad
2811 4148 2957 4204 tales
3005 4148 3343 4204 excitandos
3394 4167 3509 4204 non

1855 4236 2206 4309 dedignatur
2236 4235 2527 4290 accedere.

1927 4348 1955 4375 ‹‹
1990 4323 2154 4379 Multi
2187 4328 2378 4378 autem
2435 4339 2505 4378 ex
2551 4322 2767 4379 Judaeis
2807 4328 3084 4380 venerant
3112 4324 3183 4380 ad
3218 4324 3508 4380 Martham

1856 4437 1883 4463 «
1908 4419 1963 4469 et
1980 4412 2323 4480 Mariam,ut
2341 4412 2783 4468 consolarentur
2797 4430 2895 4469 eas
2918 4414 2988 4469 de
3007 4414 3181 4469 fratre
3204 4430 3329 4468 suo.
3356 4413 3507 4469 Mar-

1855 4525 1881 4553 ‹ι
1913 4503 2014 4558 tha
2039 4505 2231 4557 autem
2258 4506 2325 4556 ut
2345 4501 2566 4556 audivit
2588 4501 2727 4574 quia
2745 4502 2918 4558 Jesus
2940 4500 3376 4569 venit,occurrit
3400 4500 3506 4556 illi.

1855 4613 1883 4642 «
1920 4591 2102 4647 Maria
2132 4594 2327 4646 autem
2360 4590 2516 4645 domi
2549 4590 2804 4646 sedebat.
2824 4590 2981 4646 Dixit
3009 4606 3144 4664 ergo
3176 4590 3406 4646 Martha
3435 4590 3507 4645 ad

1859 4702 1887 4730 «
1921 4681 2124 4736 Jesum
2160 4697 2173 4735 :
2209 4679 2474 4747 Domine,
2508 4678 2557 4734 si
2588 4679 2802 4736 fuisses
2841 4679 2955 4744 hic,
2984 4678 3163 4736 frater
3193 4696 3359 4735 meus
3391 4696 3509 4735 non

1857 4793 1885 4819 ‹‹
1920 4769 2129 4826 fuisset
2152 4774 2440 4824 mortuus.
2461 4768 2573 4824 Sed
2592 4773 2649 4825 et
2665 4785 2820 4825 nunc
2835 4768 2976 4834 scio,
2995 4769 3134 4841 quia
3150 4785 3509 4841 quaecunque

1855 4881 1883 4908 «
1918 4856 2253 4930 poposceris
2278 4874 2312 4912 a
2340 4860 2471 4922 Deo,
2496 4857 2659 4911 dabit
2680 4857 2785 4913 tibi
2812 4857 2987 4913 Deus.
3007 4878 3035 4907 »
3061 4857 3185 4911 Non
3214 4856 3379 4922 dixit,
3407 4857 3510 4913 sed

1854 4952 1912 5003 et
1943 4962 2080 5018 rogo
2112 4950 2168 5000 te
2216 4946 2386 5000 modo
2434 4949 2499 5000 ut
2553 4945 2803 5002 suscites
2850 4945 3088 5001 fratrem
3138 4961 3357 5000 meum.
3392 4944 3510 5001 Hoc

1859 5040 2087 5092 tantum
2116 5034 2298 5089 dixit:
2335 5034 2454 5089 scio
2484 5034 2625 5105 quia
2652 5030 2818 5107 potes
2849 5034 2898 5089 si
2929 5034 3052 5102 vis;
3078 5038 3277 5090 utrum
3312 5037 3509 5090 autem

1857 5124 2057 5191 facias,
2083 5121 2295 5194 judicii
2327 5123 2407 5177 tui
2439 5127 2549 5188 est,
2582 5139 2698 5178 non
2730 5123 3206 5196 praesumptionis
3238 5139 3398 5179 meae.

1931 5235 1959 5262 ‹‹
1992 5213 2142 5268 Dicit
2171 5211 2253 5266 illi
2285 5211 2458 5266 Jesus
2491 5228 2503 5267 :
2539 5212 2825 5285 Resurget
2854 5212 3031 5268 frater
3074 5215 3233 5267 tuus.
3268 5211 3416 5267 Dicit
3456 5213 3507 5267 ei

1861 5324 1888 5352 ‹‹
1918 5301 2145 5357 Martha
2171 5318 2183 5356 :
2209 5300 2335 5354 Scio
2358 5300 2496 5371 quia
2524 5305 2785 5373 resurget
2807 5301 2868 5355 in
2892 5300 3211 5357 novissimo
3237 5299 3351 5355 die.
3379 5322 3407 5349 ››
3430 5304 3509 5355 De

1854 5389 1957 5445 illa
1986 5388 2406 5445 resurrectione
2438 5403 2642 5442 secura
2671 5406 2826 5457 sum,
2855 5389 2928 5445 de
2958 5389 3067 5445 hac
3098 5390 3317 5444 incerta
3347 5406 3504 5445 sum.

1929 5501 1956 5530 «
1992 5477 2138 5533 Dicit
2167 5477 2217 5531 ei
2248 5477 2421 5533 Jesus
2457 5492 2469 5530 :
2512 5476 2628 5549 Ego
2659 5493 2791 5532 sum
2841 5478 3189 5534 resurrectio
3219 5481 3274 5533 et
3302 5477 3438 5531 vita.
3477 5498 3505 5525 »

1857 5570 2028 5635 Dicis,
2057 5569 2321 5637 resurget
2349 5564 2526 5622 frater
2555 5569 2692 5623 tuus
2726 5566 2784 5625 in
2809 5566 3124 5627 novissimo
3147 5566 3275 5633 die;
3303 5581 3504 5621 verum
