4028 6176
406 264 526 331 319

968 267 1380 333 HAYMONIS
1427 269 1968 334 HALBERSTA'P.
2014 268 2259 332 EPlSC.
2306 267 2478 332 OPP.
2523 268 2724 334 PARS
2770 270 2845 333 ll.
2876 302 2947 317 --
2985 271 3250 337 HOMIL.

3698 272 3818 337 320

404 401 635 487 est,sed
665 418 770 477 per
797 420 972 477 quem
994 406 1134 460 tunc
1161 408 1441 478 resurget,
1467 409 1653 477 potest
1674 410 1731 460 ct
1757 405 1929 460 modo
1965 421 2047 460 re-
2080 407 2133 472 Α
2169 425 2196 454 ‹‹
2230 403 2330 476 qui
2362 421 2496 459 cum
2526 402 2627 460 illa
2655 410 2820 461 erant
2848 403 3164 478 plorantes,
3211 406 3448 477 fremuit
3490 405 3724 479 spiritu,
3758 410 3816 463 et

404 484 641 566 Surgere
666 510 678 547 :
706 493 845 566 quia
870 516 899 543 «
932 510 1037 567 ego
1070 510 1202 548 sum
1236 493 1579 549 resurrectio
1612 499 1669 549 et
1698 494 1833 549 vita.
1862 516 1888 543 ››
1920 494 2052 549 1ἁο0

400 580 540 646 vita,
573 582 712 653 quia
742 582 1107 637 resurrectio.
1148 603 1169 630 α
1203 583 1347 651 Quia
1377 583 1425 638 si
1467 583 1650 638 credit
1694 583 1755 637 in
1788 600 1901 647 me,
1937 600 2052 638 non

401 669 684 725 morietur
713 670 772 725 in
804 677 1102 727 aeternum.
1147 694 1174 721 »
1204 671 1351 738 Quid
1383 674 1473 726 est
1511 672 1641 740 hoc,
1676 695 1701 721 α
1731 672 1837 736 Qui
1870 672 2053 728 credit

402 782 429 809 ‹‹
463 759 520 814 10
558 777 669 827 me,
703 760 880 815 etiam
914 760 960 816 si
994 765 1263 816 mortuus
1290 760 1481 825 fuerit,
1506 760 1742 816 vivet?»
1763 760 1923 817 Sicut
1947 762 2050 817 La-

398 866 570 905 zarus
600 854 869 905 mortuus
899 853 987 904 est
1017 854 1073 905 et
1094 848 1285 905 vivet?
1302 849 1445 913 Quia
1467 865 1581 905 non
1611 855 1699 906 est
1724 855 1872 906 Deus
1896 869 2049 906 mor-

400 942 657 1003 tuorum,
677 938 777 995 sed
801 938 1078 994 vivorum.
1101 944 1175 994 De
1201 938 1339 993 olim
1368 938 1615 993 mortuis
1638 938 1922 1011 patribus,
1943 940 2052 995 hoc

398 1031 487 1082 est
516 1026 828 1093 Abraham,
862 1028 1042 1094 Isaac,
1076 1027 1275 1095 Jacob,
1314 1027 1427 1082 tale
1458 1044 1804 1099 responsum
1837 1030 2051 1084 Judzeis

397 1116 557 1183 dedit
589 1134 601 1172 :
636 1141 663 1167 ‹‹
699 1117 816 1189 Ego
862 1133 992 1173 sum
1046 1117 1200 1172 Deus
1246 1116 1561 1183 Abraham,
1595 1122 1650 1172 et
1679 1118 1832 1173 Deus
1865 1118 2048 1190 Isaac,

397 1211 453 1262 et
482 1206 635 1262 Deus
664 1206 838 1262 Jacob
871 1206 1065 1274 (Exod.
1104 1224 1203 1273 III;
1248 1206 1374 1260 Luc.
1408 1200 1523 1277 xx).
1564 1230 1589 1254 ››
1622 1208 1744 1261 Νο0
1778 1211 1865 1262 est
1895 1209 2050 1263 Deus

396 1300 781 1359 mortuorum,
818 1296 915 1350 sed
950 1295 1232 1351 vivorum.
1279 1295 1495 1351 Omnes
1527 1297 1683 1350 enim
1712 1295 1793 1350 illi
1827 1296 2046 1352 vivunt.

395 1383 573 1451 Crede
604 1402 757 1449 ergo.
793 1391 847 1440 et
895 1385 940 1438 si
995 1388 1262 1439 mortuus
1295 1384 1497 1451 fueris,
1530 1385 1685 1439 vives
1719 1402 1732 1439 :
1767 1385 1813 1441 si
1850 1391 2048 1441 autem

394 1477 511 1528 non
545 1475 752 1541 credis,
772 1480 829 1529 et
856 1492 987 1529 cum
1016 1473 1159 1529 vivis
1193 1478 1461 1530 mortuus
1495 1490 1576 1529 es.
1599 1473 1761 1529 Unde
1793 1480 1881 1530 est
1910 1492 2047 1548 ergo

394 1579 555 1618 mors
584 1564 644 1618 in
678 1562 923 1618 anima?
947 1562 1090 1627 Quia
1122 1579 1237 1617 non
1268 1565 1355 1617 est
1388 1562 1532 1618 ﬁdes
1565 1562 1621 1616 in
1657 1579 1742 1617 ea.
1769 1563 1930 1641 Unde
1961 1569 2051 1619 est

393 1650 451 1707 in
476 1651 753 1724 corpore?
775 1653 919 1719 Quia
940 1669 1053 1706 non
1077 1656 1165 1706 est
1198 1651 1273 1705 ibi
1297 1649 1514 1706 anima.
1540 1653 1684 1723 Ergo
1707 1651 1913 1707 animze
1937 1657 2047 1708 tuae

391 1741 529 1805 vita,
565 1741 708 1796 fides
740 1747 847 1797 est.
870 1740 1033 1796 Sicut
1062 1739 1259 1794 anima
1290 1740 1702 1811 corporis,vita
1727 1746 1815 1795 est
1844 1758 2047 1813 eorpo-
2084 1781 2127 1844 Β

393 1830 512 1896 ris;
546 1830 626 1885 ita
659 1830 803 1885 fides
834 1829 1061 1897 animm,
1095 1829 1213 1883 vita
1264 1832 1353 1883 est
1400 1829 1627 1884 animae.
1665 1852 1691 1881 ‹‹
1725 1830 1830 1896 Qui
1867 1830 2048 1886 credit

392 1917 451 1974 in
500 1935 610 1985 me,
646 1919 821 1974 etiam
854 1919 903 1973 si
954 1922 1221 1974 mortuus
1254 1918 1427 1973 fuerit
1474 1919 1531 1973 in
1583 1935 1776 1987 carne,
1806 1920 1956 1975 vivet
1986 1918 2044 1974 in

391 2008 608 2075 anima,
631 2031 657 2057 ››
680 2009 863 2065 donec
882 2012 1148 2081 resurgat
1165 2024 1297 2063 caro
1320 2024 1624 2080 nunquam
1644 2014 1846 2080 postea
1867 2010 2043 2065 mori-

390 2102 543 2154 tura.
578 2098 695 2155 Hoc
723 2103 830 2166 est,
852 2097 952 2172 qui
974 2098 1155 2155 credit
1180 2098 1240 2153 in
1268 2114 1380 2164 me,
1400 2098 1533 2155 licet
1555 2098 1858 2166 moriatur,
1874 2099 2041 2155 vivet.

462 2210 491 2238 ‹‹
528 2187 594 2244 Et
624 2187 816 2244 omnis
865 2186 965 2261 qui
1014 2187 1153 2242 vivit
1187 2211 1213 2237 »
1244 2187 1304 2242 in
1360 2204 1550 2257 carne,
1587 2211 1615 2238 «
1648 2192 1705 2243 et
1753 2188 1936 2243 credit
1984 2188 2043 2243 in

391 2293 504 2343 me,
540 2300 567 2327 ››
601 2281 657 2332 01
687 2278 735 2333 si
792 2277 1074 2339 morietur
1122 2278 1193 2332 ad
1247 2281 1481 2350 tempus
1530 2280 1765 2350 prepter
1796 2280 2043 2333 mortem

391 2387 435 2427 ei
461 2369 603 2435 rnis,
627 2391 655 2418 «
690 2384 805 2423 non
838 2367 1119 2423 morietur
1143 2366 1201 2422 in
1236 2370 1515 2421 zeternum
1543 2389 1569 2415 ››
1603 2370 1838 2439 propter
1865 2367 2042 2422 vitam

392 2454 654 2532 spiritus,
687 2459 743 2511 et
773 2454 1271 2510 immortalitatem
1307 2455 1773 2510 resurrectionis.
1807 2455 1923 2510 Hoc
1956 2458 2045 2509 est

391 2547 543 2627 quod
578 2546 695 2602 ait:
733 2567 761 2594 «
795 2545 861 2599 Et
890 2543 1083 2601 omnis
1116 2543 1215 2617 qui
1245 2544 1383 2599 vivit
1414 2547 1469 2599 et
1500 2543 1682 2599 credit
1712 2544 1770 2598 in
1799 2561 2041 2612 me,non

392 2637 673 2693 morietur
702 2635 758 2689 in
788 2637 1090 2693 internum.
1124 2656 1151 2683 ››

463 2750 491 2777 ‹‹
523 2723 721 2781 Credis
751 2722 902 2789 11003
932 2723 1024 2777 Ait
1053 2721 1137 2778 illi
1171 2738 1183 2776 :
1219 2721 1430 2795 Utique
1472 2723 1736 2778 Domine.
1770 2724 1884 2795 Ego
1919 2739 2039 2778 cre-

394 2837 422 2867 ‹‹
454 2800 574 2870 didi
607 2812 744 2887 quia
772 2816 833 2867 tu
866 2828 929 2867 es
959 2810 1228 2867 Christus
1280 2811 1463 2868 Filius
1506 2812 1609 2867 Dei
1662 2812 1759 2884 qui
1795 2811 1851 2866 in
1884 2810 2041 2867 hunc

395 2926 424 2955 (ι
450 2903 738 2959 mundum
767 2900 998 2957 venisti.
1025 2924 1044 2949 ι»
1068 2901 1308 2967 Quando
1330 2900 1438 2957 hoc
1470 2900 1685 2956 credidi
1720 2901 1860 2972 quia
1887 2905 1950 2955 tu
1978 2917 2041 2956 es

393 2988 757 3057 resurrectio,
778 2989 996 3045 credidi
1027 2991 1167 3062 quia
1196 2995 1258 3046 tu
1290 3007 1352 3046 es
1374 2991 1509 3056 vita,
1530 2990 1747 3046 credidi
1771 2991 1910 3062 quia
1939 2991 2037 3063 qui

392 3081 575 3139 credit
604 3080 662 3135 in
692 3083 769 3145 te,
804 3082 860 3135 et
889 3078 937 3135 si
986 3080 1290 3148 moriatur,
1340 3080 1507 3136 vivet.
1544 3081 1610 3136 Et
1651 3079 1745 3152 qui
1797 3079 1935 3134 vivit
1983 3083 2041 3135 et

392 3164 574 3227 credit
604 3169 662 3223 in
694 3173 770 3239 te,
803 3185 919 3224 non
952 3168 1235 3225 morietur
1267 3169 1322 3224 in
1356 3174 1659 3225 :eternum.

462 3283 489 3310 ‹‹
525 3260 592 3315 Et
622 3275 756 3314 cum
804 3256 923 3312 haec
971 3256 1233 3325 dixisset,
1268 3258 1412 3315 abiit
1458 3263 1514 3314 et
1543 3257 1765 3313 vocavit
1796 3257 2037 3312 Mariam

396 3370 424 3399 «
454 3363 712 3404 sororem
748 3361 916 3401 suam
945 3344 1197 3412 silentio,
1219 3345 1451 3401 dicens:
1478 3345 1754 3418 Magister
1784 3344 1967 3411 adest,
1988 3349 2044 3399 et

399 3455 421 3480 ε
453 3440 618 3490 vocat
646 3438 721 3489 te.
746 3456 773 3482 »
795 3433 1227 3489 Advertendum
1250 3437 1357 3501 est,
1377 3433 1873 3504 quemadmodum
1903 3449 2041 3505 sup-

392 3539 656 3596 pressam
673 3537 867 3575 voeem
887 3519 1185 3575 silentium
1206 3519 1731 3592 nuncupavit.Nam
1752 3521 2042 3592 quomodo

393 3611 575 3677 siluit,
627 3628 752 3682 qua:
800 3609 964 3676 dixit,
1003 3631 1032 3657 «
1064 3608 1341 3681 Magister
1389 3609 1574 3680 adest,
1607 3613 1664 3663 et
1705 3613 1872 3663 vocat
1902 3613 1977 3664 te.
2017 3632 2042 3658 u

390 3699 822 3757 Advertendum
841 3696 1014 3752 etiam
1034 3697 1530 3771 quemadmodum
1549 3697 2043 3773 evangelista’non

395 3789 623 3856 dixerit,
659 3788 755 3841 ubi
787 3786 873 3842 vel
906 3786 1161 3858 quando,
1196 3786 1284 3841 vel
1318 3788 1610 3859 quomodo
1655 3787 1895 3843 Mariam
1929 3789 2044 3844 Do-

395 3878 593 3935 minus
623 3876 928 3943 vocaverit,
948 3878 1012 3930 ut
1030 3874 1141 3931 hoc
1164 3875 1223 3930 in
1246 3876 1437 3955 verbis
1468 3876 1703 3933 Martha:
1736 3876 1930 3950 potius
1955 3878 2042 3932 in-

393 3964 772 4039 telligeretur,
806 3964 1158 4020 narrationis
1186 3964 1426 4020 veritate
1458 3970 1703 4021 servata.

463 4078 490 4105 ‹‹
525 4053 629 4110 Illa
660 4058 724 4109 ut
773 4052 1011 4119 audivit,
1046 4054 1299 4111 surrexit
1343 4054 1474 4121 0110,
1509 4059 1565 4110 01
1594 4054 1752 4133 venit
1781 4054 1853 4109 ad
1885 4071 2039 4111 eum.

394 4169 421 4197 ‹‹
445 4144 714 4201 Nondum
739 4143 894 4199 enim
916 4146 1151 4198 venerat
1170 4143 1345 4200 Jesus
1368 4142 1426 4197 in
1447 4142 1772 4210 castellum,
1800 4145 1901 4199 sed
1923 4149 2045 4201 erat

391 4258 419 4285 ‹‹
454 4234 645 4290 adhuc
678 4233 735 4288 in
770 4232 867 4287 illo
893 4231 1016 4287 loco
1041 4231 1138 4287 ubi
1167 4236 1497 4289 occurrerat
1517 4233 1566 4288 ei
1591 4233 1836 4289 Martha.
1856 4234 2041 4290 Judaei

391 4348 417 4374 ((
456 4321 767 4397 igitur,qui
800 4325 967 4379 erant
997 4338 1129 4376 cum
1158 4318 1257 4375 illa
1280 4320 1337 4375 in
1362 4322 1556 4392 domo,
1581 4326 1637 4376 et
1657 4322 2043 4379 consolaban-

391 4437 418 4463 ‹‹
454 4417 549 4467 1111·
578 4429 729 4478 eam,
779 4428 913 4467 cum
958 4410 1246 4465 vidissent
1293 4410 1558 4476 Mariam,
1594 4412 1732 4483 quia
1764 4412 1874 4466 cito
1909 4430 2041 4475 sur-

2162 516 2188 543 «
2224 492 2481 549 turbavit
2512 492 2794 566 seipsum,
2828 500 2886 552 et
2917 496 3098 553 dixit:
3131 495 3234 553 Ubi
3269 496 3553 571 posuistis
3580 496 3764 551 eum?
3787 517 3816 545 υ

2158 581 2391 655 Aliquid
2429 583 2597 638 nobis
2625 582 2944 640 insinuavit
2992 585 3291 641 t‘rernendo
3336 585 3571 658 spiritu,
3600 590 3659 640 et
3685 590 3818 640 tur-

2160 671 2354 728 bando
2386 672 2667 746 seipsum.
2703 673 2843 739 Quis
2900 674 3055 730 enim
3106 691 3238 730 eum
3296 679 3511 748 posset,
3550 674 3664 729 nisi
3696 674 3820 746 ipse

2161 761 2446 833 seipsum,
2481 761 2763 818 turbare?
2794 762 2993 834 Itaque
3037 764 3230 837 primo
3275 763 3370 819 hic
3402 762 3684 819 attendite
3716 780 3819 835 po-

2160 852 2451 914 testatem,
2479 853 2535 904 et
2559 849 2641 905 sic
2669 849 2951 922 inquirite
2978 851 3463 923 signiﬁcationem
3490 868 3503 905 2
3532 850 3820 906 Turbaris

2161 943 2223 993 tu
2254 938 2479 1003 nolens,
2507 939 2778 994 turbatur
2806 938 3076 995 Christus
3107 938 3246 1012 quia
3274 939 3486 1007 voluit;
3513 940 3821 995 contrista-

2159 1031 2254 1083 tus
2285 1031 2371 1082 est
2401 1028 2597 1093 Jesus,
2627 1044 2830 1083 verum
2863 1032 2970 1096 est,
3007 1029 3108 1085 sed
3143 1031 3289 1101 quia
3326 1028 3540 1095 voluit;
3574 1027 3820 1084 esurivit

2157 1116 2351 1183 Jesus,
2384 1134 2586 1173 verum
2619 1122 2726 1184 est,
2760 1118 2860 1172 sed
2893 1118 3033 1189 quia
3060 1116 3243 1174 voluit
3272 1137 3284 1186 ;
3314 1116 3588 1173 dormivit
3615 1118 3812 1183 Iesus,

2157 1222 2357 1261 verum
2388 1211 2498 1272 est,
2535 1206 2635 1261 sed
2670 1204 2810 1279 quia
2838 1205 3020 1262 voluit
3044 1226 3055 1275 ;
3092 1212 3362 1264 mortuus
3391 1211 3479 1263 est
3506 1207 3703 1274 Jesus,
3732 1224 3822 1261 ve-

2159 1312 2288 1350 rum
2318 1300 2424 1364 est,
2461 1296 2561 1351 sed
2594 1295 2731 1368 quia
2760 1295 2963 1351 voluit.
3015 1296 3078 1352 In
3130 1295 3290 1352 illius
3341 1300 3623 1369 potestate
3670 1301 3815 1363 erat,

2158 1382 2245 1438 vel
2276 1383 2358 1439 sic
2389 1383 2564 1450 afﬁci,
2597 1383 2683 1439 vel
2717 1402 2831 1440 non
2886 1385 3060 1440 afﬁci.
3094 1385 3304 1440 Veram
3350 1384 3506 1441 enim
3551 1384 3815 1440 animam

2158 1472 2415 1545 suscepit
2446 1478 2502 1528 et
2545 1490 2800 1541 carnem,
2835 1474 3018 1529 totius
3067 1472 3325 1529 hominis
3373 1474 3484 1530 sibi
3532 1476 3821 1545 coeptans

2156 1561 2213 1616 in
2244 1578 2503 1635 persona:
2530 1562 2750 1617 unitate
2778 1567 3071 1618 naturam.
3092 1563 3237 1618 Nam
3262 1566 3319 1618 et
3334 1562 3532 1639 anima
3551 1562 3822 1635 Apostoli

2155 1651 2330 1705 verbo
2384 1649 2675 1706 illustrata
2718 1655 2842 1717 est;
2879 1651 3076 1706 anima
3130 1651 3282 1707 Petri
3315 1656 3371 1707 et
3402 1650 3600 1706 anima
3654 1651 3824 1706 Pauli

2156 1739 2328 1795 verbo
2356 1738 2647 1795 illustrata
2678 1744 2798 1807 est;
2835 1738 3082 1796 aliorum
3129 1740 3546 1813 apostolorum,
3580 1745 3822 1795 sancto-

2156 1845 2286 1883 rum
2330 1829 2749 1902 prophetarum
2801 1829 3009 1885 animae
3058 1829 3232 1885 verbo
3284 1828 3584 1885 illustrataa
3637 1833 3821 1896 sunt;

2157 1918 2257 1973 sed
2303 1918 2373 1973 de
2406 1916 2566 1973 nulla
2609 1917 2833 1973 dictum
2863 1923 2951 1973 est
2984 1935 2996 1973 :
3033 1941 3061 1968 «
3095 1917 3350 1973 Verbum
3400 1935 3533 1973 caro
3592 1918 3821 1974 factum

2154 2010 2244 2063 est
2274 2006 2449 2078 (Joan.
2483 2007 2545 2079 1),
2579 2029 2606 2055 ››
2636 2007 2706 2062 (10
2737 2005 2900 2062 nulla
2929 2007 3154 2063 dictum
3185 2010 3272 2063 est
3298 2024 3309 2063 :
3344 2031 3371 2057 «
3404 2006 3523 2080 Ego
3554 2010 3609 2062 et
3642 2007 3824 2062 Pater

2156 2113 2341 2151 unum
2397 2113 2605 2152 sumus
2638 2098 2813 2170 (Joan.
2848 2096 2924 2169 x).
2967 2119 2994 2145 »
3027 2095 3239 2152 Anima
3290 2094 3523 2165 Christi,
3572 2101 3631 2151 et
3677 2113 3822 2152 caro

2154 2184 2389 2253 Christi,
2409 2203 2543 2241 cum
2569 2186 2743 2242 verbo
2765 2184 2867 2242 Dei
2895 2202 3013 2241 una
3034 2202 3284 2259 persona
3302 2190 3409 2255 est,
3430 2202 3585 2241 unus
3610 2184 3822 2240 Chris-

2153 2278 2250 2331 tus
2280 2278 2387 2331 est.
2421 2276 2497 2330 Ae
2524 2290 2632 2347 per
2684 2274 2793 2330 hoc
2821 2273 2923 2330 ubi
2977 2292 3214 2331 summa
3261 2279 3538 2348 potestas,
3589 2290 3822 2330 secun-

2153 2364 2294 2419 dum
2327 2362 2642 2420 voluntatis
2675 2367 2883 2419 nutum
2917 2364 3188 2420 turbatur
3212 2363 3543 2429 inﬁrmitas,
3577 2363 3687 2418 hoc
3717 2369 3821 2419 est

2153 2452 2307 2526 quod
2342 2453 2424 2507 ait
2456 2468 2469 2506 :
2505 2477 2532 2502 ‹‹
2567 2453 2848 2509 Turb‘avit
2878 2452 3283 2526 semetipsum.
3314 2475 3342 2502 »
3375 2450 3521 2517 Quid
3555 2456 3643 2507 est
3672 2469 3827 2525 ergo

2153 2541 2305 2614 quod
2336 2542 2535 2597 turbat
2567 2541 2949 2616 semetipsum
2975 2541 3264 2610 Christus,
3286 2541 3399 2597 nisi
3422 2546 3489 2597 ut
3518 2541 3828 2615 signiﬁcet

2151 2629 2278 2697 tibi,
2312 2632 2605 2704 quomodo
2637 2631 2860 2687 turbari
2890 2636 2954 2687 tu
3010 2631 3244 2698 debeas,
3275 2648 3408 2687 cum
3455 2635 3619 2687 tanta
3657 2630 3827 2686 mole

2151 2725 2388 2792 peccata
2418 2721 2677 2795 gravaris
2707 2725 2764 2776 et
2794 2719 3120 2792 premeris?
3161 2719 3474 2777 Attendisti
3521 2718 3678 2775 enim
3725 2723 3825 2788 te,

2147 2808 2341 2864 vidisti
2372 2813 2449 2875 te,
2475 2811 2828 2882 computasti
2859 2813 3053 2865 tecum
3080 2827 3096 2877 ;
3123 2809 3266 2865 illud
3300 2809 3428 2876 feci,
3461 2813 3519 2865 et
3550 2809 3829 2882 pepercit

2150 2897 2293 2953 mihi
2325 2898 2512 2965 Deus;
2545 2897 2690 2954 illud
2718 2898 3009 2966 commisi,
3038 2903 3097 2956 et
3143 2898 3425 2955 sustinuit
3456 2914 3579 2964 me;
3618 2898 3819 2953 Evan-

2147 2986 2367 3060 gelium
2417 2988 2635 3056 audivi,
2681 2992 2737 3043 et
2790 2987 3152 3061 contempsi;
3186 2988 3517 3061 baptizatus
3556 3004 3714 3055 sum,
3749 2992 3823 3043 et

2147 3076 2360 3133 iterum
2393 3078 2465 3132 ad
2500 3077 2702 3137 eadem
2735 3076 3031 3133 revolutus
3063 3095 3194 3133 sum
3222 3096 3235 3144 ;
3270 3077 3410 3149 quid
3460 3075 3606 3132 facio
3627 3075 3656 3130 ζ)
3689 3095 3821 3151 quo

2067 3152 2110 3218 C
2149 3166 2259 3221 eo?
2288 3168 2443 3222 unde
2469 3168 2692 3223 evado?
2720 3167 2962 3232 Quando
2990 3167 3103 3223 ista
3130 3165 3438 3238 dicis,jam
3466 3165 3666 3221 fremit
3690 3167 3819 3239 spi-

2152 3253 2320 3322 ritus,
2355 3255 2493 3327 quia
2524 3256 2668 3312 ﬁdes
2721 3256 2934 3311 fremit.
2970 3256 3033 3312 In
3063 3273 3201 3311 voce
3232 3255 3531 3312 frementis
3562 3260 3823 3329 apparet

2151 3358 2285 3417 Spes
2318 3345 2699 3418 resurgentis.
2734 3346 2880 3420 Ergo
2914 3346 3059 3402 fides
3088 3352 3189 3403 tua
3235 3347 3305 3402 de
3358 3346 3609 3413 Christo,
3643 3345 3823 3402 Chri-

2152 3437 2280 3487 stus
2312 3433 2369 3486 in
2401 3433 2573 3488 corde
2604 3437 2737 3501 tuo;
2772 3451 2909 3508 ergo
2957 3435 3165 3491 fremat
3212 3434 3480 3490 Christus
3528 3432 3589 3488 in
3636 3435 3827 3490 corde

2153 3525 2271 3575 tuo.
2306 3520 2484 3577 Flevit
2513 3538 2648 3592 ergo
2684 3520 2953 3578 Christus
2984 3523 3240 3578 amicum
3275 3529 3599 3588 mortuum,
3630 3540 3821 3595 quem

2151 3611 2310 3665 venit
2356 3611 2834 3669 rcsuscitaturus.
2869 3612 3055 3676 Quare
3105 3613 3259 3668 enim
3315 3612 3487 3675 ﬂevit,
3521 3611 3636 3666 nisi
3673 3613 3826 3684 quia

2153 3699 2453 3759 hominem
2486 3699 2621 3757 ﬂere
2653 3701 2870 3772 docuit,
2892 3718 3239 3774 oppressum
3268 3700 3522 3774 pondere
3546 3705 3827 3773 peccato-

2152 3807 2282 3846 rum
2304 3790 2331 3845 ?
2360 3791 2548 3856 Quare
2582 3790 2817 3845 fremuit
2865 3795 2922 3845 et
2952 3791 3203 3847 turbavit
3253 3791 3660 3861 semetipsum,
3698 3790 3824 3845 nisi

2152 3879 2293 3952 quia
2324 3880 2466 3935 fides
2500 3879 2758 3935 hominis
2781 3878 2890 3933 sibi
2921 3878 3129 3934 merito
3156 3878 3539 3951 displicentis,
3560 3877 3827 3934 fremere

2151 3969 2309 4024 hunc
2335 3969 2651 4027 admodum
2681 3968 2853 4023 debet
2881 3968 2941 4022 in
2966 3968 3336 4027 accusatione
3357 3965 3648 4029 malorum
3677 3983 3827 4040 Ope-

2153 4062 2388 4125 rum,ut
2416 4056 2699 4112 violentiae
2729 4056 3047 4128 paenitendi
3080 4057 3247 4114 cedat
3277 4054 3640 4112 consuetudo
3674 4071 3824 4127 pec-

2153 4146 2375 4202 candi?

2224 4237 2289 4290 Et
2319 4235 2464 4289 dixit
2491 4251 2504 4288 :
2538 4256 2565 4283 ‹‹
2598 4234 2706 4291 Ubi
2736 4233 3020 4308 posuistis
3052 4236 3231 4290 eum?
3264 4258 3291 4284 ››
3323 4233 3450 4290 Scis
3478 4233 3619 4306 quia
3650 4250 3825 4289 mor—

2150 4329 2291 4380 tuus
2320 4325 2415 4391 sit,
2449 4328 2505 4378 et
2534 4322 2635 4379 ubi
2666 4323 2743 4378 sit
2772 4322 3039 4395 sepultus
3070 4324 3303 4396 ignoras
3329 4323 3357 4379 ‘?
3388 4325 3455 4379 Et
3481 4318 3599 4378 ista
3628 4320 3828 4395 signi-

2152 4414 2342 4470 ﬁcatio
2369 4429 2495 4486 quae
2522 4412 2652 4468 est?
2671 4411 2796 4467 Non
2824 4430 3005 4468 ausus
3036 4431 3170 4468 sum
3192 4413 3403 4480 dicere,
3431 4411 3637 4468 nescit.
3657 4411 3825 4476 Quid

394 4523 421 4550 «
457 4498 603 4556 rexit
628 4503 689 4561 et.
712 4500 868 4569 exiit,
895 4496 1076 4555 secuti
1110 4503 1247 4557 sunt
1276 4514 1427 4564 eam,
1453 4498 1713 4554 dicentes
1738 4517 1749 4553 :
1781 4500 1919 4572 quia
1947 4517 2041 4555 ve-
2078 4519 2121 4585 ῃ
2152 4502 2306 4557 enim
2340 4501 2436 4558 ille
2469 4501 2700 4557 nescit?
2729 4502 2831 4558 sed
2859 4501 3027 4574 quasi
3053 4503 3257 4558 nescit.
3278 4502 3442 4561 Unde
3464 4501 3572 4556 hoc
3596 4499 3827 4573 proba-

394 4610 421 4638 ‹‹
454 4588 538 4642 nit
569 4586 639 4642 ad
673 4591 1141 4663 monumentum,
1178 4591 1243 4641 ut
1282 4585 1470 4660 ploret
1518 4586 1618 4642 ibi.
1654 4609 1681 4637 ››
1718 4590 1906 4653 Quare
1935 4588 2045 4644 hoc

394 4676 673 4752 pertinuit
719 4676 791 4731 ad
841 4675 1258 4749 evangelistam
1311 4675 1594 4731 narrare?
1622 4675 1695 4731 Ut
1741 4676 2044 4734 videamus

394 4784 519 4841 qum
548 4764 773 4822 occasio
806 4764 1023 4829 fecerit,
1047 4769 1112 4819 ut
1141 4762 1338 4835 plures
1364 4762 1444 4821 ibi
1466 4769 1661 4820 essent
1682 4766 1917 4837 quando
1937 4767 2043 4822 La-

391 4872 564 4913 zarus
592 4854 974 4909 resuscitatus
995 4855 1100 4909 est.
1120 4851 1580 4909 Putabantenim
1607 4853 1791 4909 Judzei
1813 4860 2043 4927 propte-

396 4960 492 4997 rea
524 4941 681 4997 illam
706 4942 998 5009 festinare,
1024 4946 1089 4995 ut
1119 4940 1336 4996 doloris
1359 4940 1449 4996 sui
1474 4940 1747 4999 solatium
1770 4942 2046 5016 lacrymis

396 5020 695 5103 quaereret,
712 5030 891 5086 secuti
912 5033 1053 5085 sunt
1067 5045 1217 5097 eam,
1238 5035 1303 5084 ut
1320 5034 1438 5084 tam
1456 5030 1677 5101 grande
1694 5031 2045 5087 miraculum

397 5117 786 5190 quadriduani
813 5118 1027 5173 mortui
1053 5118 1408 5193 resurgentis
1437 5121 1613 5174 testes
1638 5117 1922 5190 plurimos
1954 5121 2045 5176 in-

397 5206 638 5262 veniret.

471 5318 498 5343 ‹‹
533 5294 715 5350 Maria
747 5311 882 5367 ergo
914 5312 1047 5351 cum
1080 5295 1333 5351 venisset
1363 5295 1462 5351 ubi
1486 5300 1611 5352 erat
1628 5280 2046 5371 Jesus,t‘videns

400 5408 427 5435 «
461 5401 617 5450 eum,
652 5383 858 5440 cecidit
886 5383 958 5439 ad
989 5383 1164 5456 pedes
1195 5384 1343 5454 ejus,
1386 5388 1444 5439 et
1472 5384 1616 5440 dixit
1646 5386 1696 5441 ei
1732 5403 1743 5441 :
1780 5374 2043 5465 Deifiine,

400 5497 429 5525 «
465 5474 512 5529 si
546 5474 759 5529 fuisses
791 5472 904 5539 hic,
926 5489 1040 5530 non
1071 5478 1227 5530 esset
1247 5478 1517 5529 mortuus
1544 5474 1723 5530 frater
1745 5493 1929 5532 meus.
1950 5478 2045 5534 Je-

408 5583 430 5615 σ
465 5580 567 5619 sus
625 5579 760 5634 ergo
820 5565 884 5617 ut
935 5560 1078 5616 vidit
1134 5577 1262 5616 eam
1321 5560 1670 5632 plorantem,
1703 5568 1758 5619 et
1814 5565 2045 5623 Judeeos

2155 4592 2337 4647 mus?
2370 4591 2683 4649 Dominum
2715 4590 2851 4647 audi
2881 4591 3177 4648 dicturum
3208 4592 3265 4646 in
3314 4591 3539 4665 judicio
3570 4606 3584 4644 :
3620 4612 3648 4638 ‹‹
3684 4589 3827 4645 Non

2155 4681 2285 4736 novi
2339 4697 2461 4749 vos,
2497 4679 2776 4739 discedite
2819 4697 2854 4736 a
2892 4697 2983 4736 me
3030 4683 3244 4753 (Matth.
3275 4676 3397 4749 vn).
3439 4703 3466 4729 ››
3497 4677 3645 4743 Quid
3697 4682 3825 4745 est,

2155 4786 2270 4825 non
2301 4768 2430 4825 novi
2458 4772 2602 4825 vos?
2630 4768 2756 4825 Non
2787 4785 2887 4824 vos
2915 4768 3079 4824 video
3126 4770 3183 4833 in
3215 4770 3345 4826 luce
3376 4785 3527 4834 mea,
3562 4780 3676 4822 non
3709 4782 3831 4823 vos

2154 4859 2320 4914 video
2348 4860 2404 4913 in
2428 4856 2793 4929 illajustitia,
2815 4874 2990 4929 quam
3016 4860 3167 4914 novi.
3189 4859 3282 4919 Sic
3308 4863 3365 4919 et
3388 4858 3505 4924 hic,
3525 4861 3825 4927 tanquam

2156 4947 2423 5004 nesciens
2454 4945 2630 5003 talem
2662 4952 3047 5020 peccatorem,
3083 4948 3231 5005 dixit
3263 4966 3275 5005 :
3311 4971 3338 4999 ‹‹
3372 4948 3478 5005 Ubi
3525 4944 3830 5018 posuistis

2155 5054 2289 5093 eum
2308 5036 2338 5092 ?
2367 5060 2394 5086 »
2424 5036 2586 5092 Talis
2617 5039 2706 5091 est
2732 5052 2840 5092 vox
2869 5035 3100 5092 Domini
3146 5037 3206 5093 in
3250 5038 3542 5110 paradiso,
3576 5037 3827 5107 postea—

2155 5142 2330 5198 quam
2366 5125 2620 5199 peccavit
2649 5125 2833 5180 Adam
2868 5142 2881 5179 :
2920 5147 2947 5175 «
2976 5126 3305 5194 Adam,ubi
3334 5142 3398 5182 es
3429 5125 3577 5198 (Gen.
3612 5126 3702 5195 111)
3728 5123 3760 5177 ?
3794 5147 3827 5170 υ

2157 5236 2184 5263 ‹‹
2218 5214 2429 5270 Β10001
2458 5215 2507 5269 01
2538 5233 2551 5270 :
2581 5213 2843 5281 Domino,
2868 5214 2999 5277 veni
3030 5220 3087 5271 et
3116 5216 3262 5272 vide.
3292 5238 3319 5265 »
3352 5214 3513 5279 Quod
3546 5216 3658 5278 est,
3678 5211 3828 5268 vide

2154 5306 2212 5358 et
2242 5304 2537 5359 miserere.
2570 5302 2740 5358 Videt
2769 5298 2925 5358 enim
2960 5304 3262 5376 Dominus,
3298 5304 3532 5378 quando
3564 5301 3832 5356 misere-

2155 5396 2269 5448 tur.
2306 5392 2467 5450 Unde
2497 5391 2579 5446 illi
2613 5391 2826 5449 dicitur
2859 5409 2872 5447 :
2908 5415 2935 5441 «
2971 5392 3115 5448 Vide
3163 5392 3560 5453 humilitatem
3614 5405 3830 5446 meam

2156 5485 2212 5536 et
2242 5480 2497 5537 laborem
2531 5497 2749 5546 meum,
2775 5484 2830 5535 et
2850 5480 3081 5537 dimitte
3110 5482 3308 5541 omnia
3339 5483 3575 5555 peccata
3602 5494 3762 5534 mea.
3796 5502 3831 5528 υ

2161 5570 2330 5639 (Psal.
2364 5573 2541 5637 xx1v.)
