3926 6170
160 358 242 418 321
1298 345 1650 410 IIUMILIJE
1693 346 1792 407 DE

207 513 227 536 ι(
254 487 570 558 Lacrymatus
596 484 679 539 est
708 481 996 539 Christus.
1028 482 1307 538 Dixerunt
1326 498 1462 556 ergo
1481 480 1695 537 Judaei:
1731 486 1782 549 Α

153 604 171 629 α
196 578 302 632 Ecce
328 573 581 645 quomodo
609 572 841 628 amabat
868 589 1025 628 eum.
1066 598 1083 621 ι
1121 572 1268 638 Quid
1313 575 1421 637 est,
1472 570 1708 626 amabat

149 664 417 722 eum?.\'on
438 661 579 717 venit
605 678 804 717 vocare
841 661 1059 733 justos,
1104 662 1204 718 sed
1254 664 1583 734 peccatores
1632 658 1704 713 ad

147 753 470 829 penitentiam
501 749 675 822 (Marc.
710 752 793 821 ιι.)

195 864 215 895 ι
240 841 447 905 Quidam
487 843 670 895 autem
717 839 987 895 dixerunt
1017 856 1086 896 ex
1117 838 1289 911 ipsis:
1324 838 1447 893 Non
1484 838 1710 910 poterat

148 956 165 979 κ
185 930 272 998 hic,
288 928 371 1002 qui
400 928 606 1001 aperuit
632 928 830 984 oculos
852 928 983 984 caeci
1009 928 1342 994 nati,facere
1374 931 1437 982 ut
1466 926 1559 981 hic
1594 942 1707 980 non

149 1018 488 1074 «moreretur?
528 1037 552 1068 ι
589 1017 694 1084 Qui
743 1017 932 1074 noluit
990 1018 1176 1074 facere
1226 1021 1291 1073 ut
1335 1033 1451 1072 non
1516 1031 1711 1095 moref

147 1114 275 1176 retur,
303 1107 418 1179 plus
445 1112 527 1163 est
556 1107 703 1179 quod
729 1107 989 1164 facturus
1012 1111 1122 1175 est,
1155 1111 1219 1162 ut
1242 1110 1510 1164 mortuus
1530 1102 1713 1161 susci-

146 1202 266 1252 tetur.

192 1310 209 1333 «
234 1284 377 1339 Jesus
403 1301 547 1356 ergo,
575 1301 778 1341 rursus
810 1285 1062 1341 fremens
1094 1285 1153 1340 in
1188 1284 1524 1356 semetipso,
1556 1281 1714 1337 venit

147 1398 160 1421 ι
186 1374 236 1426 ad
255 1378 685 1428 monumentum.
714 1396 742 1423 ››
787 1372 1005 1429 Fremit
1034 1378 1088 1429 et
1121 1374 1176 1428 in
1230 1378 1304 1441 te,
1349 1372 1396 1426 si
1448 1369 1712 1443 disponis

146 1462 423 1517 reviviscere.
444 1461 603 1519 Omni
636 1462 862 1517 homini
886 1462 1120 1531 dicitur,
1153 1462 1251 1535 qui
1280 1461 1568 1534 premitur
1588 1476 1713 1533 pes.

142 1549 245 1605 sima
281 1550 709 1607 consuetudine:
763 1574 792 1600 ‹‹
832 1550 1006 1607 Venit
1054 1552 1125 1606 ad
1178 1548 1647 1606 monumentum.
1681 1570 1723 1619 ››⁷

142 1660 158 1684 ιι
182 1639 279 1692 Erat
321 1645 497 1694 autem
546 1638 827 1712 spelunca
854 1644 911 1695 et
942 1639 1090 1713 lapis
1141 1639 1551 1712 superpositus
1591 1640 1717 1693 erat

138 1727 185 1780 ei.
204 1749 225 1775 n
248 1727 479 1783 Mortuus
510 1728 617 1784 sub
652 1727 865 1801 lapide,
893 1746 1028 1784 reus
1051 1729 1160 1785 sub
1186 1726 1330 1801 lege.
1354 1728 1526 1783 Scitis
1556 1727 1711 1781 enim

140 1816 232 1886 quia
250 1814 323 1871 lex
347 1834 461 1889 qua:
493 1817 628 1875 data
656 1823 745 1873 est
766 1817 1004 1886 Judaais,
1040 1818 1097 1872 in
1130 1816 1323 1889 lapide
1358 1816 1574 1888 scripta
1594 1819 1711 1871 est:

136 1920 285 1960 omnes
303 1911 478 1961 autem
502 1906 581 1962 rei
608 1908 720 1961 sub
752 1905 877 1979 lege
900 1912 1057 1963 sunt.
1084 1907 1237 1963 Bene
1258 1906 1515 1961 viventes
1536 1904 1715 1968 enim,

136 1993 171 2045 in
194 1992 291 2065 lege
320 2011 420 2048 non
453 1999 606 2062 sunt,
635 1996 801 2067 justo
834 1994 924 2050 lex
955 1995 1147 2067 posita
1178 2012 1292 2050 non
1323 1998 1433 2049 est.
1459 1992 1607 2060 Quid
1631 1996 1721 2047 est

136 2098 232 2153 ergo
254 2081 480 2155 lapidem
512 2101 807 2140 removere
829 2084 857 2140 7
886 2084 1145 2140 Gratiam
1186 2082 1519 2156 praedicare.
1567 2082 1719 2152 Apo-

138 2169 272 2225 stolus
296 2172 436 2226 enim
468 2173 683 2228 Paulus
718 2173 1053 2227 ministrum
1087 2188 1147 2227 se
1179 2171 1322 2226 dicit
1352 2169 1490 2226 Novi
1526 2170 1721 2223 Testa-

136 2260 285 2329 menti,
306 2277 407 2315 non
430 2260 640 2333 littera,
663 2262 765 2316 sed
791 2262 1021 2334 spiritu.
1047 2261 1191 2315 Nam
1215 2284 1241 2309 ‹‹
1267 2258 1479 2327 littera,
1508 2256 1716 2327 inquit,

136 2347 309 2414 occidit,
336 2349 565 2421 spiritus
598 2355 797 2405 autem
844 2350 1097 2421 viviﬁcat
1130 2350 1203 2419 (II
1231 2348 1352 2405 Cor.
1387 2351 1490 2419 ιιι).
1529 2370 1555 2395 ››
1605 2345 1719 2400 Lit-

139 2440 223 2490 tera
244 2439 505 2506 occidens,
539 2440 711 2511 quasi
746 2439 894 2512 lapis
924 2444 1012 2494 est
1045 2455 1336 2511 premens.

184 2550 202 2573 «
230 2527 525 2597 Removete,
546 2529 762 2602 inquit,
780 2528 1055 2602 lapidem,
1076 2551 1101 2576 ››
1122 2532 1408 2584 removete
1425 2525 1569 2599 legis
1587 2540 1724 2596 pon-

139 2616 230 2681 dus,
270 2618 493 2688 gratiam
544 2618 872 2690 praedicate.
925 2641 952 2668 ‹‹
988 2617 1137 2672 Dicit
1166 2618 1215 2672 ei
1268 2616 1520 2683 Martha,
1561 2629 1724 2668 soror

137 2728 153 2753 «
176 2706 275 2775 ejus
299 2707 388 2777 qui
444 2712 712 2763 mortuus
760 2708 983 2762 fuerat:
1049 2706 1316 2772 Domine,
1363 2706 1489 2778 jam
1540 2704 1722 2760 faetet:

138 2795 550 2864 «quatriduanus
600 2796 760 2852 enim
809 2800 916 2850 est.
963 2795 1111 2852 Dicit
1159 2795 1211 2850 ei
1258 2794 1471 2850 Jesus:
1522 2793 1724 2848 Nonne

135 2883 263 2937 «dixi
290 2884 401 2953 tibi,
443 2886 722 2957 quoniam
768 2884 814 2939 si
850 2884 1187 2955 credideris,
1218 2883 1442 2939 videbis
1474 2881 1721 2955 gloriam

136 2994 150 3015 ι‹
174 2971 289 3027 Dei?
315 2996 339 3021 ››
382 2974 523 3041 Quid
551 2979 666 3041 est,
718 2974 959 3030 Videbis
1001 2973 1247 3047 gloriam
1293 2972 1441 3029 Dei?
1490 2971 1635 3038 Quia
1667 2974 1723 3025 et

133 3059 384 3129 fetentem,
406 3069 459 3118 et
485 3064 947 3136 quatriduanum
973 3064 1235 3121 suscitat.
1264 3085 1290 3111 ‹‹
1316 3062 1531 3117 Omnes
1561 3059 1717 3114 enim

135 3157 460 3220 peccaverunt,
506 3159 563 3209 et
621 3157 796 3225 egent
845 3152 1031 3225 gloria
1072 3153 1172 3209 Dei
1206 3152 1376 3223 (Rom.
1409 3153 1515 3217 ιιι).
1554 3172 1581 3198 ››
1615 3148 1715 3203 Et:

134 3262 151 3281 ι‹
176 3237 253 3293 Ubi
280 3241 577 3298 abundavit
628 3222 953 3315 peccatum,
989 3222 1483 3315 superabundavit
1530 3237 1719 3310 gratia
1749 3222 1791 3288 C

138 3328 265 3392 (Rom.
290 3332 357 3397 v).
387 3354 414 3381 ››

180 3440 199 3463 α
226 3417 473 3474 Tulerunt
500 3437 642 3494 ergo
674 3419 948 3492 lapidem.
1006 3419 1179 3474 Jesus
1239 3422 1433 3474 autem
1484 3416 1719 3474 elevatis

134 3526 151 3547 ιι
175 3521 366 3562 sursum
396 3508 575 3565 oculis
602 3508 750 3563 dixit
775 3525 787 3562 :
814 3508 1000 3577 Pater,
1030 3508 1248 3581 gratias
1277 3524 1385 3580 ago
1417 3507 1542 3575 tibi,
1576 3522 1719 3579 quo-

133 3614 149 3640 α
174 3593 297 3651 niam
313 3597 514 3653 audisti
536 3615 655 3654 me.
677 3598 792 3671 Ego
814 3602 1008 3653 autem
1030 3597 1308 3662 sciebam,
1333 3596 1472 3669 quia
1491 3611 1723 3667 semper

133 3702 151 3723 ει
174 3696 242 3737 me
266 3686 438 3754 audis,
469 3687 569 3742 sed
605 3691 846 3758 propter
875 3684 1180 3759 populum,
1218 3686 1314 3758 qui
1358 3685 1717 3751 circumstat,

132 3790 150 3813 κ
174 3768 281 3837 dixi,
311 3780 365 3830 ut
388 3776 624 3832 credant
667 3775 806 3847 quia
826 3780 886 3829 tu
923 3791 1014 3829 me
1045 3775 1279 3830 misisti.
1314 3773 1441 3829 Haec
1469 3790 1599 3829 cum
1633 3772 1720 3827 di-

132 3858 332 3930 «xisset,
361 3881 490 3920 voce
540 3880 759 3937 magna
802 3861 1089 3920 clamavit.
1131 3887 1157 3913 »
1209 3862 1485 3932 Fremuit,
1536 3861 1720 3934 lacry-

134 3949 279 4016 mavit,
306 3969 426 4008 voce
461 3970 681 4027 magna
727 3951 1018 4019 clamavit,
1054 3957 1117 4007 ut
1156 3952 1353 4007 animo
1396 3950 1723 4024 perpendas

132 4049 259 4103 quam
282 4040 499 4098 difficile
521 4042 735 4116 surgit,
759 4058 931 4114 quem
957 4040 1140 4097 moles
1162 4039 1325 4095 malae
1348 4039 1721 4094 consuetudi-

134 4121 198 4176 nis
215 4129 420 4196 premit;
454 4133 551 4186 scd
600 4136 801 4186 tamen
833 4130 1043 4204 surgit.
1074 4129 1296 4185 occulta
1322 4129 1510 4202 gratia
1564 4128 1721 4183 intus

132 4211 407 4274 viviﬁcatus.
427 4220 625 4293 Surgit
656 4224 789 4291 post
809 4235 1002 4274 vocem
1029 4235 1325 4291 magnam,
1360 4233 1476 4289 qua
1506 4216 1719 4272 clama-

134 4298 511 4375 vit:«Lazarc,
569 4308 703 4364 veni
754 4308 930 4363 foras.
984 4310 1050 4363 Et
1104 4307 1302 4363 statim
1354 4307 1570 4380 prodiit
1622 4306 1719 4378 qui

134 4408 151 4429 η
176 4388 323 4449 fuerat
346 4402 629 4464 mortuus,
658 4396 872 4469 ligatus
899 4397 1075 4469 pedes
1098 4401 1153 4450 et
1173 4412 1382 4451 manus
1404 4395 1642 4463 institis,
1667 4400 1724 4449 et

136 4475 305 4535 «facies
332 4483 483 4540 illius
515 4486 757 4541 sudario
788 4490 913 4540 erat
940 4484 1137 4557 ligata.
1170 4506 1197 4535 ››
1250 4484 1549 4549 Quomodo
1589 4500 1720 4556 pro-

134 4567 257 4622 cessit
282 4568 462 4645 ligatis
500 4574 753 4647 pedibus
780 4573 1032 4642 miraris,
1068 4577 1124 4629 et
1150 4591 1263 4628 non
1298 4573 1529 4628 miraris
1582 4572 1721 4645 quia
1750 4594 1802 4663 Β

136 4658 324 4712 Surrexit
346 4662 770 4733 quatriduanus
796 4665 818 4717 Ρ
846 4662 908 4717 In
941 4665 1186 4734 utroque
1210 4661 1467 4734 potentia
1488 4661 1718 4717 Domini

133 4746 234 4806 erat,
262 4763 361 4803 non
391 4750 540 4807 vires
572 4751 811 4806 mortui.
844 4750 1153 4819 Processit,
1195 4755 1252 4806 et
1285 4750 1476 4806 adhuc
1507 4750 1722 4822 ligatus

134 4834 210 4889 θβῖ.
248 4835 415 4892 adhuc
466 4838 784 4909 involutus,
840 4843 1035 4895 tamen
1084 4838 1236 4894 foras
1258 4840 1386 4910 jam
1418 4840 1720 4912 processit,

134 4917 233 4984 quid
251 4922 520 4997 signiﬁcat
541 4929 569 4983 ἲ)
599 4927 842 4992 Quando
874 4928 1221 4996 contemnis,
1246 4928 1719 4999 mortuusjaces;

133 5007 172 5055 et
193 5008 230 5059 si
254 5015 398 5069 tanta
426 5021 647 5088 quanta
690 5015 807 5072 dixi
840 5017 1186 5084 contemnis,
1229 5016 1495 5089 sepultus
1517 5017 1720 5089 jaces;

134 5096 297 5168 Surgis,
325 5105 552 5175 quando
574 5105 888 5161 confiteris.
912 5104 1058 5169 Quid
1091 5111 1181 5160 est
1211 5106 1366 5161 enim
1390 5106 1719 5178 procedere,

135 5179 216 5235 nisi
239 5188 300 5241 ab
329 5193 563 5249 occultis
593 5193 751 5250 velut
789 5193 1051 5250 exuendo
1084 5195 1441 5250 manifestari
1461 5196 1489 5249 ‘I
1517 5195 1627 5249 Sed
1658 5200 1723 5251 ut

136 5272 423 5348 conﬁtearis,
444 5282 597 5338 Deus
621 5281 1093 5351 facitclamando,
1116 5283 1172 5338 id
1194 5288 1284 5339 est
1305 5299 1515 5356 magna
1535 5284 1724 5357 gratia

132 5364 352 5445 vacando.
401 5369 531 5425 Ideo
582 5372 863 5444 processit
910 5377 1200 5439 mortuus,
1246 5372 1438 5429 adhuc
1480 5371 1716 5445 ligatus,

134 5440 279 5503 adhuc
304 5468 449 5524 reus,
490 5464 554 5513 ut
582 5440 942 5517 solverentur
972 5464 1206 5532 peccata
1252 5462 1403 5532 ejus.
1435 5440 1718 5518 Ministris

130 5541 235 5605 9'80
259 5537 352 5597 hoc
376 5545 546 5603 dixit:

186 5644 205 5669 α
231 5624 418 5687 Solvite
447 5651 600 5706 eum,
630 5643 686 5697 et
714 5638 889 5698 sinite
917 5638 1142 5699 abire.»
1174 5639 1367 5698 Potuit
1381 5640 1539 5698 enim
1570 5638 1712 5717 liga-

1838 340 2234 409 'l‘l§MPUltE.
3345 358 3468 419 322

1816 484 2009 535 menta
2040 479 2282 549 solvere,
2315 481 2415 553 qui
2448 485 2745 538 mortuum
2779 484 3163 542 resuscitavit.
3196 487 3306 543 Sed
3335 507 3465 561 pro-

1815 574 1941 642 pter
1972 570 2254 625 unitatem
2287 575 2498 627 sancta:
2532 572 2814 642 Ecclesiae,
2858 578 2914 629 et
2941 574 3299 631 individuam
3331 579 3467 634 cha-

1815 658 2046 713 ritatcm
2084 658 2297 714 dicitur
2327 660 2637 730 ministris,
2672 661 2724 717 id
2760 667 2850 718 est
2878 662 3184 737 discipulis
3214 665 3468 737 Cht'irti:

1816 770 1844 797 «
1878 745 2091 803 Solvite
2122 765 2277 804 eum.
2317 771 2344 797 ››
2393 749 2540 813 Quia
2569 750 2693 806 sine
2737 752 2958 808 unitate
2989 751 3280 808 catholica:
3312 754 3473 823 ﬁdei,

1816 840 1873 892 et
1902 834 2183 893 charitate
2226 836 2628 895 ecclesiastica:
2677 841 3026 915 sanctitatis,
3074 847 3309 915 peccata
3356 861 3473 900 non

1817 924 2143 981 solvuntur.

1892 1037 1919 1063 ‹‹
1951 1014 2118 1070 Multi
2166 1020 2363 1072 autem
2394 1034 2464 1072 ex
2507 1017 2748 1086 Judaeis,
2782 1018 2883 1092 qui
2932 1026 3212 1077 venerant
3248 1022 3319 1079 ad
3354 1023 3473 1079 Ma-

1819 1126 1845 1152 ‹‹
1884 1103 2052 1171 riam,
2087 1108 2142 1159 et
2171 1105 2435 1161 viderant
2470 1123 2602 1178 qum
2634 1108 2770 1163 fecit
2795 1109 2987 1178 Jesus,
3012 1110 3386 1167 crediderunt
3415 1112 3474 1168 in

1819 1214 1847 1241 ‹‹
1881 1209 2037 1247 eum.
2073 1194 2314 1260 Quidam
2348 1200 2544 1251 autem
2577 1214 2645 1251 ex
2678 1196 2821 1269 ipsis
2852 1197 3124 1254 abierunt
3153 1200 3225 1255 ad
3272 1198 3475 1256 Phari-

1820 1304 1846 1330 α
1883 1298 2048 1347 seeos,
2090 1287 2146 1337 et
2203 1282 2475 1338 dixerunt
2528 1284 2614 1339 eis
2674 1302 2799 1359 qua:
2850 1286 2985 1342 fecit
3040 1286 3232 1343 Jesus.
3267 1311 3295 1337 ››
3351 1289 3474 1345 Non

1821 1386 2024 1425 omnes
2055 1388 2124 1426 ex
2153 1371 2372 1427 Judazis
2404 1372 2503 1445 qui
2537 1380 2925 1431 convenerant
2956 1376 3028 1431 ad
3059 1376 3325 1444 Mariam,
3373 1379 3476 1433 sed

1821 1459 2085 1531 quidam,
2138 1460 2256 1516 sive
2285 1476 2354 1515 ex
2384 1461 2467 1516 eis
2499 1463 2599 1535 qui
2645 1479 2757 1518 non
2792 1464 3175 1533 crediderant,
3207 1466 3480 1522 abierunt

1822 1547 1891 1601 ad
1918 1546 2259 1614 Pharisazos,
2289 1553 2343 1603 et
2366 1550 2639 1604 dixerunt
2670 1568 2795 1623 qua:
2828 1552 2961 1607 fecit
2988 1553 3195 1609 Jesus:
3228 1555 3349 1611 sive
3379 1571 3480 1610 an-

1823 1635 2169 1703 nuntiando,
2196 1640 2257 1691 ut
2280 1642 2335 1692 et
2365 1636 2476 1710 ipsi
2511 1639 2831 1707 crederent,
2865 1640 2984 1695 sive
3014 1642 3206 1714 potius
3233 1643 3480 1716 proden-

1824 1724 1917 1790 do,
1964 1729 2030 1779 ut
2061 1726 2325 1782 saevirent
2356 1743 2368 1782 :
2417 1728 2518 1783 sed
2552 1727 3010 1799 quomodolibet,
3044 1736 3099 1786 et
3129 1747 3163 1785 a
3190 1731 3478 1804 quibusli-

1824 1813 1940 1880 bet,
1976 1813 2044 1868 ad
2082 1813 2403 1871 Pharisaeos
2434 1816 2545 1871 ista
2576 1815 2801 1888 perlata
2831 1821 2991 1873 sunt.

2437 1993 2734 2050 HOMILIA
2762 1995 2875 2050 LV.

2302 2115 2551 2156 sanexro
2592 2119 2730 2157 posr
2769 2106 3009 2159 Laetare.

1902 2260 2090 2324 (Joau.
2124 2260 2266 2332 vm).
2298 2284 2323 2309 ‹‹
2356 2261 2416 2315 In
2443 2260 2539 2316 illo
2570 2267 2855 2336 tempore:
2892 2263 3043 2318 Dixit
3063 2264 3236 2320 Jesus
3258 2267 3481 2322 turbis:

1828 2368 1861 2397 σι
1886 2348 2001 2419 Ego
2033 2365 2165 2403 sum
2198 2348 2297 2403 lux
2328 2351 2554 2406 mundi.
2580 2352 2685 2416 Qui
2709 2352 2976 2424 sequitur
2999 2370 3111 2419 me,
3139 2372 3253 2411 non
3276 2357 3483 2412 ambu—

1833 2459 1859 2483 α
1894 2434 2042 2491 latin
2060 2438 2334 2505 tenebris,
2356 2462 2380 2485 ››
2396 2445 2451 2494 et
2473 2439 2832 2512 reliqua.Ubi
2850 2443 3155 2499 manifeste
3168 2443 3351 2513 docet,
3369 2463 3485 2500 non

1833 2523 2024 2580 solum
2057 2543 2171 2598 qua
2203 2529 2545 2584 auctoritate
2580 2529 2806 2585 mulieri
2830 2536 3064 2602 peccata
3082 2532 3371 2588 dimiserit
3400 2535 3488 2607 (ut

1834 2613 2006 2685 paulo
2029 2616 2300 2686 superius
2320 2618 2535 2684 refert),
2560 2618 2661 2673 sed
2680 2618 2855 2674 etiam
2879 2619 3031 2691 quod
3056 2620 3178 2692 ipse
3202 2621 3279 2675 sit
3301 2646 3327 2670 α
3352 2639 3486 2677 vera

1832 2700 1952 2767 lux,
1987 2720 2111 2775 quae
2144 2703 2436 2760 illuminat
2465 2723 2698 2761 omnem
2731 2706 3027 2763 hominem
3067 2709 3391 2765 vedientem
3424 2710 3484 2766 in

1833 2790 1988 2847 hunc
2006 2793 2292 2848 mundum
2313 2794 2488 2865 (Joan.
2516 2795 2574 2866 ι).
2596 2818 2621 2843 ››
2645 2796 2824 2866 Cujus
2850 2800 3194 2868 perpetuum
3217 2797 3487 2869 splendo-

1832 2897 1952 2935 rem
1986 2880 2248 2937 humnna
2289 2882 2575 2955 fragilitas
2624 2884 2818 2940 videre
2866 2902 2980 2942 non
3032 2886 3339 2958 potuisset,
3370 2887 3483 2943 nisi

1832 2970 1985 3023 nube
2008 2969 2199 3025 carnis
2216 2976 2525 3043 tegeretur,
2550 2989 2653 3044 per
2678 2989 2853 3045 quam
2878 2974 3045 3046 quasi
3066 2992 3169 3047 per
3185 2976 3484 3048 quoddam

1830 3057 2261 3113 lucidissimum
2286 3059 2610 3131 speculum,
2641 3060 2818 3116 divini
2842 3059 3082 3117 luminis
3109 3062 3343 3119 claritas
3373 3064 3482 3119 hu-

1830 3147 2020 3201 manis
2046 3147 2340 3201 mentibus
2358 3148 2763 3215 innotesceret,
2784 3166 2908 3222 qua:
2924 3151 3035 3205 ﬁde
3053 3152 3358 3223 purganda
3374 3158 3485 3219 est,

1832 3241 1896 3290 ut
1928 3235 2068 3290 tanti
2102 3234 2343 3291 luminis
2387 3241 2621 3310 aspectu
2657 3238 2833 3311 digna
2862 3238 3166 3294 efficiatur.
3201 3239 3362 3295 Unde
3393 3258 3484 3297 se-

1827 3330 1996 3380 cutus
2028 3323 2134 3380 ait:
2169 3348 2195 3373 ‹‹
2222 3324 2327 3389 Qui
2360 3326 2624 3397 sequitur
2646 3342 2758 3392 me,
2793 3344 2908 3382 non
2938 3327 3202 3383 ambulat
3233 3329 3290 3383 in
3321 3333 3487 3385 tene-

1827 3413 1971 3483 bris,
2005 3414 2105 3468 sed
2162 3413 2375 3469 habeat
2428 3414 2628 3470 lumen
2686 3415 2833 3470 vitae.
2872 3439 2899 3465 »
2952 3416 3057 3483 Qui
3118 3417 3265 3472 meis
3311 3418 3484 3473 modo

1821 3503 2011 3575 jussis
2032 3508 2090 3557 et
2118 3502 2399 3576 exemplis
2415 3504 2778 3576 obsequitur,
2803 3522 2918 3560 non
2947 3504 3175 3561 timebit
3204 3506 3264 3561 in
3288 3506 3485 3564 futuro

1829 3591 2102 3647 tenebras
2141 3592 2559 3658 damnationis,
2590 3592 2692 3648 sed
2721 3591 2910 3648 lucem
2944 3592 3141 3665 potius
3188 3595 3336 3662 vitm,
3384 3594 3484 3649 ubi

1830 3698 2135 3752 nunquam
2158 3698 2398 3752 prorsus
2420 3682 2721 3749 moriatur,
2747 3682 3003 3738 habebit.
3030 3683 3249 3755 Itaque,
3274 3683 3419 3739 fratr
3457 3701 3485 3739 s

1831 3770 1968 3837 mei,
1992 3786 2312 3842 sequamur
2333 3770 2629 3826 Christum
2655 3769 2855 3827 lumen
2878 3772 3104 3840 mundi,
3127 3790 3199 3828 ne
3220 3770 3483 3827 ambule-

1832 3876 1967 3915 mus
1996 3859 2052 3913 in
2084 3859 2361 3914 tenebris.
2388 3860 2659 3915 Tenebra:
2692 3861 3015 3916 metuendae
3043 3866 3200 3929 sunt,
3228 3877 3482 3925 morum,

1831 3965 1947 4003 non
1977 3947 2315 4003 oculorum:
2349 3948 2456 4003 etsi
2489 3947 2814 4017 oculorum,
2849 3966 2962 4004 non
2986 3949 3358 4017 exteriorum,
3383 3949 3484 4005 sed

1830 4036 2196 4092 interiorum.
2232 4036 2394 4092 Unde
2415 4037 2767 4092 discernitur
2789 4055 2903 4092 non
2925 4035 3125 4093 album
3149 4042 3206 4094 et
3226 4038 3483 4111 nigrum,

1831 4125 1933 4180 sed
1957 4126 2190 4196 justum
2213 4130 2268 4180 et
2290 4125 2598 4197 iniustum.
2624 4127 2953 4197 Antequam
2976 4142 3111 4197 ergo
3138 4125 3358 4180 veniret
3379 4125 3485 4181 Do-

1833 4214 2031 4268 minus
2062 4217 2260 4268 noster
2276 4214 2449 4269 Jesus
2469 4213 2758 4280 Christus,
2791 4213 3009 4269 multas
3039 4217 3172 4269 ante
3202 4230 3263 4267 se
3297 4212 3484 4268 lucer-

1833 4320 1940 4358 nas
1959 4302 2329 4374 propheticas
2352 4302 2634 4369 accendit,
2658 4307 2715 4357 et
2740 4302 2920 4357 misit.
2946 4301 3026 4357 De
3049 4301 3142 4356 his
3162 4306 3285 4356 erat
3305 4301 3482 4356 etiam

1830 4392 2083 4447 Joannes
2114 4390 2394 4463 Baptista,
2428 4390 2520 4445 cui
2568 4395 2687 4445 tam
2722 4406 3003 4463 magnum
3036 4389 3229 4461 ipsum
3260 4388 3484 4456 lumen,

1832 4482 1986 4554 quod
2008 4485 2097 4537 est
2118 4480 2401 4536 Dominus
2422 4480 2709 4548 Christus,
2742 4479 3039 4553 perhibuit
3060 4477 3483 4546 testimonium,

1832 4569 1989 4642 quali
2024 4568 2167 4624 nulli
2201 4569 2530 4625 hominum.
2562 4570 2657 4625 Ait
2688 4568 2843 4625 enim
2871 4584 2883 4623 :
2920 4592 2946 4618 α
2973 4568 3128 4624 Inter
3156 4570 3325 4622 natos
3354 4583 3485 4622 mu-

1830 4659 2038 4715 lierum
2072 4676 2187 4714 non
2220 4658 2472 4714 surrexit
2517 4659 2703 4730 major
2731 4658 2954 4714 Joanne
2984 4655 3245 4728 Baptista
3276 4655 3483 4728 (Matth.

1831 4753 1927 4818 xu).
1967 4769 1987 4799 ι
2024 4748 2127 4803 IIic
2160 4752 2376 4815 tamen,
2409 4764 2526 4820 quo
2564 4764 2733 4803 nemo
2763 4750 2887 4803 erat
2916 4746 3104 4817 major
3134 4745 3285 4799 inter
3316 4749 3485 4800 natos

1831 4838 2169 4905 mulierum,
2203 4836 2342 4892 dicit
2387 4837 2458 4892 de
2489 4836 2736 4892 Domino
2784 4839 2982 4890 nostro
3029 4834 3167 4889 Jesu
3216 4832 3480 4888 Christo:

1835 4951 1863 4978 ‹‹
1895 4929 2009 5001 Ego
2041 4928 2277 5000 quidem
2311 4926 2540 4999 baptizo
2570 4943 2671 4981 vos
2692 4926 2749 4981 in
2773 4941 2944 4997 aqua.
2975 4924 3081 4990 Qui
3113 4927 3307 4978 autem
3329 4922 3487 4978 venit

1832 5022 1961 5090 post
1985 5034 2098 5087 me,
2126 5016 2329 5071 fortior
2361 5032 2453 5070 me
2483 5020 2592 5087 est,
2616 5015 2705 5069 cui
2741 5031 2853 5069 non
2876 5030 3008 5070 sum
3031 5012 3246 5085 dignus
3272 5010 3485 5067 calcea-

1832 5111 2031 5161 menta
2058 5104 2278 5160 solvere
2310 5105 2527 5175 (Matth.
2562 5105 2657 5169 Ill).
2694 5126 2721 5153 ››
2753 5102 2956 5158 Videte
2983 5101 3479 5175 quemadmodum

1830 5213 1893 5251 se
1925 5195 2164 5250 lucerna
2211 5193 2324 5248 diei
2376 5192 2703 5248 submittat.
2754 5193 3075 5248 Lucernam
3122 5207 3257 5248 vero
3286 5191 3482 5263 ipsum

1827 5285 2112 5340 Joannem
2146 5283 2328 5337 fuisse
2349 5281 2631 5337 Dominus
2656 5282 2778 5354 ipse
2803 5286 3065 5338 testatur.
3090 5280 3189 5336 Ille
3219 5285 3345 5336 erat
3369 5279 3480 5348 (in-

1831 5374 1981 5446 quit)
2012 5372 2250 5427 lucerna
2288 5371 2499 5426 ardens
2529 5376 2586 5425 et
2615 5369 2840 5440 lucens,
2875 5375 2932 5426 et
2961 5387 3062 5426 vos
3090 5368 3357 5425 voluistis
3406 5369 3479 5426 ad

1829 5463 2033 5518 horam
2065 5459 2356 5515 exsultare
2388 5460 2446 5515 in
2477 5458 2699 5516 lumine
2730 5462 2877 5533 ejus.
2912 5482 2941 5511 »

1898 5549 2407 5622 «Responderunt
2456 5566 2592 5624 ergo
2651 5549 2959 5606 Pharisaei:
3020 5550 3104 5605 'I‘u
3164 5548 3235 5604 de
3294 5547 3477 5621 teipso

1825 5636 2289 5700 «testimonium
2320 5638 2486 5710 dicis,
2546 5639 2952 5699 testimonium
3012 5643 3180 5699 tuum
3225 5652 3341 5694 non
3386 5638 3478 5693 est
