4028 6176
343 426 351 439 ,
412 364 528 425 323

974 357 1379 419 HAYMONIS
1428 356 1968 419 llALBEltS'l‘A'l‘.
2020 354 2262 418 EPISC.
2309 351 2480 418 ore.
2530 357 2726 418 mas
2772 318 2950 418 lI.—
2980 353 3247 419 HOMIL.

3702 356 3817 419 324

414 518 442 547 ‹‹
475 508 696 550 verum.
732 514 759 540 ››
794 490 1110 545 Videamus
1158 490 1296 561 quid
1344 489 1606 556 audiant,
1648 488 1961 544 audiamus
2004 493 2061 543 ct
2087 488 2144 556 Α
2172 487 2323 544 nirct
2353 489 2424 545 ad
2474 506 2727 545 crucem.
2773 488 3009 545 Distulit
3037 487 3270 562 quidem
3322 488 3663 561 potentiam,
3716 491 3816 545 scd

410 601 538 647 nos,
571 581 672 636 sed
707 596 819 635 non
853 579 1003 634 sicut
1029 578 1151 633 illi:
1187 579 1269 633 illi
1316 582 1770 645 contemnentes,
1806 595 1913 633 nos
1940 595 2060 633 cre-

408 672 651 736 dentes;
704 667 787 723 illi
819 666 1116 723 Christum
1175 667 1435 723 occidere
1492 666 1774 736 volentes,
1824 683 1930 723 nos
1960 684 2064 740 per

408 758 703 815 Christum
756 757 942 812 vivere
983 755 1301 829 cupientes.
1335 757 1571 813 Interim
1625 757 1738 811 ista
1782 756 2063 812 distantia

409 846 735 918 distinguat
782 860 954 901 aures
1004 849 1346 917 mentesque
1384 852 1633 914 nostras,
1664 851 1721 901 et
1750 846 2060 901 audiamus

407 936 548 1007 quid
581 934 797 991 Judaeis
831 934 1197 1006 responderit
1228 934 1533 990 Dominus.

479 1045 507 1071 ‹‹
542 1021 863 1093 Respondit
903 1021 1100 1091 Jesus,
1134 1026 1191 1077 et
1244 1021 1388 1077 dixit
1446 1022 1568 1078 eis:
1631 1024 1697 1078 Et
1726 1023 1773 1078 si
1831 1040 1934 1097 ego
1990 1025 2060 1079 de

407 1134 435 1160 «
470 1111 692 1183 meipso
724 1110 1125 1165 testimonium
1144 1110 1441 1183 perhibeo,
1461 1129 1660 1167 verum
1685 1119 1771 1168 est
1805 1114 2061 1168 testimo-

407 1199 632 1254 «’nium
662 1215 856 1254 meum
886 1215 899 1253 :
930 1200 1068 1271 quia
1090 1199 1208 1255 scio
1232 1200 1385 1255 unde
1405 1200 1571 1256 venio
1593 1205 1647 1256 et
1686 1219 1799 1273 quo
1830 1203 1995 1258 vado.
2030 1225 2057 1251 »

407 1287 635 1342 Patrem
665 1287 893 1342 volebat
922 1287 1187 1360 intelligi.
1219 1289 1283 1343 Et
1313 1290 1361 1344 si
1394 1288 1547 1345 Patri
1595 1288 1839 1362 gloriam
1887 1291 2062 1347 dabat

406 1374 606 1442 Filius,
668 1374 911 1448 aequalis
964 1375 1250 1448 gloriticat
1302 1394 1436 1433 eum
1467 1396 1501 1433 a
1530 1395 1645 1450 quo
1690 1384 1777 1435 est
1818 1380 2058 1449 missus,

405 1468 692 1536 quantum
716 1464 883 1520 debet
910 1464 1083 1519 homo
1105 1465 1429 1537 gloriﬁcare
1449 1484 1582 1522 eum
1608 1485 1640 1523 a
1658 1485 1772 1540 quo
1793 1472 1881 1523 est
1912 1485 2058 1523 crea~

404 1560 501 1610 tus
522 1555 550 1609 ?
581 1578 607 1603 ‹‹
645 1555 771 1609 Scio
804 1554 957 1607 unde
986 1555 1171 1623 venio,
1204 1560 1259 1610 et
1289 1572 1402 1627 quo
1429 1556 1594 1611 vado.
1632 1579 1658 1604 ››
1710 1557 1822 1612 Iste
1869 1557 1968 1629 qui
2002 1558 2058 1612 in

394 1643 711 1716 praesentia
738 1644 904 1698 vobis
933 1643 1214 1715 loquitur,
1247 1644 1423 1700 habet
1454 1645 1607 1716 quod
1638 1663 1750 1700 non
1782 1646 2059 1711 deseruit,

404 1732 504 1787 sed
536 1737 733 1787 tamen
765 1732 939 1786 venit.
965 1731 1088 1786 Non
1122 1731 1279 1788 enim
1302 1732 1582 1788 veniendo
1612 1734 1744 1788 inde
1766 1734 2057 1800 discessit,

403 1826 506 1877 aut
537 1821 833 1877 redeundo
879 1838 985 1875 nos
1015 1820 1344 1893 dereliquit,
1379 1822 1477 1893 qui
1508 1821 1686 1877 dixit:
1731 1844 1759 1872 ‹‹
1787 1823 1925 1879 Ecce
1954 1840 2060 1895 ego

402 1910 711 1966 vobiscum
744 1927 874 1966 sum
910 1911 1186 1966 omnibus
1219 1912 1447 1979 diebus,
1473 1928 1660 1984 usque
1681 1913 1751 1967 ad
1786 1929 2060 1967 consum-

403 2000 721 2055 mationem
758 1998 951 2054 saeculi
1001 1999 1205 2068 (Matth.
1240 2004 1435 2068 xxvm)
1492 2024 1520 2050 ››
1554 2002 1698 2074 Ergo
1741 2018 1939 2055 verum
1973 2007 2061 2057 est

402 2089 807 2144 testimonium
840 2088 1103 2154 luminis,
1137 2089 1256 2143 sive
1287 2106 1348 2144 se
1379 2089 1667 2156 ostendat,
1703 2089 1821 2145 sive
1852 2090 2056 2146 aliter:

402 2178 537 2250 quia
570 2178 695 2232 sine
728 2176 946 2232 lumine
982 2194 1094 2231 non
1146 2182 1332 2249 potest
1364 2178 1543 2233 videri
1578 2176 1795 2240 lumen,
1831 2184 1886 2234 et.
1933 2180 2059 2235 sine

401 2266 623 2322 lumine
657 2283 768 2321 non
804 2270 993 2338 potest.
1015 2266 1196 2321 videri
1221 2267 1523 2339 quodlibet
1551 2266 1731 2334 aliud,
1764 2268 1916 2339 quod
1945 2286 2055 2323 non

400 2362 491 2412 est
522 2355 739 2411 lumen.
770 2355 933 2410 Sicut
964 2353 1119 2409 enim
1151 2353 1347 2409 lumen
1386 2360 1440 2409 et
1470 2355 1727 2426 seipsum
1781 2348 2055 2426 ostendit:

400 2450 457 2501 et
483 2461 609 2517 qua:
640 2445 790 2500 circa
821 2448 993 2499 sunt:
1039 2444 1118 2498 ita
1148 2448 1205 2498 et
1232 2443 1521 2512 Christus,
1555 2449 1611 2499 et
1654 2444 1913 2516 seipsum
1963 2464 2054 2503 os-

400 2533 605 2601 tendit,
649 2539 707 2588 et
763 2533 909 2588 alios
970 2532 1282 2598 illuminat,
1318 2532 1414 2604 qui
1475 2532 1752 2589 charitate
1812 2534 1963 2590 circa
1993 2553 2055 2591 se

403 2626 562 2687 sunt,
585 2627 641 2677 et
663 2627 992 2695 sequuntur
1014 2620 1202 2686 illum,
1229 2638 1344 2676 non
1370 2622 1583 2693 pedum
1607 2623 1929 2694 gressibus,
1953 2626 2052 2680 sed

398 2711 701 2767 charitatis
723 2711 950 2766 ofﬁciis.
978 2710 1134 2766 Duos
1152 2711 1435 2767 adventus
1461 2711 1684 2765 Domini
1713 2713 1893 2767 nostri
1913 2713 2050 2769 Jesu

397 2798 611 2856 Christi
660 2800 913 2874 legimus
946 2800 1003 2854 in
1050 2799 1368 2871 Scripturis
1417 2800 1637 2855 sanctis
1665 2817 1699 2855 a
1755 2801 2053 2874 prophetis

399 2906 527 2944 esse
561 2889 900 2960 praedictos:
954 2905 1135 2944 unum
1181 2888 1610 2956 misericordia),
1654 2889 1752 2959 qui
1785 2896 2053 2962 peractus

399 2982 509 3042 est,
546 2976 792 3032 alterum
818 2976 1048 3049 judicii,
1091 2976 1191 3048 qui
1235 2982 1515 3033 venturus
1539 2982 1644 3032 est.
1691 2977 1885 3034 Prima
1917 2997 2051 3053 ergo

397 3065 757 3137 dispensatio
782 3065 1008 3121 Domini
1039 3066 1221 3121 nostri
1246 3065 1383 3121 Jesu
1416 3066 1625 3122 Christi
1665 3067 2048 3139 medicinalis,

398 3170 513 3209 non
540 3154 859 3225 judicialis.
897 3154 1041 3209 Nam
1076 3154 1125 3209 si
1156 3155 1347 3226 primo
1378 3156 1632 3211 venisset
1653 3156 2046 3226 judicaturus,

397 3244 693 3299 neminem
726 3243 1043 3299 invenisset
1073 3244 1162 3298 cui
1197 3244 1434 3316 praemia
1465 3245 1711 3315 justitim
1762 3245 2045 3300 redderet.
2080 3226 2122 3292 Ο

396 3332 543 3396 Quia
572 3349 707 3404 ergo
736 3332 881 3387 vidit
910 3348 1114 3387 omnes
1145 3337 1495 3404 peccatores,
1548 3336 1603 3387 et
1635 3333 1894 3387 omnimo
1925 3350 2053 3390 esse

398 3420 694 3476 neminem
718 3420 1044 3475 immunem
1072 3437 1104 3474 a
1126 3426 1310 3475 morte
1333 3420 1570 3492 peccati,
1597 3420 1761 3491 prius
1782 3426 1904 3475 erat
1925 3422 2052 3491 ejus

397 3507 796 3563 misericordia
826 3508 1222 3579 praaroganda,
1255 3512 1311 3563 et
1340 3511 1473 3579 post
1499 3508 1881 3563 exercendum
1898 3508 2054 3580 judi-

398 3597 574 3651 cium.
600 3596 743 3661 Quia
767 3596 836 3650 de
864 3594 963 3650 illo
986 3600 1315 3651 cantaverat
1338 3595 1635 3651 Psalmus:
1674 3620 1700 3644 ››
1725 3597 2050 3653 Misericor-

398 3684 555 3739 diam
583 3689 639 3739 et
660 3684 954 3756 judicium
985 3684 1231 3739 cantabo
1262 3683 1388 3751 tibi,
1438 3684 1677 3739 Domine
1708 3685 1881 3758 (Psal.
1913 3687 1985 3759 c).
2020 3709 2051 3737 »

398 3774 522 3828 Non
554 3774 709 3830 enim
743 3773 813 3829 ad
857 3772 1150 3843 judicium
1182 3778 1239 3829 et
1290 3773 1773 3830 misericordiam.
1824 3776 1968 3833 Nam
2001 3777 2051 3832 si

395 3861 655 3933 primurn
687 3866 841 3917 esset
881 3861 1199 3933 judicium,
1228 3861 1395 3935 nulla
1430 3866 1585 3918 esset
1612 3863 2049 3937 misericordia;

398 3950 498 4006 sed
534 3951 723 4022 primo
754 3949 1174 4019 misericordia,
1207 3956 1407 4022 postea
1428 3950 1741 4022 judicium.
1791 3955 1924 4019 Qua:
1964 3959 2053 4011 est

397 4038 591 4111 prima
621 4038 1060 4095 misericordia?
1086 4040 1319 4095 Creator
1339 4038 1596 4095 hominis
1619 4040 1793 4097 homo
1814 4058 1944 4098 esse
1963 4043 2048 4098 di-

394 4133 607 4200 gnatus
638 4131 749 4194 est,
773 4128 960 4183 factus
984 4127 1139 4200 quod
1164 4128 1395 4196 fecerat,
1418 4145 1490 4183 ne
1512 4129 1667 4201 quod
1692 4130 1905 4186 fecerat
1924 4149 2049 4203 per-

393 4216 521 4272 iret.
554 4216 701 4283 Quid
735 4216 871 4272 huic
924 4217 1333 4273 misericordiae
1361 4218 1493 4273 addi
1529 4220 1765 4290 potest?
1810 4220 2052 4276 Addidit

393 4309 609 4361 tamen.
643 4305 788 4362 Nam
813 4307 1158 4379 reprobatus
1184 4306 1255 4361 ab
1280 4306 1642 4375 hominibus,
1668 4324 1771 4379 pro
1799 4325 2048 4380 quorum

392 4394 581 4450 salute
606 4399 840 4451 venerat
863 4395 921 4450 in
955 4396 1266 4461 mundum,
1292 4394 1591 4451 irrisiones
1614 4396 1915 4465 sustinuit,
1947 4398 2048 4453 lla-

391 4482 561 4556 gella,
597 4487 789 4557 sputa,
837 4484 1151 4556 opprobria
1197 4483 1593 4550 inimicorum,
1646 4485 2048 4557 turpissimam

2170 577 2487 649 publicavit
2519 577 2999 634 misericordiam.
3025 577 3185 634 Unde
3215 576 3443 632 distulit
3470 577 3823 650 potentiam?

2171 668 2315 731 Quia
2331 667 2401 722 de
2419 684 2589 725 cruce
2606 668 2953 723 descendere
2973 666 3178 732 noluit,
3202 668 3299 739 qui
3323 668 3511 739 potuit
3531 668 3601 723 de
3622 668 3820 742 sepul-

2171 773 2265 811 cro
2290 772 2613 827 resurgere.
2638 756 2801 812 Unde
2817 755 3135 828 publicavit
3156 755 3610 812 misericordiam
3625 757 3655 812 ?
3675 757 3825 824 Quia

2170 844 2430 917 pendens
2462 843 2520 899 in
2551 861 2742 911 cruce,
2777 842 2957 900 dixit:
2993 844 3231 913 «Pater,
3257 843 3489 917 ignosce
3519 844 3657 912 illis,
3684 846 3826 917 quia

2175 932 2439 988 nesciunt
2465 932 2606 1005 quid
2629 933 2850 989 faciunt
2866 937 3016 1002 (Luc.
3036 936 3211 1002 xxm).
3233 956 3261 983 ››
3284 933 3411 989 Sive
3426 951 3563 1007 ergo
3586 939 3827 1008 propter

2170 1022 2298 1090 hoc,
2324 1020 2462 1094 quia
2481 1039 2595 1078 non
2608 1027 2843 1077 venerat
2859 1022 3123 1093 judicare
3142 1023 3452 1087 mundum,
3471 1023 3573 1078 sed
3596 1022 3823 1079 salvare

2169 1112 2480 1179 mundum,
2500 1110 2672 1166 dixit:
2699 1134 2725 1159 ‹‹
2747 1110 2863 1182 Ego
2883 1111 3213 1181 nonjudico
3232 1127 3609 1183 quemquam;
3634 1136 3661 1160 ››
3681 1113 3823 1177 sive,

2170 1200 2666 1272 quemadmodum
2720 1199 3188 1267 commemoravi,
3245 1200 3520 1273 quoniam
3574 1200 3821 1266 dixerat,

2173 1288 2319 1344 «Vos
2333 1288 2659 1345 secundum
2674 1284 3212 1358 carncmjudicatis,
3230 1311 3257 1337 ››
3272 1288 3556 1356 addidit,‘«
3575 1290 3693 1362 Ego
3707 1308 3823 1345 non

2161 1377 2364 1449 judico
2382 1394 2738 1450 quemquam
2762 1392 2776 1433 :
2802 1399 2829 1426 ››
2852 1380 2916 1431 ut
2936 1375 3358 1449 intelligamus,
3383 1375 3683 1432 Christum
3708 1396 3823 1433 non

2170 1466 2491 1522 secundum
2526 1482 2758 1521 carnem
2778 1464 3064 1537 judicare,
3090 1464 3412 1520 secundum
3435 1466 3589 1537 quod
3612 1467 3687 1521 ab
3721 1466 3824 1521 ho-

2172 1554 2433 1610 minibus
2467 1554 2767 1626 judicatus
2810 1558 2916 1610 est.
2953 1554 3075 1611 Non
3110 1559 3173 1608 ut
3211 1555 3576 1627 cognoscatis
3599 1557 3727 1627 jam
3764 1559 3830 1612 ut

2162 1644 2424 1717 judicem
2456 1642 2775 1708 Christum,
2809 1642 3003 1698 audite
3036 1642 3176 1714 quid
3209 1642 3505 1715 sequitur:

2243 1758 2268 1782 ‹‹
2305 1732 2438 1788 Etsi
2464 1732 2667 1804 judico
2699 1748 2826 1804 ego,
2862 1730 3154 1803 judicium
3189 1748 3383 1787 meum
3416 1748 3615 1788 verum
3649 1740 3762 1790 est.
3799 1758 3826 1787 ν

2173 1824 2311 1877 Ecce
2333 1821 2509 1877 habet
2533 1824 2592 1875 et
2606 1820 2920 1891 judicium.
2946 1820 3057 1875 Sed
3082 1836 3329 1893 agnosce
3351 1818 3723 1890 Salvatorcm,
3758 1840 3830 1878 ne

2170 1910 2389 1965 sentias
2413 1910 2727 1981 judicium.
2748 1911 2936 1975 Quare
2955 1913 3149 1964 autem
3173 1908 3619 1980 dixitjudicium
3644 1929 3828 1966 suum

2169 2016 2368 2054 verum
2394 1999 2569 2054 esse?
2593 2021 2619 2047 ‹‹
2645 1998 2791 2062 Quia
2821 1996 3002 2066 solus,
3037 1997 3248 2069 inquit,
3272 2014 3386 2053 non
3404 2015 3560 2066 sum,
3583 2000 3685 2055 sed
3712 2017 3828 2073 ego

2170 2112 2195 2137 ‹‹
2232 2093 2289 2143 et
2322 2086 2421 2159 qui
2455 2087 2615 2141 misit
2646 2103 2757 2152 me,
2781 2087 2968 2141 Pater.
3004 2109 3031 2134 ››
3064 2086 3208 2152 Quid
3244 2092 3332 2142 est
3359 2087 3558 2143 missio
3579 2088 3827 2155 Christi,

2169 2177 2282 2232 nisi
2317 2176 2638 2231 incarnatio
2663 2175 2833 2246 ejus?
2862 2174 3079 2230 Missus
3101 2181 3187 2230 est
3216 2175 3504 2241 Christus,
3528 2176 3683 2232 idem
3710 2185 3829 2245 est,

2167 2265 2214 2321 si
2249 2266 2430 2331 dicas,
2462 2264 2802 2319 incarnatus
2826 2268 2914 2319 est
2939 2262 3226 2319 Christus.
3257 2264 3324 2319 Et
3349 2281 3382 2319 a
3403 2265 3569 2321 Patre
3600 2255 3832 2323 missu's

2166 2358 2307 2421 erat,
2342 2358 2398 2409 et
2430 2370 2463 2409 a
2491 2354 2657 2409 Patre
2708 2369 3013 2425 nunquam
3066 2353 3323 2409 recessit.
3360 2355 3424 2409 Et
3454 2353 3548 2410 hic
3580 2356 3691 2411 fuit
3719 2374 3834 2429 per

2164 2440 2621 2499 incarnationem
2635 2488 2647 2509 ,
2662 2447 2713 2496 et
2730 2441 2824 2497 hic
2841 2446 2929 2497 est
2942 2442 3113 2498 modo
3132 2458 3233 2514 per
3247 2441 3634 2498 divinitatem.
3651 2445 3832 2501 Fides

2164 2548 2300 2605 ergo
2354 2532 2601 2587 mundat
2631 2532 2807 2587 corda
2858 2537 3075 2599 nostra,
3110 2537 3174 2586 ut
3217 2530 3547 2588 intellectus
3578 2533 3833 2605 impleat

2166 2622 2343 2676 corda
2372 2625 2589 2677 nostra.
2616 2621 2681 2674 Et
2702 2624 2765 2674 ut
2790 2619 3206 2691 intelligamus,
3237 2620 3579 2693 mysterium
3609 2622 3832 2677 salutis

2163 2715 2378 2767 nostra:
2403 2710 2586 2765 altum
2613 2714 2720 2777 est,
2743 2710 3098 2781 profundum
3121 2715 3228 2773 est,
3252 2714 3540 2766 secretum
3564 2716 3671 2777 est,
3702 2730 3832 2767 una

2163 2799 2493 2857 substantia
2517 2803 2627 2865 est,
2648 2817 2765 2854 una
2780 2798 3054 2853 divinitas
3070 2803 3179 2865 est,
3203 2815 3317 2853 una
3336 2800 3614 2870 majestas
3630 2801 3831 2859 Patris

2163 2895 2219 2945 et
2249 2888 2394 2945 Filii.
2424 2890 2593 2944 Pater
2618 2905 2731 2943 non
2767 2905 2977 2960 passus
2996 2892 3102 2953 est,
3132 2888 3233 2943 sed
3262 2887 3422 2944 solus
3445 2887 3650 2945 Filius.
3672 2890 3830 2964 Ergo

2160 2979 2559 3052 intelligamus
2575 2977 2916 3033 missionem
2935 2975 3059 3031 Filii
3081 2976 3439 3033 nominatam
3460 2979 3826 3034 incarnatio-

2160 3085 2292 3124 nem
2324 3067 2477 3122 Filii:
2513 3067 2740 3122 Patrem
2768 3069 2959 3120 autem
2994 3064 3359 3120 incarnatum
3388 3081 3515 3121 esse
3550 3082 3666 3121 non
3701 3084 3830 3124 cre-

2159 3157 2283 3212 das.
2320 3156 2481 3212 Unde
2512 3172 2647 3228 ergo
2675 3171 2877 3210 verum
2907 3158 2995 3208 est
3016 3153 3310 3225 judicium
3344 3154 3491 3224 ejus,
3526 3153 3642 3209 nisi
3677 3157 3827 3228 quia

2160 3261 2332 3300 verus
2358 3249 2446 3299 est
2466 3243 2646 3299 Filius
2665 3243 3033 3298 Patris?ldeo
3051 3242 3226 3297 dixit:
3244 3241 3584 3298 «Judicium
3616 3261 3825 3300 meum

2160 3350 2361 3387 verum
2395 3337 2501 3397 est,
2531 3333 2671 3405 quia
2700 3331 2860 3388 solus
2892 3348 3008 3386 non
3041 3349 3195 3397 sum,
3227 3333 3325 3387 sed
3356 3348 3481 3403 ego,
3510 3338 3567 3387 et
3593 3334 3701 3405 qui
3731 3351 3828 3390 me

2161 3421 2321 3477 misit
2351 3422 2537 3477 Pater.
2564 3443 2590 3469 n
2626 3421 2783 3476 Idem
2817 3437 2953 3494 ergo
2981 3421 3038 3476 in
3069 3419 3182 3476 alio
3208 3420 3333 3476 loco
3360 3421 3529 3476 dixit:
3566 3445 3597 3471 ‹‹
3627 3422 3754 3495 Ego
3773 3428 3829 3479 et

2159 3511 2329 3565 Pater
2350 3527 2534 3565 unum
2562 3527 2769 3567 sumus
2791 3511 2966 3579 (Joan.
2998 3514 3081 3580 x).
3107 3533 3133 3559 »
3163 3509 3353 3566 Unum
3372 3510 3430 3565 in
3456 3511 3826 3577 substantia,

2160 3601 2277 3655 duo
2309 3600 2365 3654 in
2398 3616 2666 3670 persona.
2696 3598 2884 3655 Unum
2911 3599 3075 3665 dixit,
3099 3598 3157 3653 in
3190 3599 3534 3655 substantize
3555 3600 3825 3669 unitate;

2161 3705 2368 3744 sumus
2386 3688 3183 3761 dixit,propterpersonarum
3200 3687 3827 3744 distrinctionemAudi

2161 3778 2301 3851 quid
2321 3777 2496 3834 dixit:
2527 3779 2713 3850 «Ego,
2741 3782 2797 3832 et
2813 3777 2912 3850 qui
2931 3793 3023 3832 me
3046 3777 3226 3843 misit,
3256 3777 3481 3832 Pater.»
3505 3776 3843 3849 Distingue

2159 3883 2466 3940 personas:
2503 3881 2751 3939 agnosce
2800 3865 2936 3937 quia
2966 3866 3151 3931 Pater,
3186 3866 3356 3921 Pater
3383 3869 3505 3931 est;
3536 3881 3825 3938 agnosce,

2161 3956 2298 4027 quia
2324 3955 2523 4023 Filius,
2544 3954 2725 4009 Filius
2741 3958 2830 4009 est
2849 3971 2862 4021 ;
2882 3971 2953 4008 ne
2971 3954 3028 4007 in
3048 3953 3391 4009 barathrum
3410 3952 3824 4011 Sabellianum

2160 4045 2481 4118 pervenias.
2512 4044 2579 4098 Et
2596 4041 2711 4098 noli
2736 4041 2944 4109 dicere,
2966 4040 3123 4097 aliud
3143 4047 3197 4097 et
3215 4041 3402 4098 aliud:
3428 4043 3527 4098 sed
3547 4042 3644 4098 dic
3663 4044 3827 4100 alius

2159 4138 2216 4203 et
2233 4133 2401 4189 alius.
2429 4133 2550 4187 Non
2580 4130 2734 4187 aliud
2763 4130 2822 4185 in
2850 4130 3200 4199 substantia,
3229 4132 3328 4186 sed
3354 4130 3503 4187 alius
3530 4130 3587 4185 in
3618 4148 3828 4203 perso-

2160 4239 2253 4278 na.
2277 4222 2401 4278 Non
2425 4222 2593 4276 Pater
2616 4221 2822 4291 major,
2852 4236 2965 4275 non
2990 4219 3170 4275 Filius
3196 4220 3462 4275 minorin
3488 4219 3827 4278 divinitatis

2158 4310 2385 4383 gloria:
2420 4309 2521 4364 sed
2554 4309 2741 4375 crede,
2778 4326 2963 4363 unum
2993 4324 3220 4364 sumus.
3256 4309 3317 4364 In
3349 4325 3416 4365 eo
3460 4309 3614 4380 quod
3671 4310 3827 4365 dixit

2160 4400 2288 4471 ipsa
2315 4397 2562 4464 Veritas,
2598 4414 2805 4463 unum,
2840 4397 3021 4452 libera
3052 4403 3105 4453 te
3137 4397 3209 4452 ab
3243 4398 3380 4452 Ario
3409 4415 3423 4467 ;
3457 4398 3613 4469 quod
3645 4398 3824 4465 dixit,

2160 4504 2386 4553 sumus,
2422 4485 2605 4541 libcra
2629 4490 2684 4541 te
2716 4503 2749 4540 a
2773 4485 3046 4542 Sabellio.
3079 4486 3136 4541 Si
3169 4503 3374 4551 unum,
3411 4503 3523 4541 non
3551 4502 3694 4557 ergo
3728 4486 3826 4541 di-

392 4576 640 4627 mortem
668 4572 876 4627 crucis.
903 4573 1029 4628 Haec
1052 4572 1250 4627 omnia
1273 4571 1577 4636 sustinuit,
1600 4571 1739 4643 quia
1756 4572 1956 4642 voluit,
1985 4580 2053 4630 ut
2080 4594 2128 4657 Ι)
2158 4591 2422 4642 versum;
2458 4575 2507 4630 si
2538 4591 2767 4641 sumus,
2796 4592 2911 4630 non
2942 4591 3078 4648 ergo
3105 4591 3278 4631 unus.
3311 4574 3626 4645 Dejudicio
3655 4574 3823 4630 dixe-

391 4659 643 4716 salvaret
667 4659 964 4716 hominem
997 4678 1171 4733 quem
1218 4665 1526 4716 creaverat.
1578 4659 1815 4716 Nullum
1864 4679 2049 4735 genus

394 4748 604 4803 mortis
636 4746 1063 4803 intolerabilius
1094 4748 1203 4802 fuit
1232 4764 1419 4816 cruce,
1445 4752 1679 4820 propter
1700 4748 1904 4822 longos
1925 4768 2051 4805 cru-

390 4836 616 4893 ciatus:
661 4837 762 4893 sed
797 4836 939 4892 nihil
982 4835 1294 4908 gloriosius
1343 4853 1522 4908 quam
1574 4837 1809 4910 signum
1862 4840 2049 4895 crucis

390 4930 621 4996 portare
649 4925 706 4981 in
739 4926 945 4981 fronte.
972 4925 1135 4981 Unde
1166 4924 1479 4997 Apostolus
1509 4926 1608 4995 ait,
1641 4926 1889 4999 gloriam
1918 4946 2049 4984 cru-

391 5013 475 5067 cis
508 5014 867 5085 prardicans:
907 5038 933 5065 ‹‹
968 5015 1105 5070 Mihi
1143 5018 1339 5070 autem
1370 5014 1523 5070 absit
1552 5014 1809 5087 gloriari,
1844 5017 1955 5072 nisi
1989 5018 2049 5073 in

391 5115 559 5155 cruce
592 5102 817 5157 Domini
849 5103 986 5159 Jesu
1020 5102 1255 5170 Christi,
1281 5119 1385 5175 per
1405 5120 1578 5175 quem
1612 5103 1758 5159 mihi
1789 5106 2049 5162 mundus

392 5189 702 5243 crucifixus
733 5194 822 5245 est
850 5195 906 5245 et
945 5206 1050 5263 ego
1082 5191 1301 5245 mundo
1332 5191 1477 5260 (Gal.
1510 5192 1611 5263 vn.)
1646 5215 1671 5240 ››
1718 5193 1862 5258 Quia
1890 5196 2049 5250 venit

392 5276 685 5331 neminem
709 5278 996 5349 judicare,
1024 5285 1450 5351 consequenter
1469 5280 1687 5337 Judzeis
1710 5283 2043 5354 respondit:

466 5386 494 5414 ‹‹
524 5364 640 5421 Vos
672 5366 993 5421 secundum
1016 5383 1249 5423 carnem
1267 5368 1568 5438 judicatis,
1592 5387 1696 5443 ego
1717 5387 1826 5425 non
1843 5372 2047 5442 judico

396 5476 418 5506 ι
454 5470 875 5527 quemquam.»
892 5454 1837 5527 Pertulitinjustumjudicium,ut
1853 5465 2049 5533 ageret

383 5545 654 5617 justum:
690 5544 787 5599 sed
820 5544 878 5599 in
912 5561 977 5599 eo
1009 5545 1162 5616 quod
1198 5545 1435 5616 pertulit
1468 5546 1775 5617 injuslum,
1820 5549 2045 5606 miscri-

391 5632 596 5695 cordia:
621 5632 748 5695 fuit.
773 5633 1033 5712 Denique
1052 5632 1134 5692 ita
1154 5631 1398 5698 humilis
1422 5634 1608 5693 factus
1630 5641 1735 5708 est,
1771 5641 1834 5693 ut
1854 5653 2049 5713 perve-

2159 4669 2284 4720 rat:
2318 4688 2345 4714 «
2382 4664 2498 4735 Ego
2529 4680 2642 4718 non
2667 4663 2868 4734 judico
2899 4679 3292 4735 quemquam;
3319 4686 3347 4713 »
3379 4663 3449 4719 de
3478 4661 3825 4719 testimonio

2159 4771 2192 4808 n
2205 4770 2315 4808 unc
2346 4751 2467 4807 vult
2504 4752 2710 4807 dicere.

2231 4864 2259 4891 ‹‹
2293 4842 2354 4896 1η
2387 4840 2532 4913 lege,
2556 4863 2583 4889 »
2611 4839 2822 4911 inquit,
2847 4863 2873 4889 ‹‹
2894 4844 3084 4896 vestra
3100 4840 3383 4913 scriptum
3412 4844 3518 4896 est.
3550 4862 3577 4886 »ι
3604 4837 3824 4895 Vestra

2158 4930 2318 4997 dicit,
2340 4933 2619 5002 tanquam
2644 4928 2877 4994 diceret,
2905 4929 2964 4983 In
2988 4928 3112 5002 lege
3140 4947 3267 5001 quae
3289 4928 3454 4984 vobis
3480 4945 3515 4983 a
3535 4926 3651 4983 Deo
3676 4927 3823 4984 data

2158 5024 2265 5086 est,
2300 5018 2451 5073 sicut
2482 5017 2777 5072 dicimus:
2814 5016 3027 5073 Panem
3061 5023 3326 5073 nostrum
3375 5016 3818 5089 quotidianum,

2159 5124 2334 5180 quem
2362 5124 2395 5161 a
2412 5106 2528 5161 Deo
2555 5106 2726 5161 nobis
2739 5105 2861 5160 dari
2882 5106 3437 5179 poposcimustuid
3463 5111 3554 5161 est
3573 5106 3729 5177 quod
3756 5105 3819 5160 in

2157 5196 2281 5268 lege
2307 5212 2507 5251 eorum
2533 5193 2818 5265 scriptum
2847 5200 2935 5250 est
2959 5213 2971 5250 :
3003 5220 3028 5246 ‹‹
3059 5196 3204 5261 Quia
3228 5196 3479 5251 duorum
3502 5193 3818 5249 hominum

2157 5284 2594 5341 «testimonium
2608 5299 2807 5339 verum
2822 5288 2928 5339 est.
2940 5284 3245 5357 nNunquid
3260 5283 3617 5357 semperduo
3630 5282 3824 5336 homi-

2158 5391 2261 5430 nes
2275 5389 2473 5429 verum
2495 5372 2695 5427 dicunt
2710 5372 3473 5429 testimonium?Nonaeduo
3488 5369 3621 5427 falsi
3633 5374 3821 5426 testes

2159 5467 2358 5517 contra
2386 5461 2717 5516 Susannam
2750 5461 2963 5517 falsum
2997 5461 3365 5535 protulerunt
3401 5458 3820 5517 testimonium

2158 5549 2500 5624 (Dan.xm.)?
2533 5551 2597 5604 Et
2625 5550 2841 5605 Judaeis
2872 5552 3267 5623 quaerentibus
3299 5549 3513 5607 falsum
3546 5547 3820 5604 testimo-

2157 5640 2320 5698 nium
2334 5637 2862 5712 contraChristum,
2891 5639 3032 5700 dicit
3065 5639 3441 5719 evangelista:
3470 5637 3822 5696 «Venerunt
