  <div class='ocr_page' id='page_1' title='image "/cluster/home/n/w/nwhite01/storage/ocr_20150623/118/hvd.32044073505158/169.png"; bbox 0 0 4028 6176; ppageno 0'>
   <div class='ocr_carea' id='block_1_1' title="bbox 407 280 3819 353">
    <p class='ocr_par' dir='ltr' id='par_1_1' title="bbox 407 280 3819 353">
     <span class='ocr_line' id='line_1_1' title="bbox 407 280 3819 353; baseline -0.003 -1"><span class='ocrx_word' id='word_1_1' title='bbox 407 292 524 352; x_wconf 75' lang='grc'><strong>327</strong></span> <span class='ocrx_word' id='word_1_2' title='bbox 963 286 1373 350; x_wconf 82' lang='lat' dir='ltr'><strong>HAYMONIS</strong></span> <span class='ocrx_word' id='word_1_3' title='bbox 1419 284 1956 347; x_wconf 76' lang='lat' dir='ltr'><strong>HALBERSTA&#39;I‘.</strong></span> <span class='ocrx_word' id='word_1_4' title='bbox 2000 280 2248 346; x_wconf 86' lang='lat' dir='ltr'><strong>EPISC.</strong></span> <span class='ocrx_word' id='word_1_5' title='bbox 2297 286 2470 349; x_wconf 80' lang='lat' dir='ltr'><strong>OPP.</strong></span> <span class='ocrx_word' id='word_1_6' title='bbox 2516 286 2717 353; x_wconf 74' lang='lat' dir='ltr'><strong>PARS</strong></span> <span class='ocrx_word' id='word_1_7' title='bbox 2764 286 2842 347; x_wconf 85' lang='lat' dir='ltr'><strong>Il.</strong></span> <span class='ocrx_word' id='word_1_8' title='bbox 2874 319 2953 330; x_wconf 98' lang='lat'><strong>—</strong></span> <span class='ocrx_word' id='word_1_9' title='bbox 2982 281 3229 348; x_wconf 87' lang='lat' dir='ltr'><strong>HOMIL</strong></span> <span class='ocrx_word' id='word_1_10' title='bbox 3696 284 3819 345; x_wconf 74' lang='lat'><strong>328</strong></span> 
     </span>
    </p>
   </div>
   <div class='ocr_carea' id='block_1_2' title="bbox 406 413 3814 489">
    <p class='ocr_par' dir='ltr' id='par_1_2' title="bbox 406 413 3814 489">
     <span class='ocr_line' id='line_1_2' title="bbox 406 413 3814 489; baseline -0.002 -12"><span class='ocrx_word' id='word_1_11' title='bbox 406 421 578 477; x_wconf 82' lang='lat' dir='ltr'><strong>triam</strong></span> <span class='ocrx_word' id='word_1_12' title='bbox 612 420 890 475; x_wconf 80' lang='lat' dir='ltr'><strong>sciebant.</strong></span> <span class='ocrx_word' id='word_1_13' title='bbox 927 419 1088 473; x_wconf 85' lang='lat' dir='ltr'><strong>Unde</strong></span> <span class='ocrx_word' id='word_1_14' title='bbox 1120 418 1236 472; x_wconf 91' lang='lat' dir='ltr'><strong>illis</strong></span> <span class='ocrx_word' id='word_1_15' title='bbox 1265 417 1377 472; x_wconf 86' lang='lat' dir='ltr'><strong>alio</strong></span> <span class='ocrx_word' id='word_1_16' title='bbox 1427 418 1550 474; x_wconf 84' lang='lat' dir='ltr'><strong>loco</strong></span> <span class='ocrx_word' id='word_1_17' title='bbox 1584 417 1764 471; x_wconf 82' lang='lat' dir='ltr'><strong>dixit:</strong></span> <span class='ocrx_word' id='word_1_18' title='bbox 1799 439 1827 464; x_wconf 93' lang='grc'><em>‹‹</em></span> <span class='ocrx_word' id='word_1_19' title='bbox 1861 417 1928 470; x_wconf 86' lang='lat' dir='ltr'><strong>Et</strong></span> <span class='ocrx_word' id='word_1_20' title='bbox 1958 432 2050 470; x_wconf 87' lang='lat' dir='ltr'><strong>mc</strong></span> <span class='ocrx_word' id='word_1_21' title='bbox 2078 415 2136 482; x_wconf 81' lang='grc' dir='ltr'><strong>Α</strong></span> <span class='ocrx_word' id='word_1_22' title='bbox 2165 433 2412 489; x_wconf 74' lang='lat' dir='ltr'><strong>qumego</strong></span> <span class='ocrx_word' id='word_1_23' title='bbox 2435 413 3814 486; x_wconf 83' lang='lat' dir='ltr'><strong>facioinnominePatrismei,ipsatestimonium</strong></span> 
     </span>
    </p>
   </div>
   <div class='ocr_carea' id='block_1_3' title="bbox 292 502 3820 577">
    <p class='ocr_par' dir='ltr' id='par_1_3' title="bbox 292 502 3820 577">
     <span class='ocr_line' id='line_1_3' title="bbox 292 502 3820 577; baseline -0.002 -11"><span class='ocrx_word' id='word_1_24' title='bbox 292 504 299 507; x_wconf 57' lang='grc'>”</span> <span class='ocrx_word' id='word_1_25' title='bbox 406 511 590 573; x_wconf 87' lang='lat' dir='ltr'><strong>scitis,</strong></span> <span class='ocrx_word' id='word_1_26' title='bbox 621 512 679 563; x_wconf 91' lang='lat' dir='ltr'><strong>et</strong></span> <span class='ocrx_word' id='word_1_27' title='bbox 703 509 857 562; x_wconf 90' lang='lat' dir='ltr'><strong>unde</strong></span> <span class='ocrx_word' id='word_1_28' title='bbox 886 508 998 562; x_wconf 90' lang='lat' dir='ltr'><strong>sim</strong></span> <span class='ocrx_word' id='word_1_29' title='bbox 1030 507 1215 563; x_wconf 82' lang='lat' dir='ltr'><strong>scitis.</strong></span> <span class='ocrx_word' id='word_1_30' title='bbox 1238 507 1618 577; x_wconf 82' lang='lat' dir='ltr'><strong>«Utrumque</strong></span> <span class='ocrx_word' id='word_1_31' title='bbox 1638 503 2052 560; x_wconf 70' lang='lat' dir='ltr'><strong>noverimus&#39;in</strong></span> <span class='ocrx_word' id='word_1_32' title='bbox 2163 506 2469 576; x_wconf 83' lang='lat' dir='ltr'><strong>perhibent</strong></span> <span class='ocrx_word' id='word_1_33' title='bbox 2501 508 2571 563; x_wconf 90' lang='lat' dir='ltr'><strong>de</strong></span> <span class='ocrx_word' id='word_1_34' title='bbox 2604 524 2697 562; x_wconf 89' lang='lat' dir='ltr'><strong>me</strong></span> <span class='ocrx_word' id='word_1_35' title='bbox 2726 510 2906 577; x_wconf 84' lang='lat' dir='ltr'><strong>(Joan.</strong></span> <span class='ocrx_word' id='word_1_36' title='bbox 2940 509 3019 575; x_wconf 70' lang='grc' dir='ltr'><strong>χ).</strong></span> <span class='ocrx_word' id='word_1_37' title='bbox 3051 528 3077 554; x_wconf 86' lang='grc'><strong>››</strong></span> <span class='ocrx_word' id='word_1_38' title='bbox 3122 505 3193 560; x_wconf 88' lang='lat' dir='ltr'><strong>Ut</strong></span> <span class='ocrx_word' id='word_1_39' title='bbox 3241 508 3435 560; x_wconf 86' lang='lat' dir='ltr'><strong>autem</strong></span> <span class='ocrx_word' id='word_1_40' title='bbox 3486 502 3820 559; x_wconf 89' lang='lat' dir='ltr'><strong>ostenderet</strong></span> 
     </span>
    </p>
   </div>
   <div class='ocr_carea' id='block_1_4' title="bbox 406 591 3814 668">
    <p class='ocr_par' dir='ltr' id='par_1_4' title="bbox 406 591 3814 668">
     <span class='ocr_line' id='line_1_4' title="bbox 406 591 3814 668; baseline -0.002 -16"><span class='ocrx_word' id='word_1_41' title='bbox 406 597 655 663; x_wconf 81' lang='lat' dir='ltr'><strong>Christo,</strong></span> <span class='ocrx_word' id='word_1_42' title='bbox 688 599 747 650; x_wconf 88' lang='lat' dir='ltr'><strong>et</strong></span> <span class='ocrx_word' id='word_1_43' title='bbox 775 596 929 651; x_wconf 90' lang='lat' dir='ltr'><strong>unde</strong></span> <span class='ocrx_word' id='word_1_44' title='bbox 960 595 1199 667; x_wconf 65' lang='lat' dir='ltr'><strong>aequalis</strong></span> <span class='ocrx_word' id='word_1_45' title='bbox 1246 595 1421 661; x_wconf 82' lang='lat' dir='ltr'><strong>Patri,</strong></span> <span class='ocrx_word' id='word_1_46' title='bbox 1446 599 1503 649; x_wconf 88' lang='lat' dir='ltr'><strong>et</strong></span> <span class='ocrx_word' id='word_1_47' title='bbox 1533 594 1687 649; x_wconf 90' lang='lat' dir='ltr'><strong>unde</strong></span> <span class='ocrx_word' id='word_1_48' title='bbox 1739 592 1839 647; x_wconf 89' lang='lat' dir='ltr'><strong>illo</strong></span> <span class='ocrx_word' id='word_1_49' title='bbox 1867 594 2056 664; x_wconf 82' lang='lat' dir='ltr'>major</span> <span class='ocrx_word' id='word_1_50' title='bbox 2161 611 2262 649; x_wconf 92' lang='lat' dir='ltr'><strong>eos</strong></span> <span class='ocrx_word' id='word_1_51' title='bbox 2293 612 2327 649; x_wconf 88' lang='lat' dir='ltr'><strong>a</strong></span> <span class='ocrx_word' id='word_1_52' title='bbox 2360 596 2611 666; x_wconf 78' lang='lat' dir='ltr'><strong>peccatis</strong></span> <span class='ocrx_word' id='word_1_53' title='bbox 2642 595 2875 651; x_wconf 87' lang='lat' dir='ltr'><strong>liberari</strong></span> <span class='ocrx_word' id='word_1_54' title='bbox 2906 612 3098 668; x_wconf 88' lang='lat' dir='ltr'><strong>posse,</strong></span> <span class='ocrx_word' id='word_1_55' title='bbox 3122 593 3242 649; x_wconf 90' lang='lat' dir='ltr'><strong>siin</strong></span> <span class='ocrx_word' id='word_1_56' title='bbox 3276 609 3407 648; x_wconf 86' lang='lat' dir='ltr'><strong>eum</strong></span> <span class='ocrx_word' id='word_1_57' title='bbox 3445 592 3676 648; x_wconf 88' lang='lat' dir='ltr'><strong>credere</strong></span> <span class='ocrx_word' id='word_1_58' title='bbox 3699 591 3814 648; x_wconf 72' lang='lat' dir='ltr'><strong>Vel-</strong></span> 
     </span>
    </p>
   </div>
   <div class='ocr_carea' id='block_1_5' title="bbox 404 680 3816 755">
    <p class='ocr_par' dir='ltr' id='par_1_5' title="bbox 404 680 3816 755">
     <span class='ocr_line' id='line_1_5' title="bbox 404 680 3816 755; baseline -0.001 -13"><span class='ocrx_word' id='word_1_59' title='bbox 404 690 495 742; x_wconf 85' lang='lat' dir='ltr'><strong>est</strong></span> <span class='ocrx_word' id='word_1_60' title='bbox 521 684 724 739; x_wconf 87' lang='lat' dir='ltr'><strong>Pater:</strong></span> <span class='ocrx_word' id='word_1_61' title='bbox 758 682 905 738; x_wconf 89' lang='lat' dir='ltr'><strong>illud</strong></span> <span class='ocrx_word' id='word_1_62' title='bbox 936 684 1192 739; x_wconf 80' lang='lat' dir='ltr'><strong>Verbum</strong></span> <span class='ocrx_word' id='word_1_63' title='bbox 1216 687 1325 750; x_wconf 85' lang='lat' dir='ltr'><strong>est,</strong></span> <span class='ocrx_word' id='word_1_64' title='bbox 1354 682 1499 738; x_wconf 89' lang='lat' dir='ltr'><strong>illud</strong></span> <span class='ocrx_word' id='word_1_65' title='bbox 1530 698 1664 736; x_wconf 87' lang='lat' dir='ltr'><strong>caro</strong></span> <span class='ocrx_word' id='word_1_66' title='bbox 1690 699 1702 745; x_wconf 85' lang='lat'><strong>;</strong></span> <span class='ocrx_word' id='word_1_67' title='bbox 1732 680 1878 737; x_wconf 89' lang='lat' dir='ltr'><strong>illud</strong></span> <span class='ocrx_word' id='word_1_68' title='bbox 1900 682 2052 737; x_wconf 87' lang='lat' dir='ltr'><strong>Deus</strong></span> <span class='ocrx_word' id='word_1_69' title='bbox 2160 681 2301 750; x_wconf 90' lang='lat' dir='ltr'><strong>lent,</strong></span> <span class='ocrx_word' id='word_1_70' title='bbox 2337 684 2664 755; x_wconf 80' lang='lat' dir='ltr'><strong>subjunxit,</strong></span> <span class='ocrx_word' id='word_1_71' title='bbox 2698 684 2937 740; x_wconf 88' lang='lat' dir='ltr'><strong>dicens:</strong></span> <span class='ocrx_word' id='word_1_72' title='bbox 2969 706 2998 734; x_wconf 86' lang='lat'><strong>«</strong></span> <span class='ocrx_word' id='word_1_73' title='bbox 3030 683 3089 740; x_wconf 89' lang='lat' dir='ltr'><strong>Si</strong></span> <span class='ocrx_word' id='word_1_74' title='bbox 3118 682 3425 737; x_wconf 84' lang='lat' dir='ltr'><strong>veritatem</strong></span> <span class='ocrx_word' id='word_1_75' title='bbox 3458 681 3609 749; x_wconf 88' lang='lat' dir='ltr'><strong>dico,</strong></span> <span class='ocrx_word' id='word_1_76' title='bbox 3633 698 3816 753; x_wconf 84' lang='lat' dir='ltr'><strong>quare</strong></span> 
     </span>
    </p>
   </div>
   <div class='ocr_carea' id='block_1_6' title="bbox 406 770 2048 840">
    <p class='ocr_par' dir='ltr' id='par_1_6' title="bbox 406 770 2048 840">
     <span class='ocr_line' id='line_1_6' title="bbox 406 770 2048 840; baseline -0.002 -11"><span class='ocrx_word' id='word_1_77' title='bbox 406 776 511 840; x_wconf 88' lang='lat' dir='ltr'><strong>est,</strong></span> <span class='ocrx_word' id='word_1_78' title='bbox 544 771 689 827; x_wconf 85' lang='lat' dir='ltr'><strong>illud</strong></span> <span class='ocrx_word' id='word_1_79' title='bbox 723 771 897 826; x_wconf 91' lang='lat' dir='ltr'><strong>homo</strong></span> <span class='ocrx_word' id='word_1_80' title='bbox 923 789 935 839; x_wconf 89' lang='lat'><strong>;</strong></span> <span class='ocrx_word' id='word_1_81' title='bbox 960 772 1061 828; x_wconf 82' lang='lat' dir='ltr'><strong>sed</strong></span> <span class='ocrx_word' id='word_1_82' title='bbox 1093 788 1249 827; x_wconf 91' lang='lat' dir='ltr'><strong>unus</strong></span> <span class='ocrx_word' id='word_1_83' title='bbox 1273 770 1562 837; x_wconf 82' lang='lat' dir='ltr'><strong>Christus,</strong></span> <span class='ocrx_word' id='word_1_84' title='bbox 1584 770 1737 826; x_wconf 90' lang='lat' dir='ltr'><strong>Dens</strong></span> <span class='ocrx_word' id='word_1_85' title='bbox 1767 775 1823 826; x_wconf 92' lang='lat' dir='ltr'><strong>et</strong></span> <span class='ocrx_word' id='word_1_86' title='bbox 1854 770 2048 825; x_wconf 92' lang='lat' dir='ltr'><strong>homo.</strong></span> 
     </span>
    </p>
   </div>
   <div class='ocr_carea' id='block_1_7' title="bbox 984 930 1472 987">
    <p class='ocr_par' dir='ltr' id='par_1_7' title="bbox 984 930 1472 987">
     <span class='ocr_line' id='line_1_7' title="bbox 984 930 1472 987; baseline -0.002 0"><span class='ocrx_word' id='word_1_87' title='bbox 984 930 1292 987; x_wconf 86' lang='lat' dir='ltr'><strong>HOMILIA</strong></span> <span class='ocrx_word' id='word_1_88' title='bbox 1330 930 1472 986; x_wconf 80' lang='lat' dir='ltr'><strong>LVI.</strong></span> 
     </span>
    </p>
   </div>
   <div class='ocr_carea' id='block_1_8' title="bbox 404 1042 2049 1095">
    <p class='ocr_par' dir='ltr' id='par_1_8' title="bbox 404 1042 2049 1095">
     <span class='ocr_line' id='line_1_8' title="bbox 404 1042 2049 1095; baseline -0.003 -8"><span class='ocrx_word' id='word_1_89' title='bbox 404 1044 672 1087; x_wconf 72' lang='lat' dir='ltr'><strong>DOMI‘NICA</strong></span> <span class='ocrx_word' id='word_1_90' title='bbox 711 1046 918 1092; x_wconf 73' lang='lat' dir='ltr'><strong>QUINTA</strong></span> <span class='ocrx_word' id='word_1_91' title='bbox 957 1046 1015 1084; x_wconf 78' lang='grc' dir='ltr'><strong>ΙΝ</strong></span> <span class='ocrx_word' id='word_1_92' title='bbox 1053 1042 1512 1095; x_wconf 61' lang='grc' dir='ltr'><strong>ουΑωιΑαεειΜΑ,</strong></span> <span class='ocrx_word' id='word_1_93' title='bbox 1556 1045 1683 1091; x_wconf 70' lang='lat' dir='ltr'><strong>QUE</strong></span> <span class='ocrx_word' id='word_1_94' title='bbox 1722 1044 1955 1084; x_wconf 79' lang='lat' dir='ltr'><strong>DICITUR</strong></span> <span class='ocrx_word' id='word_1_95' title='bbox 1994 1043 2049 1082; x_wconf 80' lang='grc' dir='ltr'><strong>ΙΝ</strong></span> 
     </span>
    </p>
   </div>
   <div class='ocr_carea' id='block_1_9' title="bbox 960 1100 1503 1157">
    <p class='ocr_par' dir='ltr' id='par_1_9' title="bbox 960 1100 1503 1157">
     <span class='ocr_line' id='line_1_9' title="bbox 960 1100 1503 1157; baseline -0.004 0"><span class='ocrx_word' id='word_1_96' title='bbox 960 1117 1228 1157; x_wconf 69' lang='lat' dir='ltr'><strong>mssmzvs</strong></span> <span class='ocrx_word' id='word_1_97' title='bbox 1265 1100 1503 1156; x_wconf 58' lang='lat' dir='ltr'><strong>Donum.</strong></span> 
     </span>
    </p>
   </div>
   <div class='ocr_carea' id='block_1_10' title="bbox 472 1214 2049 1287">
    <p class='ocr_par' dir='ltr' id='par_1_10' title="bbox 472 1214 2049 1287">
     <span class='ocr_line' id='line_1_10' title="bbox 472 1214 2049 1287; baseline -0.002 -15"><span class='ocrx_word' id='word_1_98' title='bbox 472 1218 656 1286; x_wconf 75' lang='lat' dir='ltr'><strong>(JOAN.</strong></span> <span class='ocrx_word' id='word_1_99' title='bbox 682 1220 820 1285; x_wconf 81' lang='lat' dir='ltr'><strong>vui).</strong></span> <span class='ocrx_word' id='word_1_100' title='bbox 857 1239 883 1266; x_wconf 85' lang='lat'><strong>«</strong></span> <span class='ocrx_word' id='word_1_101' title='bbox 919 1216 981 1272; x_wconf 91' lang='lat' dir='ltr'><strong>In</strong></span> <span class='ocrx_word' id='word_1_102' title='bbox 1013 1214 1111 1272; x_wconf 91' lang='lat' dir='ltr'><strong>illo</strong></span> <span class='ocrx_word' id='word_1_103' title='bbox 1145 1219 1407 1287; x_wconf 86' lang='lat' dir='ltr'><strong>tempore</strong></span> <span class='ocrx_word' id='word_1_104' title='bbox 1431 1232 1443 1270; x_wconf 93' lang='lat'><strong>:</strong></span> <span class='ocrx_word' id='word_1_105' title='bbox 1469 1215 1707 1270; x_wconf 78' lang='lat' dir='ltr'><strong>Dicebat</strong></span> <span class='ocrx_word' id='word_1_106' title='bbox 1735 1216 1906 1271; x_wconf 78' lang='lat' dir='ltr'><strong>Jesus</strong></span> <span class='ocrx_word' id='word_1_107' title='bbox 1931 1219 2049 1270; x_wconf 91' lang='lat' dir='ltr'><strong>tur-</strong></span> 
     </span>
    </p>
   </div>
   <div class='ocr_carea' id='block_1_11' title="bbox 401 1304 2049 1376">
    <p class='ocr_par' dir='ltr' id='par_1_11' title="bbox 401 1304 2049 1376">
     <span class='ocr_line' id='line_1_11' title="bbox 401 1304 2049 1376; baseline 0.001 -18"><span class='ocrx_word' id='word_1_108' title='bbox 401 1330 428 1358; x_wconf 83' lang='lat'><strong>«</strong></span> <span class='ocrx_word' id='word_1_109' title='bbox 462 1307 552 1362; x_wconf 89' lang='lat' dir='ltr'><strong>his</strong></span> <span class='ocrx_word' id='word_1_110' title='bbox 570 1306 924 1374; x_wconf 66' lang='lat' dir='ltr'><strong>Iudaeorum,</strong></span> <span class='ocrx_word' id='word_1_111' title='bbox 943 1310 1000 1361; x_wconf 90' lang='lat' dir='ltr'><strong>et</strong></span> <span class='ocrx_word' id='word_1_112' title='bbox 1014 1305 1380 1376; x_wconf 83' lang='lat' dir='ltr'><strong>principibus</strong></span> <span class='ocrx_word' id='word_1_113' title='bbox 1403 1304 1770 1360; x_wconf 89' lang='lat' dir='ltr'><strong>sacerdotum</strong></span> <span class='ocrx_word' id='word_1_114' title='bbox 1796 1304 1959 1370; x_wconf 92' lang='lat' dir='ltr'><strong>:Quis</strong></span> <span class='ocrx_word' id='word_1_115' title='bbox 1980 1320 2049 1359; x_wconf 81' lang='lat' dir='ltr'><strong>ex</strong></span> 
     </span>
    </p>
   </div>
   <div class='ocr_carea' id='block_1_12' title="bbox 401 1392 2044 1468">
    <p class='ocr_par' dir='ltr' id='par_1_12' title="bbox 401 1392 2044 1468">
     <span class='ocr_line' id='line_1_12' title="bbox 401 1392 2044 1468; baseline 0.001 -23"><span class='ocrx_word' id='word_1_116' title='bbox 401 1419 428 1445; x_wconf 91' lang='grc'><strong>‹‹</strong></span> <span class='ocrx_word' id='word_1_117' title='bbox 463 1394 629 1451; x_wconf 81' lang='lat' dir='ltr'><strong>vobis</strong></span> <span class='ocrx_word' id='word_1_118' title='bbox 658 1400 864 1468; x_wconf 84' lang='lat' dir='ltr'><strong>arguet</strong></span> <span class='ocrx_word' id='word_1_119' title='bbox 892 1410 986 1449; x_wconf 89' lang='lat' dir='ltr'><strong>me</strong></span> <span class='ocrx_word' id='word_1_120' title='bbox 1034 1394 1107 1449; x_wconf 90' lang='lat' dir='ltr'><strong>de</strong></span> <span class='ocrx_word' id='word_1_121' title='bbox 1159 1397 1394 1465; x_wconf 88' lang='lat' dir='ltr'><strong>peccato</strong></span> <span class='ocrx_word' id='word_1_122' title='bbox 1419 1393 1446 1447; x_wconf 89' lang='lat'><strong>?</strong></span> <span class='ocrx_word' id='word_1_123' title='bbox 1473 1393 1531 1448; x_wconf 96' lang='lat' dir='ltr'><strong>Si</strong></span> <span class='ocrx_word' id='word_1_124' title='bbox 1561 1393 1863 1448; x_wconf 84' lang='lat' dir='ltr'><strong>veritatem</strong></span> <span class='ocrx_word' id='word_1_125' title='bbox 1893 1392 2044 1459; x_wconf 92' lang='lat' dir='ltr'><strong>dico,</strong></span> 
     </span>
    </p>
   </div>
   <div class='ocr_carea' id='block_1_13' title="bbox 403 1480 2045 1556">
    <p class='ocr_par' dir='ltr' id='par_1_13' title="bbox 403 1480 2045 1556">
     <span class='ocr_line' id='line_1_13' title="bbox 403 1480 2045 1556; baseline -0.003 -17"><span class='ocrx_word' id='word_1_126' title='bbox 403 1505 429 1532; x_wconf 83' lang='grc'><em>‹‹</em></span> <span class='ocrx_word' id='word_1_127' title='bbox 462 1498 643 1556; x_wconf 88' lang='lat' dir='ltr'><strong>quare</strong></span> <span class='ocrx_word' id='word_1_128' title='bbox 662 1500 763 1539; x_wconf 88' lang='lat' dir='ltr'><strong>vos</strong></span> <span class='ocrx_word' id='word_1_129' title='bbox 782 1499 893 1538; x_wconf 84' lang='lat' dir='ltr'><strong>non</strong></span> <span class='ocrx_word' id='word_1_130' title='bbox 919 1482 1156 1538; x_wconf 78' lang='lat' dir='ltr'><strong>creditis</strong></span> <span class='ocrx_word' id='word_1_131' title='bbox 1173 1481 1317 1537; x_wconf 87' lang='lat' dir='ltr'><strong>mihi</strong></span> <span class='ocrx_word' id='word_1_132' title='bbox 1332 1481 1463 1537; x_wconf 73' lang='lat' dir='ltr'><strong>‘?net</strong></span> <span class='ocrx_word' id='word_1_133' title='bbox 1484 1480 1721 1552; x_wconf 88' lang='lat' dir='ltr'><strong>reliqua.</strong></span> <span class='ocrx_word' id='word_1_134' title='bbox 1732 1480 2045 1552; x_wconf 86' lang='lat' dir='ltr'><strong>Postquam</strong></span> 
     </span>
    </p>
   </div>
   <div class='ocr_carea' id='block_1_14' title="bbox 398 1568 2047 1634">
    <p class='ocr_par' dir='ltr' id='par_1_14' title="bbox 398 1568 2047 1634">
     <span class='ocr_line' id='line_1_14' title="bbox 398 1568 2047 1634; baseline -0.002 -6"><span class='ocrx_word' id='word_1_135' title='bbox 398 1571 680 1628; x_wconf 86' lang='lat' dir='ltr'><strong>Dominus</strong></span> <span class='ocrx_word' id='word_1_136' title='bbox 709 1572 940 1627; x_wconf 66' lang='lat' dir='ltr'><strong>.Iudrens</strong></span> <span class='ocrx_word' id='word_1_137' title='bbox 971 1571 1236 1634; x_wconf 87' lang='lat' dir='ltr'><strong>convicit,</strong></span> <span class='ocrx_word' id='word_1_138' title='bbox 1264 1575 1321 1625; x_wconf 91' lang='lat' dir='ltr'><strong>et</strong></span> <span class='ocrx_word' id='word_1_139' title='bbox 1349 1586 1450 1624; x_wconf 90' lang='lat' dir='ltr'><strong>eos</strong></span> <span class='ocrx_word' id='word_1_140' title='bbox 1486 1568 1635 1624; x_wconf 82' lang='lat' dir='ltr'><strong>ﬁlios</strong></span> <span class='ocrx_word' id='word_1_141' title='bbox 1671 1568 1887 1624; x_wconf 87' lang='lat' dir='ltr'><strong>diaboli</strong></span> <span class='ocrx_word' id='word_1_142' title='bbox 1919 1585 2047 1624; x_wconf 87' lang='lat' dir='ltr'><strong>esse</strong></span> 
     </span>
    </p>
   </div>
   <div class='ocr_carea' id='block_1_15' title="bbox 398 1657 2044 1729">
    <p class='ocr_par' dir='ltr' id='par_1_15' title="bbox 398 1657 2044 1729">
     <span class='ocr_line' id='line_1_15' title="bbox 398 1657 2044 1729; baseline -0.003 -12"><span class='ocrx_word' id='word_1_143' title='bbox 398 1661 671 1727; x_wconf 80' lang='lat' dir='ltr'><strong>ostendit,</strong></span> <span class='ocrx_word' id='word_1_144' title='bbox 706 1661 906 1716; x_wconf 85' lang='lat' dir='ltr'><strong>dicens</strong></span> <span class='ocrx_word' id='word_1_145' title='bbox 929 1665 1248 1727; x_wconf 82' lang='lat' dir='ltr'><strong>(Joan.vm)</strong></span> <span class='ocrx_word' id='word_1_146' title='bbox 1276 1675 1289 1715; x_wconf 91' lang='lat'><strong>:</strong></span> <span class='ocrx_word' id='word_1_147' title='bbox 1325 1680 1354 1708; x_wconf 86' lang='lat'><strong><em>«</em></strong></span> <span class='ocrx_word' id='word_1_148' title='bbox 1388 1659 1503 1714; x_wconf 88' lang='lat' dir='ltr'><strong>Vos</strong></span> <span class='ocrx_word' id='word_1_149' title='bbox 1533 1674 1600 1713; x_wconf 86' lang='lat' dir='ltr'><strong>ex</strong></span> <span class='ocrx_word' id='word_1_150' title='bbox 1630 1661 1794 1729; x_wconf 86' lang='lat' dir='ltr'><strong>patre</strong></span> <span class='ocrx_word' id='word_1_151' title='bbox 1815 1657 2044 1713; x_wconf 85' lang='lat' dir='ltr'><strong>diabolo</strong></span> 
     </span>
    </p>
   </div>
   <div class='ocr_carea' id='block_1_16' title="bbox 396 1744 2123 1853">
    <p class='ocr_par' dir='ltr' id='par_1_16' title="bbox 396 1744 2123 1853">
     <span class='ocr_line' id='line_1_16' title="bbox 396 1744 2123 1853; baseline -0.003 -48"><span class='ocrx_word' id='word_1_152' title='bbox 396 1750 557 1819; x_wconf 81' lang='lat' dir='ltr'><strong>estis,</strong></span> <span class='ocrx_word' id='word_1_153' title='bbox 590 1753 648 1805; x_wconf 92' lang='lat' dir='ltr'><strong>et</strong></span> <span class='ocrx_word' id='word_1_154' title='bbox 679 1748 972 1804; x_wconf 88' lang='lat' dir='ltr'><strong>desideria</strong></span> <span class='ocrx_word' id='word_1_155' title='bbox 1000 1747 1185 1820; x_wconf 85' lang='lat' dir='ltr'><strong>patris</strong></span> <span class='ocrx_word' id='word_1_156' title='bbox 1234 1747 1411 1802; x_wconf 85' lang='lat' dir='ltr'><strong>vestri</strong></span> <span class='ocrx_word' id='word_1_157' title='bbox 1461 1746 1649 1844; x_wconf 80' lang='lat' dir='ltr'><strong>facere</strong></span> <span class='ocrx_word' id='word_1_158' title='bbox 1681 1744 1889 1801; x_wconf 82' lang='lat' dir='ltr'><strong>vultis:</strong></span> <span class='ocrx_word' id='word_1_159' title='bbox 1928 1768 1954 1795; x_wconf 84' lang='lat'>»</span> <span class='ocrx_word' id='word_1_160' title='bbox 1986 1750 2043 1801; x_wconf 91' lang='lat' dir='ltr'><strong>et</strong></span> <span class='ocrx_word' id='word_1_161' title='bbox 2069 1786 2123 1853; x_wconf 78' lang='grc' dir='ltr'><strong>Β</strong></span> 
     </span>
    </p>
   </div>
   <div class='ocr_carea' id='block_1_17' title="bbox 396 1834 2040 1912">
    <p class='ocr_par' dir='ltr' id='par_1_17' title="bbox 396 1834 2040 1912">
     <span class='ocr_line' id='line_1_17' title="bbox 396 1834 2040 1912; baseline -0.003 -17"><span class='ocrx_word' id='word_1_162' title='bbox 396 1842 865 1912; x_wconf 69' lang='lat' dir='ltr'><strong>postquam(quze</strong></span> <span class='ocrx_word' id='word_1_163' title='bbox 887 1837 947 1892; x_wconf 89' lang='lat' dir='ltr'><strong>in</strong></span> <span class='ocrx_word' id='word_1_164' title='bbox 970 1837 1173 1893; x_wconf 90' lang='lat' dir='ltr'><strong>eadem</strong></span> <span class='ocrx_word' id='word_1_165' title='bbox 1192 1835 1437 1892; x_wconf 82' lang='lat' dir='ltr'><strong>historia</strong></span> <span class='ocrx_word' id='word_1_166' title='bbox 1454 1834 1729 1907; x_wconf 83' lang='lat' dir='ltr'><strong>superius</strong></span> <span class='ocrx_word' id='word_1_167' title='bbox 1745 1835 2040 1906; x_wconf 88' lang='lat' dir='ltr'><strong>leguntur,</strong></span> 
     </span>
    </p>
   </div>
   <div class='ocr_carea' id='block_1_18' title="bbox 395 1923 2047 2001">
    <p class='ocr_par' dir='ltr' id='par_1_18' title="bbox 395 1923 2047 2001">
     <span class='ocr_line' id='line_1_18' title="bbox 395 1923 2047 2001; baseline -0.002 -17"><span class='ocrx_word' id='word_1_168' title='bbox 395 1929 535 2001; x_wconf 85' lang='lat' dir='ltr'><strong>quia</strong></span> <span class='ocrx_word' id='word_1_169' title='bbox 563 1928 634 1984; x_wconf 87' lang='lat' dir='ltr'><strong>de</strong></span> <span class='ocrx_word' id='word_1_170' title='bbox 666 1942 876 2000; x_wconf 80' lang='lat' dir='ltr'><strong>genere</strong></span> <span class='ocrx_word' id='word_1_171' title='bbox 917 1924 1237 1982; x_wconf 71' lang='lat' dir='ltr'><strong>nobilitatis</strong></span> <span class='ocrx_word' id='word_1_172' title='bbox 1286 1924 1708 1996; x_wconf 81' lang='lat' dir='ltr'><strong>gloriabantur,</strong></span> <span class='ocrx_word' id='word_1_173' title='bbox 1741 1923 2047 1980; x_wconf 82' lang='lat' dir='ltr'><strong>dicentes:</strong></span> 
     </span>
    </p>
   </div>
   <div class='ocr_carea' id='block_1_19' title="bbox 394 2012 2043 2079">
    <p class='ocr_par' dir='ltr' id='par_1_19' title="bbox 394 2012 2043 2079">
     <span class='ocr_line' id='line_1_19' title="bbox 394 2012 2043 2079; baseline -0.004 -5"><span class='ocrx_word' id='word_1_174' title='bbox 394 2039 423 2067; x_wconf 89' lang='grc'><strong>‹‹</strong></span> <span class='ocrx_word' id='word_1_175' title='bbox 458 2018 668 2074; x_wconf 88' lang='lat' dir='ltr'><strong>Semen</strong></span> <span class='ocrx_word' id='word_1_176' title='bbox 699 2014 940 2071; x_wconf 69' lang='lat' dir='ltr'><strong>Abrahae</strong></span> <span class='ocrx_word' id='word_1_177' title='bbox 967 2031 1196 2079; x_wconf 85' lang='lat' dir='ltr'><strong>sumus,</strong></span> <span class='ocrx_word' id='word_1_178' title='bbox 1229 2018 1286 2070; x_wconf 89' lang='lat' dir='ltr'><strong>et</strong></span> <span class='ocrx_word' id='word_1_179' title='bbox 1316 2012 1533 2069; x_wconf 88' lang='lat' dir='ltr'><strong>nemini</strong></span> <span class='ocrx_word' id='word_1_180' title='bbox 1561 2012 1905 2069; x_wconf 88' lang='lat' dir='ltr'><strong>servivimus</strong></span> <span class='ocrx_word' id='word_1_181' title='bbox 1934 2030 2043 2067; x_wconf 80' lang='lat' dir='ltr'><strong>un-</strong></span> 
     </span>
    </p>
   </div>
   <div class='ocr_carea' id='block_1_20' title="bbox 393 2100 2044 2178">
    <p class='ocr_par' dir='ltr' id='par_1_20' title="bbox 393 2100 2044 2178">
     <span class='ocr_line' id='line_1_20' title="bbox 393 2100 2044 2178; baseline -0.004 -16"><span class='ocrx_word' id='word_1_182' title='bbox 393 2104 1080 2178; x_wconf 82' lang='lat' dir='ltr'><strong>quam»),demonstravit</strong></span> <span class='ocrx_word' id='word_1_183' title='bbox 1093 2104 1146 2157; x_wconf 91' lang='lat' dir='ltr'><strong>ni</strong></span> <span class='ocrx_word' id='word_1_184' title='bbox 1159 2102 1235 2157; x_wconf 90' lang='lat' dir='ltr'><strong>hil</strong></span> <span class='ocrx_word' id='word_1_185' title='bbox 1253 2103 1529 2174; x_wconf 84' lang='lat' dir='ltr'><strong>prodesse</strong></span> <span class='ocrx_word' id='word_1_186' title='bbox 1548 2100 1910 2157; x_wconf 86' lang='lat' dir='ltr'><strong>nobilitatem</strong></span> <span class='ocrx_word' id='word_1_187' title='bbox 1926 2119 2044 2156; x_wconf 86' lang='lat' dir='ltr'><strong>car-</strong></span> 
     </span>
    </p>
   </div>
   <div class='ocr_carea' id='block_1_21' title="bbox 393 2191 2041 2263">
    <p class='ocr_par' dir='ltr' id='par_1_21' title="bbox 393 2191 2041 2263">
     <span class='ocr_line' id='line_1_21' title="bbox 393 2191 2041 2263; baseline -0.004 -13"><span class='ocrx_word' id='word_1_188' title='bbox 393 2196 484 2250; x_wconf 87' lang='lat' dir='ltr'><strong>nis</strong></span> <span class='ocrx_word' id='word_1_189' title='bbox 504 2195 629 2250; x_wconf 88' lang='lat' dir='ltr'><strong>sine</strong></span> <span class='ocrx_word' id='word_1_190' title='bbox 661 2193 960 2249; x_wconf 86' lang='lat' dir='ltr'><strong>nobilitate</strong></span> <span class='ocrx_word' id='word_1_191' title='bbox 976 2191 1516 2263; x_wconf 80' lang='lat' dir='ltr'><strong>mentis;adjunxit,</strong></span> <span class='ocrx_word' id='word_1_192' title='bbox 1539 2191 1740 2249; x_wconf 88' lang='lat' dir='ltr'><strong>dicens</strong></span> <span class='ocrx_word' id='word_1_193' title='bbox 1765 2206 1777 2246; x_wconf 92' lang='lat'><strong>:</strong></span> <span class='ocrx_word' id='word_1_194' title='bbox 1814 2193 2041 2245; x_wconf 82' lang='lat' dir='ltr'><strong>«Amen</strong></span> 
     </span>
    </p>
   </div>
   <div class='ocr_carea' id='block_1_22' title="bbox 390 2280 2044 2355">
    <p class='ocr_par' dir='ltr' id='par_1_22' title="bbox 390 2280 2044 2355">
     <span class='ocr_line' id='line_1_22' title="bbox 390 2280 2044 2355; baseline -0.004 -15"><span class='ocrx_word' id='word_1_195' title='bbox 390 2301 559 2340; x_wconf 88' lang='lat' dir='ltr'><strong>amen</strong></span> <span class='ocrx_word' id='word_1_196' title='bbox 581 2284 710 2339; x_wconf 90' lang='lat' dir='ltr'><strong>dico</strong></span> <span class='ocrx_word' id='word_1_197' title='bbox 734 2282 1064 2355; x_wconf 89' lang='lat' dir='ltr'><strong>vobis,quia</strong></span> <span class='ocrx_word' id='word_1_198' title='bbox 1094 2281 1286 2337; x_wconf 83' lang='lat' dir='ltr'><strong>omnis</strong></span> <span class='ocrx_word' id='word_1_199' title='bbox 1311 2281 1409 2352; x_wconf 88' lang='lat' dir='ltr'><strong>qui</strong></span> <span class='ocrx_word' id='word_1_200' title='bbox 1431 2280 1565 2335; x_wconf 80' lang='lat' dir='ltr'><strong>facit</strong></span> <span class='ocrx_word' id='word_1_201' title='bbox 1595 2285 2044 2352; x_wconf 87' lang='lat' dir='ltr'><strong>peccatum,ser-</strong></span> 
     </span>
    </p>
   </div>
   <div class='ocr_carea' id='block_1_23' title="bbox 388 2369 2041 2444">
    <p class='ocr_par' dir='ltr' id='par_1_23' title="bbox 388 2369 2041 2444">
     <span class='ocr_line' id='line_1_23' title="bbox 388 2369 2041 2444; baseline -0.003 -16"><span class='ocrx_word' id='word_1_202' title='bbox 388 2391 496 2429; x_wconf 91' lang='lat' dir='ltr'><strong>vus</strong></span> <span class='ocrx_word' id='word_1_203' title='bbox 519 2379 607 2429; x_wconf 90' lang='lat' dir='ltr'><strong>est</strong></span> <span class='ocrx_word' id='word_1_204' title='bbox 639 2372 877 2444; x_wconf 87' lang='lat' dir='ltr'><strong>peccati.</strong></span> <span class='ocrx_word' id='word_1_205' title='bbox 913 2374 1125 2427; x_wconf 85' lang='lat' dir='ltr'><strong>Servus</strong></span> <span class='ocrx_word' id='word_1_206' title='bbox 1156 2375 1352 2425; x_wconf 85' lang='lat' dir='ltr'><strong>autem</strong></span> <span class='ocrx_word' id='word_1_207' title='bbox 1403 2387 1518 2425; x_wconf 90' lang='lat' dir='ltr'><strong>non</strong></span> <span class='ocrx_word' id='word_1_208' title='bbox 1551 2374 1748 2423; x_wconf 90' lang='lat' dir='ltr'><strong>manet</strong></span> <span class='ocrx_word' id='word_1_209' title='bbox 1777 2370 1833 2422; x_wconf 90' lang='lat' dir='ltr'><strong>in</strong></span> <span class='ocrx_word' id='word_1_210' title='bbox 1867 2369 2041 2423; x_wconf 88' lang='lat' dir='ltr'><strong>domo</strong></span> 
     </span>
    </p>
   </div>
   <div class='ocr_carea' id='block_1_24' title="bbox 389 2457 2040 2532">
    <p class='ocr_par' dir='ltr' id='par_1_24' title="bbox 389 2457 2040 2532">
     <span class='ocr_line' id='line_1_24' title="bbox 389 2457 2040 2532; baseline -0.003 -15"><span class='ocrx_word' id='word_1_211' title='bbox 389 2462 446 2517; x_wconf 90' lang='lat' dir='ltr'><strong>in</strong></span> <span class='ocrx_word' id='word_1_212' title='bbox 479 2460 900 2517; x_wconf 62' lang='lat' dir='ltr'><strong>aeternumaUt</strong></span> <span class='ocrx_word' id='word_1_213' title='bbox 923 2476 1060 2532; x_wconf 84' lang='lat' dir='ltr'><strong>ergo</strong></span> <span class='ocrx_word' id='word_1_214' title='bbox 1079 2460 1411 2515; x_wconf 87' lang='lat' dir='ltr'><strong>ostenderet</strong></span> <span class='ocrx_word' id='word_1_215' title='bbox 1435 2459 1575 2529; x_wconf 86' lang='lat' dir='ltr'><strong>quia</strong></span> <span class='ocrx_word' id='word_1_216' title='bbox 1596 2457 1645 2512; x_wconf 89' lang='lat' dir='ltr'><strong>si</strong></span> <span class='ocrx_word' id='word_1_217' title='bbox 1666 2475 1800 2513; x_wconf 91' lang='lat' dir='ltr'><strong>eum</strong></span> <span class='ocrx_word' id='word_1_218' title='bbox 1824 2457 2040 2512; x_wconf 89' lang='lat' dir='ltr'><strong>imitari</strong></span> 
     </span>
    </p>
   </div>
   <div class='ocr_carea' id='block_1_25' title="bbox 388 2546 2040 2621">
    <p class='ocr_par' dir='ltr' id='par_1_25' title="bbox 388 2546 2040 2621">
     <span class='ocr_line' id='line_1_25' title="bbox 388 2546 2040 2621; baseline -0.002 -15"><span class='ocrx_word' id='word_1_219' title='bbox 388 2551 621 2618; x_wconf 87' lang='lat' dir='ltr'><strong>vellent,</strong></span> <span class='ocrx_word' id='word_1_220' title='bbox 654 2550 759 2605; x_wconf 79' lang='lat' dir='ltr'><strong>filii</strong></span> <span class='ocrx_word' id='word_1_221' title='bbox 789 2549 888 2604; x_wconf 89' lang='lat' dir='ltr'><strong>Dei</strong></span> <span class='ocrx_word' id='word_1_222' title='bbox 923 2565 1052 2605; x_wconf 89' lang='lat' dir='ltr'><strong>esse</strong></span> <span class='ocrx_word' id='word_1_223' title='bbox 1086 2554 1340 2621; x_wconf 87' lang='lat' dir='ltr'><strong>possent,</strong></span> <span class='ocrx_word' id='word_1_224' title='bbox 1367 2546 1633 2618; x_wconf 82' lang='lat' dir='ltr'><strong>adjunxit</strong></span> <span class='ocrx_word' id='word_1_225' title='bbox 1665 2546 1772 2601; x_wconf 89' lang='lat' dir='ltr'><strong>hoc</strong></span> <span class='ocrx_word' id='word_1_226' title='bbox 1803 2548 1955 2618; x_wconf 92' lang='lat' dir='ltr'><strong>quod</strong></span> <span class='ocrx_word' id='word_1_227' title='bbox 1982 2548 2040 2602; x_wconf 89' lang='lat' dir='ltr'><strong>in</strong></span> 
     </span>
    </p>
   </div>
   <div class='ocr_carea' id='block_1_26' title="bbox 390 2635 2042 2713">
    <p class='ocr_par' dir='ltr' id='par_1_26' title="bbox 390 2635 2042 2713">
     <span class='ocr_line' id='line_1_26' title="bbox 390 2635 2042 2713; baseline -0.003 -16"><span class='ocrx_word' id='word_1_228' title='bbox 390 2640 578 2713; x_wconf 89' lang='lat' dir='ltr'><strong>capite</strong></span> <span class='ocrx_word' id='word_1_229' title='bbox 628 2640 804 2711; x_wconf 89' lang='lat' dir='ltr'><strong>hujus</strong></span> <span class='ocrx_word' id='word_1_230' title='bbox 851 2637 1116 2694; x_wconf 89' lang='lat' dir='ltr'><strong>lectionis</strong></span> <span class='ocrx_word' id='word_1_231' title='bbox 1170 2638 1454 2692; x_wconf 87' lang='lat' dir='ltr'><strong>habetur:</strong></span> <span class='ocrx_word' id='word_1_232' title='bbox 1500 2660 1527 2686; x_wconf 85' lang='grc'><strong>‹‹</strong></span> <span class='ocrx_word' id='word_1_233' title='bbox 1580 2635 1719 2702; x_wconf 86' lang='lat' dir='ltr'><strong>Quis</strong></span> <span class='ocrx_word' id='word_1_234' title='bbox 1767 2652 1836 2690; x_wconf 84' lang='lat' dir='ltr'><strong>ex</strong></span> <span class='ocrx_word' id='word_1_235' title='bbox 1877 2636 2042 2692; x_wconf 89' lang='lat' dir='ltr'><strong>vobis</strong></span> 
     </span>
    </p>
   </div>
   <div class='ocr_carea' id='block_1_27' title="bbox 390 2724 2037 2804">
    <p class='ocr_par' dir='ltr' id='par_1_27' title="bbox 390 2724 2037 2804">
     <span class='ocr_line' id='line_1_27' title="bbox 390 2724 2037 2804; baseline -0.004 -18"><span class='ocrx_word' id='word_1_236' title='bbox 390 2734 596 2804; x_wconf 79' lang='lat' dir='ltr'><strong>arguet</strong></span> <span class='ocrx_word' id='word_1_237' title='bbox 624 2745 715 2784; x_wconf 88' lang='lat' dir='ltr'><strong>me</strong></span> <span class='ocrx_word' id='word_1_238' title='bbox 744 2729 818 2783; x_wconf 91' lang='lat' dir='ltr'><strong>de</strong></span> <span class='ocrx_word' id='word_1_239' title='bbox 836 2731 1071 2801; x_wconf 89' lang='lat' dir='ltr'><strong>peccato</strong></span> <span class='ocrx_word' id='word_1_240' title='bbox 1091 2728 1119 2781; x_wconf 66' lang='lat'><strong>‘2</strong></span> <span class='ocrx_word' id='word_1_241' title='bbox 1141 2748 1169 2777; x_wconf 82' lang='lat'>«</span> <span class='ocrx_word' id='word_1_242' title='bbox 1186 2727 1348 2793; x_wconf 85' lang='lat' dir='ltr'><strong>Quis,</strong></span> <span class='ocrx_word' id='word_1_243' title='bbox 1373 2741 1695 2798; x_wconf 88' lang='lat' dir='ltr'><strong>pronomen</strong></span> <span class='ocrx_word' id='word_1_244' title='bbox 1720 2724 2037 2792; x_wconf 81' lang='lat' dir='ltr'><strong>infinitum,</strong></span> 
     </span>
    </p>
   </div>
   <div class='ocr_carea' id='block_1_28' title="bbox 389 2813 2039 2890">
    <p class='ocr_par' dir='ltr' id='par_1_28' title="bbox 389 2813 2039 2890">
     <span class='ocr_line' id='line_1_28' title="bbox 389 2813 2039 2890; baseline -0.003 -16"><span class='ocrx_word' id='word_1_245' title='bbox 389 2817 706 2890; x_wconf 87' lang='lat' dir='ltr'><strong>aliquando</strong></span> <span class='ocrx_word' id='word_1_246' title='bbox 735 2816 853 2873; x_wconf 87' lang='lat' dir='ltr'><strong>vim</strong></span> <span class='ocrx_word' id='word_1_247' title='bbox 885 2814 1300 2888; x_wconf 81' lang='lat' dir='ltr'><strong>interrogantis</strong></span> <span class='ocrx_word' id='word_1_248' title='bbox 1323 2814 1517 2881; x_wconf 86' lang='lat' dir='ltr'><strong>habet,</strong></span> <span class='ocrx_word' id='word_1_249' title='bbox 1536 2813 2039 2886; x_wconf 86' lang='lat' dir='ltr'><strong>aliquandoahne-</strong></span> 
     </span>
    </p>
   </div>
   <div class='ocr_carea' id='block_1_29' title="bbox 388 2902 2043 2981">
    <p class='ocr_par' dir='ltr' id='par_1_29' title="bbox 388 2902 2043 2981">
     <span class='ocr_line' id='line_1_29' title="bbox 388 2902 2043 2981; baseline -0.005 -17"><span class='ocrx_word' id='word_1_250' title='bbox 388 2908 603 2981; x_wconf 86' lang='lat' dir='ltr'><strong>gantis.</strong></span> <span class='ocrx_word' id='word_1_251' title='bbox 637 2904 1076 2977; x_wconf 76' lang='lat' dir='ltr'><strong>Inter-rogantis,</strong></span> <span class='ocrx_word' id='word_1_252' title='bbox 1111 2904 1262 2960; x_wconf 85' lang='lat' dir='ltr'><strong>sicut</strong></span> <span class='ocrx_word' id='word_1_253' title='bbox 1292 2920 1395 2975; x_wconf 87' lang='lat' dir='ltr'><strong>per</strong></span> <span class='ocrx_word' id='word_1_254' title='bbox 1425 2902 1797 2958; x_wconf 89' lang='lat' dir='ltr'><strong>Psalmistam</strong></span> <span class='ocrx_word' id='word_1_255' title='bbox 1828 2902 2043 2957; x_wconf 90' lang='lat' dir='ltr'><strong>dicitur</strong></span> 
     </span>
    </p>
   </div>
   <div class='ocr_carea' id='block_1_30' title="bbox 391 2990 2042 3069">
    <p class='ocr_par' dir='ltr' id='par_1_30' title="bbox 391 2990 2042 3069">
     <span class='ocr_line' id='line_1_30' title="bbox 391 2990 2042 3069; baseline -0.004 -18"><span class='ocrx_word' id='word_1_256' title='bbox 391 2997 561 3069; x_wconf 71' lang='lat' dir='ltr'><strong>(Paul.</strong></span> <span class='ocrx_word' id='word_1_257' title='bbox 594 2998 738 3062; x_wconf 79' lang='lat' dir='ltr'><strong>xw):</strong></span> <span class='ocrx_word' id='word_1_258' title='bbox 776 3016 804 3043; x_wconf 87' lang='grc'><strong>‹‹</strong></span> <span class='ocrx_word' id='word_1_259' title='bbox 855 2993 1115 3059; x_wconf 87' lang='lat' dir='ltr'><strong>Domine,</strong></span> <span class='ocrx_word' id='word_1_260' title='bbox 1161 2992 1296 3064; x_wconf 89' lang='lat' dir='ltr'><strong>quis</strong></span> <span class='ocrx_word' id='word_1_261' title='bbox 1346 2990 1633 3046; x_wconf 86' lang='lat' dir='ltr'><strong>habitabit</strong></span> <span class='ocrx_word' id='word_1_262' title='bbox 1676 2991 1735 3045; x_wconf 90' lang='lat' dir='ltr'><strong>in</strong></span> <span class='ocrx_word' id='word_1_263' title='bbox 1779 2990 2042 3046; x_wconf 87' lang='lat' dir='ltr'><strong>taberna-</strong></span> 
     </span>
    </p>
   </div>
   <div class='ocr_carea' id='block_1_31' title="bbox 390 3079 2039 3153">
    <p class='ocr_par' dir='ltr' id='par_1_31' title="bbox 390 3079 2039 3153">
     <span class='ocr_line' id='line_1_31' title="bbox 390 3079 2039 3153; baseline -0.007 -14"><span class='ocrx_word' id='word_1_264' title='bbox 390 3083 522 3139; x_wconf 92' lang='lat' dir='ltr'><strong>culo</strong></span> <span class='ocrx_word' id='word_1_265' title='bbox 551 3087 653 3138; x_wconf 87' lang='lat' dir='ltr'><strong>tuo</strong></span> <span class='ocrx_word' id='word_1_266' title='bbox 672 3083 700 3137; x_wconf 83' lang='lat'><strong>‘?</strong></span> <span class='ocrx_word' id='word_1_267' title='bbox 722 3085 824 3137; x_wconf 91' lang='lat' dir='ltr'><strong>aut</strong></span> <span class='ocrx_word' id='word_1_268' title='bbox 840 3081 970 3153; x_wconf 88' lang='lat' dir='ltr'><strong>quis</strong></span> <span class='ocrx_word' id='word_1_269' title='bbox 992 3081 1320 3153; x_wconf 87' lang='lat' dir='ltr'><strong>requiescet</strong></span> <span class='ocrx_word' id='word_1_270' title='bbox 1349 3079 1407 3134; x_wconf 93' lang='lat' dir='ltr'><strong>in</strong></span> <span class='ocrx_word' id='word_1_271' title='bbox 1426 3084 1623 3135; x_wconf 89' lang='lat' dir='ltr'><strong>monte</strong></span> <span class='ocrx_word' id='word_1_272' title='bbox 1643 3083 1843 3135; x_wconf 87' lang='lat' dir='ltr'><strong>sancto</strong></span> <span class='ocrx_word' id='word_1_273' title='bbox 1858 3084 1956 3134; x_wconf 90' lang='lat' dir='ltr'><strong>tuo</strong></span> <span class='ocrx_word' id='word_1_274' title='bbox 1977 3079 2039 3135; x_wconf 78' lang='lat'><strong>?»</strong></span> 
     </span>
    </p>
   </div>
   <div class='ocr_carea' id='block_1_32' title="bbox 2160 769 3811 843">
    <p class='ocr_par' dir='ltr' id='par_1_32' title="bbox 2160 769 3811 843">
     <span class='ocr_line' id='line_1_32' title="bbox 2160 769 3811 843; baseline -0.001 -17"><span class='ocrx_word' id='word_1_275' title='bbox 2160 794 2189 821; x_wconf 83' lang='lat'><strong><em>«</em></strong></span> <span class='ocrx_word' id='word_1_276' title='bbox 2220 787 2336 827; x_wconf 89' lang='lat' dir='ltr'><strong>non</strong></span> <span class='ocrx_word' id='word_1_277' title='bbox 2387 772 2625 830; x_wconf 88' lang='lat' dir='ltr'><strong>creditis</strong></span> <span class='ocrx_word' id='word_1_278' title='bbox 2669 773 2860 828; x_wconf 83' lang='lat' dir='ltr'><strong>mihi?</strong></span> <span class='ocrx_word' id='word_1_279' title='bbox 2894 794 2921 823; x_wconf 81' lang='grc'><strong>››</strong></span> <span class='ocrx_word' id='word_1_280' title='bbox 2952 772 3182 827; x_wconf 84' lang='lat' dir='ltr'><strong>Veritas</strong></span> <span class='ocrx_word' id='word_1_281' title='bbox 3230 770 3357 843; x_wconf 88' lang='lat' dir='ltr'><strong>ipse</strong></span> <span class='ocrx_word' id='word_1_282' title='bbox 3403 773 3492 826; x_wconf 90' lang='lat' dir='ltr'><strong>est</strong></span> <span class='ocrx_word' id='word_1_283' title='bbox 3545 769 3648 841; x_wconf 88' lang='lat' dir='ltr'><strong>qui</strong></span> <span class='ocrx_word' id='word_1_284' title='bbox 3698 769 3811 825; x_wconf 85' lang='lat' dir='ltr'><strong>ait:</strong></span> 
     </span>
    </p>
   </div>
   <div class='ocr_carea' id='block_1_33' title="bbox 2160 857 3815 933">
    <p class='ocr_par' dir='ltr' id='par_1_33' title="bbox 2160 857 3815 933">
     <span class='ocr_line' id='line_1_33' title="bbox 2160 857 3815 933; baseline -0.001 -18"><span class='ocrx_word' id='word_1_285' title='bbox 2160 881 2189 909; x_wconf 84' lang='lat'><strong><em>«</em></strong></span> <span class='ocrx_word' id='word_1_286' title='bbox 2221 860 2340 933; x_wconf 87' lang='lat' dir='ltr'><strong>Ego</strong></span> <span class='ocrx_word' id='word_1_287' title='bbox 2372 878 2507 917; x_wconf 90' lang='lat' dir='ltr'><strong>sum</strong></span> <span class='ocrx_word' id='word_1_288' title='bbox 2535 861 2649 930; x_wconf 88' lang='lat' dir='ltr'><strong>via,</strong></span> <span class='ocrx_word' id='word_1_289' title='bbox 2694 862 2927 928; x_wconf 85' lang='lat' dir='ltr'><strong>veritas,</strong></span> <span class='ocrx_word' id='word_1_290' title='bbox 2959 864 3016 917; x_wconf 89' lang='lat' dir='ltr'><strong>et</strong></span> <span class='ocrx_word' id='word_1_291' title='bbox 3066 860 3185 916; x_wconf 89' lang='lat' dir='ltr'><strong>vita</strong></span> <span class='ocrx_word' id='word_1_292' title='bbox 3216 860 3396 932; x_wconf 82' lang='lat' dir='ltr'><strong>(Joan.</strong></span> <span class='ocrx_word' id='word_1_293' title='bbox 3428 858 3561 929; x_wconf 77' lang='lat' dir='ltr'><strong>XIV).</strong></span> <span class='ocrx_word' id='word_1_294' title='bbox 3594 880 3621 908; x_wconf 86' lang='grc'>››</span> <span class='ocrx_word' id='word_1_295' title='bbox 3653 860 3731 914; x_wconf 86' lang='lat' dir='ltr'><strong>Ac</strong></span> <span class='ocrx_word' id='word_1_296' title='bbox 3763 857 3815 914; x_wconf 92' lang='lat' dir='ltr'><strong>si</strong></span> 
     </span>
    </p>
   </div>
   <div class='ocr_carea' id='block_1_34' title="bbox 2159 947 3817 1022">
    <p class='ocr_par' dir='ltr' id='par_1_34' title="bbox 2159 947 3817 1022">
     <span class='ocr_line' id='line_1_34' title="bbox 2159 947 3817 1022; baseline -0.001 -19"><span class='ocrx_word' id='word_1_297' title='bbox 2159 948 2408 1006; x_wconf 83' lang='lat' dir='ltr'><strong>diceret:</strong></span> <span class='ocrx_word' id='word_1_298' title='bbox 2442 950 2586 1006; x_wconf 86' lang='lat' dir='ltr'><strong>Cum</strong></span> <span class='ocrx_word' id='word_1_299' title='bbox 2619 949 2763 1007; x_wconf 90' lang='lat' dir='ltr'><strong>mihi</strong></span> <span class='ocrx_word' id='word_1_300' title='bbox 2794 949 2897 1022; x_wconf 86' lang='lat' dir='ltr'><strong>qui</strong></span> <span class='ocrx_word' id='word_1_301' title='bbox 2944 950 3157 1007; x_wconf 85' lang='lat' dir='ltr'><strong>veritas</strong></span> <span class='ocrx_word' id='word_1_302' title='bbox 3207 965 3365 1014; x_wconf 90' lang='lat' dir='ltr'><strong>sum,</strong></span> <span class='ocrx_word' id='word_1_303' title='bbox 3398 965 3431 1003; x_wconf 88' lang='lat' dir='ltr'><strong>a</strong></span> <span class='ocrx_word' id='word_1_304' title='bbox 3472 948 3637 1003; x_wconf 87' lang='lat' dir='ltr'><strong>Patre</strong></span> <span class='ocrx_word' id='word_1_305' title='bbox 3668 947 3817 1004; x_wconf 87' lang='lat' dir='ltr'><strong>veri-</strong></span> 
     </span>
    </p>
   </div>
   <div class='ocr_carea' id='block_1_35' title="bbox 2158 1036 3813 1110">
    <p class='ocr_par' dir='ltr' id='par_1_35' title="bbox 2158 1036 3813 1110">
     <span class='ocr_line' id='line_1_35' title="bbox 2158 1036 3813 1110; baseline -0.001 -18"><span class='ocrx_word' id='word_1_306' title='bbox 2158 1038 2295 1094; x_wconf 82' lang='lat' dir='ltr'><strong>tatis</strong></span> <span class='ocrx_word' id='word_1_307' title='bbox 2324 1038 2585 1105; x_wconf 89' lang='lat' dir='ltr'><strong>veniens,</strong></span> <span class='ocrx_word' id='word_1_308' title='bbox 2615 1040 2916 1095; x_wconf 83' lang='lat' dir='ltr'><strong>veritatem</strong></span> <span class='ocrx_word' id='word_1_309' title='bbox 2959 1039 3125 1095; x_wconf 89' lang='lat' dir='ltr'><strong>vobis</strong></span> <span class='ocrx_word' id='word_1_310' title='bbox 3181 1036 3446 1110; x_wconf 85' lang='lat' dir='ltr'><strong>loquenti</strong></span> <span class='ocrx_word' id='word_1_311' title='bbox 3474 1053 3592 1092; x_wconf 90' lang='lat' dir='ltr'><strong>non</strong></span> <span class='ocrx_word' id='word_1_312' title='bbox 3622 1036 3813 1092; x_wconf 89' lang='lat' dir='ltr'><strong>credi-</strong></span> 
     </span>
    </p>
   </div>
   <div class='ocr_carea' id='block_1_36' title="bbox 2156 1124 3811 1200">
    <p class='ocr_par' dir='ltr' id='par_1_36' title="bbox 2156 1124 3811 1200">
     <span class='ocr_line' id='line_1_36' title="bbox 2156 1124 3811 1200; baseline -0.001 -19"><span class='ocrx_word' id='word_1_313' title='bbox 2156 1127 2254 1194; x_wconf 89' lang='lat' dir='ltr'><strong>tis,</strong></span> <span class='ocrx_word' id='word_1_314' title='bbox 2290 1128 2547 1200; x_wconf 87' lang='lat' dir='ltr'><strong>profecto</strong></span> <span class='ocrx_word' id='word_1_315' title='bbox 2579 1127 2729 1185; x_wconf 80' lang='lat' dir='ltr'><strong>filios</strong></span> <span class='ocrx_word' id='word_1_316' title='bbox 2760 1127 2921 1185; x_wconf 90' lang='lat' dir='ltr'><strong>illius</strong></span> <span class='ocrx_word' id='word_1_317' title='bbox 2947 1144 3051 1184; x_wconf 89' lang='lat' dir='ltr'><strong>vos</strong></span> <span class='ocrx_word' id='word_1_318' title='bbox 3082 1143 3211 1184; x_wconf 90' lang='lat' dir='ltr'><strong>esse</strong></span> <span class='ocrx_word' id='word_1_319' title='bbox 3240 1125 3570 1195; x_wconf 76' lang='lat' dir='ltr'><strong>ostenditis,</strong></span> <span class='ocrx_word' id='word_1_320' title='bbox 3605 1124 3707 1197; x_wconf 86' lang='lat' dir='ltr'><strong>qui</strong></span> <span class='ocrx_word' id='word_1_321' title='bbox 3739 1126 3811 1180; x_wconf 89' lang='lat' dir='ltr'><strong>ab</strong></span> 
     </span>
    </p>
   </div>
   <div class='ocr_carea' id='block_1_37' title="bbox 2155 1213 3812 1286">
    <p class='ocr_par' dir='ltr' id='par_1_37' title="bbox 2155 1213 3812 1286">
     <span class='ocr_line' id='line_1_37' title="bbox 2155 1213 3812 1286; baseline 0.001 -17"><span class='ocrx_word' id='word_1_322' title='bbox 2155 1214 2321 1273; x_wconf 86' lang='lat' dir='ltr'><strong>initio</strong></span> <span class='ocrx_word' id='word_1_323' title='bbox 2350 1218 2602 1273; x_wconf 84' lang='lat' dir='ltr'><strong>mendax</strong></span> <span class='ocrx_word' id='word_1_324' title='bbox 2635 1217 2768 1285; x_wconf 88' lang='lat' dir='ltr'><strong>fuit,</strong></span> <span class='ocrx_word' id='word_1_325' title='bbox 2798 1216 2943 1272; x_wconf 89' lang='lat' dir='ltr'><strong>etin</strong></span> <span class='ocrx_word' id='word_1_326' title='bbox 2989 1216 3231 1272; x_wconf 88' lang='lat' dir='ltr'><strong>veritate</strong></span> <span class='ocrx_word' id='word_1_327' title='bbox 3282 1231 3399 1271; x_wconf 89' lang='lat' dir='ltr'><strong>non</strong></span> <span class='ocrx_word' id='word_1_328' title='bbox 3446 1213 3629 1283; x_wconf 80' lang='lat' dir='ltr'><strong>stetit,</strong></span> <span class='ocrx_word' id='word_1_329' title='bbox 3664 1230 3812 1286; x_wconf 85' lang='lat' dir='ltr'><strong>quo-</strong></span> 
     </span>
    </p>
   </div>
   <div class='ocr_carea' id='block_1_38' title="bbox 2156 1303 3563 1362">
    <p class='ocr_par' dir='ltr' id='par_1_38' title="bbox 2156 1303 3563 1362">
     <span class='ocr_line' id='line_1_38' title="bbox 2156 1303 3563 1362; baseline 0.002 -4"><span class='ocrx_word' id='word_1_330' title='bbox 2156 1303 2315 1359; x_wconf 88' lang='lat' dir='ltr'><strong>niam</strong></span> <span class='ocrx_word' id='word_1_331' title='bbox 2346 1305 2562 1361; x_wconf 86' lang='lat' dir='ltr'><strong>veritas</strong></span> <span class='ocrx_word' id='word_1_332' title='bbox 2587 1305 2647 1360; x_wconf 91' lang='lat' dir='ltr'><strong>in</strong></span> <span class='ocrx_word' id='word_1_333' title='bbox 2677 1322 2745 1362; x_wconf 82' lang='lat' dir='ltr'><strong>eo</strong></span> <span class='ocrx_word' id='word_1_334' title='bbox 2777 1322 2891 1361; x_wconf 90' lang='lat' dir='ltr'><strong>non</strong></span> <span class='ocrx_word' id='word_1_335' title='bbox 2924 1308 3031 1360; x_wconf 88' lang='lat' dir='ltr'><strong>est.</strong></span> <span class='ocrx_word' id='word_1_336' title='bbox 3558 1308 3563 1319; x_wconf 73' lang='lat'><em>&#39;</em></span> 
     </span>
    </p>
   </div>
   <div class='ocr_carea' id='block_1_39' title="bbox 2229 1391 3811 1461">
    <p class='ocr_par' dir='ltr' id='par_1_39' title="bbox 2229 1391 3811 1461">
     <span class='ocr_line' id='line_1_39' title="bbox 2229 1391 3811 1461; baseline 0.003 -19"><span class='ocrx_word' id='word_1_337' title='bbox 2229 1414 2257 1442; x_wconf 86' lang='grc'><strong>‹‹</strong></span> <span class='ocrx_word' id='word_1_338' title='bbox 2287 1392 2394 1456; x_wconf 85' lang='lat' dir='ltr'><strong>Qui</strong></span> <span class='ocrx_word' id='word_1_339' title='bbox 2424 1398 2516 1449; x_wconf 88' lang='lat' dir='ltr'><strong>est</strong></span> <span class='ocrx_word' id='word_1_340' title='bbox 2547 1410 2616 1449; x_wconf 87' lang='lat' dir='ltr'><strong>ex</strong></span> <span class='ocrx_word' id='word_1_341' title='bbox 2646 1393 2783 1461; x_wconf 89' lang='lat' dir='ltr'><strong>Deo,</strong></span> <span class='ocrx_word' id='word_1_342' title='bbox 2817 1392 2993 1449; x_wconf 91' lang='lat' dir='ltr'><strong>verba</strong></span> <span class='ocrx_word' id='word_1_343' title='bbox 3035 1392 3131 1449; x_wconf 93' lang='lat' dir='ltr'><strong>Dei</strong></span> <span class='ocrx_word' id='word_1_344' title='bbox 3181 1392 3367 1448; x_wconf 88' lang='lat' dir='ltr'><strong>audit.</strong></span> <span class='ocrx_word' id='word_1_345' title='bbox 3402 1415 3429 1441; x_wconf 86' lang='grc'><strong>››</strong></span> <span class='ocrx_word' id='word_1_346' title='bbox 3461 1396 3525 1447; x_wconf 91' lang='lat' dir='ltr'><strong>In</strong></span> <span class='ocrx_word' id='word_1_347' title='bbox 3558 1391 3653 1447; x_wconf 90' lang='lat' dir='ltr'><strong>his</strong></span> <span class='ocrx_word' id='word_1_348' title='bbox 3683 1395 3811 1447; x_wconf 73' lang='lat' dir='ltr'><strong>ver-</strong></span> 
     </span>
    </p>
   </div>
   <div class='ocr_carea' id='block_1_40' title="bbox 2156 1480 3809 1554">
    <p class='ocr_par' dir='ltr' id='par_1_40' title="bbox 2156 1480 3809 1554">
     <span class='ocr_line' id='line_1_40' title="bbox 2156 1480 3809 1554; baseline 0 -19"><span class='ocrx_word' id='word_1_349' title='bbox 2156 1480 2245 1536; x_wconf 90' lang='lat' dir='ltr'><strong>bis</strong></span> <span class='ocrx_word' id='word_1_350' title='bbox 2268 1481 2677 1554; x_wconf 87' lang='lat' dir='ltr'><strong>unusquisque</strong></span> <span class='ocrx_word' id='word_1_351' title='bbox 2696 1498 2865 1538; x_wconf 90' lang='lat' dir='ltr'><strong>suam</strong></span> <span class='ocrx_word' id='word_1_352' title='bbox 2884 1481 3303 1537; x_wconf 86' lang='lat' dir='ltr'><strong>conscientiam</strong></span> <span class='ocrx_word' id='word_1_353' title='bbox 3328 1482 3571 1554; x_wconf 89' lang='lat' dir='ltr'><strong>probare</strong></span> <span class='ocrx_word' id='word_1_354' title='bbox 3592 1484 3809 1553; x_wconf 88' lang='lat' dir='ltr'><strong>potest,</strong></span> 
     </span>
    </p>
   </div>
   <div class='ocr_carea' id='block_1_41' title="bbox 2154 1567 3811 1633">
    <p class='ocr_par' dir='ltr' id='par_1_41' title="bbox 2154 1567 3811 1633">
     <span class='ocr_line' id='line_1_41' title="bbox 2154 1567 3811 1633; baseline -0.002 -9"><span class='ocrx_word' id='word_1_355' title='bbox 2154 1573 2351 1625; x_wconf 91' lang='lat' dir='ltr'><strong>utrum</strong></span> <span class='ocrx_word' id='word_1_356' title='bbox 2381 1587 2449 1625; x_wconf 78' lang='lat' dir='ltr'><strong>ex</strong></span> <span class='ocrx_word' id='word_1_357' title='bbox 2482 1571 2596 1625; x_wconf 93' lang='lat' dir='ltr'><strong>Deo</strong></span> <span class='ocrx_word' id='word_1_358' title='bbox 2630 1570 2706 1625; x_wconf 88' lang='lat' dir='ltr'><strong>sit</strong></span> <span class='ocrx_word' id='word_1_359' title='bbox 2736 1588 2817 1626; x_wconf 85' lang='lat' dir='ltr'><strong>an</strong></span> <span class='ocrx_word' id='word_1_360' title='bbox 2842 1587 2980 1626; x_wconf 90' lang='lat' dir='ltr'><strong>non.</strong></span> <span class='ocrx_word' id='word_1_361' title='bbox 3013 1569 3121 1633; x_wconf 86' lang='lat' dir='ltr'><strong>Qui</strong></span> <span class='ocrx_word' id='word_1_362' title='bbox 3155 1569 3312 1625; x_wconf 87' lang='lat' dir='ltr'><strong>enim</strong></span> <span class='ocrx_word' id='word_1_363' title='bbox 3346 1569 3586 1624; x_wconf 66' lang='lat' dir='ltr'><strong>Verbum</strong></span> <span class='ocrx_word' id='word_1_364' title='bbox 3608 1568 3711 1624; x_wconf 91' lang='lat' dir='ltr'><strong>Dei</strong></span> <span class='ocrx_word' id='word_1_365' title='bbox 3744 1567 3811 1622; x_wconf 89' lang='lat' dir='ltr'><strong>li-</strong></span> 
     </span>
    </p>
   </div>
   <div class='ocr_carea' id='block_1_42' title="bbox 2152 1657 3809 1730">
    <p class='ocr_par' dir='ltr' id='par_1_42' title="bbox 2152 1657 3809 1730">
     <span class='ocr_line' id='line_1_42' title="bbox 2152 1657 3809 1730; baseline 0 -17"><span class='ocrx_word' id='word_1_366' title='bbox 2152 1659 2359 1714; x_wconf 85' lang='lat' dir='ltr'><strong>benter</strong></span> <span class='ocrx_word' id='word_1_367' title='bbox 2386 1659 2575 1727; x_wconf 89' lang='lat' dir='ltr'><strong>audit,</strong></span> <span class='ocrx_word' id='word_1_368' title='bbox 2599 1663 2656 1715; x_wconf 86' lang='lat' dir='ltr'><strong>et</strong></span> <span class='ocrx_word' id='word_1_369' title='bbox 2673 1659 2952 1715; x_wconf 88' lang='lat' dir='ltr'><strong>libentius</strong></span> <span class='ocrx_word' id='word_1_370' title='bbox 2983 1675 3154 1730; x_wconf 89' lang='lat' dir='ltr'><strong>epere</strong></span> <span class='ocrx_word' id='word_1_371' title='bbox 3174 1657 3615 1730; x_wconf 87' lang='lat' dir='ltr'><strong>complet,nullo</strong></span> <span class='ocrx_word' id='word_1_372' title='bbox 3630 1658 3809 1713; x_wconf 88' lang='lat' dir='ltr'><strong>modo</strong></span> 
     </span>
    </p>
   </div>
   <div class='ocr_carea' id='block_1_43' title="bbox 2153 1745 3811 1819">
    <p class='ocr_par' dir='ltr' id='par_1_43' title="bbox 2153 1745 3811 1819">
     <span class='ocr_line' id='line_1_43' title="bbox 2153 1745 3811 1819; baseline -0.001 -17"><span class='ocrx_word' id='word_1_373' title='bbox 2153 1763 2214 1803; x_wconf 90' lang='lat' dir='ltr'><strong>se</strong></span> <span class='ocrx_word' id='word_1_374' title='bbox 2240 1764 2308 1802; x_wconf 83' lang='lat' dir='ltr'><strong>ex</strong></span> <span class='ocrx_word' id='word_1_375' title='bbox 2338 1748 2452 1803; x_wconf 91' lang='lat' dir='ltr'><strong>Deo</strong></span> <span class='ocrx_word' id='word_1_376' title='bbox 2483 1764 2611 1804; x_wconf 87' lang='lat' dir='ltr'><strong>esse</strong></span> <span class='ocrx_word' id='word_1_377' title='bbox 2641 1748 2889 1813; x_wconf 89' lang='lat' dir='ltr'><strong>dubitet,</strong></span> <span class='ocrx_word' id='word_1_378' title='bbox 2915 1747 3193 1819; x_wconf 87' lang='lat' dir='ltr'><strong>quoniam</strong></span> <span class='ocrx_word' id='word_1_379' title='bbox 3226 1748 3379 1802; x_wconf 90' lang='lat' dir='ltr'><strong>sicut</strong></span> <span class='ocrx_word' id='word_1_380' title='bbox 3408 1745 3694 1802; x_wconf 87' lang='lat' dir='ltr'><strong>Dominus</strong></span> <span class='ocrx_word' id='word_1_381' title='bbox 3723 1745 3811 1802; x_wconf 85' lang='lat' dir='ltr'><strong>ait</strong></span> 
     </span>
    </p>
   </div>
   <div class='ocr_carea' id='block_1_44' title="bbox 2151 1835 3809 1908">
    <p class='ocr_par' dir='ltr' id='par_1_44' title="bbox 2151 1835 3809 1908">
     <span class='ocr_line' id='line_1_44' title="bbox 2151 1835 3809 1908; baseline 0.001 -18"><span class='ocrx_word' id='word_1_382' title='bbox 2151 1837 2209 1891; x_wconf 90' lang='lat' dir='ltr'><strong>in</strong></span> <span class='ocrx_word' id='word_1_383' title='bbox 2244 1835 2587 1908; x_wconf 88' lang='lat' dir='ltr'><strong>Evangelio:</strong></span> <span class='ocrx_word' id='word_1_384' title='bbox 2622 1860 2651 1887; x_wconf 87' lang='grc'><strong>‹‹</strong></span> <span class='ocrx_word' id='word_1_385' title='bbox 2686 1837 2811 1891; x_wconf 86' lang='lat' dir='ltr'><strong>Non</strong></span> <span class='ocrx_word' id='word_1_386' title='bbox 2841 1840 2931 1892; x_wconf 90' lang='lat' dir='ltr'><strong>est</strong></span> <span class='ocrx_word' id='word_1_387' title='bbox 2963 1837 3136 1891; x_wconf 88' lang='lat' dir='ltr'><strong>arbor</strong></span> <span class='ocrx_word' id='word_1_388' title='bbox 3164 1835 3320 1891; x_wconf 86' lang='lat' dir='ltr'><strong>mala</strong></span> <span class='ocrx_word' id='word_1_389' title='bbox 3340 1836 3555 1891; x_wconf 84' lang='lat' dir='ltr'><strong>faciens</strong></span> <span class='ocrx_word' id='word_1_390' title='bbox 3576 1836 3809 1892; x_wconf 85' lang='lat' dir='ltr'><strong>fructus</strong></span> 
     </span>
    </p>
   </div>
   <div class='ocr_carea' id='block_1_45' title="bbox 2151 1924 3807 1995">
    <p class='ocr_par' dir='ltr' id='par_1_45' title="bbox 2151 1924 3807 1995">
     <span class='ocr_line' id='line_1_45' title="bbox 2151 1924 3807 1995; baseline 0 -15"><span class='ocrx_word' id='word_1_391' title='bbox 2151 1925 2334 1982; x_wconf 89' lang='lat' dir='ltr'><strong>bonos</strong></span> <span class='ocrx_word' id='word_1_392' title='bbox 2365 1925 2573 1994; x_wconf 75' lang='lat' dir='ltr'><strong>(Matth.</strong></span> <span class='ocrx_word' id='word_1_393' title='bbox 2608 1929 2725 1995; x_wconf 85' lang='lat' dir='ltr'><strong>vn).</strong></span> <span class='ocrx_word' id='word_1_394' title='bbox 2763 1948 2792 1977; x_wconf 83' lang='lat'>»</span> <span class='ocrx_word' id='word_1_395' title='bbox 2824 1924 2931 1991; x_wconf 90' lang='lat' dir='ltr'><strong>Qui</strong></span> <span class='ocrx_word' id='word_1_396' title='bbox 2977 1941 3111 1981; x_wconf 90' lang='lat' dir='ltr'><strong>vero</strong></span> <span class='ocrx_word' id='word_1_397' title='bbox 3160 1940 3357 1981; x_wconf 90' lang='lat' dir='ltr'><strong>vecors</strong></span> <span class='ocrx_word' id='word_1_398' title='bbox 3385 1928 3442 1980; x_wconf 88' lang='lat' dir='ltr'><strong>et</strong></span> <span class='ocrx_word' id='word_1_399' title='bbox 3470 1924 3653 1980; x_wconf 88' lang='lat' dir='ltr'><strong>durus</strong></span> <span class='ocrx_word' id='word_1_400' title='bbox 3679 1942 3807 1980; x_wconf 87' lang='lat' dir='ltr'><strong>ver-</strong></span> 
     </span>
    </p>
   </div>
   <div class='ocr_carea' id='block_1_46' title="bbox 2151 2012 3806 2084">
    <p class='ocr_par' dir='ltr' id='par_1_46' title="bbox 2151 2012 3806 2084">
     <span class='ocr_line' id='line_1_46' title="bbox 2151 2012 3806 2084; baseline 0 -16"><span class='ocrx_word' id='word_1_401' title='bbox 2151 2014 2291 2068; x_wconf 90' lang='lat' dir='ltr'><strong>bum</strong></span> <span class='ocrx_word' id='word_1_402' title='bbox 2324 2013 2423 2069; x_wconf 90' lang='lat' dir='ltr'><strong>Dei</strong></span> <span class='ocrx_word' id='word_1_403' title='bbox 2458 2013 2660 2069; x_wconf 88' lang='lat' dir='ltr'><strong>audire</strong></span> <span class='ocrx_word' id='word_1_404' title='bbox 2689 2013 3033 2079; x_wconf 88' lang='lat' dir='ltr'><strong>contemnit,</strong></span> <span class='ocrx_word' id='word_1_405' title='bbox 3063 2012 3150 2069; x_wconf 91' lang='lat' dir='ltr'><strong>vel</strong></span> <span class='ocrx_word' id='word_1_406' title='bbox 3180 2014 3230 2069; x_wconf 87' lang='lat' dir='ltr'><strong>si</strong></span> <span class='ocrx_word' id='word_1_407' title='bbox 3271 2030 3403 2068; x_wconf 90' lang='lat' dir='ltr'><strong>cum</strong></span> <span class='ocrx_word' id='word_1_408' title='bbox 3433 2029 3573 2068; x_wconf 90' lang='lat' dir='ltr'><strong>aure</strong></span> <span class='ocrx_word' id='word_1_409' title='bbox 3597 2028 3806 2084; x_wconf 83' lang='lat' dir='ltr'><strong>corpo-</strong></span> 
     </span>
    </p>
   </div>
   <div class='ocr_carea' id='block_1_47' title="bbox 2151 2096 3808 2173">
    <p class='ocr_par' dir='ltr' id='par_1_47' title="bbox 2151 2096 3808 2173">
     <span class='ocr_line' id='line_1_47' title="bbox 2151 2096 3808 2173; baseline 0.001 -17"><span class='ocrx_word' id='word_1_410' title='bbox 2151 2102 2231 2157; x_wconf 87' lang='lat' dir='ltr'><strong>ris</strong></span> <span class='ocrx_word' id='word_1_411' title='bbox 2261 2102 2530 2171; x_wconf 87' lang='lat' dir='ltr'><strong>audierit,</strong></span> <span class='ocrx_word' id='word_1_412' title='bbox 2563 2101 2709 2157; x_wconf 87' lang='lat' dir='ltr'><strong>illud</strong></span> <span class='ocrx_word' id='word_1_413' title='bbox 2743 2101 2903 2157; x_wconf 91' lang='lat' dir='ltr'><strong>nullo</strong></span> <span class='ocrx_word' id='word_1_414' title='bbox 2949 2096 3142 2158; x_wconf 86' lang='lat' dir='ltr'><strong>studio</strong></span> <span class='ocrx_word' id='word_1_415' title='bbox 3190 2100 3276 2156; x_wconf 90' lang='lat' dir='ltr'><strong>vel</strong></span> <span class='ocrx_word' id='word_1_416' title='bbox 3318 2100 3515 2158; x_wconf 87' lang='lat' dir='ltr'><strong>labore</strong></span> <span class='ocrx_word' id='word_1_417' title='bbox 3544 2100 3602 2155; x_wconf 91' lang='lat' dir='ltr'><strong>in</strong></span> <span class='ocrx_word' id='word_1_418' title='bbox 3628 2117 3808 2173; x_wconf 89' lang='lat' dir='ltr'><strong>opere</strong></span> 
     </span>
    </p>
   </div>
   <div class='ocr_carea' id='block_1_48' title="bbox 2152 2189 3811 2264">
    <p class='ocr_par' dir='ltr' id='par_1_48' title="bbox 2152 2189 3811 2264">
     <span class='ocr_line' id='line_1_48' title="bbox 2152 2189 3811 2264; baseline 0 -20"><span class='ocrx_word' id='word_1_419' title='bbox 2152 2191 2380 2247; x_wconf 87' lang='lat' dir='ltr'><strong>mittere</strong></span> <span class='ocrx_word' id='word_1_420' title='bbox 2411 2195 2676 2258; x_wconf 88' lang='lat' dir='ltr'><strong>conatur,</strong></span> <span class='ocrx_word' id='word_1_421' title='bbox 2711 2191 2966 2264; x_wconf 84' lang='lat' dir='ltr'><strong>profecto</strong></span> <span class='ocrx_word' id='word_1_422' title='bbox 2997 2207 3059 2246; x_wconf 92' lang='lat' dir='ltr'><strong>se</strong></span> <span class='ocrx_word' id='word_1_423' title='bbox 3078 2207 3148 2246; x_wconf 82' lang='lat' dir='ltr'><strong>ex</strong></span> <span class='ocrx_word' id='word_1_424' title='bbox 3167 2190 3282 2246; x_wconf 89' lang='lat' dir='ltr'><strong>Deo</strong></span> <span class='ocrx_word' id='word_1_425' title='bbox 3313 2207 3428 2246; x_wconf 88' lang='lat' dir='ltr'><strong>non</strong></span> <span class='ocrx_word' id='word_1_426' title='bbox 3460 2206 3587 2247; x_wconf 88' lang='lat' dir='ltr'><strong>esse</strong></span> <span class='ocrx_word' id='word_1_427' title='bbox 3618 2189 3811 2246; x_wconf 87' lang='lat' dir='ltr'><strong>mani-</strong></span> 
     </span>
    </p>
   </div>
   <div class='ocr_carea' id='block_1_49' title="bbox 2150 2278 3806 2352">
    <p class='ocr_par' dir='ltr' id='par_1_49' title="bbox 2150 2278 3806 2352">
     <span class='ocr_line' id='line_1_49' title="bbox 2150 2278 3806 2352; baseline 0 -19"><span class='ocrx_word' id='word_1_428' title='bbox 2150 2279 2359 2346; x_wconf 87' lang='lat' dir='ltr'><strong>festat;</strong></span> <span class='ocrx_word' id='word_1_429' title='bbox 2395 2279 2601 2352; x_wconf 91' lang='lat' dir='ltr'><strong>quales</strong></span> <span class='ocrx_word' id='word_1_430' title='bbox 2632 2285 2800 2336; x_wconf 83' lang='lat' dir='ltr'><strong>erant</strong></span> <span class='ocrx_word' id='word_1_431' title='bbox 2830 2279 2947 2347; x_wconf 88' lang='lat' dir='ltr'><strong>isti,</strong></span> <span class='ocrx_word' id='word_1_432' title='bbox 2973 2279 3187 2352; x_wconf 87' lang='lat' dir='ltr'><strong>quibus</strong></span> <span class='ocrx_word' id='word_1_433' title='bbox 3218 2296 3250 2334; x_wconf 90' lang='lat' dir='ltr'><strong>a</strong></span> <span class='ocrx_word' id='word_1_434' title='bbox 3281 2278 3527 2334; x_wconf 89' lang='lat' dir='ltr'><strong>Domino</strong></span> <span class='ocrx_word' id='word_1_435' title='bbox 3554 2278 3806 2333; x_wconf 89' lang='lat' dir='ltr'><strong>dicitur:</strong></span> 
     </span>
    </p>
   </div>
   <div class='ocr_carea' id='block_1_50' title="bbox 2151 2367 3807 2441">
    <p class='ocr_par' dir='ltr' id='par_1_50' title="bbox 2151 2367 3807 2441">
     <span class='ocr_line' id='line_1_50' title="bbox 2151 2367 3807 2441; baseline -0.001 -18"><span class='ocrx_word' id='word_1_436' title='bbox 2151 2391 2179 2417; x_wconf 83' lang='lat'><strong>«</strong></span> <span class='ocrx_word' id='word_1_437' title='bbox 2212 2368 2523 2441; x_wconf 87' lang='lat' dir='ltr'><strong>Propterea</strong></span> <span class='ocrx_word' id='word_1_438' title='bbox 2540 2386 2641 2425; x_wconf 91' lang='lat' dir='ltr'><strong>vos</strong></span> <span class='ocrx_word' id='word_1_439' title='bbox 2673 2386 2787 2424; x_wconf 88' lang='lat' dir='ltr'><strong>non</strong></span> <span class='ocrx_word' id='word_1_440' title='bbox 2810 2369 3046 2434; x_wconf 88' lang='lat' dir='ltr'><strong>auditis,</strong></span> <span class='ocrx_word' id='word_1_441' title='bbox 3073 2369 3213 2440; x_wconf 88' lang='lat' dir='ltr'><strong>quia</strong></span> <span class='ocrx_word' id='word_1_442' title='bbox 3235 2384 3303 2423; x_wconf 88' lang='lat' dir='ltr'><strong>ex</strong></span> <span class='ocrx_word' id='word_1_443' title='bbox 3321 2368 3436 2424; x_wconf 91' lang='lat' dir='ltr'><strong>Deo</strong></span> <span class='ocrx_word' id='word_1_444' title='bbox 3460 2383 3573 2423; x_wconf 88' lang='lat' dir='ltr'><strong>non</strong></span> <span class='ocrx_word' id='word_1_445' title='bbox 3595 2367 3807 2423; x_wconf 82' lang='lat' dir='ltr'><strong>estis.»</strong></span> 
     </span>
    </p>
   </div>
   <div class='ocr_carea' id='block_1_51' title="bbox 2150 2457 3809 2530">
    <p class='ocr_par' dir='ltr' id='par_1_51' title="bbox 2150 2457 3809 2530">
     <span class='ocr_line' id='line_1_51' title="bbox 2150 2457 3809 2530; baseline -0.001 -18"><span class='ocrx_word' id='word_1_446' title='bbox 2150 2457 2211 2512; x_wconf 91' lang='lat' dir='ltr'><strong>In</strong></span> <span class='ocrx_word' id='word_1_447' title='bbox 2242 2458 2458 2529; x_wconf 83' lang='lat' dir='ltr'><strong>quibus</strong></span> <span class='ocrx_word' id='word_1_448' title='bbox 2474 2457 2666 2514; x_wconf 87' lang='lat' dir='ltr'><strong>verbis</strong></span> <span class='ocrx_word' id='word_1_449' title='bbox 2680 2458 2925 2530; x_wconf 59' lang='lat' dir='ltr'><strong>quaestio</strong></span> <span class='ocrx_word' id='word_1_450' title='bbox 2943 2458 3334 2530; x_wconf 87' lang='lat' dir='ltr'><strong>oritur,quare</strong></span> <span class='ocrx_word' id='word_1_451' title='bbox 3347 2457 3628 2512; x_wconf 84' lang='lat' dir='ltr'><strong>Dominus</strong></span> <span class='ocrx_word' id='word_1_452' title='bbox 3642 2457 3809 2511; x_wconf 85' lang='lat' dir='ltr'><strong>dicat</strong></span> 
     </span>
    </p>
   </div>
   <div class='ocr_carea' id='block_1_52' title="bbox 2147 2544 3804 2617">
    <p class='ocr_par' dir='ltr' id='par_1_52' title="bbox 2147 2544 3804 2617">
     <span class='ocr_line' id='line_1_52' title="bbox 2147 2544 3804 2617; baseline -0.001 -16"><span class='ocrx_word' id='word_1_453' title='bbox 2147 2546 2363 2601; x_wconf 67' lang='lat' dir='ltr'><strong>Judaais</strong></span> <span class='ocrx_word' id='word_1_454' title='bbox 2386 2562 2399 2602; x_wconf 91' lang='lat'><strong>:</strong></span> <span class='ocrx_word' id='word_1_455' title='bbox 2435 2568 2463 2595; x_wconf 90' lang='grc'><strong>‹‹</strong></span> <span class='ocrx_word' id='word_1_456' title='bbox 2495 2546 2612 2602; x_wconf 88' lang='lat' dir='ltr'><strong>Vos</strong></span> <span class='ocrx_word' id='word_1_457' title='bbox 2632 2564 2698 2603; x_wconf 84' lang='lat' dir='ltr'><strong>ex</strong></span> <span class='ocrx_word' id='word_1_458' title='bbox 2715 2546 2829 2602; x_wconf 90' lang='lat' dir='ltr'><strong>Deo</strong></span> <span class='ocrx_word' id='word_1_459' title='bbox 2844 2563 2958 2600; x_wconf 90' lang='lat' dir='ltr'><strong>non</strong></span> <span class='ocrx_word' id='word_1_460' title='bbox 2977 2546 3139 2613; x_wconf 88' lang='lat' dir='ltr'><strong>estis,</strong></span> <span class='ocrx_word' id='word_1_461' title='bbox 3157 2569 3184 2595; x_wconf 88' lang='grc'><strong>››</strong></span> <span class='ocrx_word' id='word_1_462' title='bbox 3209 2562 3340 2600; x_wconf 91' lang='lat' dir='ltr'><strong>cum</strong></span> <span class='ocrx_word' id='word_1_463' title='bbox 3360 2544 3804 2617; x_wconf 83' lang='lat' dir='ltr'><strong>alibiscriptum</strong></span> 
     </span>
    </p>
   </div>
   <div class='ocr_carea' id='block_1_53' title="bbox 2149 2633 3806 2705">
    <p class='ocr_par' dir='ltr' id='par_1_53' title="bbox 2149 2633 3806 2705">
     <span class='ocr_line' id='line_1_53' title="bbox 2149 2633 3806 2705; baseline 0.001 -17"><span class='ocrx_word' id='word_1_464' title='bbox 2149 2633 2262 2689; x_wconf 90' lang='lat' dir='ltr'><strong>sit:</strong></span> <span class='ocrx_word' id='word_1_465' title='bbox 2296 2657 2322 2682; x_wconf 91' lang='grc'><strong><em>‹‹</em></strong></span> <span class='ocrx_word' id='word_1_466' title='bbox 2360 2633 2519 2689; x_wconf 89' lang='lat' dir='ltr'><strong>Vidit</strong></span> <span class='ocrx_word' id='word_1_467' title='bbox 2536 2635 2687 2690; x_wconf 91' lang='lat' dir='ltr'><strong>Deus</strong></span> <span class='ocrx_word' id='word_1_468' title='bbox 2733 2640 2945 2689; x_wconf 85' lang='lat' dir='ltr'><strong>cuncta</strong></span> <span class='ocrx_word' id='word_1_469' title='bbox 2988 2650 3119 2705; x_wconf 69' lang='lat' dir='ltr'><strong>quae</strong></span> <span class='ocrx_word' id='word_1_470' title='bbox 3168 2634 3320 2698; x_wconf 79' lang='lat' dir='ltr'><strong>fecit,</strong></span> <span class='ocrx_word' id='word_1_471' title='bbox 3353 2638 3409 2688; x_wconf 87' lang='lat' dir='ltr'><strong>et</strong></span> <span class='ocrx_word' id='word_1_472' title='bbox 3437 2638 3605 2689; x_wconf 85' lang='lat' dir='ltr'><strong>erant</strong></span> <span class='ocrx_word' id='word_1_473' title='bbox 3630 2633 3806 2690; x_wconf 87' lang='lat' dir='ltr'><strong>valde</strong></span> 
     </span>
    </p>
   </div>
   <div class='ocr_carea' id='block_1_54' title="bbox 2148 2722 3806 2792">
    <p class='ocr_par' dir='ltr' id='par_1_54' title="bbox 2148 2722 3806 2792">
     <span class='ocr_line' id='line_1_54' title="bbox 2148 2722 3806 2792; baseline 0.001 -15"><span class='ocrx_word' id='word_1_474' title='bbox 2148 2723 2303 2778; x_wconf 90' lang='lat' dir='ltr'><strong>bona</strong></span> <span class='ocrx_word' id='word_1_475' title='bbox 2334 2724 2485 2789; x_wconf 80' lang='lat' dir='ltr'><strong>(Gen.</strong></span> <span class='ocrx_word' id='word_1_476' title='bbox 2516 2728 2574 2792; x_wconf 84' lang='grc' dir='ltr'><strong>ι).</strong></span> <span class='ocrx_word' id='word_1_477' title='bbox 2613 2746 2641 2774; x_wconf 83' lang='grc'><strong>››</strong></span> <span class='ocrx_word' id='word_1_478' title='bbox 2674 2724 2739 2778; x_wconf 85' lang='lat' dir='ltr'><strong>Et</strong></span> <span class='ocrx_word' id='word_1_479' title='bbox 2786 2724 3033 2778; x_wconf 86' lang='lat' dir='ltr'><strong>iterum:</strong></span> <span class='ocrx_word' id='word_1_480' title='bbox 3069 2746 3097 2773; x_wconf 86' lang='grc'><em>‹‹</em></span> <span class='ocrx_word' id='word_1_481' title='bbox 3128 2723 3238 2790; x_wconf 83' lang='lat' dir='ltr'><strong>Qui</strong></span> <span class='ocrx_word' id='word_1_482' title='bbox 3287 2728 3484 2778; x_wconf 88' lang='lat' dir='ltr'><strong>manet</strong></span> <span class='ocrx_word' id='word_1_483' title='bbox 3530 2722 3588 2778; x_wconf 90' lang='lat' dir='ltr'><strong>in</strong></span> <span class='ocrx_word' id='word_1_484' title='bbox 3629 2729 3806 2778; x_wconf 69' lang='lat' dir='ltr'><strong>mter-</strong></span> 
     </span>
    </p>
   </div>
   <div class='ocr_carea' id='block_1_55' title="bbox 2150 2811 3801 2884">
    <p class='ocr_par' dir='ltr' id='par_1_55' title="bbox 2150 2811 3801 2884">
     <span class='ocr_line' id='line_1_55' title="bbox 2150 2811 3801 2884; baseline 0.001 -19"><span class='ocrx_word' id='word_1_485' title='bbox 2150 2827 2314 2878; x_wconf 90' lang='lat' dir='ltr'><strong>num,</strong></span> <span class='ocrx_word' id='word_1_486' title='bbox 2348 2813 2565 2868; x_wconf 90' lang='lat' dir='ltr'><strong>creavit</strong></span> <span class='ocrx_word' id='word_1_487' title='bbox 2595 2811 2795 2867; x_wconf 86' lang='lat' dir='ltr'><strong>omnia</strong></span> <span class='ocrx_word' id='word_1_488' title='bbox 2827 2811 3003 2867; x_wconf 88' lang='lat' dir='ltr'><strong>simul</strong></span> <span class='ocrx_word' id='word_1_489' title='bbox 3038 2813 3224 2883; x_wconf 76' lang='lat' dir='ltr'><strong>(Eccli.</strong></span> <span class='ocrx_word' id='word_1_490' title='bbox 3257 2816 3438 2880; x_wconf 84' lang='lat' dir='ltr'><strong>xvm).</strong></span> <span class='ocrx_word' id='word_1_491' title='bbox 3475 2834 3504 2860; x_wconf 84' lang='grc'><strong><em>››</em></strong></span> <span class='ocrx_word' id='word_1_492' title='bbox 3532 2812 3614 2867; x_wconf 84' lang='lat' dir='ltr'><strong>Ad</strong></span> <span class='ocrx_word' id='word_1_493' title='bbox 3637 2813 3801 2884; x_wconf 90' lang='lat' dir='ltr'><strong>quod</strong></span> 
     </span>
    </p>
   </div>
   <div class='ocr_carea' id='block_1_56' title="bbox 2149 2901 3801 2974">
    <p class='ocr_par' dir='ltr' id='par_1_56' title="bbox 2149 2901 3801 2974">
     <span class='ocr_line' id='line_1_56' title="bbox 2149 2901 3801 2974; baseline 0.001 -18"><span class='ocrx_word' id='word_1_494' title='bbox 2149 2901 2485 2965; x_wconf 89' lang='lat' dir='ltr'><strong>dicendum,</strong></span> <span class='ocrx_word' id='word_1_495' title='bbox 2517 2902 2657 2973; x_wconf 89' lang='lat' dir='ltr'><strong>quia</strong></span> <span class='ocrx_word' id='word_1_496' title='bbox 2688 2918 2803 2957; x_wconf 89' lang='lat' dir='ltr'><strong>non</strong></span> <span class='ocrx_word' id='word_1_497' title='bbox 2836 2906 3011 2974; x_wconf 89' lang='lat' dir='ltr'><strong>negat</strong></span> <span class='ocrx_word' id='word_1_498' title='bbox 3039 2918 3137 2957; x_wconf 89' lang='lat' dir='ltr'><strong>eos</strong></span> <span class='ocrx_word' id='word_1_499' title='bbox 3165 2906 3374 2957; x_wconf 87' lang='lat' dir='ltr'><strong>natura</strong></span> <span class='ocrx_word' id='word_1_500' title='bbox 3402 2908 3470 2957; x_wconf 72' lang='lat' dir='ltr'><strong>&quot;ex</strong></span> <span class='ocrx_word' id='word_1_501' title='bbox 3500 2901 3615 2957; x_wconf 91' lang='lat' dir='ltr'><strong>Deo</strong></span> <span class='ocrx_word' id='word_1_502' title='bbox 3644 2918 3801 2969; x_wconf 84' lang='lat' dir='ltr'><strong>esse,</strong></span> 
     </span>
    </p>
   </div>
   <div class='ocr_carea' id='block_1_57' title="bbox 2149 2988 3803 3055">
    <p class='ocr_par' dir='ltr' id='par_1_57' title="bbox 2149 2988 3803 3055">
     <span class='ocr_line' id='line_1_57' title="bbox 2149 2988 3803 3055; baseline 0.002 -13"><span class='ocrx_word' id='word_1_503' title='bbox 2149 2988 2261 3043; x_wconf 79' lang='lat' dir='ltr'><strong>sed-</strong></span> <span class='ocrx_word' id='word_1_504' title='bbox 2284 2988 2443 3044; x_wconf 91' lang='lat' dir='ltr'><strong>vitio.</strong></span> <span class='ocrx_word' id='word_1_505' title='bbox 2471 2988 2644 3045; x_wconf 88' lang='lat' dir='ltr'><strong>Aliud</strong></span> <span class='ocrx_word' id='word_1_506' title='bbox 2676 2994 2766 3044; x_wconf 90' lang='lat' dir='ltr'><strong>est</strong></span> <span class='ocrx_word' id='word_1_507' title='bbox 2793 2988 2949 3045; x_wconf 90' lang='lat' dir='ltr'><strong>enim</strong></span> <span class='ocrx_word' id='word_1_508' title='bbox 2999 2992 3209 3044; x_wconf 89' lang='lat' dir='ltr'><strong>natura</strong></span> <span class='ocrx_word' id='word_1_509' title='bbox 3256 2988 3314 3044; x_wconf 87' lang='lat' dir='ltr'><strong>in</strong></span> <span class='ocrx_word' id='word_1_510' title='bbox 3346 2988 3604 3055; x_wconf 86' lang='lat' dir='ltr'><strong>homine,</strong></span> <span class='ocrx_word' id='word_1_511' title='bbox 3636 2988 3803 3045; x_wconf 81' lang='lat' dir='ltr'><strong>aliud</strong></span> 
     </span>
    </p>
   </div>
   <div class='ocr_carea' id='block_1_58' title="bbox 2151 3076 3801 3148">
    <p class='ocr_par' dir='ltr' id='par_1_58' title="bbox 2151 3076 3801 3148">
     <span class='ocr_line' id='line_1_58' title="bbox 2151 3076 3801 3148; baseline 0.001 -15"><span class='ocrx_word' id='word_1_512' title='bbox 2151 3082 2491 3148; x_wconf 89' lang='lat' dir='ltr'><strong>peccatum:</strong></span> <span class='ocrx_word' id='word_1_513' title='bbox 2525 3078 2744 3133; x_wconf 88' lang='lat' dir='ltr'><strong>Natura</strong></span> <span class='ocrx_word' id='word_1_514' title='bbox 2773 3076 2833 3132; x_wconf 92' lang='lat' dir='ltr'><strong>in</strong></span> <span class='ocrx_word' id='word_1_515' title='bbox 2880 3077 3140 3145; x_wconf 90' lang='lat' dir='ltr'><strong>homine,</strong></span> <span class='ocrx_word' id='word_1_516' title='bbox 3173 3094 3208 3132; x_wconf 90' lang='lat' dir='ltr'><strong>a</strong></span> <span class='ocrx_word' id='word_1_517' title='bbox 3253 3078 3367 3133; x_wconf 89' lang='lat' dir='ltr'><strong>Deo</strong></span> <span class='ocrx_word' id='word_1_518' title='bbox 3411 3083 3605 3133; x_wconf 85' lang='lat' dir='ltr'><strong>creata</strong></span> <span class='ocrx_word' id='word_1_519' title='bbox 3632 3077 3801 3134; x_wconf 84' lang='lat' dir='ltr'><strong>valde</strong></span> 
     </span>
    </p>
   </div>
   <div class='ocr_carea' id='block_1_59' title="bbox 389 3153 3798 3244">
    <p class='ocr_par' dir='ltr' id='par_1_59' title="bbox 389 3153 3798 3244">
     <span class='ocr_line' id='line_1_59' title="bbox 389 3153 3798 3244; baseline -0.001 -16"><span class='ocrx_word' id='word_1_520' title='bbox 389 3174 473 3228; x_wconf 88' lang='lat' dir='ltr'><strong>Ad</strong></span> <span class='ocrx_word' id='word_1_521' title='bbox 523 3188 700 3244; x_wconf 86' lang='lat' dir='ltr'><strong>quam</strong></span> <span class='ocrx_word' id='word_1_522' title='bbox 744 3171 1261 3243; x_wconf 80' lang='lat' dir='ltr'><strong>interrogationem</strong></span> <span class='ocrx_word' id='word_1_523' title='bbox 1314 3168 1580 3240; x_wconf 88' lang='lat' dir='ltr'><strong>protinus</strong></span> <span class='ocrx_word' id='word_1_524' title='bbox 1627 3168 2032 3239; x_wconf 87' lang='lat' dir='ltr'><strong>respondetur,</strong></span> <span class='ocrx_word' id='word_1_525' title='bbox 2067 3153 2109 3219; x_wconf 84' lang='lat' dir='ltr'>C</span> <span class='ocrx_word' id='word_1_526' title='bbox 2146 3167 2299 3222; x_wconf 89' lang='lat' dir='ltr'><strong>bona</strong></span> <span class='ocrx_word' id='word_1_527' title='bbox 2329 3172 2437 3232; x_wconf 86' lang='lat' dir='ltr'><strong>est,</strong></span> <span class='ocrx_word' id='word_1_528' title='bbox 2460 3170 2762 3239; x_wconf 87' lang='lat' dir='ltr'><strong>peccatum</strong></span> <span class='ocrx_word' id='word_1_529' title='bbox 2794 3183 2828 3221; x_wconf 89' lang='lat' dir='ltr'><strong>a</strong></span> <span class='ocrx_word' id='word_1_530' title='bbox 2855 3165 3087 3222; x_wconf 88' lang='lat' dir='ltr'><strong>diabolo</strong></span> <span class='ocrx_word' id='word_1_531' title='bbox 3119 3166 3420 3222; x_wconf 88' lang='lat' dir='ltr'><strong>inventum</strong></span> <span class='ocrx_word' id='word_1_532' title='bbox 3451 3168 3798 3223; x_wconf 87' lang='lat' dir='ltr'><strong>est.Bonum</strong></span> 
     </span>
    </p>
   </div>
   <div class='ocr_carea' id='block_1_60' title="bbox 389 3256 2037 3330">
    <p class='ocr_par' dir='ltr' id='par_1_60' title="bbox 389 3256 2037 3330">
     <span class='ocr_line' id='line_1_60' title="bbox 389 3256 2037 3330; baseline -0.005 -12"><span class='ocrx_word' id='word_1_533' title='bbox 389 3280 523 3318; x_wconf 88' lang='lat' dir='ltr'><strong>cum</strong></span> <span class='ocrx_word' id='word_1_534' title='bbox 554 3261 864 3317; x_wconf 89' lang='lat' dir='ltr'><strong>subditur:</strong></span> <span class='ocrx_word' id='word_1_535' title='bbox 893 3282 921 3310; x_wconf 76' lang='grc' dir='ltr'>α</span> <span class='ocrx_word' id='word_1_536' title='bbox 943 3258 1051 3323; x_wconf 89' lang='lat' dir='ltr'><strong>Qui</strong></span> <span class='ocrx_word' id='word_1_537' title='bbox 1075 3258 1401 3330; x_wconf 88' lang='lat' dir='ltr'><strong>ingreditur</strong></span> <span class='ocrx_word' id='word_1_538' title='bbox 1421 3256 1545 3312; x_wconf 90' lang='lat' dir='ltr'><strong>sine</strong></span> <span class='ocrx_word' id='word_1_539' title='bbox 1568 3256 1880 3321; x_wconf 87' lang='lat' dir='ltr'><strong>macula,et</strong></span> <span class='ocrx_word' id='word_1_540' title='bbox 1901 3272 2037 3326; x_wconf 90' lang='lat' dir='ltr'><strong>ope-</strong></span> 
     </span>
    </p>
   </div>
   <div class='ocr_carea' id='block_1_61' title="bbox 388 3336 2033 3421">
    <p class='ocr_par' dir='ltr' id='par_1_61' title="bbox 388 3336 2033 3421">
     <span class='ocr_line' id='line_1_61' title="bbox 388 3336 2033 3421; baseline -0.004 -15"><span class='ocrx_word' id='word_1_541' title='bbox 388 3355 550 3406; x_wconf 88' lang='lat' dir='ltr'><strong>ratur</strong></span> <span class='ocrx_word' id='word_1_542' title='bbox 570 3336 888 3421; x_wconf 83' lang='lat' dir='ltr'><strong>justitiam.</strong></span> <span class='ocrx_word' id='word_1_543' title='bbox 924 3369 952 3396; x_wconf 82' lang='lat'>»</span> <span class='ocrx_word' id='word_1_544' title='bbox 1000 3345 1380 3417; x_wconf 85' lang='lat' dir='ltr'><strong>Abnegantis,</strong></span> <span class='ocrx_word' id='word_1_545' title='bbox 1412 3343 1564 3399; x_wconf 90' lang='lat' dir='ltr'><strong>sicut</strong></span> <span class='ocrx_word' id='word_1_546' title='bbox 1618 3343 1894 3398; x_wconf 87' lang='lat' dir='ltr'><strong>Salomon</strong></span> <span class='ocrx_word' id='word_1_547' title='bbox 1925 3344 2033 3399; x_wconf 90' lang='lat' dir='ltr'><strong>ait:</strong></span> 
     </span>
    </p>
   </div>
   <div class='ocr_carea' id='block_1_62' title="bbox 390 3433 2039 3510">
    <p class='ocr_par' dir='ltr' id='par_1_62' title="bbox 390 3433 2039 3510">
     <span class='ocr_line' id='line_1_62' title="bbox 390 3433 2039 3510; baseline -0.002 -20"><span class='ocrx_word' id='word_1_548' title='bbox 390 3462 418 3490; x_wconf 84' lang='lat'><strong><em>«</em></strong></span> <span class='ocrx_word' id='word_1_549' title='bbox 454 3439 595 3505; x_wconf 86' lang='lat' dir='ltr'><strong>Quis</strong></span> <span class='ocrx_word' id='word_1_550' title='bbox 627 3442 816 3510; x_wconf 90' lang='lat' dir='ltr'><strong>potest</strong></span> <span class='ocrx_word' id='word_1_551' title='bbox 847 3433 1359 3503; x_wconf 87' lang='lat' dir='ltr'><strong>dicere,Mundum</strong></span> <span class='ocrx_word' id='word_1_552' title='bbox 1391 3437 1480 3487; x_wconf 91' lang='lat' dir='ltr'><strong>est</strong></span> <span class='ocrx_word' id='word_1_553' title='bbox 1503 3449 1602 3486; x_wconf 91' lang='lat' dir='ltr'><strong>cor</strong></span> <span class='ocrx_word' id='word_1_554' title='bbox 1631 3447 2039 3502; x_wconf 87' lang='lat' dir='ltr'><strong>mcum,purus</strong></span> 
     </span>
    </p>
   </div>
   <div class='ocr_carea' id='block_1_63' title="bbox 389 3519 2038 3597">
    <p class='ocr_par' dir='ltr' id='par_1_63' title="bbox 389 3519 2038 3597">
     <span class='ocr_line' id='line_1_63' title="bbox 389 3519 2038 3597; baseline -0.004 -16"><span class='ocrx_word' id='word_1_555' title='bbox 389 3542 523 3582; x_wconf 87' lang='lat' dir='ltr'><strong>sum</strong></span> <span class='ocrx_word' id='word_1_556' title='bbox 554 3542 588 3579; x_wconf 91' lang='lat' dir='ltr'><strong>a</strong></span> <span class='ocrx_word' id='word_1_557' title='bbox 618 3529 850 3597; x_wconf 88' lang='lat' dir='ltr'><strong>peccato</strong></span> <span class='ocrx_word' id='word_1_558' title='bbox 870 3522 1199 3592; x_wconf 81' lang='lat' dir='ltr'><strong>(Prov.xx)‘?</strong></span> <span class='ocrx_word' id='word_1_559' title='bbox 1231 3543 1257 3569; x_wconf 86' lang='grc'>››</span> <span class='ocrx_word' id='word_1_560' title='bbox 1282 3522 1350 3575; x_wconf 86' lang='lat' dir='ltr'><strong>Et</strong></span> <span class='ocrx_word' id='word_1_561' title='bbox 1370 3520 1620 3574; x_wconf 88' lang='lat' dir='ltr'><strong>iterum:</strong></span> <span class='ocrx_word' id='word_1_562' title='bbox 1657 3541 1684 3568; x_wconf 87' lang='lat'><strong>«</strong></span> <span class='ocrx_word' id='word_1_563' title='bbox 1718 3520 1782 3573; x_wconf 88' lang='lat' dir='ltr'><strong>In</strong></span> <span class='ocrx_word' id='word_1_564' title='bbox 1813 3519 2038 3575; x_wconf 85' lang='lat' dir='ltr'><strong>inferno</strong></span> 
     </span>
    </p>
   </div>
   <div class='ocr_carea' id='block_1_64' title="bbox 390 3607 2035 3684">
    <p class='ocr_par' dir='ltr' id='par_1_64' title="bbox 390 3607 2035 3684">
     <span class='ocr_line' id='line_1_64' title="bbox 390 3607 2035 3684; baseline -0.004 -15"><span class='ocrx_word' id='word_1_565' title='bbox 390 3617 585 3669; x_wconf 81' lang='lat' dir='ltr'><strong>autem</strong></span> <span class='ocrx_word' id='word_1_566' title='bbox 615 3612 751 3684; x_wconf 91' lang='lat' dir='ltr'><strong>quis</strong></span> <span class='ocrx_word' id='word_1_567' title='bbox 780 3609 1157 3666; x_wconf 79' lang='lat' dir='ltr'><strong>confitebitur</strong></span> <span class='ocrx_word' id='word_1_568' title='bbox 1185 3608 1291 3663; x_wconf 89' lang='lat' dir='ltr'><strong>tibi</strong></span> <span class='ocrx_word' id='word_1_569' title='bbox 1315 3608 1487 3679; x_wconf 78' lang='lat' dir='ltr'><strong>(Psal.</strong></span> <span class='ocrx_word' id='word_1_570' title='bbox 1512 3607 1589 3678; x_wconf 74' lang='lat' dir='ltr'><strong>vn)</strong></span> <span class='ocrx_word' id='word_1_571' title='bbox 1608 3607 1669 3662; x_wconf 80' lang='lat' dir='ltr'><strong>?n</strong></span> <span class='ocrx_word' id='word_1_572' title='bbox 1693 3607 1794 3662; x_wconf 89' lang='lat' dir='ltr'><strong>ubi</strong></span> <span class='ocrx_word' id='word_1_573' title='bbox 1819 3608 2035 3663; x_wconf 89' lang='lat' dir='ltr'><strong>subau-</strong></span> 
     </span>
    </p>
   </div>
   <div class='ocr_carea' id='block_1_65' title="bbox 389 3695 2042 3771">
    <p class='ocr_par' dir='ltr' id='par_1_65' title="bbox 389 3695 2042 3771">
     <span class='ocr_line' id='line_1_65' title="bbox 389 3695 2042 3771; baseline -0.002 -14"><span class='ocrx_word' id='word_1_574' title='bbox 389 3701 670 3758; x_wconf 87' lang='lat' dir='ltr'><strong>diendum</strong></span> <span class='ocrx_word' id='word_1_575' title='bbox 699 3705 787 3755; x_wconf 90' lang='lat' dir='ltr'><strong>est</strong></span> <span class='ocrx_word' id='word_1_576' title='bbox 817 3716 920 3771; x_wconf 88' lang='lat' dir='ltr'><strong>per</strong></span> <span class='ocrx_word' id='word_1_577' title='bbox 949 3697 1204 3770; x_wconf 89' lang='lat' dir='ltr'><strong>singula,</strong></span> <span class='ocrx_word' id='word_1_578' title='bbox 1237 3695 1456 3752; x_wconf 91' lang='lat' dir='ltr'><strong>nullus.</strong></span> <span class='ocrx_word' id='word_1_579' title='bbox 1485 3701 1571 3751; x_wconf 87' lang='lat' dir='ltr'><strong>lta</strong></span> <span class='ocrx_word' id='word_1_580' title='bbox 1598 3702 1656 3751; x_wconf 92' lang='lat' dir='ltr'><strong>et</strong></span> <span class='ocrx_word' id='word_1_581' title='bbox 1688 3696 1746 3751; x_wconf 89' lang='lat' dir='ltr'><strong>in</strong></span> <span class='ocrx_word' id='word_1_582' title='bbox 1778 3695 1887 3752; x_wconf 89' lang='lat' dir='ltr'><strong>hoc</strong></span> <span class='ocrx_word' id='word_1_583' title='bbox 1914 3696 2042 3753; x_wconf 91' lang='lat' dir='ltr'><strong>loco</strong></span> 
     </span>
    </p>
   </div>
   <div class='ocr_carea' id='block_1_66' title="bbox 389 3784 2041 3861">
    <p class='ocr_par' dir='ltr' id='par_1_66' title="bbox 389 3784 2041 3861">
     <span class='ocr_line' id='line_1_66' title="bbox 389 3784 2041 3861; baseline -0.001 -16"><span class='ocrx_word' id='word_1_584' title='bbox 389 3789 731 3861; x_wconf 80' lang='lat' dir='ltr'><strong>abnegative</strong></span> <span class='ocrx_word' id='word_1_585' title='bbox 761 3787 1156 3859; x_wconf 88' lang='lat' dir='ltr'><strong>ponitur,cum</strong></span> <span class='ocrx_word' id='word_1_586' title='bbox 1181 3804 1215 3840; x_wconf 89' lang='lat' dir='ltr'><strong>a</strong></span> <span class='ocrx_word' id='word_1_587' title='bbox 1235 3784 1481 3840; x_wconf 90' lang='lat' dir='ltr'><strong>Domino</strong></span> <span class='ocrx_word' id='word_1_588' title='bbox 1501 3784 1716 3840; x_wconf 89' lang='lat' dir='ltr'><strong>dicitur</strong></span> <span class='ocrx_word' id='word_1_589' title='bbox 1734 3801 1746 3839; x_wconf 90' lang='lat'><strong>:</strong></span> <span class='ocrx_word' id='word_1_590' title='bbox 1769 3786 1953 3851; x_wconf 81' lang='lat' dir='ltr'><strong>«Quis</strong></span> <span class='ocrx_word' id='word_1_591' title='bbox 1971 3803 2041 3843; x_wconf 82' lang='lat' dir='ltr'><strong>ex</strong></span> 
     </span>
    </p>
   </div>
   <div class='ocr_carea' id='block_1_67' title="bbox 388 3873 2035 3949">
    <p class='ocr_par' dir='ltr' id='par_1_67' title="bbox 388 3873 2035 3949">
     <span class='ocr_line' id='line_1_67' title="bbox 388 3873 2035 3949; baseline -0.002 -15"><span class='ocrx_word' id='word_1_592' title='bbox 388 3876 552 3934; x_wconf 87' lang='lat' dir='ltr'><strong>vobis</strong></span> <span class='ocrx_word' id='word_1_593' title='bbox 572 3880 779 3949; x_wconf 82' lang='lat' dir='ltr'><strong>arguet</strong></span> <span class='ocrx_word' id='word_1_594' title='bbox 807 3891 900 3931; x_wconf 90' lang='lat' dir='ltr'><strong>me</strong></span> <span class='ocrx_word' id='word_1_595' title='bbox 931 3874 1003 3929; x_wconf 89' lang='lat' dir='ltr'><strong>de</strong></span> <span class='ocrx_word' id='word_1_596' title='bbox 1034 3879 1265 3946; x_wconf 88' lang='lat' dir='ltr'><strong>peccato</strong></span> <span class='ocrx_word' id='word_1_597' title='bbox 1285 3874 1312 3928; x_wconf 73' lang='lat'><strong>‘2</strong></span> <span class='ocrx_word' id='word_1_598' title='bbox 1344 3896 1373 3923; x_wconf 84' lang='grc'><strong>››</strong></span> <span class='ocrx_word' id='word_1_599' title='bbox 1414 3873 1785 3942; x_wconf 87' lang='lat' dir='ltr'><strong>subauditur,</strong></span> <span class='ocrx_word' id='word_1_600' title='bbox 1819 3874 2035 3931; x_wconf 89' lang='lat' dir='ltr'><strong>nullus.</strong></span> 
     </span>
    </p>
   </div>
   <div class='ocr_carea' id='block_1_68' title="bbox 391 3963 2040 4037">
    <p class='ocr_par' dir='ltr' id='par_1_68' title="bbox 391 3963 2040 4037">
     <span class='ocr_line' id='line_1_68' title="bbox 391 3963 2040 4037; baseline -0.001 -16"><span class='ocrx_word' id='word_1_601' title='bbox 391 3966 570 4025; x_wconf 86' lang='lat' dir='ltr'><strong>Nemo</strong></span> <span class='ocrx_word' id='word_1_602' title='bbox 598 3978 732 4020; x_wconf 88' lang='lat' dir='ltr'><strong>eum</strong></span> <span class='ocrx_word' id='word_1_603' title='bbox 766 3964 839 4019; x_wconf 90' lang='lat' dir='ltr'><strong>de</strong></span> <span class='ocrx_word' id='word_1_604' title='bbox 870 3968 1101 4035; x_wconf 87' lang='lat' dir='ltr'><strong>peccato</strong></span> <span class='ocrx_word' id='word_1_605' title='bbox 1127 3978 1369 4034; x_wconf 86' lang='lat' dir='ltr'><strong>arguere</strong></span> <span class='ocrx_word' id='word_1_606' title='bbox 1400 3965 1644 4034; x_wconf 86' lang='lat' dir='ltr'><strong>poterat,</strong></span> <span class='ocrx_word' id='word_1_607' title='bbox 1679 3963 1778 4035; x_wconf 93' lang='lat' dir='ltr'><strong>qui</strong></span> <span class='ocrx_word' id='word_1_608' title='bbox 1810 3968 1876 4019; x_wconf 90' lang='lat' dir='ltr'><strong>ut</strong></span> <span class='ocrx_word' id='word_1_609' title='bbox 1907 3981 2040 4037; x_wconf 91' lang='lat' dir='ltr'><strong>pec-</strong></span> 
     </span>
    </p>
   </div>
   <div class='ocr_carea' id='block_1_69' title="bbox 330 4050 2042 4128">
    <p class='ocr_par' dir='ltr' id='par_1_69' title="bbox 330 4050 2042 4128">
     <span class='ocr_line' id='line_1_69' title="bbox 330 4050 2042 4128; baseline -0.001 -18"><span class='ocrx_word' id='word_1_610' title='bbox 330 4122 342 4128; x_wconf 31' lang='lat'><em>,</em></span> <span class='ocrx_word' id='word_1_611' title='bbox 392 4059 621 4110; x_wconf 84' lang='lat' dir='ltr'><strong>catores</strong></span> <span class='ocrx_word' id='word_1_612' title='bbox 647 4070 682 4109; x_wconf 91' lang='lat' dir='ltr'><strong>a</strong></span> <span class='ocrx_word' id='word_1_613' title='bbox 709 4056 947 4124; x_wconf 89' lang='lat' dir='ltr'><strong>peccato</strong></span> <span class='ocrx_word' id='word_1_614' title='bbox 981 4050 1245 4117; x_wconf 88' lang='lat' dir='ltr'><strong>solveret,</strong></span> <span class='ocrx_word' id='word_1_615' title='bbox 1268 4050 1326 4106; x_wconf 89' lang='lat' dir='ltr'><strong>in</strong></span> <span class='ocrx_word' id='word_1_616' title='bbox 1360 4052 1649 4107; x_wconf 90' lang='lat' dir='ltr'><strong>mundum</strong></span> <span class='ocrx_word' id='word_1_617' title='bbox 1679 4053 1900 4124; x_wconf 89' lang='lat' dir='ltr'><strong>absque</strong></span> <span class='ocrx_word' id='word_1_618' title='bbox 1917 4070 2042 4124; x_wconf 87' lang='lat' dir='ltr'><strong>pec-</strong></span> 
     </span>
    </p>
   </div>
   <div class='ocr_carea' id='block_1_70' title="bbox 391 4140 2040 4213">
    <p class='ocr_par' dir='ltr' id='par_1_70' title="bbox 391 4140 2040 4213">
     <span class='ocr_line' id='line_1_70' title="bbox 391 4140 2040 4213; baseline -0.001 -14"><span class='ocrx_word' id='word_1_619' title='bbox 391 4149 520 4200; x_wconf 91' lang='lat' dir='ltr'><strong>cato</strong></span> <span class='ocrx_word' id='word_1_620' title='bbox 550 4148 806 4199; x_wconf 87' lang='lat' dir='ltr'><strong>venerat.</strong></span> <span class='ocrx_word' id='word_1_621' title='bbox 839 4141 951 4197; x_wconf 79' lang='lat' dir='ltr'><strong>Alii</strong></span> <span class='ocrx_word' id='word_1_622' title='bbox 983 4157 1240 4213; x_wconf 89' lang='lat' dir='ltr'><strong>namque</strong></span> <span class='ocrx_word' id='word_1_623' title='bbox 1271 4141 1543 4197; x_wconf 88' lang='lat' dir='ltr'><strong>homines</strong></span> <span class='ocrx_word' id='word_1_624' title='bbox 1573 4140 1797 4197; x_wconf 89' lang='lat' dir='ltr'><strong>similes</strong></span> <span class='ocrx_word' id='word_1_625' title='bbox 1835 4142 1947 4197; x_wconf 87' lang='lat' dir='ltr'><strong>sibi</strong></span> <span class='ocrx_word' id='word_1_626' title='bbox 1970 4142 2040 4198; x_wconf 90' lang='lat' dir='ltr'><strong>de</strong></span> 
     </span>
    </p>
   </div>
   <div class='ocr_carea' id='block_1_71' title="bbox 391 4230 2040 4306">
    <p class='ocr_par' dir='ltr' id='par_1_71' title="bbox 391 4230 2040 4306">
     <span class='ocr_line' id='line_1_71' title="bbox 391 4230 2040 4306; baseline -0.001 -18"><span class='ocrx_word' id='word_1_627' title='bbox 391 4232 644 4306; x_wconf 88' lang='lat' dir='ltr'><strong>peccatis</strong></span> <span class='ocrx_word' id='word_1_628' title='bbox 677 4233 1024 4304; x_wconf 85' lang='lat' dir='ltr'><strong>redarguere</strong></span> <span class='ocrx_word' id='word_1_629' title='bbox 1047 4234 1314 4303; x_wconf 90' lang='lat' dir='ltr'><strong>possunt,</strong></span> <span class='ocrx_word' id='word_1_630' title='bbox 1336 4230 1455 4286; x_wconf 87' lang='lat' dir='ltr'><strong>sive</strong></span> <span class='ocrx_word' id='word_1_631' title='bbox 1483 4230 1554 4287; x_wconf 92' lang='lat' dir='ltr'><strong>de</strong></span> <span class='ocrx_word' id='word_1_632' title='bbox 1584 4231 2040 4302; x_wconf 81' lang='lat' dir='ltr'><strong>praeteritis,sive</strong></span> 
     </span>
    </p>
   </div>
   <div class='ocr_carea' id='block_1_72' title="bbox 391 4318 2039 4392">
    <p class='ocr_par' dir='ltr' id='par_1_72' title="bbox 391 4318 2039 4392">
     <span class='ocr_line' id='line_1_72' title="bbox 391 4318 2039 4392; baseline -0.001 -17"><span class='ocrx_word' id='word_1_633' title='bbox 391 4321 462 4376; x_wconf 91' lang='lat' dir='ltr'><strong>de</strong></span> <span class='ocrx_word' id='word_1_634' title='bbox 493 4320 727 4386; x_wconf 87' lang='lat' dir='ltr'><strong>futuris,</strong></span> <span class='ocrx_word' id='word_1_635' title='bbox 755 4337 882 4392; x_wconf 74' lang='lat' dir='ltr'><strong>quas</strong></span> <span class='ocrx_word' id='word_1_636' title='bbox 914 4319 1229 4392; x_wconf 84' lang='lat' dir='ltr'><strong>perpetrari</strong></span> <span class='ocrx_word' id='word_1_637' title='bbox 1274 4324 1554 4390; x_wconf 87' lang='lat' dir='ltr'><strong>possunt:</strong></span> <span class='ocrx_word' id='word_1_638' title='bbox 1589 4318 1903 4375; x_wconf 91' lang='lat' dir='ltr'><strong>Dominum</strong></span> <span class='ocrx_word' id='word_1_639' title='bbox 1934 4337 2039 4374; x_wconf 88' lang='lat' dir='ltr'><strong>au-</strong></span> 
     </span>
    </p>
   </div>
   <div class='ocr_carea' id='block_1_73' title="bbox 391 4408 2040 4480">
    <p class='ocr_par' dir='ltr' id='par_1_73' title="bbox 391 4408 2040 4480">
     <span class='ocr_line' id='line_1_73' title="bbox 391 4408 2040 4480; baseline -0.001 -14"><span class='ocrx_word' id='word_1_640' title='bbox 391 4414 508 4466; x_wconf 87' lang='lat' dir='ltr'><strong>tem</strong></span> <span class='ocrx_word' id='word_1_641' title='bbox 539 4413 738 4466; x_wconf 75' lang='lat' dir='ltr'><strong>Iesum</strong></span> <span class='ocrx_word' id='word_1_642' title='bbox 770 4409 1066 4466; x_wconf 84' lang='lat' dir='ltr'><strong>Christum</strong></span> <span class='ocrx_word' id='word_1_643' title='bbox 1099 4425 1205 4464; x_wconf 88' lang='lat' dir='ltr'><strong>nec</strong></span> <span class='ocrx_word' id='word_1_644' title='bbox 1236 4409 1307 4464; x_wconf 91' lang='lat' dir='ltr'><strong>de</strong></span> <span class='ocrx_word' id='word_1_645' title='bbox 1356 4408 1683 4480; x_wconf 75' lang='lat' dir='ltr'><strong>praeteritis,</strong></span> <span class='ocrx_word' id='word_1_646' title='bbox 1715 4426 1822 4465; x_wconf 89' lang='lat' dir='ltr'><strong>nec</strong></span> <span class='ocrx_word' id='word_1_647' title='bbox 1846 4410 1917 4465; x_wconf 91' lang='lat' dir='ltr'><strong>de</strong></span> <span class='ocrx_word' id='word_1_648' title='bbox 1948 4410 2040 4465; x_wconf 82' lang='lat' dir='ltr'><strong>fu-</strong></span> 
     </span>
    </p>
   </div>
   <div class='ocr_carea' id='block_1_74' title="bbox 2146 3254 3802 3327">
    <p class='ocr_par' dir='ltr' id='par_1_74' title="bbox 2146 3254 3802 3327">
     <span class='ocr_line' id='line_1_74' title="bbox 2146 3254 3802 3327; baseline 0 -17"><span class='ocrx_word' id='word_1_649' title='bbox 2146 3255 2361 3327; x_wconf 89' lang='lat' dir='ltr'><strong>quippe</strong></span> <span class='ocrx_word' id='word_1_650' title='bbox 2393 3255 2520 3311; x_wconf 88' lang='lat' dir='ltr'><strong>sine</strong></span> <span class='ocrx_word' id='word_1_651' title='bbox 2548 3254 2701 3310; x_wconf 90' lang='lat' dir='ltr'><strong>malo</strong></span> <span class='ocrx_word' id='word_1_652' title='bbox 2733 3270 2861 3310; x_wconf 89' lang='lat' dir='ltr'><strong>esse</strong></span> <span class='ocrx_word' id='word_1_653' title='bbox 2887 3259 3097 3327; x_wconf 88' lang='lat' dir='ltr'><strong>potest,</strong></span> <span class='ocrx_word' id='word_1_654' title='bbox 3122 3254 3347 3311; x_wconf 84' lang='lat' dir='ltr'><strong>malum</strong></span> <span class='ocrx_word' id='word_1_655' title='bbox 3375 3272 3508 3311; x_wconf 91' lang='lat' dir='ltr'><strong>vero</strong></span> <span class='ocrx_word' id='word_1_656' title='bbox 3538 3255 3667 3311; x_wconf 88' lang='lat' dir='ltr'><strong>sine</strong></span> <span class='ocrx_word' id='word_1_657' title='bbox 3700 3257 3802 3311; x_wconf 82' lang='lat' dir='ltr'><strong>bo-</strong></span> 
     </span>
    </p>
   </div>
   <div class='ocr_carea' id='block_1_75' title="bbox 2146 3343 3796 3416">
    <p class='ocr_par' dir='ltr' id='par_1_75' title="bbox 2146 3343 3796 3416">
     <span class='ocr_line' id='line_1_75' title="bbox 2146 3343 3796 3416; baseline 0.002 -18"><span class='ocrx_word' id='word_1_658' title='bbox 2146 3360 2221 3398; x_wconf 91' lang='lat' dir='ltr'><strong>no</strong></span> <span class='ocrx_word' id='word_1_659' title='bbox 2249 3359 2379 3399; x_wconf 90' lang='lat' dir='ltr'><strong>esse</strong></span> <span class='ocrx_word' id='word_1_660' title='bbox 2408 3359 2526 3399; x_wconf 89' lang='lat' dir='ltr'><strong>non</strong></span> <span class='ocrx_word' id='word_1_661' title='bbox 2555 3346 2780 3415; x_wconf 88' lang='lat' dir='ltr'><strong>potest;</strong></span> <span class='ocrx_word' id='word_1_662' title='bbox 2815 3345 2953 3416; x_wconf 84' lang='lat' dir='ltr'><strong>quia</strong></span> <span class='ocrx_word' id='word_1_663' title='bbox 2994 3345 3239 3416; x_wconf 89' lang='lat' dir='ltr'><strong>privatio</strong></span> <span class='ocrx_word' id='word_1_664' title='bbox 3268 3344 3426 3411; x_wconf 90' lang='lat' dir='ltr'><strong>boni,</strong></span> <span class='ocrx_word' id='word_1_665' title='bbox 3460 3343 3608 3399; x_wconf 91' lang='lat' dir='ltr'><strong>nihil</strong></span> <span class='ocrx_word' id='word_1_666' title='bbox 3629 3344 3796 3401; x_wconf 87' lang='lat' dir='ltr'><strong>aliud</strong></span> 
     </span>
    </p>
   </div>
   <div class='ocr_carea' id='block_1_76' title="bbox 2146 3431 3797 3506">
    <p class='ocr_par' dir='ltr' id='par_1_76' title="bbox 2146 3431 3797 3506">
     <span class='ocr_line' id='line_1_76' title="bbox 2146 3431 3797 3506; baseline 0.002 -19"><span class='ocrx_word' id='word_1_667' title='bbox 2146 3436 2254 3498; x_wconf 89' lang='lat' dir='ltr'><strong>est,</strong></span> <span class='ocrx_word' id='word_1_668' title='bbox 2287 3431 2399 3488; x_wconf 91' lang='lat' dir='ltr'><strong>nisi</strong></span> <span class='ocrx_word' id='word_1_669' title='bbox 2440 3431 2697 3488; x_wconf 89' lang='lat' dir='ltr'><strong>inventio</strong></span> <span class='ocrx_word' id='word_1_670' title='bbox 2747 3433 2905 3488; x_wconf 91' lang='lat' dir='ltr'><strong>mali.</strong></span> <span class='ocrx_word' id='word_1_671' title='bbox 2952 3432 3135 3506; x_wconf 87' lang='lat' dir='ltr'><strong>Igitur</strong></span> <span class='ocrx_word' id='word_1_672' title='bbox 3181 3434 3513 3490; x_wconf 87' lang='lat' dir='ltr'><strong>conditione</strong></span> <span class='ocrx_word' id='word_1_673' title='bbox 3557 3451 3629 3489; x_wconf 78' lang='lat' dir='ltr'><strong>ex</strong></span> <span class='ocrx_word' id='word_1_674' title='bbox 3678 3435 3797 3490; x_wconf 89' lang='lat' dir='ltr'><strong>Deo</strong></span> 
     </span>
    </p>
   </div>
   <div class='ocr_carea' id='block_1_77' title="bbox 2147 3520 3802 3595">
    <p class='ocr_par' dir='ltr' id='par_1_77' title="bbox 2147 3520 3802 3595">
     <span class='ocr_line' id='line_1_77' title="bbox 2147 3520 3802 3595; baseline 0.002 -19"><span class='ocrx_word' id='word_1_675' title='bbox 2147 3524 2332 3586; x_wconf 87' lang='lat' dir='ltr'><strong>erant,</strong></span> <span class='ocrx_word' id='word_1_676' title='bbox 2367 3520 2467 3575; x_wconf 91' lang='lat' dir='ltr'><strong>sed</strong></span> <span class='ocrx_word' id='word_1_677' title='bbox 2498 3520 2635 3576; x_wconf 90' lang='lat' dir='ltr'><strong>vitio</strong></span> <span class='ocrx_word' id='word_1_678' title='bbox 2664 3536 2732 3576; x_wconf 82' lang='lat' dir='ltr'><strong>ex</strong></span> <span class='ocrx_word' id='word_1_679' title='bbox 2775 3522 2890 3578; x_wconf 91' lang='lat' dir='ltr'><strong>Deo</strong></span> <span class='ocrx_word' id='word_1_680' title='bbox 2940 3539 3057 3577; x_wconf 88' lang='lat' dir='ltr'><strong>non</strong></span> <span class='ocrx_word' id='word_1_681' title='bbox 3105 3527 3290 3578; x_wconf 90' lang='lat' dir='ltr'><strong>erant.</strong></span> <span class='ocrx_word' id='word_1_682' title='bbox 3322 3523 3483 3588; x_wconf 91' lang='lat' dir='ltr'><strong>Quod</strong></span> <span class='ocrx_word' id='word_1_683' title='bbox 3532 3523 3802 3595; x_wconf 87' lang='lat' dir='ltr'><strong>apertius</strong></span> 
     </span>
    </p>
   </div>
   <div class='ocr_carea' id='block_1_78' title="bbox 2148 3608 3805 3683">
    <p class='ocr_par' dir='ltr' id='par_1_78' title="bbox 2148 3608 3805 3683">
     <span class='ocr_line' id='line_1_78' title="bbox 2148 3608 3805 3683; baseline 0.001 -18"><span class='ocrx_word' id='word_1_684' title='bbox 2148 3608 2578 3682; x_wconf 80' lang='lat' dir='ltr'><strong>cognoscimus,</strong></span> <span class='ocrx_word' id='word_1_685' title='bbox 2612 3610 2660 3666; x_wconf 91' lang='lat' dir='ltr'><strong>si</strong></span> <span class='ocrx_word' id='word_1_686' title='bbox 2682 3608 2989 3682; x_wconf 88' lang='lat' dir='ltr'><strong>paululum</strong></span> <span class='ocrx_word' id='word_1_687' title='bbox 3012 3610 3191 3682; x_wconf 89' lang='lat' dir='ltr'><strong>hujus</strong></span> <span class='ocrx_word' id='word_1_688' title='bbox 3206 3610 3472 3667; x_wconf 89' lang='lat' dir='ltr'><strong>lectionis</strong></span> <span class='ocrx_word' id='word_1_689' title='bbox 3494 3612 3805 3683; x_wconf 83' lang='lat' dir='ltr'><strong>superiora</strong></span> 
     </span>
    </p>
   </div>
   <div class='ocr_carea' id='block_1_79' title="bbox 2147 3699 3808 3772">
    <p class='ocr_par' dir='ltr' id='par_1_79' title="bbox 2147 3699 3808 3772">
     <span class='ocr_line' id='line_1_79' title="bbox 2147 3699 3808 3772; baseline 0.002 -19"><span class='ocrx_word' id='word_1_690' title='bbox 2147 3699 2541 3754; x_wconf 87' lang='lat' dir='ltr'><strong>attendamus.</strong></span> <span class='ocrx_word' id='word_1_691' title='bbox 2574 3699 2846 3772; x_wconf 88' lang='lat' dir='ltr'><strong>Legimus</strong></span> <span class='ocrx_word' id='word_1_692' title='bbox 2890 3700 3047 3755; x_wconf 88' lang='lat' dir='ltr'><strong>enim</strong></span> <span class='ocrx_word' id='word_1_693' title='bbox 3101 3700 3240 3771; x_wconf 89' lang='lat' dir='ltr'><strong>quia</strong></span> <span class='ocrx_word' id='word_1_694' title='bbox 3284 3700 3519 3756; x_wconf 88' lang='lat' dir='ltr'><strong>eosdem</strong></span> <span class='ocrx_word' id='word_1_695' title='bbox 3565 3700 3808 3757; x_wconf 67' lang='lat' dir='ltr'><strong>Judaeos</strong></span> 
     </span>
    </p>
   </div>
   <div class='ocr_carea' id='block_1_80' title="bbox 2146 3788 3803 3863">
    <p class='ocr_par' dir='ltr' id='par_1_80' title="bbox 2146 3788 3803 3863">
     <span class='ocr_line' id='line_1_80' title="bbox 2146 3788 3803 3863; baseline 0.001 -19"><span class='ocrx_word' id='word_1_696' title='bbox 2146 3788 2300 3844; x_wconf 82' lang='lat' dir='ltr'><strong>filios</strong></span> <span class='ocrx_word' id='word_1_697' title='bbox 2356 3788 2601 3843; x_wconf 66' lang='lat' dir='ltr'><strong>Abrahae</strong></span> <span class='ocrx_word' id='word_1_698' title='bbox 2661 3789 2968 3845; x_wconf 82' lang='lat' dir='ltr'><strong>confessus</strong></span> <span class='ocrx_word' id='word_1_699' title='bbox 3024 3794 3131 3855; x_wconf 89' lang='lat' dir='ltr'><strong>est,</strong></span> <span class='ocrx_word' id='word_1_700' title='bbox 3180 3789 3382 3845; x_wconf 89' lang='lat' dir='ltr'><strong>dicens</strong></span> <span class='ocrx_word' id='word_1_701' title='bbox 3437 3791 3612 3863; x_wconf 81' lang='lat' dir='ltr'><strong>(Joan.</strong></span> <span class='ocrx_word' id='word_1_702' title='bbox 3645 3791 3803 3862; x_wconf 84' lang='lat' dir='ltr'><strong>vm):</strong></span> 
     </span>
    </p>
   </div>
   <div class='ocr_carea' id='block_1_81' title="bbox 2149 3877 3807 3951">
    <p class='ocr_par' dir='ltr' id='par_1_81' title="bbox 2149 3877 3807 3951">
     <span class='ocr_line' id='line_1_81' title="bbox 2149 3877 3807 3951; baseline 0.004 -23"><span class='ocrx_word' id='word_1_703' title='bbox 2149 3901 2175 3928; x_wconf 85' lang='grc'><em>‹‹</em></span> <span class='ocrx_word' id='word_1_704' title='bbox 2202 3878 2333 3933; x_wconf 89' lang='lat' dir='ltr'><strong>Scio</strong></span> <span class='ocrx_word' id='word_1_705' title='bbox 2363 3878 2504 3949; x_wconf 90' lang='lat' dir='ltr'><strong>quia</strong></span> <span class='ocrx_word' id='word_1_706' title='bbox 2532 3877 2637 3932; x_wconf 81' lang='lat' dir='ltr'><strong>filii</strong></span> <span class='ocrx_word' id='word_1_707' title='bbox 2665 3878 2907 3933; x_wconf 74' lang='lat' dir='ltr'><strong>Abrahae</strong></span> <span class='ocrx_word' id='word_1_708' title='bbox 2939 3879 3118 3944; x_wconf 91' lang='lat' dir='ltr'><strong>estis;</strong></span> <span class='ocrx_word' id='word_1_709' title='bbox 3155 3901 3180 3929; x_wconf 75' lang='grc' dir='ltr'><strong>υ</strong></span> <span class='ocrx_word' id='word_1_710' title='bbox 3208 3882 3267 3934; x_wconf 89' lang='lat' dir='ltr'><strong>et</strong></span> <span class='ocrx_word' id='word_1_711' title='bbox 3295 3885 3427 3950; x_wconf 87' lang='lat' dir='ltr'><strong>post</strong></span> <span class='ocrx_word' id='word_1_712' title='bbox 3456 3895 3645 3951; x_wconf 88' lang='lat' dir='ltr'><strong>pauca</strong></span> <span class='ocrx_word' id='word_1_713' title='bbox 3674 3897 3807 3935; x_wconf 88' lang='lat' dir='ltr'><strong>esse</strong></span> 
     </span>
    </p>
   </div>
   <div class='ocr_carea' id='block_1_82' title="bbox 2147 3967 3802 4040">
    <p class='ocr_par' dir='ltr' id='par_1_82' title="bbox 2147 3967 3802 4040">
     <span class='ocr_line' id='line_1_82' title="bbox 2147 3967 3802 4040; baseline 0 -17"><span class='ocrx_word' id='word_1_714' title='bbox 2147 3967 2300 4024; x_wconf 85' lang='lat' dir='ltr'><strong>ﬁlios</strong></span> <span class='ocrx_word' id='word_1_715' title='bbox 2330 3968 2572 4024; x_wconf 71' lang='lat' dir='ltr'><strong>Abrahaa</strong></span> <span class='ocrx_word' id='word_1_716' title='bbox 2605 3968 2854 4039; x_wconf 85' lang='lat' dir='ltr'><strong>negavit,</strong></span> <span class='ocrx_word' id='word_1_717' title='bbox 2877 3967 3236 4040; x_wconf 87' lang='lat' dir='ltr'><strong>subjiciens:</strong></span> <span class='ocrx_word' id='word_1_718' title='bbox 3272 3991 3300 4018; x_wconf 85' lang='lat'><strong>«</strong></span> <span class='ocrx_word' id='word_1_719' title='bbox 3334 3968 3393 4024; x_wconf 92' lang='lat' dir='ltr'><strong>Si</strong></span> <span class='ocrx_word' id='word_1_720' title='bbox 3429 3968 3531 4023; x_wconf 82' lang='lat' dir='ltr'><strong>ﬁlii</strong></span> <span class='ocrx_word' id='word_1_721' title='bbox 3558 3969 3802 4024; x_wconf 68' lang='lat' dir='ltr'><strong>Abrahae</strong></span> 
     </span>
    </p>
   </div>
   <div class='ocr_carea' id='block_1_83' title="bbox 2148 4055 3799 4130">
    <p class='ocr_par' dir='ltr' id='par_1_83' title="bbox 2148 4055 3799 4130">
     <span class='ocr_line' id='line_1_83' title="bbox 2148 4055 3799 4130; baseline 0.001 -17"><span class='ocrx_word' id='word_1_722' title='bbox 2148 4058 2310 4124; x_wconf 88' lang='lat' dir='ltr'><strong>estis,</strong></span> <span class='ocrx_word' id='word_1_723' title='bbox 2343 4074 2518 4129; x_wconf 89' lang='lat' dir='ltr'><strong>opera</strong></span> <span class='ocrx_word' id='word_1_724' title='bbox 2538 4056 2780 4111; x_wconf 78' lang='lat' dir='ltr'><strong>Abrahae</strong></span> <span class='ocrx_word' id='word_1_725' title='bbox 2812 4055 3000 4111; x_wconf 90' lang='lat' dir='ltr'><strong>facite.</strong></span> <span class='ocrx_word' id='word_1_726' title='bbox 3036 4077 3062 4106; x_wconf 85' lang='lat'><strong>»</strong></span> <span class='ocrx_word' id='word_1_727' title='bbox 3099 4057 3247 4129; x_wconf 81' lang='lat' dir='ltr'><strong>Ergo</strong></span> <span class='ocrx_word' id='word_1_728' title='bbox 3280 4074 3382 4129; x_wconf 88' lang='lat' dir='ltr'><strong>per</strong></span> <span class='ocrx_word' id='word_1_729' title='bbox 3412 4058 3799 4130; x_wconf 86' lang='lat' dir='ltr'><strong>propaginem</strong></span> 
     </span>
    </p>
   </div>
   <div class='ocr_carea' id='block_1_84' title="bbox 2147 4144 3803 4217">
    <p class='ocr_par' dir='ltr' id='par_1_84' title="bbox 2147 4144 3803 4217">
     <span class='ocr_line' id='line_1_84' title="bbox 2147 4144 3803 4217; baseline 0.001 -16"><span class='ocrx_word' id='word_1_730' title='bbox 2147 4145 2342 4201; x_wconf 89' lang='lat' dir='ltr'><strong>carnis</strong></span> <span class='ocrx_word' id='word_1_731' title='bbox 2373 4145 2475 4200; x_wconf 77' lang='lat' dir='ltr'><strong>filii</strong></span> <span class='ocrx_word' id='word_1_732' title='bbox 2505 4149 2672 4200; x_wconf 86' lang='lat' dir='ltr'><strong>erant</strong></span> <span class='ocrx_word' id='word_1_733' title='bbox 2696 4144 2962 4210; x_wconf 63' lang='lat' dir='ltr'><strong>Abrahae,</strong></span> <span class='ocrx_word' id='word_1_734' title='bbox 2997 4146 3099 4201; x_wconf 90' lang='lat' dir='ltr'><strong>sed</strong></span> <span class='ocrx_word' id='word_1_735' title='bbox 3129 4162 3232 4217; x_wconf 89' lang='lat' dir='ltr'><strong>per</strong></span> <span class='ocrx_word' id='word_1_736' title='bbox 3273 4145 3659 4202; x_wconf 88' lang='lat' dir='ltr'><strong>imitationem</strong></span> <span class='ocrx_word' id='word_1_737' title='bbox 3694 4147 3803 4203; x_wconf 88' lang='lat' dir='ltr'><strong>bu-</strong></span> 
     </span>
    </p>
   </div>
   <div class='ocr_carea' id='block_1_85' title="bbox 2149 4233 3797 4309">
    <p class='ocr_par' dir='ltr' id='par_1_85' title="bbox 2149 4233 3797 4309">
     <span class='ocr_line' id='line_1_85' title="bbox 2149 4233 3797 4309; baseline 0.001 -19"><span class='ocrx_word' id='word_1_738' title='bbox 2149 4234 2414 4290; x_wconf 87' lang='lat' dir='ltr'><strong>militatis</strong></span> <span class='ocrx_word' id='word_1_739' title='bbox 2445 4239 2501 4290; x_wconf 90' lang='lat' dir='ltr'><strong>et</strong></span> <span class='ocrx_word' id='word_1_740' title='bbox 2530 4233 2685 4299; x_wconf 83' lang='lat' dir='ltr'><strong>ﬁdei,</strong></span> <span class='ocrx_word' id='word_1_741' title='bbox 2720 4250 2834 4289; x_wconf 88' lang='lat' dir='ltr'><strong>non</strong></span> <span class='ocrx_word' id='word_1_742' title='bbox 2867 4239 3033 4290; x_wconf 90' lang='lat' dir='ltr'><strong>erant</strong></span> <span class='ocrx_word' id='word_1_743' title='bbox 3063 4234 3168 4289; x_wconf 82' lang='lat' dir='ltr'><strong>filii</strong></span> <span class='ocrx_word' id='word_1_744' title='bbox 3207 4235 3471 4291; x_wconf 68' lang='lat' dir='ltr'><strong>Abrahae.</strong></span> <span class='ocrx_word' id='word_1_745' title='bbox 3507 4235 3604 4291; x_wconf 90' lang='lat' dir='ltr'><strong>Sic</strong></span> <span class='ocrx_word' id='word_1_746' title='bbox 3636 4253 3797 4309; x_wconf 88' lang='lat' dir='ltr'><strong>ergo,</strong></span> 
     </span>
    </p>
   </div>
   <div class='ocr_carea' id='block_1_86' title="bbox 2148 4322 3801 4390">
    <p class='ocr_par' dir='ltr' id='par_1_86' title="bbox 2148 4322 3801 4390">
     <span class='ocr_line' id='line_1_86' title="bbox 2148 4322 3801 4390; baseline 0.001 -12"><span class='ocrx_word' id='word_1_747' title='bbox 2148 4328 2214 4378; x_wconf 91' lang='lat' dir='ltr'><strong>ut</strong></span> <span class='ocrx_word' id='word_1_748' title='bbox 2244 4322 2465 4378; x_wconf 90' lang='lat' dir='ltr'><strong>dictum</strong></span> <span class='ocrx_word' id='word_1_749' title='bbox 2496 4327 2603 4388; x_wconf 89' lang='lat' dir='ltr'><strong>est,</strong></span> <span class='ocrx_word' id='word_1_750' title='bbox 2638 4327 2850 4377; x_wconf 89' lang='lat' dir='ltr'><strong>natura</strong></span> <span class='ocrx_word' id='word_1_751' title='bbox 2878 4339 2947 4378; x_wconf 83' lang='lat' dir='ltr'><strong>ex</strong></span> <span class='ocrx_word' id='word_1_752' title='bbox 2975 4324 3091 4378; x_wconf 90' lang='lat' dir='ltr'><strong>Deo</strong></span> <span class='ocrx_word' id='word_1_753' title='bbox 3121 4324 3414 4390; x_wconf 88' lang='lat' dir='ltr'><strong>erant,sed</strong></span> <span class='ocrx_word' id='word_1_754' title='bbox 3437 4324 3574 4378; x_wconf 91' lang='lat' dir='ltr'><strong>vitio</strong></span> <span class='ocrx_word' id='word_1_755' title='bbox 3587 4341 3657 4378; x_wconf 82' lang='lat' dir='ltr'><strong>ex</strong></span> <span class='ocrx_word' id='word_1_756' title='bbox 3680 4324 3801 4380; x_wconf 91' lang='lat' dir='ltr'><strong>Deo</strong></span> 
     </span>
    </p>
   </div>
   <div class='ocr_carea' id='block_1_87' title="bbox 2147 4410 3800 4483">
    <p class='ocr_par' dir='ltr' id='par_1_87' title="bbox 2147 4410 3800 4483">
     <span class='ocr_line' id='line_1_87' title="bbox 2147 4410 3800 4483; baseline 0.001 -16"><span class='ocrx_word' id='word_1_757' title='bbox 2147 4429 2263 4467; x_wconf 91' lang='lat' dir='ltr'><strong>non</strong></span> <span class='ocrx_word' id='word_1_758' title='bbox 2295 4415 2478 4467; x_wconf 88' lang='lat' dir='ltr'><strong>erant.</strong></span> <span class='ocrx_word' id='word_1_759' title='bbox 2504 4410 2665 4474; x_wconf 88' lang='lat' dir='ltr'><strong>Quod</strong></span> <span class='ocrx_word' id='word_1_760' title='bbox 2695 4427 2881 4483; x_wconf 85' lang='lat' dir='ltr'><strong>genus</strong></span> <span class='ocrx_word' id='word_1_761' title='bbox 2920 4411 3230 4468; x_wconf 87' lang='lat' dir='ltr'><strong>locutionis</strong></span> <span class='ocrx_word' id='word_1_762' title='bbox 3280 4412 3424 4468; x_wconf 86' lang='lat' dir='ltr'><strong>adeo</strong></span> <span class='ocrx_word' id='word_1_763' title='bbox 3480 4412 3800 4468; x_wconf 87' lang='lat' dir='ltr'><strong>usitatissi-</strong></span> 
     </span>
    </p>
   </div>
   <div class='ocr_carea' id='block_1_88' title="bbox 390 4496 3804 4587">
    <p class='ocr_par' dir='ltr' id='par_1_88' title="bbox 390 4496 3804 4587">
     <span class='ocr_line' id='line_1_88' title="bbox 390 4496 3804 4587; baseline 0.001 -34"><span class='ocrx_word' id='word_1_764' title='bbox 390 4500 539 4555; x_wconf 91' lang='lat' dir='ltr'><strong>turis</strong></span> <span class='ocrx_word' id='word_1_765' title='bbox 556 4496 1523 4570; x_wconf 65' lang='lat' dir='ltr'><strong>ullusredarguereprmvalet,quia</strong></span> <span class='ocrx_word' id='word_1_766' title='bbox 1541 4513 1778 4553; x_wconf 88' lang='lat' dir='ltr'><strong>carnem</strong></span> <span class='ocrx_word' id='word_1_767' title='bbox 1801 4499 2037 4570; x_wconf 88' lang='lat' dir='ltr'><strong>quidem</strong></span> <span class='ocrx_word' id='word_1_768' title='bbox 2071 4524 2114 4587; x_wconf 66' lang='grc' dir='ltr'><strong>Ι)</strong></span> <span class='ocrx_word' id='word_1_769' title='bbox 2150 4516 2312 4555; x_wconf 90' lang='lat' dir='ltr'><strong>mum</strong></span> <span class='ocrx_word' id='word_1_770' title='bbox 2343 4503 2433 4555; x_wconf 90' lang='lat' dir='ltr'><strong>est</strong></span> <span class='ocrx_word' id='word_1_771' title='bbox 2462 4500 2521 4553; x_wconf 90' lang='lat' dir='ltr'><strong>in</strong></span> <span class='ocrx_word' id='word_1_772' title='bbox 2553 4499 2893 4572; x_wconf 79' lang='lat' dir='ltr'><strong>Scripturis,</strong></span> <span class='ocrx_word' id='word_1_773' title='bbox 2919 4504 2985 4556; x_wconf 90' lang='lat' dir='ltr'><strong>ut</strong></span> <span class='ocrx_word' id='word_1_774' title='bbox 3011 4501 3186 4556; x_wconf 87' lang='lat' dir='ltr'><strong>etiam</strong></span> <span class='ocrx_word' id='word_1_775' title='bbox 3222 4500 3278 4555; x_wconf 89' lang='lat' dir='ltr'><strong>in</strong></span> <span class='ocrx_word' id='word_1_776' title='bbox 3312 4501 3612 4557; x_wconf 90' lang='lat' dir='ltr'><strong>communi</strong></span> <span class='ocrx_word' id='word_1_777' title='bbox 3644 4501 3804 4557; x_wconf 73' lang='lat' dir='ltr'><strong>locu~</strong></span> 
     </span>
    </p>
   </div>
   <div class='ocr_carea' id='block_1_89' title="bbox 391 4584 2035 4659">
    <p class='ocr_par' dir='ltr' id='par_1_89' title="bbox 391 4584 2035 4659">
     <span class='ocr_line' id='line_1_89' title="bbox 391 4584 2035 4659; baseline -0.001 -16"><span class='ocrx_word' id='word_1_778' title='bbox 391 4604 460 4643; x_wconf 86' lang='lat' dir='ltr'><strong>ex</strong></span> <span class='ocrx_word' id='word_1_779' title='bbox 485 4602 657 4643; x_wconf 87' lang='lat' dir='ltr'><strong>carne</strong></span> <span class='ocrx_word' id='word_1_780' title='bbox 696 4586 870 4642; x_wconf 82' lang='lat' dir='ltr'><strong>traxit</strong></span> <span class='ocrx_word' id='word_1_781' title='bbox 912 4587 1119 4654; x_wconf 81' lang='lat' dir='ltr'><strong>Adam,</strong></span> <span class='ocrx_word' id='word_1_782' title='bbox 1162 4586 1266 4642; x_wconf 88' lang='lat' dir='ltr'><strong>sed</strong></span> <span class='ocrx_word' id='word_1_783' title='bbox 1309 4591 1505 4642; x_wconf 88' lang='lat' dir='ltr'><strong>tamen</strong></span> <span class='ocrx_word' id='word_1_784' title='bbox 1547 4584 1771 4642; x_wconf 89' lang='lat' dir='ltr'><strong>nullam</strong></span> <span class='ocrx_word' id='word_1_785' title='bbox 1799 4585 2035 4659; x_wconf 89' lang='lat' dir='ltr'><strong>culpam</strong></span> 
     </span>
    </p>
   </div>
   <div class='ocr_carea' id='block_1_90' title="bbox 392 4673 2039 4748">
    <p class='ocr_par' dir='ltr' id='par_1_90' title="bbox 392 4673 2039 4748">
     <span class='ocr_line' id='line_1_90' title="bbox 392 4673 2039 4748; baseline 0 -17"><span class='ocrx_word' id='word_1_786' title='bbox 392 4675 613 4748; x_wconf 89' lang='lat' dir='ltr'><strong>peccati</strong></span> <span class='ocrx_word' id='word_1_787' title='bbox 641 4692 709 4731; x_wconf 82' lang='lat' dir='ltr'><strong>ex</strong></span> <span class='ocrx_word' id='word_1_788' title='bbox 738 4674 961 4747; x_wconf 88' lang='lat' dir='ltr'><strong>origine</strong></span> <span class='ocrx_word' id='word_1_789' title='bbox 992 4674 1170 4730; x_wconf 82' lang='lat' dir='ltr'><strong>traxit</strong></span> <span class='ocrx_word' id='word_1_790' title='bbox 1204 4673 1360 4729; x_wconf 75' lang='lat' dir='ltr'><strong>Adze.</strong></span> <span class='ocrx_word' id='word_1_791' title='bbox 1394 4674 1475 4730; x_wconf 88' lang='lat' dir='ltr'><strong>De</strong></span> <span class='ocrx_word' id='word_1_792' title='bbox 1505 4691 1620 4746; x_wconf 92' lang='lat' dir='ltr'><strong>quo</strong></span> <span class='ocrx_word' id='word_1_793' title='bbox 1667 4675 2039 4731; x_wconf 86' lang='lat' dir='ltr'><strong>veracissime</strong></span> 
     </span>
    </p>
   </div>
   <div class='ocr_carea' id='block_1_91' title="bbox 393 4760 2034 4836">
    <p class='ocr_par' dir='ltr' id='par_1_91' title="bbox 393 4760 2034 4836">
     <span class='ocr_line' id='line_1_91' title="bbox 393 4760 2034 4836; baseline -0.001 -15"><span class='ocrx_word' id='word_1_794' title='bbox 393 4763 694 4836; x_wconf 88' lang='lat' dir='ltr'><strong>apostolus</strong></span> <span class='ocrx_word' id='word_1_795' title='bbox 732 4764 937 4820; x_wconf 86' lang='lat' dir='ltr'><strong>Petrus</strong></span> <span class='ocrx_word' id='word_1_796' title='bbox 987 4762 1098 4818; x_wconf 90' lang='lat' dir='ltr'><strong>ait:</strong></span> <span class='ocrx_word' id='word_1_797' title='bbox 1139 4786 1161 4812; x_wconf 77' lang='grc' dir='ltr'>ιι</span> <span class='ocrx_word' id='word_1_798' title='bbox 1210 4762 1317 4825; x_wconf 90' lang='lat' dir='ltr'><strong>Qui</strong></span> <span class='ocrx_word' id='word_1_799' title='bbox 1368 4760 1667 4834; x_wconf 88' lang='lat' dir='ltr'><strong>peccatum</strong></span> <span class='ocrx_word' id='word_1_800' title='bbox 1713 4780 1827 4819; x_wconf 92' lang='lat' dir='ltr'><strong>non</strong></span> <span class='ocrx_word' id='word_1_801' title='bbox 1879 4765 2034 4833; x_wconf 88' lang='lat' dir='ltr'><strong>fecit,</strong></span> 
     </span>
    </p>
   </div>
   <div class='ocr_carea' id='block_1_92' title="bbox 393 4851 2036 4925">
    <p class='ocr_par' dir='ltr' id='par_1_92' title="bbox 393 4851 2036 4925">
     <span class='ocr_line' id='line_1_92' title="bbox 393 4851 2036 4925; baseline -0.001 -16"><span class='ocrx_word' id='word_1_802' title='bbox 393 4871 496 4909; x_wconf 89' lang='lat' dir='ltr'><strong>nec</strong></span> <span class='ocrx_word' id='word_1_803' title='bbox 527 4853 801 4909; x_wconf 89' lang='lat' dir='ltr'><strong>inventus</strong></span> <span class='ocrx_word' id='word_1_804' title='bbox 826 4858 917 4909; x_wconf 88' lang='lat' dir='ltr'><strong>est</strong></span> <span class='ocrx_word' id='word_1_805' title='bbox 947 4851 1121 4907; x_wconf 90' lang='lat' dir='ltr'><strong>dolus</strong></span> <span class='ocrx_word' id='word_1_806' title='bbox 1150 4852 1211 4906; x_wconf 92' lang='lat' dir='ltr'><strong>in</strong></span> <span class='ocrx_word' id='word_1_807' title='bbox 1263 4868 1360 4907; x_wconf 91' lang='lat' dir='ltr'><strong>ore</strong></span> <span class='ocrx_word' id='word_1_808' title='bbox 1390 4852 1518 4923; x_wconf 90' lang='lat' dir='ltr'><strong>ejus</strong></span> <span class='ocrx_word' id='word_1_809' title='bbox 1538 4853 1582 4923; x_wconf 89' lang='grc' dir='ltr'><strong>(ι</strong></span> <span class='ocrx_word' id='word_1_810' title='bbox 1612 4858 1758 4908; x_wconf 69' lang='lat' dir='ltr'><strong>Patr.</strong></span> <span class='ocrx_word' id='word_1_811' title='bbox 1792 4854 1872 4925; x_wconf 88' lang='grc' dir='ltr'><strong>ιι).</strong></span> <span class='ocrx_word' id='word_1_812' title='bbox 1908 4876 1936 4903; x_wconf 92' lang='grc'><strong>››</strong></span> <span class='ocrx_word' id='word_1_813' title='bbox 1968 4854 2036 4908; x_wconf 84' lang='lat' dir='ltr'><strong>Et</strong></span> 
     </span>
    </p>
   </div>
   <div class='ocr_carea' id='block_1_93' title="bbox 392 4941 2037 5016">
    <p class='ocr_par' dir='ltr' id='par_1_93' title="bbox 392 4941 2037 5016">
     <span class='ocr_line' id='line_1_93' title="bbox 392 4941 2037 5016; baseline 0.002 -21"><span class='ocrx_word' id='word_1_814' title='bbox 392 4941 517 5013; x_wconf 85' lang='lat' dir='ltr'><strong>ipse</strong></span> <span class='ocrx_word' id='word_1_815' title='bbox 546 4941 831 4998; x_wconf 90' lang='lat' dir='ltr'><strong>Dominus</strong></span> <span class='ocrx_word' id='word_1_816' title='bbox 875 4943 946 4997; x_wconf 91' lang='lat' dir='ltr'><strong>de</strong></span> <span class='ocrx_word' id='word_1_817' title='bbox 977 4941 1204 5013; x_wconf 90' lang='lat' dir='ltr'><strong>seipso:</strong></span> <span class='ocrx_word' id='word_1_818' title='bbox 1238 4962 1266 4990; x_wconf 87' lang='lat'><strong>«</strong></span> <span class='ocrx_word' id='word_1_819' title='bbox 1304 4941 1472 4997; x_wconf 82' lang='lat' dir='ltr'><strong>Venit</strong></span> <span class='ocrx_word' id='word_1_820' title='bbox 1518 4942 1590 4997; x_wconf 90' lang='lat' dir='ltr'><strong>ad</strong></span> <span class='ocrx_word' id='word_1_821' title='bbox 1644 4958 1736 4997; x_wconf 91' lang='lat' dir='ltr'><strong>me</strong></span> <span class='ocrx_word' id='word_1_822' title='bbox 1768 4943 2037 5016; x_wconf 90' lang='lat' dir='ltr'><strong>princeps</strong></span> 
     </span>
    </p>
   </div>
   <div class='ocr_carea' id='block_1_94' title="bbox 394 5028 2034 5104">
    <p class='ocr_par' dir='ltr' id='par_1_94' title="bbox 394 5028 2034 5104">
     <span class='ocr_line' id='line_1_94' title="bbox 394 5028 2034 5104; baseline 0.003 -21"><span class='ocrx_word' id='word_1_823' title='bbox 394 5028 572 5099; x_wconf 83' lang='lat' dir='ltr'><strong>hujus</strong></span> <span class='ocrx_word' id='word_1_824' title='bbox 605 5029 830 5097; x_wconf 88' lang='lat' dir='ltr'><strong>mundi,</strong></span> <span class='ocrx_word' id='word_1_825' title='bbox 863 5036 920 5086; x_wconf 88' lang='lat' dir='ltr'><strong>et</strong></span> <span class='ocrx_word' id='word_1_826' title='bbox 950 5031 1007 5086; x_wconf 92' lang='lat' dir='ltr'><strong>in</strong></span> <span class='ocrx_word' id='word_1_827' title='bbox 1041 5047 1134 5086; x_wconf 91' lang='lat' dir='ltr'><strong>me</strong></span> <span class='ocrx_word' id='word_1_828' title='bbox 1165 5046 1280 5086; x_wconf 89' lang='lat' dir='ltr'><strong>non</strong></span> <span class='ocrx_word' id='word_1_829' title='bbox 1312 5031 1488 5087; x_wconf 89' lang='lat' dir='ltr'><strong>habet</strong></span> <span class='ocrx_word' id='word_1_830' title='bbox 1505 5031 1826 5103; x_wconf 88' lang='lat' dir='ltr'><strong>quidquam</strong></span> <span class='ocrx_word' id='word_1_831' title='bbox 1846 5036 2034 5104; x_wconf 82' lang='lat' dir='ltr'><strong>(Joan.</strong></span> 
     </span>
    </p>
   </div>
   <div class='ocr_carea' id='block_1_95' title="bbox 392 5118 2038 5191">
    <p class='ocr_par' dir='ltr' id='par_1_95' title="bbox 392 5118 2038 5191">
     <span class='ocr_line' id='line_1_95' title="bbox 392 5118 2038 5191; baseline 0.003 -19"><span class='ocrx_word' id='word_1_832' title='bbox 392 5121 528 5184; x_wconf 73' lang='lat' dir='ltr'><strong>xxv).</strong></span> <span class='ocrx_word' id='word_1_833' title='bbox 562 5140 591 5168; x_wconf 86' lang='grc'><strong>››</strong></span> <span class='ocrx_word' id='word_1_834' title='bbox 623 5118 736 5174; x_wconf 80' lang='lat' dir='ltr'><strong>Nec</strong></span> <span class='ocrx_word' id='word_1_835' title='bbox 767 5120 958 5174; x_wconf 84' lang='lat' dir='ltr'><strong>solum</strong></span> <span class='ocrx_word' id='word_1_836' title='bbox 976 5120 1104 5189; x_wconf 90' lang='lat' dir='ltr'><strong>ejus</strong></span> <span class='ocrx_word' id='word_1_837' title='bbox 1134 5123 1337 5175; x_wconf 87' lang='lat' dir='ltr'><strong>sancta</strong></span> <span class='ocrx_word' id='word_1_838' title='bbox 1366 5120 1663 5191; x_wconf 90' lang='lat' dir='ltr'><strong>conceptio</strong></span> <span class='ocrx_word' id='word_1_839' title='bbox 1694 5125 1869 5191; x_wconf 90' lang='lat' dir='ltr'><strong>atque</strong></span> <span class='ocrx_word' id='word_1_840' title='bbox 1891 5122 2038 5177; x_wconf 90' lang='lat' dir='ltr'><strong>nati—</strong></span> 
     </span>
    </p>
   </div>
   <div class='ocr_carea' id='block_1_96' title="bbox 391 5205 2038 5281">
    <p class='ocr_par' dir='ltr' id='par_1_96' title="bbox 391 5205 2038 5281">
     <span class='ocr_line' id='line_1_96' title="bbox 391 5205 2038 5281; baseline 0.002 -20"><span class='ocrx_word' id='word_1_841' title='bbox 391 5205 542 5261; x_wconf 87' lang='lat' dir='ltr'><strong>vitas</strong></span> <span class='ocrx_word' id='word_1_842' title='bbox 569 5206 792 5277; x_wconf 81' lang='lat' dir='ltr'><strong>absque</strong></span> <span class='ocrx_word' id='word_1_843' title='bbox 835 5211 1070 5277; x_wconf 86' lang='lat' dir='ltr'><strong>peccato</strong></span> <span class='ocrx_word' id='word_1_844' title='bbox 1128 5207 1258 5273; x_wconf 87' lang='lat' dir='ltr'><strong>fuit,</strong></span> <span class='ocrx_word' id='word_1_845' title='bbox 1290 5208 1391 5263; x_wconf 89' lang='lat' dir='ltr'><strong>sed</strong></span> <span class='ocrx_word' id='word_1_846' title='bbox 1448 5207 1625 5263; x_wconf 91' lang='lat' dir='ltr'><strong>etiam</strong></span> <span class='ocrx_word' id='word_1_847' title='bbox 1686 5208 1877 5264; x_wconf 90' lang='lat' dir='ltr'><strong>omnis</strong></span> <span class='ocrx_word' id='word_1_848' title='bbox 1909 5211 2038 5281; x_wconf 87' lang='lat' dir='ltr'><strong>ejus</strong></span> 
     </span>
    </p>
   </div>
   <div class='ocr_carea' id='block_1_97' title="bbox 394 5294 2038 5367">
    <p class='ocr_par' dir='ltr' id='par_1_97' title="bbox 394 5294 2038 5367">
     <span class='ocr_line' id='line_1_97' title="bbox 394 5294 2038 5367; baseline 0.003 -17"><span class='ocrx_word' id='word_1_849' title='bbox 394 5294 676 5366; x_wconf 84' lang='lat' dir='ltr'><strong>operatio,</strong></span> <span class='ocrx_word' id='word_1_850' title='bbox 710 5294 1064 5366; x_wconf 61' lang='lat' dir='ltr'><strong>praedicatio,</strong></span> <span class='ocrx_word' id='word_1_851' title='bbox 1096 5300 1272 5367; x_wconf 88' lang='lat' dir='ltr'><strong>atque</strong></span> <span class='ocrx_word' id='word_1_852' title='bbox 1319 5297 1469 5352; x_wconf 87' lang='lat' dir='ltr'><strong>inter</strong></span> <span class='ocrx_word' id='word_1_853' title='bbox 1508 5296 1777 5354; x_wconf 89' lang='lat' dir='ltr'><strong>homines</strong></span> <span class='ocrx_word' id='word_1_854' title='bbox 1801 5314 2038 5355; x_wconf 89' lang='lat' dir='ltr'><strong>conver-</strong></span> 
     </span>
    </p>
   </div>
   <div class='ocr_carea' id='block_1_98' title="bbox 394 5381 2038 5460">
    <p class='ocr_par' dir='ltr' id='par_1_98' title="bbox 394 5381 2038 5460">
     <span class='ocr_line' id='line_1_98' title="bbox 394 5381 2038 5460; baseline 0.004 -23"><span class='ocrx_word' id='word_1_855' title='bbox 394 5383 541 5438; x_wconf 89' lang='lat' dir='ltr'><strong>satio</strong></span> <span class='ocrx_word' id='word_1_856' title='bbox 574 5381 1103 5455; x_wconf 86' lang='lat' dir='ltr'><strong>irreprehensibilis</strong></span> <span class='ocrx_word' id='word_1_857' title='bbox 1150 5384 1440 5454; x_wconf 89' lang='lat' dir='ltr'><strong>apparuit,</strong></span> <span class='ocrx_word' id='word_1_858' title='bbox 1491 5384 1643 5441; x_wconf 89' lang='lat' dir='ltr'><strong>sicut</strong></span> <span class='ocrx_word' id='word_1_859' title='bbox 1688 5386 1813 5460; x_wconf 88' lang='lat' dir='ltr'><strong>ipse</strong></span> <span class='ocrx_word' id='word_1_860' title='bbox 1859 5388 1941 5445; x_wconf 90' lang='lat' dir='ltr'><strong>ait</strong></span> <span class='ocrx_word' id='word_1_861' title='bbox 1980 5389 2038 5444; x_wconf 90' lang='lat' dir='ltr'><strong>in</strong></span> 
     </span>
    </p>
   </div>
   <div class='ocr_carea' id='block_1_99' title="bbox 394 5470 2044 5552">
    <p class='ocr_par' dir='ltr' id='par_1_99' title="bbox 394 5470 2044 5552">
     <span class='ocr_line' id='line_1_99' title="bbox 394 5470 2044 5552; baseline 0.005 -25"><span class='ocrx_word' id='word_1_862' title='bbox 394 5470 738 5544; x_wconf 72' lang='lat' dir='ltr'><strong>Evan‘gelio:</strong></span> <span class='ocrx_word' id='word_1_863' title='bbox 778 5470 867 5527; x_wconf 73' lang='lat' dir='ltr'><strong>«Si</strong></span> <span class='ocrx_word' id='word_1_864' title='bbox 891 5470 1044 5527; x_wconf 87' lang='lat' dir='ltr'><strong>male</strong></span> <span class='ocrx_word' id='word_1_865' title='bbox 1067 5470 1297 5527; x_wconf 89' lang='lat' dir='ltr'><strong>locutus</strong></span> <span class='ocrx_word' id='word_1_866' title='bbox 1320 5488 1474 5542; x_wconf 89' lang='lat' dir='ltr'><strong>sum,</strong></span> <span class='ocrx_word' id='word_1_867' title='bbox 1496 5475 1897 5533; x_wconf 87' lang='lat' dir='ltr'><strong>testimonium</strong></span> <span class='ocrx_word' id='word_1_868' title='bbox 1916 5495 2044 5552; x_wconf 86' lang='lat' dir='ltr'><strong>per-</strong></span> 
     </span>
    </p>
   </div>
   <div class='ocr_carea' id='block_1_100' title="bbox 395 5558 2041 5645">
    <p class='ocr_par' dir='ltr' id='par_1_100' title="bbox 395 5558 2041 5645">
     <span class='ocr_line' id='line_1_100' title="bbox 395 5558 2041 5645; baseline 0.005 -26"><span class='ocrx_word' id='word_1_869' title='bbox 395 5558 532 5619; x_wconf 89' lang='lat' dir='ltr'><strong>hibe</strong></span> <span class='ocrx_word' id='word_1_870' title='bbox 564 5560 634 5618; x_wconf 88' lang='lat' dir='ltr'><strong>de</strong></span> <span class='ocrx_word' id='word_1_871' title='bbox 677 5558 833 5619; x_wconf 85' lang='lat' dir='ltr'><strong>malo</strong></span> <span class='ocrx_word' id='word_1_872' title='bbox 867 5560 1038 5638; x_wconf 84' lang='lat' dir='ltr'><strong>(Joan.</strong></span> <span class='ocrx_word' id='word_1_873' title='bbox 1092 5560 1271 5637; x_wconf 82' lang='lat' dir='ltr'><strong>xvm).</strong></span> <span class='ocrx_word' id='word_1_874' title='bbox 1308 5583 1335 5612; x_wconf 89' lang='grc'><strong>››</strong></span> <span class='ocrx_word' id='word_1_875' title='bbox 1387 5562 1457 5620; x_wconf 85' lang='lat' dir='ltr'><strong>Et</strong></span> <span class='ocrx_word' id='word_1_876' title='bbox 1504 5563 1755 5622; x_wconf 90' lang='lat' dir='ltr'><strong>iterum:</strong></span> <span class='ocrx_word' id='word_1_877' title='bbox 1796 5589 1823 5619; x_wconf 84' lang='lat'>«</span> <span class='ocrx_word' id='word_1_878' title='bbox 1854 5566 2041 5645; x_wconf 84' lang='lat' dir='ltr'><strong>Opera</strong></span> 
     </span>
    </p>
   </div>
   <div class='ocr_carea' id='block_1_101' title="bbox 2144 4587 3801 4663">
    <p class='ocr_par' dir='ltr' id='par_1_101' title="bbox 2144 4587 3801 4663">
     <span class='ocr_line' id='line_1_101' title="bbox 2144 4587 3801 4663; baseline 0.001 -18"><span class='ocrx_word' id='word_1_879' title='bbox 2144 4590 2301 4645; x_wconf 88' lang='lat' dir='ltr'><strong>tione</strong></span> <span class='ocrx_word' id='word_1_880' title='bbox 2332 4587 2670 4660; x_wconf 89' lang='lat' dir='ltr'><strong>reperiatur.</strong></span> <span class='ocrx_word' id='word_1_881' title='bbox 2704 4589 2877 4646; x_wconf 89' lang='lat' dir='ltr'><strong>Verbi</strong></span> <span class='ocrx_word' id='word_1_882' title='bbox 2906 4590 3095 4663; x_wconf 85' lang='lat' dir='ltr'><strong>gratia</strong></span> <span class='ocrx_word' id='word_1_883' title='bbox 3118 4606 3131 4644; x_wconf 94' lang='lat'><strong>:</strong></span> <span class='ocrx_word' id='word_1_884' title='bbox 3151 4590 3317 4645; x_wconf 90' lang='lat' dir='ltr'><strong>video</strong></span> <span class='ocrx_word' id='word_1_885' title='bbox 3339 4590 3639 4645; x_wconf 89' lang='lat' dir='ltr'><strong>hominem</strong></span> <span class='ocrx_word' id='word_1_886' title='bbox 3662 4607 3801 4662; x_wconf 88' lang='lat' dir='ltr'><strong>pec-</strong></span> 
     </span>
    </p>
   </div>
   <div class='ocr_carea' id='block_1_102' title="bbox 2145 4676 3801 4747">
    <p class='ocr_par' dir='ltr' id='par_1_102' title="bbox 2145 4676 3801 4747">
     <span class='ocr_line' id='line_1_102' title="bbox 2145 4676 3801 4747; baseline 0 -14"><span class='ocrx_word' id='word_1_887' title='bbox 2145 4681 2399 4733; x_wconf 87' lang='lat' dir='ltr'><strong>catorem</strong></span> <span class='ocrx_word' id='word_1_888' title='bbox 2430 4692 2584 4743; x_wconf 88' lang='lat' dir='ltr'><strong>;cum</strong></span> <span class='ocrx_word' id='word_1_889' title='bbox 2616 4676 2911 4733; x_wconf 89' lang='lat' dir='ltr'><strong>hominem</strong></span> <span class='ocrx_word' id='word_1_890' title='bbox 2933 4678 3608 4747; x_wconf 83' lang='lat' dir='ltr'><strong>nominamus,naturam</strong></span> <span class='ocrx_word' id='word_1_891' title='bbox 3634 4679 3801 4734; x_wconf 90' lang='lat' dir='ltr'><strong>intel-</strong></span> 
     </span>
    </p>
   </div>
   <div class='ocr_carea' id='block_1_103' title="bbox 2146 4765 3798 4839">
    <p class='ocr_par' dir='ltr' id='par_1_103' title="bbox 2146 4765 3798 4839">
     <span class='ocr_line' id='line_1_103' title="bbox 2146 4765 3798 4839; baseline 0.002 -19"><span class='ocrx_word' id='word_1_892' title='bbox 2146 4765 2424 4839; x_wconf 87' lang='lat' dir='ltr'><strong>ligimus;</strong></span> <span class='ocrx_word' id='word_1_893' title='bbox 2459 4781 2592 4820; x_wconf 91' lang='lat' dir='ltr'><strong>cum</strong></span> <span class='ocrx_word' id='word_1_894' title='bbox 2651 4766 3069 4838; x_wconf 88' lang='lat' dir='ltr'><strong>subjungimus</strong></span> <span class='ocrx_word' id='word_1_895' title='bbox 3120 4770 3504 4839; x_wconf 85' lang='lat' dir='ltr'><strong>peccatorem,</strong></span> <span class='ocrx_word' id='word_1_896' title='bbox 3562 4767 3798 4824; x_wconf 88' lang='lat' dir='ltr'><strong>vitium.</strong></span> 
     </span>
    </p>
   </div>
   <div class='ocr_carea' id='block_1_104' title="bbox 2145 4853 3799 4912">
    <p class='ocr_par' dir='ltr' id='par_1_104' title="bbox 2145 4853 3799 4912">
     <span class='ocr_line' id='line_1_104' title="bbox 2145 4853 3799 4912; baseline 0.001 -2"><span class='ocrx_word' id='word_1_897' title='bbox 2145 4853 2428 4910; x_wconf 88' lang='lat' dir='ltr'><strong>Similiter</strong></span> <span class='ocrx_word' id='word_1_898' title='bbox 2455 4855 2630 4909; x_wconf 86' lang='lat' dir='ltr'><strong>etiam</strong></span> <span class='ocrx_word' id='word_1_899' title='bbox 2658 4859 2715 4909; x_wconf 89' lang='lat' dir='ltr'><strong>et</strong></span> <span class='ocrx_word' id='word_1_900' title='bbox 2744 4854 3012 4911; x_wconf 89' lang='lat' dir='ltr'><strong>homines</strong></span> <span class='ocrx_word' id='word_1_901' title='bbox 3034 4857 3217 4912; x_wconf 90' lang='lat' dir='ltr'><strong>bonos</strong></span> <span class='ocrx_word' id='word_1_902' title='bbox 3236 4856 3490 4911; x_wconf 92' lang='lat' dir='ltr'><strong>dicimus</strong></span> <span class='ocrx_word' id='word_1_903' title='bbox 3519 4860 3575 4911; x_wconf 88' lang='lat' dir='ltr'><strong>et</strong></span> <span class='ocrx_word' id='word_1_904' title='bbox 3609 4854 3799 4911; x_wconf 88' lang='lat' dir='ltr'><strong>homi-</strong></span> 
     </span>
    </p>
   </div>
   <div class='ocr_carea' id='block_1_105' title="bbox 2146 4942 3797 5016">
    <p class='ocr_par' dir='ltr' id='par_1_105' title="bbox 2146 4942 3797 5016">
     <span class='ocr_line' id='line_1_105' title="bbox 2146 4942 3797 5016; baseline 0.002 -17"><span class='ocrx_word' id='word_1_905' title='bbox 2146 4961 2251 4999; x_wconf 88' lang='lat' dir='ltr'><strong>nes</strong></span> <span class='ocrx_word' id='word_1_906' title='bbox 2279 4942 2503 4999; x_wconf 86' lang='lat' dir='ltr'><strong>malos:</strong></span> <span class='ocrx_word' id='word_1_907' title='bbox 2536 4943 2740 5011; x_wconf 88' lang='lat' dir='ltr'><strong>bonos,</strong></span> <span class='ocrx_word' id='word_1_908' title='bbox 2766 4944 2905 5016; x_wconf 88' lang='lat' dir='ltr'><strong>quia</strong></span> <span class='ocrx_word' id='word_1_909' title='bbox 2932 4961 2965 4998; x_wconf 88' lang='lat' dir='ltr'><strong>a</strong></span> <span class='ocrx_word' id='word_1_910' title='bbox 2996 4945 3111 5000; x_wconf 88' lang='lat' dir='ltr'><strong>Deo</strong></span> <span class='ocrx_word' id='word_1_911' title='bbox 3141 4950 3281 5000; x_wconf 89' lang='lat' dir='ltr'><strong>sunt</strong></span> <span class='ocrx_word' id='word_1_912' title='bbox 3310 4945 3528 5000; x_wconf 90' lang='lat' dir='ltr'><strong>conditi</strong></span> <span class='ocrx_word' id='word_1_913' title='bbox 3556 4944 3797 5013; x_wconf 86' lang='lat' dir='ltr'><strong>;malos,</strong></span> 
     </span>
    </p>
   </div>
   <div class='ocr_carea' id='block_1_106' title="bbox 2147 5032 3798 5107">
    <p class='ocr_par' dir='ltr' id='par_1_106' title="bbox 2147 5032 3798 5107">
     <span class='ocr_line' id='line_1_106' title="bbox 2147 5032 3798 5107; baseline 0.002 -21"><span class='ocrx_word' id='word_1_914' title='bbox 2147 5033 2285 5105; x_wconf 88' lang='lat' dir='ltr'><strong>quia</strong></span> <span class='ocrx_word' id='word_1_915' title='bbox 2310 5032 2524 5087; x_wconf 88' lang='lat' dir='ltr'><strong>vitiosi.</strong></span> <span class='ocrx_word' id='word_1_916' title='bbox 2558 5032 2626 5086; x_wconf 87' lang='lat' dir='ltr'><strong>Et</strong></span> <span class='ocrx_word' id='word_1_917' title='bbox 2651 5033 2903 5088; x_wconf 89' lang='lat' dir='ltr'><strong>dicimus</strong></span> <span class='ocrx_word' id='word_1_918' title='bbox 2951 5034 3227 5105; x_wconf 85' lang='lat' dir='ltr'><strong>angelum</strong></span> <span class='ocrx_word' id='word_1_919' title='bbox 3259 5035 3500 5102; x_wconf 88' lang='lat' dir='ltr'><strong>bonum,</strong></span> <span class='ocrx_word' id='word_1_920' title='bbox 3534 5038 3590 5089; x_wconf 90' lang='lat' dir='ltr'><strong>et</strong></span> <span class='ocrx_word' id='word_1_921' title='bbox 3620 5050 3798 5107; x_wconf 85' lang='lat' dir='ltr'><strong>ange-</strong></span> 
     </span>
    </p>
   </div>
   <div class='ocr_carea' id='block_1_107' title="bbox 2148 5119 3799 5194">
    <p class='ocr_par' dir='ltr' id='par_1_107' title="bbox 2148 5119 3799 5194">
     <span class='ocr_line' id='line_1_107' title="bbox 2148 5119 3799 5194; baseline 0.001 -17"><span class='ocrx_word' id='word_1_922' title='bbox 2148 5122 2272 5177; x_wconf 90' lang='lat' dir='ltr'><strong>lum</strong></span> <span class='ocrx_word' id='word_1_923' title='bbox 2304 5119 2552 5177; x_wconf 87' lang='lat' dir='ltr'><strong>malum:</strong></span> <span class='ocrx_word' id='word_1_924' title='bbox 2569 5137 2685 5176; x_wconf 88' lang='lat' dir='ltr'><strong>non</strong></span> <span class='ocrx_word' id='word_1_925' title='bbox 2716 5122 2867 5193; x_wconf 89' lang='lat' dir='ltr'><strong>quod</strong></span> <span class='ocrx_word' id='word_1_926' title='bbox 2897 5123 3023 5194; x_wconf 89' lang='lat' dir='ltr'><strong>ipse</strong></span> <span class='ocrx_word' id='word_1_927' title='bbox 3044 5139 3147 5194; x_wconf 89' lang='lat' dir='ltr'><strong>per</strong></span> <span class='ocrx_word' id='word_1_928' title='bbox 3169 5127 3440 5177; x_wconf 87' lang='lat' dir='ltr'><strong>naturam</strong></span> <span class='ocrx_word' id='word_1_929' title='bbox 3459 5122 3653 5177; x_wconf 89' lang='lat' dir='ltr'><strong>malus</strong></span> <span class='ocrx_word' id='word_1_930' title='bbox 3669 5139 3799 5179; x_wconf 88' lang='lat' dir='ltr'><strong>esse</strong></span> 
     </span>
    </p>
   </div>
   <div class='ocr_carea' id='block_1_108' title="bbox 2148 5210 3793 5284">
    <p class='ocr_par' dir='ltr' id='par_1_108' title="bbox 2148 5210 3793 5284">
     <span class='ocr_line' id='line_1_108' title="bbox 2148 5210 3793 5284; baseline 0 -17"><span class='ocrx_word' id='word_1_931' title='bbox 2148 5211 2354 5284; x_wconf 88' lang='lat' dir='ltr'><strong>possit,</strong></span> <span class='ocrx_word' id='word_1_932' title='bbox 2388 5211 2488 5265; x_wconf 89' lang='lat' dir='ltr'><strong>sed</strong></span> <span class='ocrx_word' id='word_1_933' title='bbox 2519 5210 2673 5282; x_wconf 92' lang='lat' dir='ltr'><strong>quod</strong></span> <span class='ocrx_word' id='word_1_934' title='bbox 2693 5211 2829 5267; x_wconf 93' lang='lat' dir='ltr'><strong>vitio</strong></span> <span class='ocrx_word' id='word_1_935' title='bbox 2857 5228 2917 5267; x_wconf 91' lang='lat' dir='ltr'><strong>se</strong></span> <span class='ocrx_word' id='word_1_936' title='bbox 2932 5211 3154 5267; x_wconf 89' lang='lat' dir='ltr'><strong>malum</strong></span> <span class='ocrx_word' id='word_1_937' title='bbox 3190 5227 3318 5267; x_wconf 86' lang='lat' dir='ltr'><strong>esse</strong></span> <span class='ocrx_word' id='word_1_938' title='bbox 3351 5211 3623 5267; x_wconf 88' lang='lat' dir='ltr'><strong>fecit.Sed</strong></span> <span class='ocrx_word' id='word_1_939' title='bbox 3639 5212 3793 5283; x_wconf 91' lang='lat' dir='ltr'><strong>quod</strong></span> 
     </span>
    </p>
   </div>
   <div class='ocr_carea' id='block_1_109' title="bbox 2147 5298 3795 5372">
    <p class='ocr_par' dir='ltr' id='par_1_109' title="bbox 2147 5298 3795 5372">
     <span class='ocr_line' id='line_1_109' title="bbox 2147 5298 3795 5372; baseline -0.001 -16"><span class='ocrx_word' id='word_1_940' title='bbox 2147 5299 2434 5356; x_wconf 90' lang='lat' dir='ltr'><strong>Dominus</strong></span> <span class='ocrx_word' id='word_1_941' title='bbox 2465 5298 2654 5355; x_wconf 90' lang='lat' dir='ltr'><strong>verbis</strong></span> <span class='ocrx_word' id='word_1_942' title='bbox 2682 5298 2753 5354; x_wconf 89' lang='lat' dir='ltr'><strong>de</strong></span> <span class='ocrx_word' id='word_1_943' title='bbox 2768 5299 2983 5356; x_wconf 75' lang='lat' dir='ltr'><strong>.ludaais</strong></span> <span class='ocrx_word' id='word_1_944' title='bbox 3003 5304 3271 5367; x_wconf 87' lang='lat' dir='ltr'><strong>testatur,</strong></span> <span class='ocrx_word' id='word_1_945' title='bbox 3304 5298 3530 5355; x_wconf 85' lang='lat' dir='ltr'><strong>scilicet</strong></span> <span class='ocrx_word' id='word_1_946' title='bbox 3550 5301 3708 5372; x_wconf 90' lang='lat' dir='ltr'><strong>quod</strong></span> <span class='ocrx_word' id='word_1_947' title='bbox 3727 5316 3795 5355; x_wconf 82' lang='lat' dir='ltr'><strong>ex</strong></span> 
     </span>
    </p>
   </div>
   <div class='ocr_carea' id='block_1_110' title="bbox 2148 5388 3791 5462">
    <p class='ocr_par' dir='ltr' id='par_1_110' title="bbox 2148 5388 3791 5462">
     <span class='ocr_line' id='line_1_110' title="bbox 2148 5388 3791 5462; baseline 0 -17"><span class='ocrx_word' id='word_1_948' title='bbox 2148 5390 2264 5445; x_wconf 91' lang='lat' dir='ltr'><strong>Deo</strong></span> <span class='ocrx_word' id='word_1_949' title='bbox 2296 5397 2409 5444; x_wconf 84' lang='lat' dir='ltr'><strong>non</strong></span> <span class='ocrx_word' id='word_1_950' title='bbox 2443 5392 2657 5455; x_wconf 87' lang='lat' dir='ltr'><strong>essent,</strong></span> <span class='ocrx_word' id='word_1_951' title='bbox 2694 5388 2804 5460; x_wconf 89' lang='lat' dir='ltr'><strong>ipsi</strong></span> <span class='ocrx_word' id='word_1_952' title='bbox 2853 5389 2925 5445; x_wconf 85' lang='lat' dir='ltr'><strong>de</strong></span> <span class='ocrx_word' id='word_1_953' title='bbox 2966 5404 3029 5445; x_wconf 91' lang='lat' dir='ltr'><strong>se</strong></span> <span class='ocrx_word' id='word_1_954' title='bbox 3069 5389 3345 5462; x_wconf 88' lang='lat' dir='ltr'><strong>operibus</strong></span> <span class='ocrx_word' id='word_1_955' title='bbox 3392 5388 3791 5445; x_wconf 86' lang='lat' dir='ltr'><strong>manifestant.</strong></span> 
     </span>
    </p>
   </div>
   <div class='ocr_carea' id='block_1_111' title="bbox 2149 5476 3796 5549">
    <p class='ocr_par' dir='ltr' id='par_1_111' title="bbox 2149 5476 3796 5549">
     <span class='ocr_line' id='line_1_111' title="bbox 2149 5476 3796 5549; baseline 0 -14"><span class='ocrx_word' id='word_1_956' title='bbox 2149 5479 2293 5535; x_wconf 92' lang='lat' dir='ltr'><strong>Nam</strong></span> <span class='ocrx_word' id='word_1_957' title='bbox 2325 5492 2394 5533; x_wconf 84' lang='lat' dir='ltr'><strong>ex</strong></span> <span class='ocrx_word' id='word_1_958' title='bbox 2422 5476 2809 5548; x_wconf 87' lang='lat' dir='ltr'><strong>correptione,</strong></span> <span class='ocrx_word' id='word_1_959' title='bbox 2844 5494 2960 5549; x_wconf 89' lang='lat' dir='ltr'><strong>qua</strong></span> <span class='ocrx_word' id='word_1_960' title='bbox 2989 5477 3287 5535; x_wconf 86' lang='lat' dir='ltr'><strong>emendari</strong></span> <span class='ocrx_word' id='word_1_961' title='bbox 3316 5477 3661 5549; x_wconf 87' lang='lat' dir='ltr'><strong>debuerant,</strong></span> <span class='ocrx_word' id='word_1_962' title='bbox 3693 5478 3796 5535; x_wconf 87' lang='lat' dir='ltr'><strong>de-</strong></span> 
     </span>
    </p>
   </div>
   <div class='ocr_carea' id='block_1_112' title="bbox 2155 5564 3493 5645">
    <p class='ocr_par' dir='ltr' id='par_1_112' title="bbox 2155 5564 3493 5645">
     <span class='ocr_line' id='line_1_112' title="bbox 2155 5564 3493 5645; baseline 0.001 -17"><span class='ocrx_word' id='word_1_963' title='bbox 2155 5567 2400 5628; x_wconf 84' lang='lat' dir='ltr'><strong>teriores</strong></span> <span class='ocrx_word' id='word_1_964' title='bbox 2428 5564 2615 5623; x_wconf 83' lang='lat' dir='ltr'><strong>etl‘ccti</strong></span> <span class='ocrx_word' id='word_1_965' title='bbox 2647 5570 2804 5625; x_wconf 87' lang='lat' dir='ltr'><strong>sunt.</strong></span> <span class='ocrx_word' id='word_1_966' title='bbox 2837 5566 2984 5636; x_wconf 85' lang='lat' dir='ltr'><strong>Quia</strong></span> <span class='ocrx_word' id='word_1_967' title='bbox 3012 5568 3164 5629; x_wconf 86' lang='lat' dir='ltr'><strong>sicut</strong></span> <span class='ocrx_word' id='word_1_968' title='bbox 3192 5565 3493 5645; x_wconf 86' lang='lat' dir='ltr'><strong>sequitur:</strong></span> 
     </span>
    </p>
   </div>
  </div>
