3926 6170
162 323 252 381 329

1304 311 1654 373 l-lUMlLl/E
1699 313 1797 372 ne
1841 292 2236 373 inurens.

3352 321 3471 380 330

213 446 672 521 «Responderunt,
729 448 787 499 et
845 444 1117 499 dixerunt
1172 445 1254 499 ei:
1313 444 1513 500 Nonne
1564 446 1711 501 bene
1740 448 1795 512 Α
1830 449 1989 501 verat
2017 461 2146 500 esse
2175 446 2501 514 custodem,
2549 444 2716 503 illum
2764 445 3004 511 scilicet,
3047 448 3140 503 cui
3180 450 3473 521 Propheta

156 538 405 593 «dicimus
432 550 544 597 nos,
574 532 713 604 quia
742 533 1148 588 Samaritanus
1180 549 1242 589 es
1279 536 1364 598 tu,
1399 537 1454 589 et
1497 534 1709 589 daemo-

153 628 326 683 «nium
349 624 542 681 habes?
571 645 599 670 ››
630 623 791 689 Quod
828 627 889 676 ut
920 612 991 678 ad
1023 621 1506 694 vituperationem
1541 622 1713 694 perti-

150 719 266 781 neat,
294 714 405 770 illos
431 711 728 768 Dominum
742 711 1097 768 daemonium
1112 711 1573 779 habere-dixisse,
1588 727 1712 766 ma-

148 805 365 861 nifestum
386 807 481 859 est.
513 801 618 857 Sed
649 800 791 872 quid
824 799 1530 872 vituperationisihabeat,
1555 801 1711 873 quod

147 910 245 949 eum
273 890 669 948 Samaritanum
705 887 1153 955 nominaverint,
1189 893 1423 960 propter
1460 905 1579 954 eos,
1612 876 1731 960 qui

145 980 390 1037 historiam
421 979 697 1051 ignorant,
715 978 1297 1039 commemorandum
1317 983 1424 1035 est.
1441 978 1713 1050 Legimus

145 1071 260 1126 enim
288 1069 338 1123 in
368 1068 680 1139 Regnorum
706 1065 873 1122 libris
905 1067 1016 1137 (HI
1033 1069 1158 1137 Reg.
1191 1072 1316 1135 xu),
1335 1067 1493 1138 quod
1512 1067 1712 1122 decem

142 1159 284 1213 tribus
307 1155 543 1213 ﬁliorum
572 1153 749 1213 lsrael
780 1155 841 1211 in
870 1155 1137 1212 Samaria
1165 1155 1238 1211 ad
1278 1154 1712 1228 suggestionem

144 1247 407 1314 Jeroboam,
435 1244 529 1317 qui
560 1244 838 1316 peccavit,
870 1249 927 1301 et
956 1260 1194 1316 peccare
1224 1244 1359 1300 fecit
1388 1242 1586 1309 Israel,
1619 1260 1715 1298 re-

140 1335 239 1390 licto
264 1335 363 1390 Deo
390 1339 616 1407 patrum
648 1349 912 1399 suorum,
942 1332 1157 1389 vitulos
1189 1349 1396 1389 aureos
1427 1338 1486 1388 et
1515 1349 1716 1406 argen-

141 1431 244 1491 teos,
271 1439 399 1495 quos
429 1422 549 1495 ipse
573 1423 631 1477 in
669 1421 1070 1479 BethcletDan
1086 1425 1392 1491 statuerat,
1405 1422 1710 1477 coluerint.

140 1512 368 1568 Etidcirco
380 1510 1328 1577 suscitavitDominuscontraillos
1340 1511 1717 1567 Sulmanasar

139 1617 282 1673 regem
308 1600 685 1673 Assyriorum,
718 1600 818 1673 qui
839 1600 1004 1656 duxit
1016 1618 1114 1656 eos
1125 1592 1385 1672 captivos
1417 1600 1473 1655 in
1486 1604 1715 1655 exteras

136 1690 359 1757 nationes,
390 1689 469 1745 ita
500 1694 720 1754 tamen,
741 1694 803 1743 ut
816 1691 1089 1746 ineorum
1105 1689 1340 1762 regione
1355 1688 1499 1744 alias
1509 1694 1715 1762 gentes

136 1779 465 1835 constitueret.
498 1780 635 1844 Quae
664 1776 839 1836 etiam
873 1795 1007 1839 cum
1036 1778 1421 1839 ibideossuos
1435 1776 1712 1842 colerent,
1738 1836 1743 1845 ,

132 1867 252 1924 misit
275 1867 539 1924 Dominus
552 1867 613 1923 in
627 1885 725 1926 eos
738 1868 1025 1940 pessimae
1037 1867 1276 1934 bestias,
1303 1883 1473 1923 ursos
1494 1865 1719 1922 scilicet

131 1962 169 2011 et
191 1957 371 2027 leones,
401 1958 469 2012 ad
502 1974 754 2030 quorum
789 1974 1024 2013 morsus
1055 1961 1113 2012 et
1144 1956 1345 2029 plagas
1372 1972 1506 2012 eum
1521 1955 1716 2027 plures

131 2051 448 2113 morerentur,
481 2045 775 2102 miserunt
804 2046 1044 2102 nuntios
1074 2046 1143 2102 ad
1178 2061 1393 2118 regem,
1425 2041 1715 2101 dicentes:

130 2135 315 2190 «Terra
344 2135 397 2191 in
428 2153 544 2207 qua
577 2134 917 2191 habitamus
947 2135 1171 2207 optima
1199 2139 1307 2201 est,
1340 2134 1443 2190 sed
1490 2132 1717 2189 habita-

131 2227 241 2278 tores
263 2241 387 2305 suos
417 2225 675 2291 devorat,
708 2241 775 2281 eo
804 2225 961 2296 quod
993 2222 1716 2296 ignoremuslegitimaDei

126 2318 247 2369 terra:
273 2314 463 2370 colere.
499 2337 527 2363 ››
559 2315 729 2370 Tunc
761 2329 881 2385 rex,
917 2314 1058 2371 inito
1073 2312 1716 2389 consilio,misitunum

128 2401 176 2455 de
197 2403 574 2459 sacerdotibus
610 2403 979 2460 Hebraeorum
1012 2403 1113 2475 qui
1152 2419 1252 2458 eos
1304 2400 1568 2474 legitima
1614 2402 1715 2456 Dei

126 2494 247 2544 terra:
274 2490 448 2548 colere
504 2492 765 2558 doceret,
797 2496 855 2547 et
894 2508 961 2547 eo
1006 2497 1267 2563 tempore
1325 2490 1464 2562 ipsa:
1513 2496 1717 2562 gentes

128 2577 260 2634 Deum
290 2580 406 2636 coeli
436 2580 773 2647 coluerunt,
805 2596 919 2639 non
966 2585 1162 2639 tamen
1202 2579 1355 2639 idola
1386 2596 1495 2634 sua
1543 2578 1717 2634 relin-

125 2674 332 2736 quentes.
363 2670 581 2726 Tribus
612 2672 809 2725 autem
838 2669 990 2725 Ju'da
1018 2668 1718 2739 etBenjainin,inquibus

125 2771 244 2828 reges
269 2758 331 2815 de
358 2760 533 2832 stirpe
569 2758 749 2815 Drvid
781 2759 1124 2831 regnabant,
1154 2757 1313 2814 sicut
1341 2755 1393 2812 ei
1432 2757 1716 2812 Dominus

122 2846 408 2914 promiserat
437 2846 747 2904 lucernam
778 2847 828 2903 ei
860 2864 922 2903 se
952 2847 1228 2903 daturum
1257 2863 1327 2902 ex
1354 2845 1716 2916 semineejus

124 2933 163 2985 in
184 2939 452 3004 aeternum,
483 2936 746 2994 necdum
775 2934 968 3007 adhuc
997 2935 1181 2990 ducta:
1213 2933 1270 2992 in
1293 2934 1713 3006 captivitatem,

120 3019 160 3075 in
183 3023 467 3083 Jerusalem
501 3025 847 3083 manebant.
883 3025 962 3080 Ex
978 3038 1093 3095 quo
1105 3028 1366 3095 tempore
1379 3022 1562 3078 Judaei
1575 3021 1713 3076 dicti

120 3115 239 3181 sunt,
278 3130 380 3168 non
431 3120 493 3169 ut
540 3113 792 3185 quidam
841 3116 1068 3184 putant,
1103 3129 1137 3167 a
1163 3112 1317 3167 Juda
1361 3109 1709 3167 Machabieo.

1812 816 1999 873 quem
2059 804 2395 856 statuerunt
2442 800 2589 856 mihi
2636 802 2805 870 (Ρεαι.
2856 802 3005 873 cxn).
3044 824 3070 851 »ι

1780 1754 1801 1759 ό
1822 1689 2096 1762 quaerite;
2129 1688 2537 1746 convertimini
2566 1693 2624 1744 et
2668 1689 2857 1745 videte
2907 1691 3034 1761 (Ira.
3067 1691 3207 1763 xxr).
3245 1714 3265 1740 ι

1823 550 1992 588 suam
2017 533 2392 606 fragilitatem
2408 535 2851 591 custodiendam
2873 538 3319 605 commendavit,
3336 554 3471 595 cum

1822 622 1993 678 dixit:
2030 647 2057 671 «
2092 614 2329 678 Custodi
2381 640 2495 692 me,
2556 624 2819 692 Domine,
2874 630 2942 679 ut
2986 624 3272 698 pupillam
3319 626 3474 683 oeuli

1822 710 1995 783 (Psat.
2052 713 2130 781 x).
2167 733 2195 760 ››
2255 711 2324 767 Et
2375 711 2622 767 iterum:
2691 735 2718 763 «
2750 713 2987 768 Custodi
3043 730 3203 770 mea
3240 714 3470 787 laqueo,

3127 803 3227 859 Et:
3278 825 3306 853 ‹‹
3346 803 3472 859 Non

1824 887 2165 944 dormitabit
2192 904 2380 960 neque
2410 889 2682 956 dormiet,
2716 890 2814 962 qui
2832 890 3271 948 custoditlsrael
3297 892 3471 964 (Paul.

1822 977 1974 1048 cxx).
2010 999 2038 1026 »
2072 976 2170 1032 Et:
2205 1000 2233 1026 «
2267 976 2613 1033 Custodiens
2660 977 2934 1050 parvulos
2979 979 3265 1036 Dominus
3297 982 3469 1053 (Psal.

1822 1066 1995 1137 sxw).
2029 1088 2056 1115 ››
2092 1065 2206 1122 Iste
2235 1069 2326 1121 est
2355 1066 2512 1121 enim
2543 1066 2641 1122 ille
2670 1066 3098 1138 Samaritanus,
3131 1068 3231 1140 qui
3279 1068 3471 1141 proxi-

1823 1171 1985 1210 mum
2019 1171 2196 1210 suum
2216 1154 2520 1210 inveniens
2534 1154 2926 1222 vulneratum,
2949 1154 3206 1230 alligavit
3229 1156 3475 1215 vulnera

1812 1245 2045 1315 .ejus,et
2077 1243 2387 1316 imponens
2416 1243 2583 1299 illum
2600 1245 3003 1315 injumentum
3016 1262 3215 1314 suum,
3232 1247 3470 1302 duxitin

1823 1332 2149 1402 stabulum,
2181 1338 2241 1388 et
2270 1348 2471 1387 curam
2503 1334 2632 1404 ejus
2661 1334 3115 1406 egit(Luc.xvn).
3140 1335 3220 1391 De
3233 1351 3348 1408 quo
3369 1352 3474 1408 per

1822 1421 2171 1494 preplietam
2206 1421 2416 1477 Isaiam
2447 1422 2689 1477 dicitur:
2727 1446 2751 1471 α
2787 1423 2949 1479 Onus
2966 1423 3236 1481 Dumaad
3251 1441 3346 1481 me
3362 1424 3473 1481 cla-

1823 1515 1946 1567 mat
1974 1527 2044 1566 ex
2071 1510 2222 1567 Seir:
2256 1511 2488 1578 Custos,
2517 1510 2655 1582 quid
2690 1512 2761 1567 de
2790 1518 3209 1579 nocte,custos,
3240 1514 3382 1585 quid
3401 1514 3474 1569 de

1822 1600 2030 1656 nocte?
2060 1600 2212 1655 Dixit
2241 1604 2467 1655 custos:
2502 1599 2672 1657 Venit
2700 1616 2871 1656 mane
2898 1602 3173 1667 etvnox.Si
3188 1602 3471 1675 quaeritis,

3302 1713 3333 1743 ‹‹
3358 1691 3471 1747 Sed

1823 1802 1851 1827 «
1885 1778 2206 1834 honorifico
2238 1779 2466 1833 Patrem
2499 1779 3468 1846 meum,etvosinhonorastisme.»

1828 1870 1891 1925 ln
1923 1867 2125 1924 multis
2155 1866 2298 1923 locis
2328 1867 2971 1941 Evangeliiinveminus
3004 1869 3213 1925 Filium
3243 1870 3473 1925 Patrem

1827 1957 2265 2021 honoriﬁcasse.
2300 1956 2425 2012 Non
2453 1955 2644 2012 solum
2675 1956 2832 2013 enim
2881 1955 3300 2013 incarnationis
3352 1974 3473 2013 sua:

1827 2045 2173 2119 mysterium
2203 2046 2274 2100 ad
2321 2044 2507 2100 Patris
2556 2043 2803 2118 gloriam
2854 2046 3107 2115 retorsit,
3150 2046 3250 2102 sed
3299 2045 3473 2103 etiam

1827 2134 2323 2207 prmdicationem,
2357 2134 2776 2190 miraculorum
2798 2134 3195 2191 ostensionem
3225 2138 3282 2190 et
3310 2136 3477 2190 inﬁr-

1827 2240 2080 2291 morum,
2115 2223 2268 2280 sicut
2298 2223 2423 2295 ipse
2454 2223 2569 2278 ait:
2604 2244 2633 2272 ‹‹
2666 2222 2785 2295 Ego
2822 2240 2857 2278 a
2886 2222 3110 2297 meipso
3156 2239 3277 2279 non
3322 2223 3475 2289 veni,

1825 2314 1926 2370 sed
1956 2313 2127 2393 Pater
2157 2328 2325 2369 meus
2355 2310 2519 2368 misit
2550 2329 2644 2368 me
2669 2314 2823 2368 Joan.
2875 2312 3017 2385 vm).
3052 2336 3082 2363 »
3112 2313 3184 2368 Et
3230 2312 3474 2393 iterum:

1827 2426 1853 2452 ‹‹
1890 2403 2018 2457 Mea
2047 2392 2312 2457 doctrina
2344 2418 2456 2457 non
2485 2406 2576 2457 est
2605 2416 2755 2469 mea,
2776 2403 2873 2456 sed
2910 2405 3038 2473 ejus
3053 2402 3155 2474 qui
3186 2392 3475 2469 misitme,

1827 2492 2015 2547 Patris
2045 2493 2221 2563 (loan.
2257 2490 2379 2563 v11).
2422 2514 2441 2539 ιο
2477 2491 2547 2545 Et
2577 2490 2749 2546 alibi:
2784 2514 2812 2540 (ι
2846 2493 3014 2547 Pater
3042 2493 3230 2562 major
3269 2507 3362 2546 me
3387 2497 3478 2546 est

1826 2582 2004 2652 (Joan.
2039 2581 2175 2652 xw).
2212 2604 2239 2629 ››
2270 2581 2341 2635 Ει
2388 2580 2631 2635 iterum:
2684 2603 2711 2629 ‹‹
2748 2580 2919 2635 Pater
2964 2586 3184 2647 sancte,
3231 2580 3471 2636 manife-

1826 2670 1973 2725 stavi
2004 2686 2216 2725 nomen
2252 2674 2419 2724 tuum
2462 2668 2823 2734 hominibus,
2877 2685 3024 2739 quos
3071 2668 3282 2723 dedisti
3329 2669 3473 2723 mihi

1825 2761 2005 2831 (Joan.
2036 2762 2193 2828 xvu).
2229 2780 2257 2808 ››
2290 2758 2358 2813 Et
2386 2758 2629 2813 iterum:
2665 2781 2693 2807 «
2726 2758 2843 2830 Ego
2874 2774 2907 2813 a
2937 2757 3162 2829 meipso
3210 2756 3356 2812 nihil
3387 2758 3471 2812 t'a-

1825 2848 1914 2904 cio
1948 2848 2127 2919 (Joun.
2159 2847 2300 2919 v.1").
2336 2869 2363 2896 ››
2399 2847 2469 2902 Et
2498 2846 2556 2902 in
2600 2845 2899 2919 passione:
2951 2869 2980 2896 «
3014 2846 3203 2914 Pater,
3247 2846 3300 2901 si
3348 2845 3472 2900 fieri

1823 2941 2035 3009 potest,
2069 2940 2331 2992 transeat
2361 2952 2395 2991 a
2426 2952 2519 2991 me
2548 2934 2698 2991 calix
2728 2936 2837 2991 iste
2868 2936 3077 3007 (Matth.
3109 2937 3280 2999 axvr).
3312 2956 3341 2984 »
3357 2934 3471 2989 Sed

1820 3024 2007 3081 Judaei
2041 3024 2253 3081 Filium
2283 3026 2513 3081 Patrem
2545 3024 2929 3081 honorantem
2950 3025 3464 3093 inhoncraverunt,

1822 3114 2058 3186 quando
2090 3114 2396 3169 dixerunt:
2429 3136 2455 3163 ‹‹
2492 3114 2552 3169 1n
2586 3112 2905 3169 Beelzebub
2935 3112 3197 3186 principe
3244 3113 3466 3167 daemo-

121 3196 258 3256 Tanta
285 3202 451 3275 igitur
503 3201 811 3260 discordia
854 3200 1013 3256 inter
1045 3200 1278 3256 Judmos
1323 3204 1380 3255 et
1408 3199 1710 3274 praedictos
1739 3189 1784 3255 .C
1825 3203 2055 3259 niorum
2085 3202 2246 3274 ejicit
2298 3201 2588 3258 demonia
2646 3202 2849 3275 (Matth.
2882 3202 3007 3274 xu).
3043 3224 3072 3252 γ’
3105 3202 3173 3257 Et
3215 3200 3463 3256 iterum:

118 3286 451 3348 Samaritauos
482 3291 766 3357 excrevit,
797 3295 861 3345 ut
892 3289 1090 3349 nullus
1118 3290 1450 3345 Judzeorum
1471 3287 1714 3343 familia-

120 3373 221 3431 riter
243 3378 595 3453 colloquium
640 3379 852 3439 habere
895 3379 1240 3451 dignaretur
1286 3394 1420 3434 cum
1472 3377 1580 3442 eis,
1610 3392 1715 3432 nec

121 3466 386 3524 convivium
409 3467 788 3541 participare,
822 3484 925 3523 nec
956 3466 1216 3540 aliquam
1246 3466 1580 3524 societatem
1611 3464 1715 3521 ba-

122 3549 233 3621 bere,
262 3555 400 3611 sicut
428 3557 699 3614 ostendit
713 3556 918 3619 mulier
929 3556 1317 3622 Samaritana,
1332 3572 1458 3627 quae
1471 3554 1716 3610 Domino

119 3639 284 3700 dixisse
312 3647 507 3717 fertur,
556 3646 721 3703 sicut
750 3645 808 3701 in
860 3644 1167 3718 Evangelio
1213 3643 1452 3717 legitur:
1503 3668 1531 3695 ‹‹
1565 3644 1715 3708 Quo-

120 3731 248 3787 modo
274 3740 328 3788 tn
355 3736 602 3792 Judaaus
630 3752 765 3791 cum
798 3736 901 3803 sis,
934 3735 1133 3790 bibere
1165 3752 1199 3791 a
1229 3751 1322 3790 me
1352 3734 1568 3806 poscis,
1588 3750 1717 3805 qua:

121 3833 217 3875 sum
243 3823 437 3881 mulier
459 3824 881 3881 Samaritana?
909 3824 1035 3880 Non
1066 3824 1222 3885 enim
1271 3827 1589 3879 contuntur
1615 3822 1719 3879 Ju-

123 3905 197 3962 dmi
221 3910 593 3972 Samaritanis
626 3914 799 3985 (Joan.
837 3914 934 3985 iv).
970 3936 998 3962 »
1050 3913 1468 3985 Quemcunque
1515 3916 1713 3967 autem

120 3993 259 4054 διιᾶεεὶ
288 4003 645 4077 improperio
676 4001 961 4065 lacessere
992 4001 1282 4071 volebant,
1315 4001 1483 4057 illum
1516 4002 1720 4057 Sama-

125 4083 325 4146 ritanum
351 4094 664 4149 vocabant.
698 4090 860 4148 Unde
876 4095 1079 4148 contra
1092 4091 1405 4147 Dominum
1422 4089 1721 4146 fellecony

123 4177 242 4243 moti,
271 4180 401 4251 quia
426 4199 534 4238 nec
559 4198 703 4240 vera
720 4180 1011 4252 malaquze
1024 4179 1441 4252 exprobrarent
1465 4179 1724 4235 invenire

124 4268 352 4336 poterant,
375 4270 525 4328 falsa
573 4270 938 4343 improperia
987 4270 1415 4342 imposuerunt,
1466 4268 1723 4325 dicentes

122 4366 219 4421 eum
244 4357 590 4417 daemonium
625 4359 859 4417 habere.
888 4364 947 4415 et
995 4358 1430 4415 Samaritanum
1474 4374 1621 4413 esse.
1658 4357 1725 4412 Et

125 4454 218 4497 cum
244 4446 295 4501 in
323 4451 561 4507 veritate
598 4449 685 4506 eis
714 4449 1068 4521 respondere
1100 4453 1317 4521 posset,
1353 4451 1469 4503 Vos
1510 4448 1725 4502 daemo-

126 4528 246 4589 nium
273 4535 513 4607 habetis,
561 4538 775 4606 noluit,
809 4538 912 4599 sed
957 4554 1158 4594 verum
1208 4536 1429 4593 malum
1480 4536 1635 4609 quod
1666 4536 1724 4590 in

126 4615 233 4687 ipsis
256 4640 374 4683 esse
403 4628 703 4702 cognovit,
737 4627 1024 4700 patienter
1036 4627 1239 4687 tacuit.
1260 4624 1605 4681 imitabilem
1626 4642 1726 4680 no-

125 4703 191 4761 bis
212 4715 539 4784 patientiam
574 4716 915 4785 ostendens,
942 4720 1007 4771 ut
1033 4716 1497 4788 quotiescunque
1531 4732 1566 4770 a
1594 4730 1729 4787 pro-

126 4796 259 4857 leis
284 4804 527 4876 injurias
559 4806 845 4879 patimur,
868 4822 1074 4862 eorum
1103 4821 1241 4860 vera
1270 4803 1426 4860 mala
1448 4803 1731 4876 patienter

126 4884 389 4961 iaceamus,
424 4911 497 4952 ne
530 4895 682 4952 forte
710 4893 845 4951 talis
874 4894 1160 4967 correptio
1190 4893 1728 4961 nonexdileetione,

124 4975 199 5028 sed
223 4995 282 5034 ex
308 4982 566 5041 vindicta
595 4989 736 5041 nata
762 4984 1046 5042 videatur.

175 5086 198 5111 ετ
225 5066 535 5145 Respondit
564 5074 742 5131 Jesus
763 5078 820 5130 et
844 5072 991 5130 dixit
1016 5072 1163 5129 illis:
1211 5072 1327 5145 Ego
1376 5072 1729 5127 daemonium

127 5173 143 5196 '
168 5170 259 5219 110.11
286 5159 490 5237 habeo.
514 5186 548 5221 »
584 5163 917 5223 Notandum
968 5166 1162 5219 autem
1193 5162 1347 5235 quod
1399 5162 1514 5217 duo
1544 5162 1595 5217 ei
1626 5178 1734 5233 op-

125 5243 276 5309 Posito
302 5248 554 5318 fuerunt,
591 5253 690 5309 sed
721 5252 847 5325 ipse
874 5268 1061 5308 unum
1074 5251 1324 5324 negavit,
1340 5250 1736 5306 alterumvero

126 5333 325 5394 tacendo
354 5342 676 5399 consensit.
710 5341 952 5415 Negavit
993 5357 1055 5397 se
1102 5340 1452 5397 daamonium
1502 5338 1733 5408 habere,

127 5429 216 5474 non
239 5428 421 5485 tamen
450 5431 687 5503 negavit
719 5448 780 5488 se
809 5447 939 5489 esse
970 5428 1428 5489 Samaritanum.
1474 5428 1735 5484 Samari-

127 5504 265 5565 tanus
293 5514 506 5587 quippe
539 5516 957 5592 interpretatur
984 5524 1177 5574 custos.
1216 5516 1416 5573 Noluit
1461 5531 1598 5590 ergo
1628 5514 1739 5572 Do-

128 5593 288 5655 minus
316 5618 375 5658 se
405 5604 843 5665 Samaritanum
874 5624 1003 5665 esse
1017 5622 1327 5682 negare,sc
1356 5611 1621 5664 nostrum
1638 5624 1732 5663 no-

401 5732 676 5797 ΡΑτιιοι.
724 5734 989 5800 CXVIII.

1823 3316 1849 3343 ‹‹
1884 3292 2087 3348 Nonne
2116 3293 2261 3347 bene
2290 3292 2545 3347 dicimus
2572 3307 2700 3360 nos,
2720 3288 3276 3364 quiaSamaritanus
3299 3293 3465 3357 estu,

1824 3387 1881 3438 et
1910 3381 2266 3437 daemonium
2296 3380 2479 3436 habes
2512 3381 2695 3454 (Joan.
2715 3381 2883 3453 xm)?
2913 3403 2942 3430 ››
2973 3381 3072 3436 Et:
3094 3403 3123 3431 ‹‹
3153 3379 3258 3435 Hic
3287 3378 3468 3434 homo

1826 3488 1940 3527 non
1973 3475 2061 3526 est
2091 3487 2125 3526 a
2154 3470 2289 3538 Deo,
2324 3470 2423 3543 qui
2452 3470 2763 3526 sabbatum
2809 3486 2925 3525 non
2973 3468 3232 3525 custodit
3282 3469 3467 3541 (Joan.

1825 3561 1926 3631 Ix).
1964 3582 1986 3609 ι
2022 3559 2117 3614 Et:
2153 3581 2180 3609 «
2214 3560 2273 3615 Si
2308 3574 2424 3619 non
2463 3563 2618 3618 esset
2660 3560 2755 3615 hic
2806 3558 3167 3627 malefacter,
3217 3573 3334 3614 non
3363 3556 3473 3613 tibi

1825 3648 2278 3705 tradidissemus
2310 3665 2447 3704 eum
2479 3650 2658 3720 (Joan.
2691 3649 2874 3720 xvm).
2910 3670 2937 3698 ››

1899 3760 1926 3787 ‹‹
1962 3739 2081 3812 Ego
2113 3754 2227 3793 non
2260 3754 2457 3809 quaero
2489 3737 2735 3810 gloriam
2767 3754 2988 3794 meam:
3022 3741 3111 3794 est
3128 3736 3229 3811 qui
3252 3741 3476 3810 quierat

1829 3850 1857 3877 «
1891 3832 1948 3883 et
1968 3827 2214 3897 judicet.
2249 3848 2277 3876 »
2306 3826 2453 3882 Cum
2491 3826 2669 3883 Filius
2698 3827 2800 3883 Dei
2831 3826 3018 3882 multa
3047 3826 3219 3899 signa
3236 3826 3473 3893 faceret,

1830 3915 2049 3972 multas
2076 3915 2323 3971 virtutes
2354 3916 2702 3983 ostenderet,
2726 3916 2974 3989 gloriam
2988 3932 3157 3972 suam
3192 3932 3308 3971 non
3322 3930 3480 3987 qua:-

1830 4004 1983 4061 sivit.
2017 4004 2090 4060 Ut
2115 4021 2223 4060 nos
2266 4005 2397 4076 ejus
2444 4003 2708 4076 exemplo
2760 4005 3053 4073 instructi,
3103 4004 3374 4059 dicamus
3405 4003 3478 4058 de

1830 4096 1982 4150 bono
2009 4093 2163 4165 quod
2197 4092 2431 4165 agimus
2460 4110 2576 4149 non
2588 4092 3091 4165 gloriari,net‘orte
3106 4091 3477 4165 dirigaturad

1830 4200 1939 4239 nos
1971 4182 2069 4238 illa
2098 4183 2407 4247 sententia,
2440 4198 2566 4254 quae
2616 4183 2731 4238 ait:
2766 4205 2793 4232 ‹‹
2827 4182 2934 4246 Qui
2985 4180 3275 4254 superbis,
3326 4185 3481 4234 terra

1831 4278 1889 4329 et
1918 4270 2067 4328 cinis
2098 4272 2284 4342 (Eccli.
2317 4271 2412 4342 x)?
2442 4293 2470 4321 ››
2506 4270 2666 4326 Unde
2695 4271 3009 4343 Apostolus
3039 4269 3386 4345 gloriantem
3419 4268 3477 4322 in

1834 4379 1897 4417 se
1925 4359 2442 4434 praesumptionem
2474 4359 2759 4432 reprimit,
2793 4359 3024 4415 dicens:
3059 4381 3086 4409 ‹‹
3120 4357 3267 4424 Quid
3297 4356 3481 4412 babes

1833 4450 1990 4523 quod
2022 4458 2138 4506 non
2169 4449 2486 4522 accepisti?
2516 4449 2657 4522 quid
2687 4448 2957 4522 gloriaris
2985 4448 3151 4521 quasi
3184 4464 3300 4505 non
3320 4462 3480 4503 acce-

1759 4561 1804 4626 υ
1835 4540 1990 4612 peris
2047 4540 2096 4612 (Ι
2145 4540 2265 4595 Cor.
2326 4538 2442 4611 iv)?
2477 4562 2505 4590 ››
2560 4539 2672 4596 Sed
2729 4537 3010 4613 quaeritur
3065 4554 3245 4610 quare
3297 4536 3479 4593 dicat:

1839 4653 1866 4679 ‹‹
1901 4630 2021 4702 Ego
2055 4646 2167 4684 non
2201 4645 2396 4700 quaero
2443 4627 2688 4702 gloriam
2739 4644 2952 4698 meam,
2985 4632 3074 4684 est
3111 4628 3212 4699 qui
3265 4629 3487 4699 quaret

1838 4723 1897 4774 et
1917 4716 2165 4789 judicat,
2200 4739 2227 4765 ››
2261 4734 2394 4773 cum
2427 4716 2567 4773 alibi
2597 4717 2815 4773 dixisse
2846 4716 3150 4789 legatur:«
3185 4714 3353 4770 Pater
3367 4729 3484 4768 non

1832 4806 2062 4878 judicat
2091 4822 2473 4879 quemquam,
2506 4807 2608 4862 sed
2640 4823 2811 4863 omne
2834 4806 3129 4878 judicium
3159 4803 3320 4860 dedit
3343 4800 3485 4859 Filio

1840 4897 2017 4968 (Joan.
2049 4892 2138 4952 v)?
2170 4918 2197 4945 ››
2238 4895 2294 4950 Si
2338 4896 2509 4953 Pater
2555 4912 2728 4951 omne
2770 4894 3064 4967 judicium
3113 4893 3274 4949 dedit
3320 4889 3485 4958 Filio,

1840 5001 2022 5057 quare
2052 4984 2204 5040 idem
2234 4984 2413 5042 Filius
2433 4990 2567 5058 post
2582 4989 2879 5057 acceptam
2894 4981 3309 5039 contumeliam
3323 4981 3484 5037 dicit:

1846 5097 1867 5124 ι
1903 5074 2004 5129 Est
2035 5073 2134 5146 qui
2166 5079 2387 5145 quaerat
2417 5078 2475 5131 et
2490 5074 2755 5145 judicet?
2788 5096 2814 5122 ››
2845 5072 2928 5128 Ad
2964 5073 3119 5145 quod
3150 5071 3486 5139 dicendum,

1843 5163 1980 5236 quia
1985 5163 2277 5235 judicium
2291 5164 2349 5218 in
2363 5163 2680 5236 Scripturis
2697 5161 2986 5236 duplicem
3002 5162 3491 5236 significationem

1844 5252 2038 5308 habet.
2070 5252 2396 5325 Aliquando
2426 5258 2619 5308 autem
2632 5253 2704 5308 ad
2719 5252 3150 5321 discretionem,
3176 5250 3492 5324 aliquando

1846 5341 1990 5414 perti
2002 5345 2098 5397 net
2127 5342 2197 5397 ad
2214 5340 2671 5408 damnationem,
2688 5339 2808 5397 Nisi
2822 5341 2979 5397 enim
2994 5342 3064 5397 ad
3080 5339 3491 5411 discretionem

1847 5431 2181 5503 pertineret,
2215 5446 2590 5502 nequaquam
2620 5429 2932 5487 Psalmista
2946 5428 3196 5487 diceret:
3232 5453 3260 5481 «
3285 5427 3496 5485 Judica

1852 5537 1965 5586 me,
1999 5520 2172 5588 Deus,
2197 5524 2254 5575 et
2282 5519 2548 5577 discerne
2578 5536 2817 5578 causam
2849 5537 3042 5578 meam
3072 5521 3144 5576 de
3174 5521 3345 5593 gente
3376 5534 3493 5575 non

1855 5612 2056 5667 sancta
2103 5609 2274 5686 (Psal.
2326 5609 2481 5691 xui).
2519 5632 2546 5659 ››
2595 5609 2692 5671 Et:
2730 5631 2760 5662 «
2790 5610 2964 5683 Deus,
3017 5610 3079 5667 in
3106 5610 3341 5669 nomine
3391 5611 3492 5664 tuo

3098 5740 3171 5805 11
