4012 6174
420 337 528 399 331

980 329 1382 392 HAYMONlS
1431 327 1968 389 llALBERSTA'l‘.
2017 323 2264 385 EPISC.
2312 325 2485 387 OPP.
2531 328 2733 390 PARS
2782 329 2857 390 II.
2888 364 2964 374 —
2996 329 3265 391 HOMIL.

3714 328 3827 388 322

424 469 651 530 salvum
693 481 782 521 me
814 464 901 520 fac
932 464 1105 535 (Psal.
1138 463 1273 534 Lm).
1306 484 1334 511 ››
1364 463 1435 517 Et
1467 460 1577 515 nisi
1606 460 1677 515 ad
1711 458 2068 514 condcmna-
2099 462 2154 527 Α
2183 456 3828 532 conditionimortissubstravit,juxtasententiamDomini

419 561 640 614 tionem
674 555 1005 627 pertineret,
1036 550 1298 607 Salvator
1329 550 1487 604 nullo
1504 548 1746 604 modoin
1768 544 2073 617 Evangelio

424 643 694 706 dixisset:
730 635 2075 710 «Veniethora,quandomortuiaudientvocem

432 731 559 790 Filii
590 731 714 801 Dei,
745 734 803 786 et
832 727 1257 802 procedentqui
1286 729 1712 798 bonacgerunt,
1734 725 1792 780 in
1824 739 2078 780 resurre-

434 822 687 879 ctionem
717 816 991 889 vitazzqui
1008 833 1140 872 vero
1165 815 1339 881 mala,
1358 815 1415 869 in
1432 810 2080 883 resurrectionemjudi-

437 911 509 966 cii
540 914 726 978 (Joan.
752 908 828 979 v).
866 929 893 956 ››
924 907 1070 977 Ergo
1102 905 1160 959 in
1192 904 1300 959 hoc
1330 903 1457 958 loco
1472 902 1763 975 judicium
1786 903 1855 957 ad
1872 901 2083 956 discre-

437 1000 657 1056 tionem
689 995 958 1069 pertinet,
989 1010 1123 1049 cum
1154 992 1261 1048 ait:
1298 1015 1326 1041 «
1358 993 1475 1065 Ego
1490 1009 1602 1047 non
1628 1008 1821 1063 quaero
1834 989 2079 1063 gloriam

438 1103 654 1153 meam,
687 1089 777 1141 est
805 1083 905 1155 qui
938 1085 1159 1155 quaerat
1187 1086 1245 1137 et
1285 1081 1528 1153 judicet.
1563 1102 1589 1130 ››
1642 1083 1720 1135 Ac
1748 1079 1797 1135 si
1827 1080 2078 1133 diceret:

439 1178 537 1232 Est
567 1174 735 1230 Pater
762 1188 930 1231 meus
960 1171 1058 1244 qui
1089 1171 1370 1226 discernit
1390 1169 1792 1226 intercausam
1816 1185 2005 1223 meam
2029 1171 2086 1222 et

440 1269 717 1320 vestram.
750 1262 984 1317 Mittens
1016 1261 1174 1315 enim
1210 1261 1358 1314 Deus
1385 1260 1551 1315 Pater
1582 1258 1794 1313 Filium
1818 1273 1991 1312 suum
2024 1256 2084 1311 in

440 1353 752 1416 mundum,
786 1367 900 1406 non
933 1348 1122 1405 solum
1156 1366 1191 1404 a
1220 1348 1500 1420 reprobis,
1535 1348 1632 1401 sed
1656 1347 1831 1403 etiam
1864 1346 2087 1415 ajustis

439 1443 816 1513 ejuscausam
833 1439 1003 1511 longe
1015 1438 1327 1493 discretam
1343 1436 1617 1493 ostendit.
1637 1436 1741 1490 Alii
1776 1437 1930 1491 enim
1952 1451 2085 1489 cum

443 1535 678 1604 peccato
710 1532 1054 1595 nascuntur,
1089 1526 1187 1583 ille
1217 1528 1342 1582 sine
1374 1532 1606 1597 peccato
1636 1530 1725 1581 est
1754 1531 1956 1591 natus;
1990 1523 2090 1579 alii

445 1621 517 1677 ad
548 1635 888 1676 mensuram
929 1617 1225 1688 accipiunt
1275 1614 1557 1688 Spiritum
1610 1619 1899 1681 sanctum,
1934 1613 1991 1668 in
2022 1630 2089 1669 eo

445 1713 643 1766 autem
670 1707 1103 1763 habitatomnis
1115 1704 1419 1777 plenitudo
1437 1703 1756 1760 divinitatis
1778 1701 2088 1775 corporali-

445 1803 554 1867 ter,
587 1797 739 1854 sicut
769 1795 952 1852 Isaias
976 1795 1087 1850 ait:
1121 1818 1149 1844 ‹‹
1183 1795 1252 1848 Et
1282 1793 1565 1866 requievit
1585 1810 1762 1865 super
1780 1791 2094 1863 eumspiri-

446 1892 544 1942 tus
575 1885 830 1952 Domini,
851 1884 1097 1957 spiritus
1108 1883 1404 1955 sapientiae
1418 1882 1833 1950 etintellectus,
1850 1881 2093 1955 spiritus

448 1974 676 2033 consilii
705 1979 761 2030 et
792 1972 1172 2039 fortitudinis,
1206 1972 1449 2044 spiritus
1480 1971 1734 2028 scientia:
1765 1976 1822 2027 et
1839 1970 2091 2043 pietatis,

448 2071 507 2122 et
537 2063 782 2139 replevit
810 2080 944 2121 eum
977 2062 1221 2135 spiritus
1252 2061 1481 2117 timoris
1511 2060 1741 2117 Domini
1766 2061 1894 2129 (Isa.
1928 2065 2029 2128 ιιι).
2065 2082 2094 2110 ››

449 2156 530 2211 De
560 2171 676 2226 qua
695 2153 1046 2209 discretione
1076 2168 1177 2223 per
1206 2149 1840 2206 Psalmistamdicitur:
1872 2173 1900 2199 «
1925 2149 2099 2205 Unxit

449 2249 507 2299 te
533 2244 689 2299 Deus
715 2242 869 2298 Deus
889 2245 1029 2298 tuus
1049 2240 1173 2297 oleo
1195 2240 1407 2296 latitia:
1439 2257 1555 2312 prae
1578 2238 1958 2311 participibus
1980 2238 2098 2293 tuis

453 2333 625 2405 (Psal.
659 2331 829 2402 κων).
864 2354 884 2380 ιι
920 2330 1254 2387 Secundum
1286 2346 1420 2384 vero
1452 2328 1595 2383 illud
1631 2328 1946 2413 judicium,
1983 2345 2098 2400 quo

453 2420 684 2494 reprobi
713 2420 773 2477 in
802 2419 1348 2477 condemnationem
1401 2418 1725 2483 mittentur,
1775 2418 1943 2472 Pater
1984 2435 2101 2472 non

454 2506 1440 2583 diciturquemquamjndicare,sed
1453 2507 1652 2577 omnej
1664 2505 1921 2562 udicium
1941 2507 2103 2562 dedit

458 2599 629 2656 Filio:
658 2598 1049 2671 quiajustum
1080 2600 1138 2653 et
1166 2614 1400 2669 aequum
1430 2601 1519 2652 est
1549 2600 1614 2650 ut
1645 2594 1825 2651 Filius
1857 2596 1974 2663 Dei,
2000 2596 2102 2668 qui

460 2690 532 2744 ab
565 2688 904 2744 hominibus
942 2686 1160 2759 injuste
1189 2691 1280 2741 est
1319 2684 1642 2757 judicatus,
1680 2684 1739 2739 in
1792 2684 2104 2741 universali

452 2778 677 2850 judicio
700 2777 883 2849 judex
910 2774 1172 2831 vivorum
1206 2779 1262 2829 et
1304 2778 1670 2829 mortuorum
1720 2779 2017 2846 appareat,
2051 2779 2108 2828 et

461 2871 726 2939 segreget
754 2866 939 2922 bonos
969 2882 1004 2920 a
1035 2863 1230 2923 malis.
1260 2864 1413 2919 sicut
1442 2863 1568 2935 ipse
1617 2863 1725 2918 ait:
1760 2886 1787 2912 ‹‹
1821 2863 1965 2919 Cum
2016 2880 2104 2919 se-

458 2954 610 3010 derit
643 2954 824 3019 Filius
854 2952 1111 3009 hominis
1140 2953 1198 3007 in
1234 2954 1370 3008 sede
1422 2951 1747 3024 majestatis
1793 2969 1935 3017 suae,
1966 2959 2107 3008 tunc

455 3043 976 3116 congregabuntur
991 3047 1271 3099 anteeum
1286 3058 1490 3099 omnes
1502 3045 1724 3113 gentes,
1748 3047 1803 3097 et
1815 3042 2110 3114 separabit

454 3148 553 3189 eos
583 3133 656 3188 ab
690 3131 958 3201 invicem,
994 3133 1149 3187 sicut
1177 3136 1376 3205 pastor
1405 3135 1636 3204 separat
1656 3148 1789 3186 oves
1819 3132 1893 3186 ab
1925 3131 2110 3186 haedis

2184 546 2629 602 comminantis:
2667 573 2692 598 «
2720 550 3076 621 Quocunque
3091 549 3184 605 die
3212 547 3829 619 comederitisexligno

2186 634 2439 690 scientias
2470 636 2606 691 boni
2640 640 2694 691 et
2726 637 2884 703 mali,
2921 642 3104 693 morte
3119 636 3674 707 moriemini(6enes.
3708 638 3829 708 11).»

2188 724 2255 778 Et
2286 725 2441 780 unde
2471 725 2769 797 Scriptura
2800 726 2966 783 dicit:
3001 751 3025 777 ‹‹
3061 727 3202 791 Quis
3233 731 3320 782 est
3350 726 3525 781 homo
3549 725 3829 798 quivivet,

2186 816 2243 867 et
2273 829 2388 868 non
2417 814 2634 870 videbit
2664 816 2991 871 mortem?»
3024 817 3195 889 (Psal.
3231 814 3830 887 Lxx‘xvm.)Subaudi-

2187 904 2304 967 tur,
2339 901 2559 959 nullus.
2592 903 2720 959 Haec
2751 910 2942 960 autem
2976 906 3065 961 lex
3083 905 3831 960 humanaeconditionicon-

2191 991 2398 1046 stituta
2427 997 2536 1058 est,
2570 997 2636 1047 ut
2665 993 2766 1065 qui
2796 993 3117 1066 gustaverit
3145 994 3347 1059 vitam,
3378 998 3573 1065 gustet
3596 998 3654 1049 et
3681 1010 3834 1049 mor-

2192 1083 2331 1146 tem,
2367 1080 2617 1137 maxime
2648 1099 2782 1137 cum
2808 1083 2879 1138 de
2922 1083 3168 1138 Domino
3219 1083 3502 1156 scriptum
3554 1088 3673 1139 est:
3708 1107 3735 1133 ‹‹
3774 1083 3835 1138 Et

2192 1168 2422 1224 Domini
2459 1171 2685 1226 Domini
2714 1172 2903 1228 exitus
2935 1171 3141 1227 mortis
3166 1173 3336 1245 (Psal.
3373 1174 3567 1244 LXVII}.
3604 1195 3631 1219 η
3654 1173 3835 1236 Quare

2192 1274 2329 1330 ergo
2361 1258 2529 1314 dicit:
2564 1282 2591 1308 ‹‹
2626 1261 2682 1315 Si
2716 1261 2847 1332 quis
2878 1278 3206 1317 sermonem
3260 1277 3453 1317 meum
3508 1261 3834 1328 servaverit,

2196 1352 2444 1401 mortem
2460 1365 2572 1402 non
2587 1350 2803 1405 videbit
2818 1350 2873 1405 in
2888 1350 3244 1405 aeternum?»
3257 1352 3339 1405 Ad
3355 1352 3508 1423 quod
3527 1351 3833 1406 dicendum

2198 1436 2337 1506 quia
2366 1435 2479 1491 alia
2509 1443 2598 1492 est
2624 1454 2783 1495 mors
2813 1439 3042 1506 animas,
3077 1445 3133 1494 et
3170 1438 3285 1494 alia
3326 1438 3602 1512 corporis.
3635 1440 3838 1495 Anima

2199 1540 2454 1596 namque
2485 1542 2586 1597 per
2615 1532 2920 1598 peccatum
2955 1529 3220 1593 moritur,
3255 1528 3409 1584 sicut
3437 1528 3717 1601 scriptum
3734 1532 3837 1583 est:

2204 1613 2473 1669 «Anima
2524 1631 2651 1687 quae.
2706 1618 3048 1688 peccaverit,
3103 1617 3234 1689 ipsa
3285 1618 3567 1673 morietur
3620 1618 3840 1689 (Ezcrh.

2199 1704 2389 1773 xvm):
2428 1726 2454 1751 »
2490 1720 2701 1777 corpus
2728 1722 2860 1761 vero
2883 1710 3119 1779 propter
3150 1722 3380 1780 poenam
3424 1706 3666 1778 peccati.
3709 1706 3845 1778 quia

2202 1792 2355 1847 sicut
2385 1793 2465 1847 ait
2489 1793 2818 1865 Scriptura:
2854 1817 2881 1844 ‹‹
2898 1794 3137 1851 Peccata
3155 1812 3288 1851 cum
3306 1795 3844 1851 consummatafue-

2202 1880 2337 1947 rint,
2373 1886 2653 1953 generant
2682 1882 2926 1955 mortem
2960 1888 3103 1956 (Jac.
3158 1884 3219 1955 ι).
3257 1908 3284 1933 ››
3318 1884 3632 1957 Utriusque
3672 1883 3849 1957 igitur

2202 1986 2388 2042 genus
2420 1970 2625 2026 mortis
2656 1971 2941 2029 Dominus
2987 1973 3448 2046 comprehendit,
3498 1990 3632 2029 cum
3682 1973 3845 2029 dicit:

2206 2082 2232 2108 ‹‹
2268 2058 2404 2114 Sine
2434 2062 2696 2115 mortuos
2728 2060 2973 2132 sepelire
3006 2066 3270 2119 mortuos
3316 2080 3453 2118 suos
3483 2066 3637 2132 (Luc.
3687 2063 3793 2134 ιι),
3826 2086 3848 2109 »ι

2205 2148 2264 2202 id
2298 2153 2385 2204 est
2416 2152 2480 2203 ut
2514 2149 2730 2205 mortui
2761 2150 2968 2206 anima:
2991 2151 3551 2224 sepeliantmortuos
3573 2152 3849 2224 corporis.

2207 2238 2339 2291 Vita
2369 2238 2585 2309 quippe
2614 2238 2893 2311 corporis,
2927 2240 3124 2296 anima
3140 2246 3255 2298 est:
3288 2241 3691 2297 etvitaanimae
3708 2242 3852 2298 Deus

2209 2329 2316 2381 est.
2350 2326 2512 2381 Sicut
2540 2328 2694 2382 enim
2712 2329 3182 2401 moriturcorpus
3196 2329 3647 2398 sineanima,sic
3662 2331 3855 2386 anima

2212 2414 2336 2470 sine
2367 2414 2501 2471 Deo.
2536 2416 2615 2470 De
2649 2415 2756 2471 hac
2784 2433 2920 2490 ergo
2938 2418 3215 2485 morte,id
3230 2419 3402 2475 estde
3428 2410 3853 2484 morteanimaé,

2213 2505 2283 2559 de
2313 2509 2498 2560 morte
2529 2508 2830 2577 perpetua,
2863 2506 2934 2561 de
2965 2510 3151 2561 morte
3182 2507 3491 2581 gehennali
3534 2506 3706 2563 dicit:
3745 2531 3774 2557 ‹‹
3803 2506 3857 2562 Si

2214 2594 2347 2665 quis
2379 2610 2709 2649 sermonem
2742 2612 2940 2651 meum
2972 2596 3300 2665 servaverit,
3322 2601 3568 2652 mortem
3583 2597 3860 2653 nonvide—

2215 2682 2300 2737 bit
2327 2682 2387 2737 in
2418 2686 2722 2738 aeternum.
2754 2706 2783 2733 η
2818 2684 3100 2747 Quoniam
3134 2684 3468 2758 quicunque
3506 2693 3858 2760 praeceptum

2217 2769 2448 2825 Domini
2480 2771 2841 2838 custodierit,
2866 2770 3001 2826 licet
3014 2772 3070 2827 in
3087 2777 3333 2827 mortem
3350 2772 3858 2844 corporisincidat,

2216 2863 2413 2914 tamen
2444 2876 2476 2914 a
2508 2865 2693 2915 morte
2726 2860 2933 2915 animas
2957 2860 3320 2929 liberabitur,
3335 2878 3552 2918 canens
3578 2862 3858 2917 cumPro-

2219 2948 2422 3021 pheta:
2458 2971 2485 2997 ‹‹
2518 2948 2965 3005 Siambulavero
2990 2950 3049 3004 in
3068 2950 3490 3006 medioumbra
3505 2950 3860 3016 mortis,non

2216 3038 2436 3093 timebo
2469 3036 2643 3105 mala,
2676 3038 2952 3109 quoniam
2985 3042 3049 3093 tu
3084 3055 3313 3094 mecum
3346 3057 3409 3095 es
3441 3041 3611 3110 (Psal.
3648 3040 3802 3111 mi).
3840 3061 3862 3085 η

2222 3126 2381 3181 Unde
2413 3125 2698 3181 Dominus
2720 3127 2779 3181 in
2814 3126 3147 3200 Evangelia:
3184 3150 3210 3177 «
3232 3129 3491 3201 Egosum
3521 3127 3864 3184 resurrectio

457 3224 673 3295 (Matth.
705 3222 859 3293 xu).
897 3244 925 3271 »
960 3222 1038 3277 De
1088 3201 1202 3293 quo
1244 3201 1487 3291 judicio-
1518 3218 1655 3274 alibi
1688 3220 1747 3274 in
1800 3216 2107 3290 Evangelia
2140 3201 2181 3267 C
2218 3219 2274 3269 et
2302 3215 2441 3281 vita,
2474 3214 2574 3286 qui
2606 3215 2792 3270 credit
2822 3215 2880 3270 in
2914 3230 3024 3283 me,
3060 3217 3234 3271 etiam
3267 3218 3316 3272 si
3359 3221 3626 3273 mortuus
3671 3217 3865 3282 fuerit,

456 3312 700 3384 legitur:
754 3331 775 3359 ι
810 3311 1160 3367 Potestatem
1211 3309 1373 3364 dedit
1420 3308 1472 3363 ei
1522 3309 1691 3362 Pater
1739 3307 2112 3376 facerejudi-

463 3401 644 3466 cium,
671 3400 810 3471 quia
840 3398 998 3454 ﬁlius
1030 3398 1285 3453 hominis
1307 3402 1395 3452 est
1417 3400 1601 3467 (Joan.
1638 3396 1714 3463 v).
1733 3420 1759 3445 »
1782 3397 1847 3450 Et
1875 3397 2115 3466 Aposto-

464 3489 589 3545 lus:
625 3512 651 3537 ‹‹
687 3488 903 3543 Omnes
933 3503 1040 3541 nos
1071 3485 1436 3541 manifestari
1485 3488 1715 3556 oportet
1761 3489 1896 3540 ante
1926 3484 2115 3540 tribu-

471 3576 566 3631 nal
600 3574 836 3642 Christi,
871 3578 937 3651 ut
966 3574 1179 3629 referat
1231 3573 1640 3644 unusquisque
1689 3576 1862 3643 prout
1910 3573 2115 3645 gessit,

471 3665 590 3721 sive
616 3664 856 3731 bonum,
892 3660 1010 3718 sive
1043 3661 1263 3716 malum
1296 3662 1367 3733 (ll
1402 3661 1615 3731 Conv).
1652 3660 2117 3717 nNecalicuiim-

470 3750 747 3825 possibile
776 3751 949 3806 debet
978 3750 1179 3816 videri,
1212 3765 1329 3804 uno
1348 3748 1558 3820 judicii
1590 3749 1823 3804 nomine
1844 3750 1992 3805 duas
2022 3749 2119 3805 ha-

470 3841 605 3897 bere
630 3838 1107 3911 significationes.
1141 3855 1277 3893 cum
1307 3838 1491 3893 multa
1514 3837 2038 3895 taliainveniantur
2059 3839 2119 3894 in

468 3928 807 4001 Scripturis.
841 3929 941 3984 Est
971 3928 1127 3983 enim
1160 3928 1402 3984 tentatio
1434 3928 1732 3983 adducens
1774 3927 2040 4001 gloriam.
2066 3933 2122 3984 et

471 4021 561 4074 est
588 4017 830 4073 tentatio
863 4017 1162 4073 adducens
1194 4021 1518 4088 peccatum.
1554 4017 1650 4071 Est
1681 4017 1857 4072 timor
1873 4017 2121 4084 servilis,

472 4122 647 4178 quem
680 4107 934 4179 perfecta
959 4105 1216 4161 charitas
1244 4106 1397 4160 foras
1427 4104 1689 4177 expellit:
1743 4109 1801 4160 et
1830 4109 1918 4160 est
1947 4105 2125 4160 timor

473 4199 691 4263 castus,
724 4195 821 4267 qui
855 4198 1159 4267 permanet
1191 4195 1249 4249 in
1282 4194 1560 4251 saeculum
1593 4194 1810 4250 seaculi.
1846 4194 1939 4250 Sic
1970 4199 2126 4250 estet

466 4284 758 4356 judicium
792 4284 945 4356 quod
979 4283 1228 4355 pertinet
1242 4283 1312 4337 ad
1327 4282 1758 4348 discretionem,
1775 4282 2122 4357 etjudicium

477 4373 634 4444 quod
669 4373 736 4428 ad
769 4372 1337 4428 condemnationem.
1367 4372 1477 4426 Sed
1514 4388 1615 4426 nec
1650 4372 1915 4443 ingratus
1938 4370 2129 4425 Domi-

480 4477 593 4515 nus
624 4460 970 4516 beneficium
1003 4478 1122 4515 suas
1149 4460 1577 4531 praedicationis
1616 4458 1929 4514 subtrahit.
1980 4459 2125 4513 Nam

2222 3302 2389 3358 vivet.
2426 3303 2493 3357 Et
2520 3304 2715 3359 omnis
2746 3305 2845 3376 qui
2876 3305 3017 3360 vivit
3046 3309 3103 3360 et
3133 3305 3316 3362 credit
3345 3307 3404 3361 in
3426 3323 3644 3362 menon
3675 3306 3873 3361 morie-

2222 3396 2320 3446 tur
2351 3392 2407 3445 in
2438 3396 2719 3448 aeternum
2750 3395 2925 3465 (Joan.
2961 3395 3058 3466 ιι).
3099 3417 3125 3444 ››
3159 3394 3224 3449 Et
3253 3395 3509 3451 Joannes
3557 3395 3614 3450 in
3650 3397 3869 3467 Apoca-

2224 3478 2402 3551 lypsi:
2440 3502 2467 3529 «
2498 3480 2711 3536 Beatus
2740 3482 3351 3554 etsanctusquihabet
3370 3484 3669 3557 partemin
3689 3498 3878 3538 resur-

2226 3568 2479 3625 rectione
2506 3570 2698 3642 prima
2727 3571 2908 3641 (Apoc.
2942 3573 3052 3642 xx).
3092 3594 3118 3620 »
3144 3572 3206 3626 In
3240 3572 3331 3627 his
3363 3573 3643 3643 secunda,
3698 3572 3755 3627 id
3792 3576 3877 3627 est

2228 3656 2455 3723 animze,
2491 3676 2649 3714 mors
2683 3677 2798 3714 non
2829 3659 3006 3715 habet
3036 3664 3406 3732 potestatem,
3442 3662 3497 3717 id
3534 3665 3621 3717 est
3643 3659 3878 3733 quando

2228 3746 2426 3803 anima
2455 3748 2526 3803 de
2552 3749 2711 3803 V’ltllS
2744 3748 2802 3803 in
2835 3749 2942 3804 hoc
2974 3749 3185 3805 saeculo
3233 3751 3447 3805 transit
3495 3750 3567 3805 ad
3614 3750 3877 3805 virtutes.

2230 3836 2390 3903 Quod
2407 3840 2471 3891 ut
2486 3828 3107 3910 faciliusintelligatur,
3134 3838 3369 3910 aliquod
3384 3852 3673 3911 ponamus
3685 3854 3879 3893 exem-

2230 3926 2415 3997 plum.
2447 3925 2620 3981 Verbi
2652 3927 2863 3998 gratia,
2895 3926 3251 3997 quibusdam
3265 3927 3486 3982 dictum
3507 3926 3881 3982 estzAdorate

2230 4014 2408 4081 idola,
2434 4014 2695 4086 alioquin
2730 4014 3181 4071 interﬁciemini.
3214 4019 3288 4071 At
3317 4015 3399 4070 illi
3434 4016 3622 4088 magis
3637 4020 3878 4069 mortem

2230 4103 2491 4175 corporis
2523 4103 2793 4158 timentes
2819 4120 2995 4175 quam
3030 4105 3259 4172 animae,
3294 4105 3702 4171 adoraverunt,
3736 4108 3797 4158 et
3826 4102 3879 4156 in

2233 4197 2479 4247 mortem
2512 4191 2722 4246 animae
2755 4192 3103 4259 inciderunt,
3141 4209 3243 4248 nec
3258 4198 3487 4248 tantum
3504 4196 3743 4248 mortem
3762 4207 3883 4246 cor-

2235 4280 2392 4352 poris
2424 4281 2755 4352 perenniter
2783 4286 3109 4336 cvaserunt.
3150 4280 3455 4337 Detalibus
3470 4282 3750 4354 scriptum
3768 4285 3878 4335 est:

2239 4391 2267 4420 ‹‹
2299 4369 2455 4424 Mors
2484 4373 2853 4439 peccatorum
2898 4371 3157 4441 pessima
3201 4372 3375 4440 (Psal.
3433 4376 3650 4439 χχχιιι).
3688 4394 3713 4417 »
3742 4368 3886 4424 Aliis

2237 4458 2413 4512 etiam
2444 4457 2668 4512 dictum
2696 4462 2819 4513 est:
2849 4458 3556 4532 Adorateidola,alioquin
3574 4456 3885 4514 mittemini

482 4564 629 4620 quos
656 4564 759 4619 per
788 4550 1241 4620 increpationem
1274 4548 1611 4621 eorriginon
1640 4548 1890 4614 videbat,
1918 4547 2131 4602 blanda
2162 4560 2207 4624 ι)
2238 4546 2295 4601 in
2328 4546 2625 4601 caminum
2660 4546 2813 4618 ignis
2845 4547 3125 4602 ardentis.
3161 4547 3245 4602 llli
3278 4562 3411 4603 vero
3443 4548 3885 4620 magismortem

483 4634 872 4710 promissione
902 4638 972 4691 ad
1007 4638 1420 4710 corrigendum
1450 4640 1740 4708 provocat,
1765 4638 1985 4692 dicens:

554 4750 583 4777 «
614 4727 820 4793 Amen,
854 4725 1364 4795 amendicovobis,
1384 4725 1578 4797 siquis
1592 4742 1919 4781 sermonem
1934 4742 2131 4780 meum

483 4838 511 4866 ‹‹
544 4816 879 4882 servaverit,
934 4819 1180 4871 mortem
1231 4831 1345 4869 non
1389 4814 1606 4868 videbit
1655 4814 1710 4869 in
1764 4818 2065 4869 aeternum.
2103 4836 2131 4862 ››

481 4906 725 4976 Semper
751 4904 910 4959 enim
940 4920 1112 4960 amen
1133 4903 1190 4957 in
1207 4901 1880 4974 Evangeliogeminatur,
1899 4901 2133 4972 utquod

485 4991 647 5058 dicit,
680 4993 951 5048 credatur
981 4994 1193 5048 verius.
1228 4990 1516 5056 Quaeritur
1534 4995 1728 5046 autem
1763 4990 2130 5062 quaredicat:

488 5099 517 5127 «
548 5077 606 5131 Si
638 5080 771 5149 quis
802 5098 1127 5136 sermonem
1163 5097 1358 5135 meum
1389 5079 1717 5145 servaverit,
1741 5083 1987 5133 mortem
2018 5096 2135 5133 non

483 5165 701 5221 videbit
735 5167 790 5221 in
825 5174 1128 5238 aeternum,
1166 5192 1191 5217 ι)
1223 5186 1356 5225 cum
1388 5168 1654 5240 legamus
1685 5171 1917 5223 sanctos
1940 5171 2133 5238 patres

487 5269 749 5310 servasse
780 5254 1007 5311 Domini
1038 5273 1388 5324 sermonem,
1423 5261 1480 5311 et
1513 5261 1705 5311 tamen
1739 5259 1983 5310 mortem
2016 5272 2136 5311 cor-

487 5343 645 5416 poris
676 5344 840 5400 nullo
873 5344 1048 5400 modo
1080 5346 1354 5413 evasisse,
1388 5350 1625 5416 excepto
1676 5344 1797 5399 Elia
1827 5349 1885 5399 et
1914 5343 2132 5411 Enoch,

487 5432 590 5503 qui
624 5433 892 5504 quamvis
925 5433 1115 5488 adhuc
1147 5433 1357 5500 vivant,
1392 5439 1638 5489 mortem
1665 5438 1860 5488 tamen
1878 5432 2137 5504 corporis

488 5537 605 5577 non
637 5521 899 5578 evadent.
935 5521 1017 5576 Ex
1043 5537 1158 5594 quo
1196 5521 1350 5577 enim
1401 5522 1627 5595 primus
1677 5538 1890 5593 parens
1938 5526 2138 5576 noster

468 5615 842 5689 .praaceptum
875 5611 1001 5668 vitae
1031 5610 1400 5687 contempsit,
1434 5627 1495 5665 se
1539 5614 1826 5682 suamque
1874 5609 2134 5665 sobolem

2242 4634 2451 4689 animae
2482 4650 2657 4705 quam
2690 4636 2948 4707 corporis
2978 4636 3272 4701 timentes,
3294 4636 3643 4692 ﬁducialiter
3663 4650 3891 4706 respon-

2241 4723 2471 4790 derunt,
2505 4723 2794 4779 dicentes:
2830 4747 2857 4773 «
2890 4724 3099 4779 Potens
3130 4729 3219 4779 est
3250 4741 3357 4780 nos
3391 4724 3674 4779 Dominus
3704 4723 3770 4777 de
3800 4738 3890 4776 ca-

2242 4813 2403 4867 mino
2430 4812 2583 4884 ignis
2614 4812 2895 4878 ardentis,
2928 4818 2985 4868 et
3014 4814 3084 4868 de
3115 4812 3594 4878 manibustuis,o
3627 4810 3890 4883 rex,libe—

2244 4918 2390 4957 rare.
2423 4901 2586 4964 Quod
2617 4901 2667 4956 si
2686 4901 2957 4972 noluerit,
2987 4906 3189 4957 notum
3207 4902 3282 4957 sit
3313 4900 3887 4974 tibi,quiadeost'uos

2242 5007 2357 5045 non
2390 4988 2660 5055 colimus,
2693 4994 2748 5045 et
2782 4995 3034 5045 statuam
3059 5006 3295 5045 auream
3312 5006 3490 5061 quam
3505 4986 3885 5054 erexisti,non

2243 5079 2558 5134 adoramus
2590 5081 2760 5150 (Dan.
2789 5080 2896 5149 ιιι).
2934 5101 2961 5127 ››
2986 5076 3887 5151 Etideoquiamagisdilexerunt

2241 5167 2421 5222 vitam
2452 5166 2680 5234 animae,
2715 5184 2892 5240 quam
2923 5162 3886 5239 timuissentmortemcorporis,et

2247 5255 2418 5311 istam
2456 5256 2527 5310 ad
2562 5261 2797 5329 tempus
2828 5261 3156 5313 evaserunt.
3192 5256 3328 5311 Etsi
3361 5256 3420 5311 in
3455 5256 3689 5312 camino
3705 5267 3890 5307 more-

2245 5347 2466 5411 rentur,
2502 5344 2818 5417 «'pretiosa
2865 5350 2954 5401 est
2977 5344 3035 5399 in
3087 5349 3405 5417 conspectu
3458 5343 3691 5400 Domini
3734 5351 3889 5394 mors

2246 5436 2586 5489 sanctorum
2617 5434 2745 5505 ejus
2777 5434 2945 5501 (Psal.
2993 5434 3138 5507 ειν).
3174 5456 3201 5485 ››
3235 5434 3347 5490 Sed
3396 5434 3680 5506 qumritnr
3716 5441 3890 5501 quare

2246 5522 2478 5589 dixerit,
2513 5546 2539 5571 ‹‹
2566 5523 2811 5578 Mortem
2828 5540 2939 5578 non
2955 5522 3174 5579 videbit
3190 5523 3247 5578 in
3276 5527 3579 5579 aeternum.
3601 5516 3889 5577 ncumhm

2244 5610 2435 5666 visum
2469 5611 2663 5684 potius
2695 5612 2940 5675 auferat,
2975 5629 3151 5686 quam
3186 5612 3521 5669 tribuat.Ad
3556 5603 3890 5687 quodetiam
