4012 6174
149 310 240 369 333

1347 310 1698 372 HOMILUE
1742 310 1841 368 DE
1887 309 2288 370 TEMPORE.

3395 314 3514 373 334
3546 310 3553 325 ³

146 444 606 527 respondendum,
639 442 789 514 quia
807 443 1000 499 videre
1033 442 1092 498 in
1123 443 1231 498 hoc
1263 441 1387 499 loco
1412 460 1512 515 pro
1543 440 1760 498 sentire
1788 443 1838 509 Α
1875 442 1975 497 sed
2006 442 2135 513 ejus
2167 442 2267 527 qni
2301 441 2466 497 misit
2492 458 2585 497 me
2615 441 2803 499 Patris
2828 441 3127 514 (Joan.v1).
3147 442 3352 499 nUnde
3375 443 3516 501 alibi

143 532 210 588 vel
237 522 472 605 experiri
506 532 763 604 ponitur.
797 531 961 587 Sicut
990 532 1146 588 enim
1177 537 1233 587 et
1268 532 1426 587 fossa
1453 529 1757 587 czecadici-

143 626 238 686 tur,
267 638 375 676 non
406 620 561 693 quod
593 619 779 676 oculis
808 626 1186 692 careat,quos
1210 637 1513 692 nunquam
1533 618 1757 686 habuit,

144 710 223 765 sed
267 709 400 781 quia
439 726 561 775 eos,
584 725 732 781 quos
774 708 929 765 intra
977 726 1041 765 se
1086 709 1316 780 retinet,
1351 727 1464 764 non
1498 708 1760 764 videntes

148 799 279 865 facit;
302 803 356 854 et
386 798 540 853 sicut
562 798 761 853 tristes
791 797 1026 870 lupinos
1048 797 1323 865 dicimus,
1338 814 1454 853 non
1474 797 1628 868 quod
1647 796 1759 868 ipsi

148 888 309 944 tristes
335 886 424 943 vel
452 886 564 942 leti
584 902 712 943 esse
742 887 995 960 possint,
1011 887 1109 942 sed
1131 886 1270 958 quia
1285 887 1357 942 de
1374 903 1436 942 se
1453 889 1761 958 gustantes

149 976 307 1033 tristes
338 976 613 1042 reddunt,
645 980 881 1049 propter
905 975 1357 1031 amaritudinem
1380 991 1392 1029 :
1413 975 1497 1030 sic
1528 980 1585 1030 et
1602 990 1760 1031 mors

150 1065 291 1120 videri
320 1065 553 1132 dicitur,
584 1081 651 1121 eo
675 1065 829 1137 quod
867 1063 1324 1120 amaritudinem
1356 1080 1526 1120 suam
1558 1061 1760 1119 sentiri

150 1154 272 1210 facit.
304 1154 412 1210 Sed
442 1154 583 1225 quia
609 1152 795 1208 Judaei
826 1153 884 1207 in
916 1156 1163 1208 mortem
1190 1152 1513 1209 inciderant
1530 1153 1757 1221 animae,

153 1245 214 1297 ita
239 1248 294 1296 ut
319 1259 447 1297 eam
471 1241 715 1297 minime
745 1240 1016 1297 viderunt
1050 1258 1062 1295 :

214 1331 421 1387 «Nunc
487 1329 869 1403 cognovimus
934 1330 1076 1402 quia
1136 1329 1489 1385 daemonium
1558 1329 1757 1386 habes.

150 1444 170 1469 ιι
196 1420 469 1475 Abraham
503 1423 772 1475 mortuus
801 1423 891 1475 est
911 1424 969 1475 et
988 1418 1312 1491 prophetae:
1336 1425 1392 1473 et
1416 1423 1478 1473 tu
1510 1417 1759 1474 diciszSi

152 1533 171 1557 ει
198 1509 314 1581 quis
349 1524 681 1564 sermonem
726 1524 923 1565 meum
973 1507 1304 1568 servaverit.
1334 1524 1451 1563 non
1500 1506 1764 1580 gustabit

148 1622 167 1645 α
192 1602 415 1654 mortem
448 1596 507 1651 in
540 1602 844 1654 aeternum.
866 1618 893 1647 ι»
913 1597 1214 1661 Quomodo
1243 1595 1763 1663 intellexerunt,ita

146 1686 632 1759 atresponderunt.
663 1688 744 1742 Ac
772 1685 822 1741 si
850 1685 1114 1741 dicerent
1138 1702 1151 1741 :
1178 1685 1246 1740 Et
1275 1686 1325 1739 si
1360 1684 1763 1757 hucusquein-

145 1775 280 1831 dubii
310 1775 530 1832 fuimus
564 1779 618 1831 te
638 1774 1002 1831 daemonium
1035 1791 1149 1829 non
1182 1772 1586 1839 habere,nunc
1600 1789 1758 1827 vera-

1872 530 2155 602 scriptum
2187 534 2345 587 est:«
2364 531 2534 586 Pater
2562 536 2781 600 sancte,
2802 547 2907 604 ego
2932 535 2987 586 te
3015 529 3322 587 clariﬁcavi
3347 550 3523 605 super

1871 625 2109 689 terram,
2124 636 2276 692 Opus
2297 620 2701 676 consummavi
2723 621 2877 692 quod
2895 619 3104 675 dedisti
3126 619 3269 675 mihi
3290 621 3522 679 ut'face-
3588 672 3597 683 κ

1872 726 1995 765 rem
2028 710 2212 781 (Joan.
2243 710 2400 781 xvii).
2437 732 2464 759 ››
2497 710 2576 764 Ex
2598 708 2760 765 nulla
2788 725 2923 765 vero
2954 726 3134 766 causa
3174 708 3291 765 alia
3334 709 3523 782 magis

1870 797 2057 853 Judaei
2088 801 2291 852 contra
2320 796 2636 854 Dominum
2667 796 3285 869 irascebantur,quam
3335 814 3403 853 ex
3431 813 3519 865 ea,

1874 885 2027 958 quod
2039 885 2224 941 Deum
2242 885 2475 941 illorum
2492 886 2723 942 Patrem
2748 903 2925 942 suum
2951 902 3079 941 esse
3099 886 3349 954 dicebat,
3368 886 3521 943 sicut

1872 973 2027 1029 idem
2056 975 2312 1030 Joannes
2343 974 2482 1031 alibi
2512 975 2785 1042 ostendit,
2801 991 2936 1030 cum
2968 974 3141 1031 dicit:
3163 997 3191 1025 ‹‹
3210 974 3522 1048 Propterea

1873 1063 2213 1134 quaerebant
2240 1062 2424 1118 Judaei
2445 1063 2646 1119 Jesum
2667 1062 3013 1129 interficere,
3037 1063 3178 1134 quia
3194 1078 3308 1119 non
3326 1064 3518 1122 solum

1872 1152 2183 1207 sabbatum
2216 1150 2496 1219 solvebat,
2514 1153 2614 1208 sed
2648 1152 2823 1209 etiam
2846 1153 3075 1208 Patrem
3094 1169 3267 1208 suum
3290 1152 3521 1209 dicebat

1871 1240 2077 1307 Deum,
2132 1240 2415 1312 aequalem
2462 1258 2525 1297 se
2568 1241 2785 1315 iaciens
2833 1242 2943 1297 Deo
2992 1241 3169 1313 (Joan.
3203 1241 3277 1313 v).
3327 1263 3356 1290 »
3406 1241 3519 1296 Sed

1873 1329 3259 1402 quamvisirascerentur,quamvisindignarentu
3269 1345 3524 1402 r,quam-

1872 1418 1959 1474 vis
1991 1419 2324 1486 fremerent,
2340 1418 2568 1475 Veritas
2591 1435 2821 1490 semper
2841 1422 3037 1473 tamen
3059 1417 3290 1474 dicebat
3308 1418 3518 1474 verita-

1872 1511 2012 1575 tem,
2038 1506 2355 1563 ostendens
2386 1507 2557 1563 nobis
2587 1506 2726 1579 quia
2755 1506 3216 1583 quotiescunque
3236 1523 3342 1579 pro
3372 1507 3520 1562 veri-
3554 1576 3555 1583 γ

1871 1600 1989 1652 tate
2014 1595 2359 1651 scandalum
2393 1596 2675 1663 nascitur,
2709 1595 2919 1652 melius
2949 1599 3039 1652 est
3067 1600 3132 1651 ut
3172 1595 3520 1652 scandalum

1873 1684 2257 1752 sustineatur,
2282 1701 2459 1757 quam
2489 1685 2704 1741 veritas
2734 1683 3117 1756 relinquatur.

1944 1798 1972 1823 ‹‹
2008 1774 2076 1829 Et
2108 1790 2223 1829 non
2255 1773 2611 1845 cognovistis
2641 1789 2797 1829 eum.
2826 1796 2853 1823 »
2884 1774 2947 1828 In
2980 1772 3090 1828 hoc
3118 1788 3182 1829 se
3209 1772 3392 1830 Judaei
3414 1774 3518 1830 Pa-

145 1864 260 1919 citer
300 1862 617 1930 credimus,
664 1879 800 1918 cum
848 1862 997 1918 dicis
1035 1880 1047 1917 :
1081 1886 1108 1912 ‹‹
1142 1862 1201 1917 Si
1246 1862 1381 1934 quis
1428 1876 1759 1917 sermonem
1790 1861 2017 1919 "‘trem
2032 1880 2147 1918 non
2165 1861 2504 1935 cognovisse
2519 1861 3518 1934 ostenderunt,quiaFiliumejusab

140 1967 313 2007 meum
341 1952 674 2018 servaverit,
699 1955 945 2007 mortem
980 1968 1095 2007 non
1122 1951 1549 2023 gustabit,cum
1577 1950 1759 2011 Abra-

141 2038 253 2093 ham
285 2044 552 2096 mortuus
583 2040 678 2096 sit.
711 2062 741 2091 »
774 2039 936 2106 Quod
966 2037 1123 2095 enim
1152 2039 1432 2094 Dominus
1461 2038 1532 2093 de
1576 2043 1761 2093 morte

138 2127 325 2183 animm
356 2126 720 2195 dicebat,ille
749 2128 819 2184 de
850 2132 1033 2184 morte
1050 2144 1327 2200 corporea
1347 2126 1759 2199 intelligentes,

137 2233 251 2271 cum
283 2217 540 2289 quodam
562 2216 764 2289 jurgio
794 2216 1241 2288 responderunt,
1273 2215 1534 2271 dicentes
1568 2232 1580 2271 :

190 2304 503 2377 «Nunquid
534 2309 595 2360 tu
615 2306 805 2376 major
824 2321 888 2361 es
918 2309 1082 2379 patre
1109 2310 1308 2361 nostro
1328 2304 1646 2373 Abraham,
1663 2305 1763 2377 qui

131 2418 151 2438 η
181 2399 447 2450 mortuus
478 2394 614 2449 est?
658 2398 717 2449 et
764 2394 1060 2466 propheta:
1108 2394 1323 2450 mortui
1368 2398 1525 2449 sunt.
1580 2394 1762 2457 Quem

130 2505 151 2530 α
180 2482 429 2556 teipsum
465 2482 651 2538 lacis?
680 2505 708 2533 »
728 2485 804 2539 Ac
836 2484 886 2540 si
915 2484 1174 2539 dicerent
1206 2502 1219 2539 :
1253 2484 1510 2539 Nimium
1537 2482 1766 2538 extolle-

130 2573 219 2639 ris,
247 2572 547 2644 superﬂue
572 2570 837 2639 elevaris,
871 2572 1025 2628 ultra
1054 2573 1293 2628 modum
1333 2572 1595 2645 erigeris,
1628 2588 1761 2627 cum

127 2666 441 2717 servatores
471 2658 813 2716 sermonum
838 2665 1074 2716 tuorum
1105 2661 1349 2716 Abrahae
1379 2667 1436 2717 et
1467 2660 1764 2733 prophetis

128 2752 389 2823 praeferre
420 2751 753 2824 praesumis,
784 2767 933 2823 quos
963 2754 1192 2806 constat
1217 2755 1275 2806 et
1303 2767 1633 2807 sermonem
1662 2750 1765 2805 Do-

126 2841 260 2895 mini
294 2856 584 2906 servasse,
618 2845 676 2895 et
704 2843 900 2895 tamen
935 2844 1196 2896 mortuos
1224 2856 1468 2912 corpore
1514 2856 1664 2896 esse.
1700 2840 1766 2894 Et

121 2929 250 3001 quia
263 2928 647 3003 temporalem
661 2927 906 3001 gloriam
920 2945 1033 2984 non
1052 2934 1491 3001 permanentem
1503 2928 1651 2984 vidit
1667 2945 1766 2985 eos

123 3035 393 3088 quaerere,
408 3019 482 3073 ad
496 3016 891 3074 humilitatem
904 3018 1239 3073 sectandam
1255 3017 1623 3090 provocando
1643 3033 1762 3085 eos,

123 3108 420 3178 respondit
452 3125 465 3163 :
503 3130 529 3157 ‹‹
552 3106 614 3163 Si
643 3123 748 3179 ego
778 3106 1038 3179 gloriﬁco
1071 3106 1383 3178 meipsum,
1416 3105 1603 3179 gloria
1637 3122 1767 3161 mea

1871 1969 1938 2008 eo
1969 1951 2219 2008 missum
2254 1968 2370 2006 non
2393 1950 2857 2007 crediderunt.8i
2882 1950 3040 2006 enim
3061 1951 3290 2007 Patrem
3313 1966 3522 2023 cogno-

1868 2041 2112 2108 vissent,
2145 2039 2348 2113 utique
2375 2044 2432 2095 et
2460 2038 2604 2096 Filio
2634 2040 2764 2111 ejus
2793 2039 3204 2107 credidissent,
3219 2039 3374 2095 sicut
3397 2040 3523 2111 ipse

1873 2129 2054 2187 Filius
2083 2128 2168 2185 eis
2198 2128 2368 2195 dicit;
2391 2148 2413 2177 ι
2429 2128 2487 2184 Si
2501 2129 2655 2185 Deus
2671 2130 2840 2185 Pater
2861 2133 3048 2184 vester
3065 2132 3242 2195 esset,
3258 2126 3524 2200 diligare-

1870 2219 1948 2276 tis
1995 2218 2197 2291 utique
2250 2221 2308 2274 et
2356 2235 2469 2285 me,
2503 2217 2643 2289 quia
2669 2235 2703 2273 a
2733 2218 2850 2274 Deo
2899 2217 3044 2273 exivi
3076 2221 3135 2273 et
3181 2216 3312 2273 veni
3343 2217 3522 2287 (Joan.

1870 2309 2014 2377 vni).
2033 2333 2060 2358 ››
2076 2313 2229 2364 Bene
2258 2305 2434 2363 etiam
2457 2307 2759 2362 subditur:
2777 2330 2802 2356 ‹‹
2820 2307 2938 2379 Ego
2958 2310 3155 2362 autem
3169 2304 3299 2362 novi
3320 2321 3477 2361 eum.
3496 2327 3524 2353 ››

1874 2397 2048 2454 Aliter
2080 2398 2235 2453 enim
2270 2396 2454 2452 Filius
2480 2397 2709 2451 Patrem
2746 2395 2922 2459 novit,
2961 2400 3018 2450 et
3046 2394 3216 2450 aliter
3244 2410 3374 2450 nos.
3407 2393 3525 2449 Nos

1871 2504 2006 2542 vero
2033 2502 2104 2542 ex
2133 2491 2393 2557 tempore
2424 2483 2498 2540 ab
2525 2483 2624 2543 illo
2655 2482 2990 2549 illuniinati,
3024 2500 3231 2555 parum
3280 2483 3352 2538 de
3393 2483 3523 2553 ejus

1874 2575 2075 2631 subtili
2095 2578 2306 2630 natura
2322 2574 2631 2628 sentimus.
2648 2572 2737 2629 Illi
2756 2577 2950 2628 autem
2969 2588 3144 2627 nosse
3167 2572 3396 2628 Patrem
3409 2576 3517 2638 est,
3596 2586 3601 2589 '

1873 2668 2222 2720 coaeternum
2250 2666 2306 2717 et
2335 2660 2865 2717 consubtantialem
2887 2676 3118 2731 semper
3131 2676 3265 2716 cum
3283 2676 3350 2715 eo
3366 2675 3516 2726 esse,

1873 2753 2028 2809 sicut
2076 2752 2199 2823 ipse
2247 2750 2433 2805 dicit:
2469 2772 2495 2798 «
2536 2748 2699 2805 Sicut
2746 2748 2905 2805 novit
2951 2765 3044 2804 me
3087 2748 3272 2813 Pater,
3305 2751 3362 2801 et
3410 2762 3516 2818 ego

1874 2858 2127 2915 agnosco
2160 2840 2387 2895 Patrem
2419 2838 2731 2910 (Joan.x).»
2748 2838 2857 2892 «Et
2877 2836 2925 2893 si
2956 2837 3153 2892 dixem
3169 2834 3514 2907 quianescio

1876 2946 2187 2996 «eum,ero
2219 2927 2432 2984 similis
2462 2927 2933 2994 vobis,mendax.
2953 2948 2980 2975 »
2994 2926 3141 2981 Cum
3171 2922 3520 2995 enim(utait

1874 3017 2193 3090 Scriptura)
2216 3040 2243 3067 (ι
2275 3016 2471 3072 omnis
2502 3015 2676 3072 homo
2707 3015 2959 3077 mendax
2975 3014 3307 3083 (Psal.cxv),
3322 3034 3349 3061 »
3365 3011 3518 3068 Deus

1881 3111 2078 3163 autem
2102 3106 2264 3163 solus
2296 3104 2654 3172 verax,sicut
2685 3103 2811 3175 ipse
2839 3104 2922 3159 ait
2967 3121 3021 3158 τι
3058 3103 3176 3174 Ego
3207 3117 3340 3157 sum
3369 3100 3520 3155 veri-

124 3195 260 3249 nihil
308 3201 401 3252 est
450 3198 627 3264 (Joan.
657 3194 803 3267 VIII).
842 3218 871 3245 »
901 3197 980 3250 Ac
1019 3194 1068 3250 si
1109 3195 1364 3251 diceret:
1398 3194 1594 3250 Gloria
1637 3211 1768 3250 mea
1796 3180 1840 3246 C
1878 3203 1968 3252 tas
2005 3198 2184 3265 (Joan.
2216 3198 2351 3262 xxv),
2388 3216 2417 3244 »
2444 3192 2628 3249 multo
2676 3191 2933 3249 deterius
2976 3190 3163 3247 Judaei
3210 3186 3523 3245 mendaces

124 3282 260 3339 nihil
281 3302 413 3341 esse
446 3288 664 3356 posset,
679 3284 729 3340 si
754 3300 863 3356 ego
884 3283 1174 3356 meipsum
1193 3283 1519 3356 gloriﬁcare
1536 3282 1763 3339 vellem.

124 3372 261 3445 Ergo
293 3372 485 3446 gloria
510 3376 704 3429 vestra
733 3370 881 3427 nihil
910 3376 999 3428 est
1031 3389 1044 3427 ε
1079 3371 1220 3444 quia
1249 3372 1322 3427 ab
1367 3372 1614 3428 invicem
1645 3370 1766 3445 glo-

126 3459 265 3517 riam
296 3460 561 3533 quaeritis
590 3479 603 3516 :
637 3465 694 3515 et
723 3459 969 3533 gloriam
1001 3476 1133 3531 quas
1163 3477 1196 3515 a
1226 3459 1350 3516 solo
1383 3465 1496 3516 Deo
1529 3464 1766 3526 est,non

126 3548 809 3621 desideratis.Scriptum
849 3554 939 3605 est
966 3549 1197 3605 enimm
1222 3549 1507 3604 Laudette
1520 3547 1766 3616 alienus,

127 3641 179 3690 et
208 3655 321 3694 non
356 3655 422 3694 os
454 3643 622 3693 tuum
645 3642 1004 3705 :extraneus,
1037 3643 1096 3694 et
1124 3654 1241 3693 non
1267 3635 1421 3693 labia
1454 3642 1556 3693 tua
1585 3638 1768 3709 (Prov.

127 3725 279 3796 xvn).
314 3749 344 3775 ››
375 3726 540 3782 Unde
569 3729 627 3783 et
655 3726 925 3782 subditur
956 3744 969 3781 :
1248 3794 1267 3807 ί

197 3837 225 3863 ιι
259 3815 361 3871 Est
388 3816 562 3871 Pater
607 3830 774 3871 meus
827 3815 928 3887 qui
977 3815 1265 3888 glorificat
1307 3832 1420 3883 me,
1453 3832 1629 3888 quem
1671 3832 1773 3872 vos

133 3924 158 3963 sx
188 3901 385 3959 dicitis
415 3903 559 3976 quia
590 3907 744 3960 Deus
775 3907 973 3959 noster
1002 3908 1109 3959 est.
1144 3928 1171 3954 ››
1204 3904 1264 3960 Si
1295 3904 1431 3976 quis
1468 3904 1773 3960 historiam

132 3992 310 4047 sancti
365 3991 661 4065 Evangelii
703 3996 1022 4060 recenseat,
1072 3992 1240 4049 facile
1287 3998 1479 4064 potest
1525 3994 1776 4065 reperire

137 4080 381 4150 qualiter
408 4082 583 4137 Pater
611 4079 822 4137 Filium
853 4080 1280 4153 glorificaverit.
1314 4080 1666 4137 Gloriﬁcavit
1686 4081 1776 4136 Fi-

137 4166 275 4225 lium
307 4166 493 4238 Pater,
518 4169 756 4243 quando
786 4186 852 4225 eo
883 4168 1172 4241 baptizata
1203 4185 1311 4224 vox
1342 4170 1412 4224 de
1443 4168 1586 4225 ccelo
1628 4169 1776 4225 into-

144 4257 281 4324 nuit,
337 4259 588 4314 dicens:
624 4259 709 4314 Tu
757 4275 819 4313 es
866 4257 1048 4312 Filius
1098 4274 1265 4313 meus
1314 4258 1580 4320 dilectus,
1614 4258 1672 4312 in
1725 4264 1780 4314 te

1877 3290 2062 3349 erant,
2086 3282 2188 3357 qui
2216 3282 2428 3338 Filium
2459 3281 2562 3337 Dei
2591 3281 2948 3337 daemonium
2986 3280 3199 3336 habere
3229 3277 3520 3334 dicebant.

1878 3398 1905 3424 «
1936 3374 2047 3430 Sed
2093 3372 2214 3429 scio
2252 3388 2409 3437 eum,
2441 3375 2500 3427 et
2529 3385 2863 3427 sermonem
2907 3369 3037 3441 ejus
3083 3383 3267 3424 servo.
3302 3388 3333 3415 »
3362 3367 3442 3421 Ac
3473 3364 3523 3420 si

1878 3461 2095 3519 diceret
2127 3479 2141 3516 :
2172 3460 2284 3517 Sed
2317 3458 2673 3515 invisibilem
2698 3458 2881 3514 Deum
2910 3456 3105 3513 videre
3134 3472 3249 3511 non
3296 3453 3521 3520 valetis,

1878 3567 1947 3606 ex
1976 3550 2272 3623 Operihus,
2305 3566 2432 3622 quae
2465 3548 2524 3603 in
2554 3547 2792 3604 nomine
2821 3548 2950 3619 ejus
2980 3545 3147 3614 facio,
3181 3560 3274 3600 me
3321 3543 3394 3599 ab
3424 3541 3524 3598 illo

1881 3639 2130 3696 missum
2162 3654 2291 3694 esse
2323 3653 2668 3710 cognoscere
2691 3636 2953 3709 potestis,
2968 3635 3122 3691 sicut
3150 3633 3276 3706 ipse
3291 3631 3447 3688 ait:«
3464 3629 3524 3686 Si

1883 3727 2027 3783 mihi
2061 3744 2174 3783 non
2198 3726 2452 3793 creditis,
2485 3724 2573 3781 vel
2606 3725 2881 3797 operibus
2912 3721 3128 3779 credite
3173 3723 3349 3793 (Joan.
3381 3720 3458 3792 κ).
3496 3740 3525 3768 ››

1884 3818 1952 3872 Et
1982 3816 2225 3872 iterum:
2251 3838 2279 3864 «
2311 3813 2497 3887 Opera
2526 3830 2654 3886 quae
2684 3829 2791 3885 ego
2823 3810 2970 3868 facio
2997 3812 3059 3867 in
3090 3809 3326 3867 nomine
3340 3806 3528 3864 Patris

1884 3904 2020 3973 mei,
2054 3904 2184 3976 ipsa
2210 3903 2547 3959 testimonia
2588 3901 2898 3974 perhibent
2942 3901 3014 3955 de
3062 3916 3155 3956 me
3186 3897 3430 3971 (lbid).'»
3462 3897 3529 3952 Et

1885 3992 2026 4066 quia
2044 3992 2178 4048 inde
2209 4007 2301 4046 me
2331 4007 2466 4047 eum
2499 4005 2848 4063 cognoscere
2879 3988 3208 4055 manifesto,
3241 3988 3380 4058 quia
3411 4002 3533 4042 ser-

1888 4098 2120 4138 monem
2152 4081 2281 4151 ejus
2312 4096 2499 4145 servo,
2531 4078 2789 4151 profecto
2820 4093 2921 4132 vos
2948 4076 3093 4132 falso
3124 4074 3290 4130 illum
3322 4090 3535 4146 cogno-

1888 4187 2048 4226 scere
2079 4167 2620 4243 gloriamini,cujus
2648 4170 2935 4238 praecepta
2965 4161 3538 4221 contemnitis.Unde

1887 4261 2141 4315 Joannes
2172 4255 2473 4328 apostolus
2495 4273 2549 4310 ;‹‹
2566 4256 2625 4310 Si
2659 4255 2792 4326 quis
2822 4251 3343 4324 dixerit,quoniam
3360 4248 3539 4321 diligo

146 4347 458 4419 complacui
491 4349 679 4419 (Marc.
716 4348 777 4417 ι).
814 4371 842 4397 ››
872 4346 1225 4402 Glorilicavit
1246 4347 1695 4419 etiam,quando
1725 4353 1782 4403 et
1891 4349 2100 4415 Deum,
2133 4351 2190 4402 et
2220 4345 2498 4401 mandata
2527 4344 2655 4415 ejus
2695 4359 2809 4398 non
2852 4342 3127 4410 custodit,
3156 4340 3407 4395 mendax
3452 4343 3543 4394 est

149 4447 330 4490 coram
370 4436 682 4508 discipulis
727 4435 788 4490 in
841 4440 1039 4491 monte
1088 4436 1535 4508 transfiguratus
1583 4442 1692 4504 est,
1728 4442 1785 4492 et
1894 4439 1942 4510 (Ι
1967 4442 2134 4495 Joan.
2168 4440 2251 4504 ιι).
2290 4457 2318 4483 ››

151 4522 338 4614 eadem
370 4542 478 4579 vox
509 4524 999 4590 intonuit,dicens
1034 4541 1047 4577 :
1084 4545 1112 4572 ι(
1142 4523 1244 4578 Hic
1268 4528 1357 4579 est
1389 4523 1568 4579 Filius
1615 4542 1861 4614 meus—0
1970 4550 1991 4576 α
2030 4524 2318 4581 Abraham
2342 4527 2507 4596 pater
2533 4525 2724 4579 vester
2746 4520 3053 4577 exsultavit
3067 4524 3128 4576 ut
3156 4517 3544 4614 videretdiem

153 4607 482 4677 dilectus,in
513 4628 630 4684 quo
661 4610 805 4667 mihi
839 4612 985 4667 bene
1015 4610 1570 4683 complacui,ipsum
1588 4615 1786 4669 audite
1816 4605 1855 4614 ”
1898 4640 1925 4665 ‹‹
1960 4623 2189 4682 meum;
2212 4613 2377 4680 vidit,
2408 4617 2465 4668 et
2494 4612 2733 4685 gavisus
2762 4615 2913 4668 est.»
2930 4610 3143 4675 Quaarit
3172 4609 3417 4665 fortasse
3448 4605 3549 4662 ali-

158 4696 351 4764 ζΜαιιΙι.
385 4702 546 4770 xm).
582 4722 611 4748 υ
643 4698 1017 4765 Glorificavit,
1066 4699 1302 4770 quando
1349 4699 1497 4755 tales
1546 4702 1792 4759 virtutes
1902 4704 2056 4776 quis,
2091 4702 2193 4758 ubi
2217 4701 2306 4758 vel
2340 4702 2575 4774 quando
2625 4702 2833 4756 beatus
2876 4699 3171 4755 Abraham
3220 4695 3551 4770 patriarcha

158 4789 209 4850 et
236 4786 398 4860 signa
430 4804 536 4860 per
564 4804 701 4843 eum
735 4787 888 4856 fecit,
920 4792 984 4843 ut
1013 4786 1207 4860 ipsum
1262 4788 1559 4845 hominem
1608 4791 1791 4847 Deum
1905 4792 2058 4849 diem
2086 4791 2301 4847 Christi
2320 4791 2555 4860 vidisse,
2588 4794 2644 4846 et
2659 4789 2897 4863 gavisus
2915 4786 3407 4845 esseinveniatur.
3438 4783 3551 4839 Sed

160 4889 274 4930 esse
300 4876 657 4933 ostenderet.
690 4876 852 4932 Unde
882 4876 1085 4932 eodem
1118 4876 1262 4931 Filio
1301 4875 1527 4933 dicente
1563 4896 1575 4934 :
1608 4901 1635 4930 «
1666 4880 1795 4936 Cla-
1908 4882 1956 4939 si
1975 4883 2102 4953 ejus
2123 4897 2299 4954 opera
2314 4871 3557 4953 diligenterinspicimus,eteaspiritualiter

162 4961 311 5021 tilica
354 4983 448 5021 me
494 4970 582 5032 tu,
632 4966 820 5032 Pater,
870 4965 1028 5038 apud
1084 4965 1483 5037 temetipsum,
1538 4967 1799 5025 claritate

164 5066 325 5122 quam
390 5054 572 5111 habui
634 5054 983 5127 priusquam
1073 5054 1331 5110 mundus
1396 5055 1559 5111 ﬁeret
1621 5058 1797 5129 (Joan.

166 5143 309 5213 xvii),
334 5166 359 5191 η
390 5143 697 5217 respondit
724 5144 895 5199 Pater
929 5161 942 5199 :
977 5166 1005 5193 ‹‹
1040 5144 1107 5199 Et
1136 5142 1467 5209 clariﬁcavi,
1503 5147 1559 5200 et
1586 5144 1799 5203 iterum

177 5226 490 5301 clariﬁcabo
544 5234 723 5304 (Joan.
771 5232 874 5303 x1).
929 5254 956 5281 ››
1016 5230 1362 5288 Clarificavit
1416 5231 1557 5287 alibi
1623 5234 1803 5292 Filius

173 5314 655 5393 Patrem,quando
684 5320 857 5376 dixit:
877 5343 906 5371 «
935 5320 1052 5393 Ego
1084 5337 1117 5376 a
1149 5319 1371 5392 meipso
1394 5336 1509 5376 non
1535 5323 1684 5391 veni,
1703 5326 1804 5382 sed

177 5402 325 5463 Pater
354 5426 519 5466 meus
550 5408 712 5466 misit
740 5426 834 5465 me
863 5410 1040 5480 (Joan.
1072 5408 1213 5480 vui).
1252 5430 1280 5458 »
1309 5407 1600 5466 Clariﬁcat
1628 5413 1805 5470 etiam

182 5497 388 5564 quando
409 5515 584 5571 opera
616 5503 670 5554 et
702 5497 965 5567 virtutes,
990 5514 1138 5572 quas
1168 5495 1320 5563 fecit,
1353 5498 1425 5552 ad
1459 5498 1646 5556 Patris
1679 5501 1810 5576 glo-

185 5582 307 5660 riam
337 5587 586 5657 reduxit,
617 5587 818 5646 dicens
844 5604 856 5643 :
882 5608 909 5637 ‹‹
943 5587 1068 5646 Mea
1099 5586 1360 5659 doctrina
1393 5603 1508 5645 non
1540 5592 1631 5645 est
1656 5607 1802 5667 mea,

1910 4971 2373 5037 consideramus,
2407 4968 2584 5024 citius
2612 4966 3045 5040 cognoscimus,
3078 4963 3180 5019 ubi
3207 4960 3298 5019 vel
3319 4960 3557 5033 quando

1911 5061 2067 5116 diem
2090 5057 2305 5115 Christi
2324 5057 2551 5123 viderit,
2567 5061 2624 5112 et
2643 5054 2880 5128 gavisus
2909 5053 3003 5110 sit.
3039 5053 3313 5127 Legimus
3327 5049 3485 5107 enim
3500 5048 3560 5104 in

1911 5148 2123 5205 Genesi
2153 5147 2313 5220 quia,
2342 5162 2474 5202 cum
2505 5149 2662 5201 esset
2690 5160 2866 5199 senex
2913 5146 3308 5215 provectzeque
3355 5139 3562 5205 aetatis,

1915 5254 2148 5294 servum
2179 5236 2469 5293 seniorem
2491 5235 2702 5289 domus
2727 5249 2847 5289 suae
2878 5232 3102 5289 vocavit
3148 5231 3220 5288 ad
3270 5247 3356 5299 se,
3397 5232 3455 5285 et
3483 5227 3568 5285 ait

1918 5325 2033 5381 illi:
2056 5348 2076 5377 α
2108 5326 2270 5381 Mitte
2300 5340 2542 5380 manum
2572 5327 2737 5378 tuam
2769 5322 2881 5378 sub
2911 5322 3130 5379 femore
3149 5337 3299 5388 meo,
3342 5323 3400 5376 et
3427 5319 3568 5390 jura

1920 5415 2064 5471 mihi
2098 5432 2200 5488 per
2224 5415 2408 5472 Deum
2438 5411 2754 5485 caali,quod
2781 5428 2895 5468 non
2919 5410 3172 5486 accipias
3193 5425 3434 5467 uxorem
3446 5405 3567 5464 filio

1921 5523 2050 5563 meo
2101 5506 2171 5561 de
2219 5504 2456 5561 ﬁliabus
2503 5502 2799 5572 Chanaan,
2831 5502 2985 5559 inter
3029 5518 3177 5577 quos
3207 5500 3431 5567 habito,
3465 5496 3568 5553 sed

1923 5594 2259 5678 proﬂscaris
2308 5594 2380 5652 ad
2439 5597 2656 5652 terram
2705 5596 2763 5653 et
2813 5591 3219 5666 cognationem
3268 5601 3482 5652 meam,
3512 5586 3575 5645 et
