4012 6174
455 344 576 405 335

460 475 598 531 inde
627 473 747 530 ﬁlio
775 491 904 530 mco
935 478 1114 541 Isaac,
1151 472 1405 546 accipias
1441 488 1677 528 uxorem
1712 471 1864 543 (Gen.
1899 472 2115 541 ΠΜ.»
2150 473 2205 538 Α

463 564 611 629 Quid
636 564 749 619 sibi
781 563 906 618 vult
934 562 1070 618 talis
1098 560 1597 635 adjuratio?Quid
1626 561 1781 617 Deus
1805 560 1927 616 coeli
1954 561 2024 615 ad
2046 560 2121 615 fe-

466 669 601 710 mur
624 653 871 709 Abrahaa
904 652 1176 724 pertinet,
1206 655 1308 706 aut
1340 652 1529 706 temur
1557 649 1801 705 Abrahae
1832 650 1902 705 ad
1932 650 2117 704 Deum

466 741 641 798 cmli?
674 740 735 797 Si
784 745 985 797 autem
1035 756 1140 813 per
1192 740 1403 807 femur,
1436 744 1505 794 ut
1552 739 1690 811 quid
1744 755 1848 812 per
1889 738 2118 814 Deum?

464 835 525 886 et
570 831 621 886 si
658 846 761 902 per
806 831 1015 897 Deum,
1070 833 1135 884 ut
1192 828 1334 901 quid
1386 836 1488 900 pe’r
1532 828 1722 883 femur
1784 827 2117 899 adjuravit?

465 919 755 975 Nimirum
771 935 874 992 per
886 919 1109 975 fermur
1120 933 1378 990 propago
1389 916 1584 972 carnis
1597 916 2116 989 designatur‘ICum

464 1007 644 1081 igitur
674 1023 907 1063 servum
939 1022 1043 1079 per
1090 1011 1273 1061 Deum
1305 1004 1432 1060 coeli
1474 1008 1531 1060 et
1568 1005 1759 1060 femur
1804 1003 2114 1075 adjuravit,

465 1095 723 1152 ostendit
751 1094 891 1168 quia
917 1094 1202 1151 intellexit
1223 1094 1388 1150 illum
1420 1095 1491 1149 de
1521 1093 1701 1165 stirpe
1732 1110 1839 1149 sua
1859 1094 2116 1148 nascitu-

465 1202 618 1253 rum,
639 1185 738 1257 qui
772 1185 857 1241 sic
882 1184 956 1241 ad
985 1185 1113 1256 ejus
1140 1185 1330 1240 femur
1362 1183 1710 1256 pertinet,ut
1741 1181 1946 1237 merito
1965 1181 2117 1237 Deus

466 1272 599 1329 ccsli
627 1273 980 1339 crederetur,
1009 1276 1065 1328 et
1086 1271 1169 1327 sic
1200 1271 1346 1327 vidit
1372 1270 1665 1326 Abraham
1697 1269 1849 1325 diem
1882 1269 2117 1337 Christi,

464 1366 520 1419 et
549 1362 788 1435 gavisus
832 1365 962 1428 est;
994 1359 1272 1417 ineffabili
1300 1376 1556 1431 namque
1585 1360 1800 1431 gaudio
1823 1358 2118 1430 potuitex-

464 1450 957 1522 sultare,quando
987 1467 1124 1504 eum
1157 1450 1227 1504 de
1260 1450 1441 1518 stirpe
1463 1466 1568 1503 sua
1587 1447 1847 1518 praevidit
1867 1449 2116 1502 nascitu-

465 1557 618 1606 rum,
635 1557 736 1612 per
756 1556 930 1612 quem
956 1555 1071 1594 non
1096 1538 1289 1594 solum
1312 1539 1437 1610 ipse
1457 1537 1799 1603 salvaretur,
1816 1538 1915 1593 sed
1939 1538 2112 1593 etiam

464 1634 624 1686 totus
654 1629 912 1684 mundus
942 1627 1350 1692 redimeretur,
1382 1630 1439 1680 et
1487 1625 1765 1698 impletur
1804 1626 2114 1697 promissio

465 1718 697 1773 Domini
725 1718 799 1772 ad
830 1733 964 1772 eum
996 1716 1247 1771 dicentis
1283 1733 1296 1770 :
1335 1739 1355 1764 α
1394 1716 1454 1769 In
1486 1714 1709 1769 semine
1740 1720 1842 1771 tuo
1876 1716 2114 1771 benedi-

476 1811 687 1863 centur
726 1821 931 1861 omnes
995 1812 1197 1877 gentes
1245 1805 1398 1875 (Gen.
1448 1804 1607 1875 xxu).
1646 1826 1673 1851 »
1724 1804 1853 1859 Sive
1896 1804 2111 1860 aliter:

467 1894 763 1951 Abraham
796 1892 951 1949 diem
983 1892 1194 1950 Christi
1224 1892 1459 1959 vidit,et
1474 1892 1713 1965 gavisus
1729 1897 1837 1958 est,
1881 1895 2116 1965 quando

465 1983 531 2038 in
565 1983 755 2055 ﬁgura
782 1987 1003 2039 sancta:
1029 1980 1329 2037 Trinitatis
1350 1987 1466 2038 tres
1496 1982 1734 2055 angelos
1753 1982 1996 2038 meridie
2014 1982 2117 2040 ho-

465 2069 643 2144 spitio
672 2070 1104 2143 suscepit(Gen.
1122 2072 1299 2137 xvm).
1319 2071 1461 2126 Tres
1489 2070 1646 2126 enim
1674 2069 1838 2136 vidit,
1855 2075 1915 2126 et
1932 2088 2114 2126 unum

463 2161 746 2227 adoravit,
761 2160 900 2232 quia
917 2159 976 2215 in
992 2159 1279 2215 Trinitate
1297 2159 1579 2215 unitatem
1596 2159 1862 2215 credidit.
1879 2160 1962 2215 lbi
1979 2177 2115 2233 ergo

463 2264 782 2322 personam
814 2248 1028 2305 Christi
1061 2247 1437 2314 intellexit,et
1462 2253 1602 2303 tunc
1620 2249 1773 2303 diem
1805 2250 1933 2319 ejus
1949 2249 2112 2314 vidit,

457 2343 516 2393 et
543 2338 783 2411 gavisus
799 2343 907 2394 est.
925 2337 1085 2393 Unde
1109 2337 1238 2409 ipsa
1269 2337 1568 2409 Scriptura
1585 2337 1785 2392 statim
1809 2338 2115 2407 subjunxit

461 2427 665 2482 dicens
699 2445 713 2482 :
748 2450 775 2477 ‹‹
809 2426 1067 2482 Credidit
1093 2426 1386 2482 Abraham
1420 2426 1554 2489 Deo,
1588 2431 1645 2481 et
1676 2430 2006 2498 reputatum
2026 2432 2113 2483 est

460 2515 545 2570 illi
571 2517 643 2571 ad
668 2514 970 2587 justitiam
1002 2517 1180 2587 (Rom.
1217 2518 1312 2582 iv).
1352 2536 1378 2563 »
1409 2515 1477 2569 Et
1511 2515 1648 2586 quia
1691 2532 1843 2586 saepe
1891 2517 2113 2587 praefati

464 2604 863 2677 perﬁdiJudmi
878 2604 1235 2675 profundum
1250 2603 1574 2658 divinitatis
1586 2603 1925 2675 mysterium
1944 2621 2112 2675 pene-

464 2700 620 2749 trare
650 2693 1064 2765 nequibant,in
1096 2696 1266 2748 aetate
1300 2692 1686 2748 humanitatis
1717 2693 2110 2748 cmcismenti~

468 2783 579 2838 bus
610 2782 985 2848 oberrabant,
1006 2781 1267 2837 dicentes
1301 2798 1313 2835 :

533 2871 1019 2944 «Quinquaginta
1047 2886 1234 2925 annos
1252 2870 1511 2925 nondum
1534 2869 1720 2925 habes
1740 2874 1797 2925 et
1815 2870 2109 2927 Abraham

457 2982 486 3011 «
501 2959 746 3016 vidisti?
761 2959 946 3024 nQuia
974 2959 1245 3014 viderunt
1263 2957 1571 3014 Dominum
1590 2958 1789 3013 Jesum
1811 2958 2107 3015 Christum

448 3048 893 3116 hominem,non
907 3046 1356 3103 considerabant
1369 3047 1549 3102 Deum
1565 3063 1692 3102 esse
1705 3047 2105 3118 conjunctum,

1020 340 1427 402 HAYMONIS
1476 340 2011 400 HALBERSTAT.
2061 338 2295 399 EPISC.
2348 339 2517 400 OPP.
2568 340 2767 400 PARS
2812 340 2886 399 ll.
2922 372 2998 381 —
3029 337 3301 399 HOMIL.

3761 338 3880 398 335

2308 470 2639 526 «Tulerunt
2669 470 3167 545 ergo,lapides,ut
3189 470 3455 541 jacerent
3474 468 3532 524 in
3558 469 3883 525 eum.»ﬁe-

2229 562 2318 615 cte
2349 560 2420 615 ad
2447 558 2670 632 lapides
2701 558 3222 631 cucurrerunt,qui
3252 557 3549 631 lapideum
3580 574 3682 614 eor
3710 558 3883 613 habe-

2228 648 2391 716 bant,
2427 648 2641 721 quibus
2672 651 2817 705 bene
2847 648 3137 721 congruit,
3171 648 3327 720 quod
3367 663 3570 713 eorum
3612 647 3882 719 patribus

2228 753 2332 808 per
2362 738 2704 810 prophetam
2735 738 2957 793 dictum
2978 738 3199 793 fuerat:
3225 737 3486 792 uNervus
3514 737 3741 793 ferreus
3756 753 3880 792 cer.

2226 825 2321 881 vix
2344 830 2467 897 tua,
2500 831 2559 882 et
2590 826 2750 883 frons
2780 830 2883 881 tua
2911 842 3071 882 aenea
3101 826 3228 897 (Im.
3257 825 3471 896 xnvni).
3500 847 3528 875 ιι
3563 825 3691 880 Non
3720 825 3878 883 enim

2228 920 2395 970 erant
2423 916 2495 972 de
2526 916 2643 971 illis
2676 916 2894 987 quibus
2925 914 3211 970 Dominus
3240 930 3345 986 per
3376 913 3720 986 prophetam
3755 914 3879 971 ait:

2234 1025 2255 1055 ι
2290 1004 2563 1060 Auferam
2595 1023 2629 1059 a
2656 1004 2821 1061 vobis
2848 1021 2948 1061 cor
2972 1003 3291 1076 lapideum,
3325 1008 3383 1059 et
3411 1003 3562 1059 dabo
3590 1003 3757 1059 vobis
3782 1020 3884 1061 cor

2228 1108 2504 1148 carneum
2552 1094 2768 1155 (Ezech.
2802 1093 2904 1164 xu),
2943 1116 2965 1141 ιι
3002 1093 3100 1149 sed
3152 1091 3213 1147 in
3254 1108 3538 1155 saxorum
3585 1092 3881 1149 soliditate

2227 1181 2359 1235 duri
2389 1186 2573 1248 erant,
2590 1183 2871 1254 quoniam
2903 1180 3217 1237 Dominum
3233 1181 3434 1236 Jesum
3453 1181 3752 1245 Christum
3779 1182 3880 1238 Dei

2227 1269 2580 1343 Filium,qui
2612 1288 2716 1343 per
2744 1287 2946 1326 eorum
2972 1270 3290 1343 prophetas
3310 1270 3396 1326 eis
3418 1272 3607 1326 fuerat
3637 1271 3883 1343 promis-

2227 1374 2351 1424 sus,
2373 1358 2655 1415 miracula
2669 1359 2996 1427 facientem,
3011 1359 3438 1431 praedicantem,
3454 1364 3508 1415 et
3521 1364 3878 1431 operantem,

2227 1448 2379 1502 sicut
2410 1447 2697 1519 scriptum
2728 1449 3040 1515 habebant,
3058 1448 3505 1521 praesentialiter
3532 1449 3804 1504 videbant
3823 1454 3882 1504 et

2228 1553 2341 1591 non
2367 1537 2880 1609 recognoscebant,
2911 1538 3010 1592 sed
3044 1537 3306 1609 lapidare
3322 1538 3608 1593 volebant.
3643 1539 3711 1593 Et
3740 1539 3881 1610 quia

2228 1642 2341 1680 non
2372 1632 2607 1681 venerat
2640 1630 2943 1698 potestate,
2978 1627 3077 1682 sed
3113 1626 3446 1682 humilitate
3491 1625 3686 1682 hostes
3736 1644 3880 1682 suos

2225 1714 2475 1780 vincere,
2501 1717 2638 1786 jure
2670 1715 2974 1771 subditur:
2995 1715 3214 1771 «Jesus
3245 1720 3441 1771 autem
3464 1715 3877 1783 absconditse,

2233 1823 2260 1855 «ι
2285 1806 2341 1858 et
2369 1804 2545 1859 exivit
2575 1805 2644 1860 de
2677 1804 2913 1876 templo.
2933 1830 2955 1856 θ
2988 1805 3083 1858 Va:
3112 1805 3332 1860 Judaeis
3359 1822 3394 1859 a
3425 1804 3641 1877 quibus
3671 1822 3733 1861 se
3748 1806 3884 1861 abs-

2227 1893 2779 1950 condit.Abscondit
2810 1893 2968 1949 enim
2999 1910 3063 1950 se
3092 1895 3166 1949 ab
3188 1894 3524 1966 aspectibus
3542 1910 3743 1950 eorum
3757 1910 3885 1951 cor-

2228 1997 2387 2053 pore,
2422 1982 2523 2055 qui
2555 1986 2671 2037 non
2704 1984 3084 2039 merebantur
3114 2000 3251 2040 eum
3281 1982 3474 2040 videre
3505 1987 3720 2039 mente.
3754 1983 3883 2041 Non

2225 2071 2382 2127 enim
2419 2070 2704 2128 Dominus
2752 2077 2886 2128 ante
2953 2089 3167 2129 manus
3215 2073 3694 2146 persequentium
3749 2088 3885 2128 sese

2226 2160 2551 2225 abscondit,
2585 2165 2651 2216 ut
2683 2160 2830 2217 mori
2864 2162 3116 2228 timeret,
3134 2162 3233 2234 qui
3268 2178 3371 2234 pro
3401 2161 3573 2217 nobis
3601 2162 3749 2216 mori
3781 2178 3882 2217 ve-

2225 2253 2411 2314 nerat,
2445 2250 2545 2304 sed
2579 2249 2932 2306 humilitatis
2972 2250 3180 2323 gratia,
3217 2256 3281 2306 ut
3318 2267 3575 2323 congruo
3612 2254 3879 2323 tempore

2223 2354 2541 2410 congruam
2577 2342 2821 2394 mortem
2857 2340 3200 2411 susciperet,
3232 2340 3503 2395 videlicet
3532 2339 3746 2397 erucis.
3778 2339 3879 2396 Di-

2221 2444 2403 2497 gnum
2422 2444 2678 2498 namque
2699 2432 2918 2496 eratut,
2934 2427 3313 2499 quiaprimus
3336 2426 3509 2483 homo
3525 2426 3873 2500 perlignum

2220 2516 2463 2571 vetitum
2495 2516 2802 2583 ceciderat,
2820 2532 2920 2588 per
2945 2516 3171 2589 lignum
3205 2518 3417 2572 sancta:
3435 2516 3631 2571 crucis
3654 2523 3879 2573 restau-

2220 2608 2465 2670 raretur,
2500 2605 2653 2676 quod
2690 2604 2749 2658 in
2783 2604 3169 2677 sequentibus
3195 2604 3568 2659 manifestius
3600 2605 3871 2661 habetur.

2220 2694 2327 2750 Sed
2358 2693 2596 2765 pulchre
2614 2699 2859 2765 utraque
2891 2694 3119 2748 Domini
3140 2698 3352 2749 natura
3373 2694 3429 2748 in
3456 2694 3570 2749 ﬁne
3587 2694 3773 2765 hujus
3796 2694 3871 2749 le-

2219 2781 2449 2846 ctionis,
2467 2781 2665 2837 divina
2695 2781 2919 2837 scilicet
2935 2787 2992 2837 et
3021 2781 3300 2849 humana,
3323 2781 3492 2837 nobis
3506 2782 3876 2843 demonstra-

2218 2875 2336 2936 tur,
2351 2870 2401 2925 si
2434 2870 2583 2926 hanc
2614 2887 2747 2926 cum
2773 2870 2955 2926 altera
2984 2870 3374 2926 conferamus.
3405 2871 3680 2943 Legimus
3713 2871 3871 2927 enim

2219 2957 2359 3030 quia
2389 2975 2521 3014 cum
2544 2960 2824 3015 ducerent
2853 2976 2989 3017 eum
3010 2976 3194 3033 usque
3211 2960 3282 3015 ad
3305 2959 3685 3032 supercilium
3701 2977 3872 3019 mon-

2218 3047 2316 3114 tis,
2331 3065 2509 3121 super
2537 3065 2711 3121 quem
2743 3048 2946 3104 civitas
2967 3065 3168 3104 eorum
3191 3049 3477 3105 aediﬁcata
3491 3053 3632 3114 erat,
3654 3054 3722 3104 ut
3737 3050 3876 3108 inde

446 3136 519 3192 ad
553 3137 979 3193 humanitatem
1010 3140 1239 3192 tantum
1269 3135 1811 3207 respicientes,ideo
1836 3135 2108 3192 dicebant
2215 3153 2349 3192 eum
2384 3137 2832 3209 praecipitarent,
2857 3138 2981 3209 ipse
2998 3137 3291 3194 transiens
3320 3154 3423 3210 per
3451 3138 3712 3194 medium
3733 3138 3872 3197 illo-

452 3224 2103 3299 nondumeumquinquagintaannoshabere.thuoniam
2137 3210 2179 3276 C
2218 3241 2349 3279 rum
2378 3225 2503 3280 ibat
2533 3228 2685 3297 (Luc.
2718 3226 2814 3297 ιν).
2850 3224 2918 3280 Et
2948 3225 3007 3280 in
3033 3226 3237 3281 eodem
3269 3226 3512 3293 Joanne,
3545 3224 3685 3297 quia
3730 3240 3871 3282 cum

458 3314 743 3370 Dominus
769 3314 943 3370 Jesus
970 3313 1244 3369 Christus
1274 3330 1446 3368 verus
1472 3313 1649 3377 Deus,
1683 3312 1810 3366 sine
1842 3313 2007 3368 initio
2045 3318 2104 3369 et

455 3402 582 3457 sine
608 3402 725 3456 ﬁne
754 3402 972 3474 ubique
1002 3418 1259 3473 praesens
1283 3406 1391 3466 est,
1407 3405 1539 3455 ante
1557 3400 1986 3472 quinquaginta
1998 3419 2101 3456 an-

452 3489 863 3545 nosAbraham
886 3489 1130 3557 viderat,
1162 3494 1219 3544 et
1246 3488 1499 3544 videbat.
1524 3489 1635 3544 Sed
1668 3487 1764 3543 ille
1789 3488 2101 3560 quiminus

454 3593 635 3649 quam
666 3576 1100 3650 quinquaginta
1123 3592 1309 3632 annos
1340 3593 1442 3649 per
1463 3577 1888 3632 humanitatem
1923 3577 2098 3634 habe-

450 3665 552 3720 bat
586 3668 648 3720 ut
677 3666 1009 3722 ostenderet
1023 3681 1086 3721 se
1102 3670 1236 3721 ante
1267 3666 1465 3721 omnia
1482 3664 1695 3721 saecula
1710 3682 1814 3737 per
1830 3666 2073 3722 divinita
2085 3703 2098 3710 -

448 3757 570 3815 tem
585 3769 715 3811 esse
740 3754 1008 3826 adjunxit
1039 3771 1053 3809 :

528 3865 549 3893 ι
581 3844 971 3912 Amen,amen
994 3843 1125 3899 dico
1145 3842 1661 3916 vobis,antequam
1681 3844 1974 3900 Abraham
1998 3845 2096 3901 ﬁe-

449 3954 478 3982 «
512 3935 621 3997 ret,
652 3947 759 4004 ego
791 3948 944 3987 sum.
983 3953 1005 3983 »
1044 3931 1151 3988 Ubi
1183 3933 1529 3999 notandum,
1564 3936 1629 3987 ut
1676 3934 2005 3990 ostenderet
2034 3951 2095 3991 se

444 4035 647 4076 verum
662 4020 846 4076 Deum
859 4036 1009 4088 esse,
1027 4036 1142 4077 non
1157 4020 1322 4090 dixit,
1339 4022 1456 4093 Ego
1470 4021 1573 4089 fui,
1603 4021 1724 4087 sed,
1738 4044 1757 4070 ι
1776 4027 2092 4095 antequam

443 4108 738 4166 Abraham
770 4109 952 4179 ﬁeret,
986 4127 1092 4183 ego
1125 4127 1278 4166 sum.
1311 4130 1333 4158 α
1367 4111 1509 4171 Sum
1541 4111 1760 4183 quippe
1790 4112 2092 4183 praesentis

443 4198 728 4270 temporis
757 4198 1023 4268 verbum,
1043 4216 1151 4255 nec
1181 4200 1562 4271 praeteritum,
1581 4215 1686 4254 nec
1718 4201 1981 4255 futurum
2000 4217 2094 4256 so-

445 4290 567 4358 nat,
591 4288 693 4343 sed
723 4303 957 4359 semper
976 4304 1252 4360 praesens.
1285 4289 1354 4344 Et
1383 4288 1511 4345 ideo
1540 4288 1622 4343 illi
1657 4288 1765 4344 soli
1797 4291 2088 4363 congruit,

439 4378 535 4432 cui
565 4393 671 4433 nec
692 4376 984 4449 praterita
1004 4380 1336 4444 transeunt,
1370 4394 1475 4433 nec
1508 4378 1703 4434 futura
1742 4379 2087 4447 succedunt,

440 4466 543 4521 sed
574 4464 1001 4539 semperilliest
1019 4482 1171 4534 esse,
1184 4471 1464 4522 aeternum
1479 4467 2085 4524 etincommutabilem

439 4570 803 4644 permanere.
850 4554 1015 4644 Unde
1059 4556 1340 4627 quaerenti
1389 4555 1572 4628 Moysi
1608 4574 1621 4612 :
1662 4579 1683 4605 ι
1718 4556 1779 4612 Si
1833 4557 2086 4613 dixerint
2114 4580 2161 4644 Β

438 4643 585 4699 mihi
613 4664 640 4695 ι
679 4644 784 4699 ﬁlii
815 4643 1014 4712 Israel,
1054 4667 1072 4694 ι
1111 4645 1269 4716 quod
1301 4649 1391 4700 est
1423 4661 1633 4702 nomen
1671 4668 1699 4695 ››
1728 4650 1920 4715 tuum,
1940 4647 2081 4719 quid

434 4732 629 4790 dicam
658 4733 746 4791 eis
762 4736 789 4788 ‘I
820 4733 1119 4807 respondit
1155 4752 1167 4789 :
1202 4738 1335 4790 Haec
1364 4733 1521 4789 dices
1551 4734 1689 4790 ﬁliis
1720 4735 1894 4792 Israel
1913 4736 2085 4808 :«Ego

433 4840 567 4879 sum
595 4823 696 4895 qui
730 4840 893 4891 sum;
921 4823 1022 4895 qui
1055 4822 1335 4890 est,misit
1359 4840 1451 4878 me
1483 4824 1555 4879 ad
1588 4841 1689 4879 vos
1715 4825 2031 4897 (Exod.m).
2055 4851 2076 4880 ι

431 4912 548 4968 Nec
578 4912 770 4968 solum
803 4916 937 4968 ante
965 4910 1261 4969 Abraham
1293 4916 1400 4981 est,
1418 4913 1521 4968 sed
1552 4912 1726 4969 etiam
1756 4918 1890 4969 ante
1911 4931 2082 4971 omne

431 5000 687 5069 initium,
715 5002 871 5057 sicut
903 5001 1027 5074 ipse
1057 5002 1166 5057 ait:
1192 5021 1213 5049 ι
1239 5002 1356 5075 Ego
1388 5001 1764 5073 principium,
1800 5003 1900 5074 qui
1924 5003 2080 5059 etlo-

431 5103 581 5159 quor
607 5089 770 5144 vobis
801 5090 979 5159 (Joan.
1014 5091 1196 5161 vm),n
1217 5092 1309 5145 cui
1342 5091 1399 5145 in
1422 5089 1592 5145 laude
1625 5091 1921 5162 sapientiae
1943 5092 2081 5147 dici—

429 5180 528 5231 tur
560 5195 572 5232 :
605 5200 633 5225 ‹‹
670 5176 954 5235 Dominus
980 5180 1241 5250 possedit
1271 5197 1362 5234 me
1396 5179 1559 5234 initio
1578 5178 1805 5235 viarum
1838 5198 2079 5236 suarum

429 5265 614 5337 (Prov.
662 5265 808 5336 vni).
845 5289 866 5314 ι
903 5266 971 5321 Et
998 5266 1208 5321 iterum
1246 5285 1258 5322 :
1294 5291 1320 5318 ‹‹
1366 5268 1484 5340 Ego
1530 5285 1598 5324 ex
1645 5285 1741 5324 ore
1791 5267 2080 5327 Altissimi

354 5393 359 5397 ς
428 5352 1058 5426 prodivi(Eccli.xv1v).
1082 5375 1103 5405 ι
1136 5356 1452 5428 Postquam
1485 5374 1518 5411 a
1548 5356 1794 5413 Domino
1818 5374 1879 5413 se
1900 5376 2077 5432 supe-

424 5446 586 5499 ratos
601 5458 729 5499 esse
744 5442 1035 5511 viderunt,
1051 5443 1135 5498 ita
1151 5448 1214 5499 ut
1228 5446 1405 5500 verba
1433 5446 1625 5501 verbis
1652 5463 1943 5518 opponere
1962 5466 2076 5504 non

421 5535 685 5606 possent,
706 5530 1079 5588 felleinvidiae
1092 5534 1390 5599 commoti,
1407 5533 1701 5607 lapidibus
1713 5552 1847 5592 eum
1869 5553 2076 5596 necare

412 5620 617 5683 'conati
652 5623 809 5680 sunt.
844 5619 1007 5678 Unde
1038 5624 1098 5681 et
1127 5621 1409 5680 subditur
1445 5639 1456 5680 :

2214 3312 2545 3369 mississent
2575 3313 2868 3386 principes
2889 3319 2948 3369 et
2981 3315 3309 3371 sacerdotes
3341 3314 3575 3381 milites,
3600 3314 3702 3385 qui
3727 3330 3869 3370 eum

2210 3401 2797 3472 comprehenderent,
2825 3402 2999 3458 Jesus
3038 3402 3323 3473 processit
3363 3403 3590 3458 obviam
3632 3402 3779 3475 illis,
3811 3408 3871 3460 et

2208 3489 2585 3561 interrogavit
2606 3506 2703 3545 eos
2720 3507 2733 3545 :
2749 3513 2776 3540 ‹‹
2812 3492 2992 3557 Quem
3011 3490 3310 3562 quaeritis?
3326 3493 3398 3546 At
3428 3491 3512 3545 illi
3546 3492 3862 3563 responde-

2207 3579 2589 3634 runt:Jesum
2614 3579 3236 3635 Nazarenem.Aitillis
3252 3597 3265 3634 :
3284 3580 3402 3652 Ego
3423 3596 3577 3635 sum.
3600 3602 3628 3629 ››
3642 3580 3863 3638 Statim

2208 3670 2275 3721 ut
2301 3666 2466 3738 dixit,
2482 3683 2587 3739 ego
2619 3668 3058 3733 sum,abierunt
3089 3673 3411 3724 retrorsum
3435 3672 3494 3724 et
3523 3668 3866 3726 ceciderunt

2206 3755 2263 3810 in
2297 3758 2513 3811 terram
2546 3756 2704 3827 (Joan
2732 3760 2911 3823 xvui).
2945 3755 3122 3830 Quasi
3153 3772 3288 3829 ergo
3334 3755 3509 3813 homo
3558 3756 3632 3812 ab
3672 3757 3866 3813 oculis

2204 3842 2593 3915 lapidantium
2608 3861 2670 3901 se
2683 3845 3119 3913 abscondit,sed
3132 3845 3301 3917 quasi
3316 3845 3469 3901 Deus
3482 3846 3864 3917 permedium

2204 3931 2682 4004 persequentium
2697 3933 2988 4000 transivit,
3002 3937 3059 3989 et
3075 3932 3345 3989 inimicos
3367 3932 3679 4011 prostravit
3695 3950 3863 3990 suos.

2202 4021 2307 4085 Qui
2343 4022 2497 4077 enim
2530 4021 2654 4078 solo
2685 4023 2860 4077 verbo
2891 4022 3163 4077 inimicos
3192 4021 3526 4094 prostravit,
3556 4025 3712 4076 Deus
3742 4027 3859 4078 est.

2201 4111 2306 4175 Qui
2338 4115 2533 4166 autem
2566 4111 2960 4183 corporaliter,
2997 4116 3064 4166 ut
3095 4110 3268 4166 homo
3305 4110 3457 4166 inter
3485 4110 3631 4166 alios
3660 4110 3859 4166 homi-

2201 4217 2324 4268 nes,
2359 4217 2422 4257 se
2452 4201 2777 4268 abscondit,
2813 4200 2986 4256 homo
3016 4216 3187 4256 verus
3216 4204 3361 4255 erat.

2767 4343 3070 4400 IIOMILIA
3108 4343 3282 4400 LVII.

2565 4455 2730 4497 ream
2769 4457 3027 4498 saeuam
3065 4457 3198 4497 pos'r
3232 4439 3447 4498 Indica.

2264 4557 2449 4629 (JOAN.
2484 4560 2603 4620 vn).
2640 4579 2667 4605 ››
2694 4556 2758 4612 In
2788 4555 2888 4611 illo
2919 4559 3181 4628 tempore
3201 4574 3212 4611 :
3235 4556 3521 4612 Miserunt
3550 4556 3852 4629 principes

2199 4651 2291 4701 «et
2321 4645 2592 4701 Pharisaei
2626 4644 3028 4712 ministros,ut
3047 4644 3796 4718 apprehenderentJesum.
3824 4667 3850 4695 »

2194 4734 2268 4791 Mi
2276 4751 2406 4791 seru
2416 4738 2481 4790 nt
2501 4733 2821 4802 ministros,
2839 4738 2904 4789 ut
2919 4751 2987 4790 eu
2998 4750 3055 4789 m
3068 4733 3653 4807 comprehenderent,
3670 4750 3849 4807 quem

2193 4824 2626 4897 apprehendere
2660 4840 2774 4879 non
2823 4827 3158 4895 potuerunt,
3192 4822 3387 4879 adhuc
3435 4821 3733 4879 nolentem
3788 4826 3850 4878 ut

2192 4912 2803 4985 comprehenderetur,
2824 4912 2925 4967 sed
2958 4911 3271 4967 audierunt
3291 4912 3620 4978 docentem,
3639 4911 3745 4984 qui
3762 4928 3850 4968 ve-

2190 5007 2398 5058 nerant
2422 5000 2855 5074 apprehendcre
2883 5000 3274 5056 innocentem.

2265 5113 2291 5141 ‹‹
2325 5090 2480 5145 Dixit
2508 5104 2643 5161 ergo
2677 5088 2763 5144 eis
2786 5090 2957 5144 Jesus
2991 5107 3004 5144 :
3036 5088 3241 5145 Adhuc
3274 5088 3570 5144 modicum
3605 5093 3845 5161 tempus

2191 5202 2219 5229 ‹‹
2242 5179 2543 5234 vobiscum
2573 5195 2727 5233 sum.
2748 5200 2775 5225 ››
2805 5178 2966 5243 Quod
2990 5179 3163 5234 modo
3192 5177 3370 5232 vultis
3403 5177 3840 5242 facere,facturi

2189 5267 2351 5336 estis,
2386 5268 2485 5323 sed
2517 5282 2634 5321 non
2667 5266 2861 5332 modo,
2895 5267 3035 5339 quia
3066 5267 3240 5322 modo
3265 5264 3421 5323 nolo.
3441 5266 3632 5330 Quare
3646 5264 3839 5325 adhuc

2189 5357 2361 5412 modo
2393 5355 2524 5411 nolo
2545 5354 2573 5408 Ἰ
2595 5376 2614 5402 ι
2650 5353 2794 5418 Quia
2825 5354 3016 5411 adhuc
3049 5354 3349 5412 modicum
3378 5358 3616 5426 tempus
3644 5353 3841 5409 vobis-

2187 5462 2323 5501 cum
2355 5448 2582 5508 sum,et
2609 5446 2750 5499 tunc
2777 5444 2925 5499 vado
2958 5445 3028 5500 ad
3061 5462 3198 5500 eum
3229 5444 3329 5515 qui
3365 5442 3529 5498 misit
3551 5459 3668 5498 me.
3689 5442 3841 5499 »Im-

2186 5535 2341 5611 plcre
2373 5534 2553 5589 debeo
2575 5532 3075 5605 dispensationem
3107 5537 3395 5603 meam,et
3416 5531 3500 5589 sic
3534 5531 3839 5606 pervenire

2186 5624 2257 5681 ad
2290 5620 2624 5697 passionem
2658 5637 2871 5679 meam.
