4012 6174
128 324 227 386 337
1347 310 1703 396 nonius:
1748 332 1848 396 DE
1891 302 2309 398 TEMPORE.‘
3400 341 3521 405 338‘

187 478 211 509 ιι
243 457 526 526 Quaaretis
557 477 649 518 me
679 462 739 518 et
766 478 882 519 non
923 462 1228 522 invenietis
1261 483 1373 533 me,
1407 470 1463 522 et
1493 465 1591 522 ubi
1625 483 1758 548 sum
1790 468 1846 534 Α
1875 469 1972 524 tus
2001 467 2078 524 sit
2105 467 2362 525 animus.
2395 469 2466 525 Et
2494 467 2654 539 dicit,
2688 467 2846 545 quia,
2880 486 3014 528 cum
3046 470 3389 541 biberimus,
3413 473 3525 532 ﬂu-

121 566 147 599 α
175 566 293 622 ego,
327 566 431 606 vos
463 567 578 607 non
610 553 852 624 potestis
882 554 1099 610 venire.
1137 577 1164 604 ››
1195 555 1295 611 Hic
1336 556 1461 627 jam
1494 574 1757 613 resurre-
1868 557 2029 613 mina
2059 575 2222 631 aquae
2272 559 2409 615 vivae
2463 559 2647 616 ﬂuent
2692 561 2765 616 de
2814 564 3013 617 ventre
3063 567 3280 619 nostro.
3311 562 3527 621 Venter

121 639 353 694 ctionem
385 657 556 695 nam
590 641 871 713 praedixit.
900 642 1225 699 Noluerunt
1253 644 1409 701 enim
1443 662 1757 719 agnoscere
1866 646 2162 703 interioris
2182 647 2440 703 hominis
2462 655 2551 703 est
2576 651 2933 706 conscientia
2952 650 3143 707 cordis
3166 652 3312 723 ejus.
3333 653 3522 710 Bibito

119 733 549 799 presentem,et
565 735 767 800 postea
787 733 1149 803 quaesierunt
1166 752 1323 803 eum,
1344 751 1476 790 cum
1494 736 1758 791 viderent
1864 751 1997 805 ergo
2027 736 2138 792 isto
2170 736 2415 809 liquere,
2451 738 2739 793 reviviscit
2768 743 3017 811 purgata
3055 741 3429 810 conscientia,
3464 745 3523 797 et

119 816 541 873 multitudinem
582 819 708 889 jam
763 821 1115 878 credentem.
1150 823 1360 895 Magna
1397 823 1555 879 enim
1588 824 1756 897 signa
1864 823 2142 880 hauriens
2176 827 2389 881 fontem
2422 825 2683 893 habebit,
2704 829 2878 884 etiam
2907 828 3036 900 ipsa
3061 829 3191 885 fons
3220 831 3350 886 erit;
3370 830 3523 896 Quid

120 907 249 961 facta
269 910 433 973 sunt,
452 907 629 962 etiam
651 925 784 963 cum
808 909 1093 967 Dominus
1118 913 1670 978 resurrexit,etcum
1694 914 1751 967 in
1863 918 1954 969 est
1981 914 2134 977 fons,
2165 914 2253 968 vel
2289 915 2429 987 quid
2464 921 2555 970 est
2584 916 2814 981 ﬂuvius,
2847 918 2947 989 qui
2990 924 3192 974 manat
3222 920 3293 975 de
3320 922 3523 976 ventre

119 992 305 1050 malum
339 996 628 1062 ascendit,
648 1000 786 1052 tunc
811 1014 914 1070 per
937 999 1261 1072 discipulos
1288 1001 1437 1056 facta
1463 1007 1602 1057 sunt
1628 1019 1751 1057 ma-
1862 1000 2155 1059 interioris
2186 1004 2488 1060 hominis?
2519 1005 2946 1074 Benevolentia,
2980 1024 3097 1079 qua
3139 1007 3263 1063 vult
3304 1018 3517 1065 censu;

118 1087 231 1156 gina,
262 1084 367 1140 sed
401 1083 499 1140 ille
527 1101 632 1157 per
658 1085 809 1157 illos,
828 1087 930 1159 qui
959 1093 1017 1144 et
1045 1105 1149 1160 per
1176 1088 1394 1161 ipsum.
1414 1089 1513 1145 Ille
1535 1091 1751 1163 quippe
1858 1089 1975 1146 lere
2002 1092 2285 1163 proximo.
2319 1093 2535 1148 Bibunt
2570 1109 2727 1166 ergo,
2750 1095 2849 1165 qui
2881 1095 3129 1151 credunt
3158 1097 3216 1151 in
3243 1098 3514 1154 Domino.

118 1172 211 1228 illis
241 1174 468 1229 dixerat
494 1190 508 1229 :
546 1196 574 1224 ‹‹
605 1175 742 1230 Sine
771 1192 867 1231 me
899 1176 1046 1231 nihil
1078 1178 1320 1249 potestis
1350 1178 1537 1235 facere
1570 1181 1746 1251 (Joan.
1859 1179 1917 1235 Si
1948 1181 2102 1235 enim
2138 1185 2322 1253 putat,
2342 1183 2482 1253 quia
2514 1183 2668 1255 quod
2702 1183 2871 1250 bibit,
2890 1183 3000 1239 soli
3024 1183 3135 1256 ipsi
3158 1185 3369 1241 debeat
3391 1187 3516 1242 suf-

116 1265 210 1329 xv).
234 1284 261 1308 »
290 1262 483 1325 Quare
513 1280 629 1318 non
651 1269 967 1336 potuerunt
994 1267 1188 1322 venire
1210 1268 1237 1322 ‘I
1258 1266 1402 1331 Quia
1424 1285 1539 1324 non
1560 1267 1749 1324 volue-
1858 1269 2052 1337 ficere,
2084 1286 2200 1325 non
2233 1270 2363 1325 ﬂuit
2392 1288 2546 1342 aqua
2575 1272 2703 1327 viva
2731 1272 2803 1327 de
2833 1278 3033 1328 ventre
3063 1274 3212 1344 ejus.
3234 1275 3292 1330 Si
3317 1279 3516 1331 autem

118 1356 234 1405 runt
262 1352 519 1417 credere,
551 1351 690 1424 quia
720 1352 918 1409 nullus
949 1355 1077 1410 sine
1108 1354 1223 1410 ﬁde
1275 1356 1485 1412 salvari
1537 1362 1744 1429 potest.
1857 1358 2123 1429 proximo
2155 1359 2393 1414 festinat
2424 1358 2751 1426 consulere,
2780 1360 2909 1414 ideo
2941 1376 3054 1415 non
3086 1360 3357 1430 siccatur,
3376 1362 3517 1433 quia

170 1463 193 1488 α
227 1440 511 1495 Dixerunt
538 1457 675 1514 ergo
703 1442 910 1510 Judaei,
944 1465 972 1494 »
1007 1462 1123 1499 non
1168 1446 1237 1500 ad
1285 1445 1504 1517 ipsum,
1540 1447 1641 1502 sed
1673 1447 1743 1501 ad
1856 1450 2075 1501 manat.
2104 1446 2451 1502 Videbimus
2483 1446 2623 1518 quid
2658 1465 2813 1504 nunc
2845 1448 2939 1515 sit,
2975 1449 3130 1520 quod
3158 1448 3387 1518 bibunt,
3412 1450 3513 1522 qui

112 1527 436 1600 semetipsos
471 1546 484 1585 :
519 1552 547 1579 «
582 1532 706 1596 Quo
738 1531 831 1587 hic
861 1531 1053 1588 iturus
1089 1538 1197 1601 est,
1232 1535 1370 1606 quia
1416 1551 1532 1589 non
1584 1534 1746 1589 inve-
1855 1536 2101 1590 credunt
2131 1535 2190 1590 in
2231 1536 2610 1607 Deum,quia
2638 1537 2841 1608 utique
2873 1537 3185 1593 Christiani
3214 1538 3422 1605 simus,
3455 1541 3516 1594 et

110 1638 132 1666 α
161 1618 388 1673 ciemus
415 1619 597 1674 eum?
618 1620 893 1692 Nunquid
926 1622 986 1676 in
1017 1622 1446 1694 dispersionem
1476 1624 1743 1695 gentium
1855 1622 1903 1675 si
1930 1623 2308 1691 credidimus,
2329 1624 2611 1680 bibimus.
2634 1626 2700 1679 Et
2728 1625 3135 1697 unusquisque
3158 1626 3217 1680 in
3250 1642 3311 1681 se
3339 1627 3513 1683 debet

109 1730 131 1757 α
158 1707 339 1762 iturus
372 1712 482 1774 est,
513 1713 570 1764 et
596 1709 877 1766 docturus
906 1716 1110 1783 gentes
1129 1711 1156 1767 ?
1191 1734 1218 1760 »
1251 1713 1374 1767 Non
1405 1713 1563 1767 enim
1597 1713 1742 1768 scie-
1853 1728 2202 1783 cognoscere
2229 1714 2382 1785 quod
2407 1714 2575 1782 bibit,
2596 1714 2643 1768 si
2674 1715 2823 1769 bibit
2844 1732 2912 1768 ex
2929 1731 2996 1770 eo
3020 1715 3174 1786 quod
3198 1715 3367 1771 bibit.
3384 1717 3508 1771 Non

103 1796 224 1850 bant
250 1796 397 1868 quid
429 1798 725 1865 dixerunt,
742 1799 843 1855 sed
873 1799 1132 1871 quiajlle
1157 1799 1340 1856 voluit
1365 1801 1741 1873 prophetave-
1772 1840 1821 1904 Β
1851 1801 2008 1856 enim
2040 1819 2148 1858 nos
2178 1803 2404 1859 deseret
2434 1803 2584 1870 fons,
2619 1804 2666 1859 si
2722 1820 2836 1859 non
2883 1803 3222 1860 deseramus
3266 1804 3506 1861 fontem.

99 1891 235 1940 runt.
255 1886 457 1942 [turus
488 1886 642 1941 enim
665 1892 791 1942 erat
811 1888 1096 1944 Dominus
1118 1890 1190 1945 ad
1212 1894 1435 1962 gentes,
1453 1907 1568 1946 non
1596 1907 1740 1962 prze-
1772 1886 1821 1904 ¹¹
1854 1890 2130 1961 Exposuit
2149 1890 2526 1963 evangelista,
2543 1896 2601 1946 et
2618 1892 2764 1947 dixit
2780 1893 2935 1947 unde
2953 1892 3238 1948 Dominus
3259 1892 3508 1949 clamas-

94 1973 266 2030 sentia
294 1976 562 2047 corporis
595 1976 709 2043 sui,
733 1978 837 2032 sed
867 1981 1151 2049 potestate
1183 1978 1382 2034 divina
1401 1977 1460 2033 in
1484 1979 1740 2051 discipu—
1850 1983 1959 2046 set,
2012 1979 2085 2034 ad
2116 1979 2348 2051 qualem
2380 1985 2582 2052 potum
2620 1980 2946 2047 invitasset,
2981 1980 3120 2053 quid
3170 1981 3511 2039 bibentibus

90 2062 154 2118 lis
182 2064 331 2128 suis,
380 2065 455 2119 de
502 2065 720 2137 quibus
750 2064 898 2121 dixit
927 2083 1031 2138 per
1060 2066 1405 2140 prophetam
1442 2085 1454 2122 :
1490 2090 1518 2117 ‹‹
1555 2069 1739 2133 Quam
1850 2066 2241 2139 propinasset,
2272 2069 2474 2124 dicens
2506 2086 2519 2123 :
2555 2092 2581 2118 ‹‹
2618 2069 2734 2124 Hoc
2762 2074 2960 2125 autem
3008 2068 3238 2125 dicebat
3282 2070 3353 2125 de
3378 2069 3509 2143 Spi-

87 2152 306 2223 pulchri
337 2153 520 2226 pedes
542 2153 1065 2227 evangelizantium
1096 2173 1320 2229 pacem,
1339 2155 1740 2228 evangelizan-
1851 2156 1967 2211 ritu
1998 2172 2172 2226 quem
2199 2156 2496 2228 accepturi
2521 2162 2689 2213 erant
2715 2157 3019 2213 credentes
3040 2157 3097 2212 in
3122 2174 3277 2214 cum.
3298 2181 3327 2208 «
3349 2158 3507 2214 Non-

87 2240 220 2295 tium
244 2240 439 2296 bona!
465 2264 494 2289 ››
517 2242 645 2313 (Ισςα.
669 2260 810 2310 xxv;
839 2248 989 2300 Rom.
1008 2250 1088 2312 x.)
1110 2244 1172 2299 In
1192 2244 1290 2301 his
1312 2246 1560 2317 pedibus
1579 2246 1741 2301 Chri-
1850 2268 1879 2295 «
1907 2246 2048 2300 dum
2069 2246 2223 2301 enim
2248 2250 2373 2301 erat
2392 2247 2646 2318 Spiritus
2672 2247 2866 2317 da’tus,
2886 2247 3025 2318 quia
3045 2248 3218 2302 Jesus
3242 2247 3507 2303 nondum

89 2332 205 2384 stus
239 2330 437 2385 iturus
467 2335 595 2386 erat
623 2331 694 2386 ad
726 2336 949 2404 gentes,
968 2337 1025 2388 et
1050 2350 1152 2405 per
1172 2349 1269 2388 eos
1297 2333 1577 2390 docturus
1597 2351 1739 2407 gen-
1853 2357 1881 2383 ‹‹
1912 2335 2102 2390 fuerat
2153 2334 2532 2407 gloriﬁcatus.
2566 2357 2594 2385 ››
2643 2336 2824 2400 Quem
2875 2335 3017 2390 dicit
3062 2334 3357 2406 spiritum,
3394 2334 3507 2391 nisi

89 2422 269 2482 tes,ut
292 2418 470 2473 ﬁdem
500 2419 829 2490 acciperent
853 2426 1075 2493 gentes,
1096 2438 1272 2494 quam
1300 2422 1487 2478 Judaei
1509 2439 1738 2495 spreve-
1850 2428 2121 2479 sanctum
2152 2422 2435 2494 Spiritum
2455 2423 2483 2477 ‘I
2504 2424 2649 2478 Nam
2682 2423 3091 2496 unusquisque
3122 2425 3297 2482 homo
3327 2423 3507 2481 habet

90 2512 234 2561 runt.
255 2507 588 2573 Quiverum
607 2509 929 2565 nescientes
948 2510 1738 2585 prophetaveruntquiigno-
1849 2510 1907 2566 in
1942 2529 2003 2566 se
2034 2511 2337 2584 proprium
2370 2511 2666 2583 spiritum,
2698 2511 2756 2567 id
2805 2518 2896 2567 est
2936 2513 3224 2567 animum.
3257 2512 3505 2567 Animus

91 2603 354 2653 raverunt
385 2598 683 2653 Christum
715 2599 1039 2655 dicentem:
1071 2623 1097 2650 ‹‹
1124 2602 1188 2655 Et
1219 2601 1317 2655 ubi
1348 2619 1478 2656 sum
1513 2618 1618 2674 ego
1640 2619 1740 2657 vos
1849 2598 2005 2655 enim
2032 2601 2436 2671 cujuscunque
2483 2600 2612 2669 ejus
2655 2604 2745 2655 est
2787 2600 3052 2671 spiritus,
3080 2601 3152 2655 de
3201 2617 3316 2671 quo
3363 2599 3506 2656 dicit

95 2703 195 2741 non
227 2686 479 2758 potestis
509 2686 721 2742 venire.
760 2711 786 2736 ››
817 2689 1006 2752 Quare
1053 2706 1155 2744 vos
1208 2707 1321 2745 non
1373 2691 1615 2763 potestis
1645 2708 1739 2746 ve-
1848 2688 2066 2744 Paulus
2094 2686 2431 2760 apostolus:
2463 2710 2490 2737 ‹‹
2523 2686 2664 2752 Quis
2694 2686 2849 2742 enim
2881 2688 2995 2742 scit
3023 2686 3502 2758 hominum,quw

99 2773 253 2829 nire?
286 2776 438 2840 Quia
465 2792 578 2831 non
612 2774 787 2831 vultis
819 2777 1069 2832 credere.
1101 2777 1248 2842 Quid
1277 2783 1366 2832 est
1395 2779 1549 2849 quod
1573 2779 1737 2846 dixit,
1849 2781 1988 2833 sunt
2020 2777 2296 2840 hominis,
2332 2776 2445 2830 nisi
2479 2776 2725 2847 spiritus
2754 2775 2856 2847 qui
2886 2775 2946 2830 in
2997 2776 3127 2848 ipso
3174 2779 3265 2831 est
3295 2776 3343 2847 (ι
3377 2774 3499 2831 Cor.

98 2885 119 2908 α
149 2863 241 2917 ubi
274 2880 410 2918 sum
445 2880 573 2935 ego,
611 2886 638 2912 »
671 2863 783 2918 nisi
814 2865 872 2919 in
907 2865 1040 2920 sinu
1076 2864 1283 2933 Patris,
1319 2867 1739 2939 consempitcr-
1851 2865 1959 2938 u)?
1987 2888 2016 2915 »
2045 2866 2154 2921 Sed
2189 2867 2330 2937 quid
2362 2870 2451 2920 est
2480 2866 2635 2936 quod
2667 2863 2747 2919 ait
2779 2880 2792 2918 :
2827 2888 2855 2913 «
2886 2864 3157 2920 Nondum
3189 2863 3503 2920 enim‘erat

98 2966 196 3005 nus
224 2950 427 3006 Patri?
458 2952 521 3007 In
554 2957 707 3007 terra
737 2951 1105 3023 loquebatur,
1141 2955 1241 3008 sed
1298 2954 1352 3007 in
1389 2953 1574 3010 Patris
1606 2955 1738 3009 sinu
1848 2954 2100 3026 Spiritus
2132 2954 2325 3023 datus,
2359 2953 2497 3025 quia
2542 2954 2714 3009 Jcsus
2768 2953 3029 3009 nondum
3059 2958 3186 3009 era‘t
3213 2952 3501 3026 gloriﬁca-

99 3055 150 3093 ω
197 3056 323 3095 esse
376 3042 762 3095 monstrabat.
797 3043 944 3097 Ante
994 3047 1230 3110 caeteras
1273 3043 1740 3114 dispensationes
1847 3043 2333 3113 tus?»Nunquid
2357 3059 2472 3097 non
2498 3040 2750 3113 Spiritus
2778 3046 3017 3097 sanctus
3047 3040 3248 3109 fuitin
3280 3042 3502 3099 sanctis

101 3127 313 3183 Domini
348 3130 633 3197 nostri,et
662 3128 958 3185 doctrinas
989 3129 1198 3185 salutis
1231 3133 1540 3200 nostranet
1571 3130 1737 3184 dubi-
1848 3131 1947 3185 Dei
1981 3136 2037 3185 et
2068 3130 2388 3202 prophetis,
2424 3128 2792 3201 patriarchis,
2829 3128 2929 3200 qui
2962 3128 3149 3185 multa
3181 3147 3283 3201 per
3313 3128 3502 3202 Spiri-

101 3217 331 3273 tationes
358 3218 697 3273 Judzeorum
729 3219 799 3273 de
842 3218 1088 3273 Domino
1140 3219 1278 3274 Jesu
1328 3219 1578 3287 Christo,
1614 3237 1739 3291 qua:
1770 3205 1813 3270 C
1849 3225 1975 3274 tum
2003 3223 2270 3275 sanctum
2304 3219 2501 3273 futura
2532 3216 2965 3289 praedixerunt?
2995 3218 3178 3289 Igitur
3207 3222 3266 3273 et
3288 3218 3360 3273 de
3386 3216 3497 3272 Eli-

102 3305 245 3374 dixit,
275 3308 496 3380 quibus
527 3306 625 3361 alii
675 3307 1190 3375 confunderentur,
1224 3307 1323 3363 alii
1367 3308 1730 3376 docerentur,
1842 3308 2048 3364 zabcth
2071 3306 2454 3380 legitur(Luc.
2482 3306 2543 3377 ι),
2570 3306 2790 3376 Spiritu
2817 3310 3019 3362 sancto
3044 3305 3325 3378 repletam
3344 3322 3495 3375 esse,

105 3395 399 3451 novissimo
429 3396 759 3451 festivitatis
780 3396 937 3452 illius
967 3397 1060 3452 die
1083 3397 1243 3469 (tunc
1269 3397 1425 3452 enim
1459 3397 1570 3452 ista
1598 3413 1731 3469 age-
1842 3402 1900 3453 et
1918 3398 1990 3452 de
2009 3395 2288 3453 Zacharia
2306 3394 2577 3451 similiter
2597 3393 2824 3449 dicente
2848 3393 3234 3467 evangelista:
3262 3418 3288 3444 ‹‹
3317 3396 3384 3450 Et
3401 3396 3499 3450 Za-

107 3481 314 3551 bautur,
334 3502 463 3556 quae
495 3484 944 3557 appellabantur
967 3485 1333 3558 scenopcgia,
1354 3485 1409 3540 id
1431 3490 1521 3541 est
1543 3486 1731 3541 taber-
1843 3485 2072 3539 charias
2099 3484 2356 3556 repletus
2377 3488 2467 3539 est
2491 3483 2712 3554 Spiritu
2737 3488 2957 3549 sancto,
2977 3486 3034 3538 et
3061 3483 3442 3555 prophetavit‘.
3468 3505 3496 3531 »

105 3571 425 3627 naculorum
471 3574 847 3639 constructio,
885 3574 1023 3645 quia
1076 3573 1386 3629 festivitate
1427 3574 1552 3645 jam
1601 3578 1736 3629 ante
1843 3573 1990 3639 Quid
2023 3574 2289 3645 estquod
2312 3573 2471 3639 dicit,
2493 3571 2746 3643 Spiritus
2767 3577 3004 3627 sanctus
3024 3571 3286 3626 nondum
3310 3571 3498 3626 fuerat

106 3660 348 3716 meminit
376 3662 638 3717 charitas
665 3666 860 3717 vestra
893 3662 1071 3717 l'uisse
1099 3662 1411 3734 disertum)
1434 3666 1595 3717 vocat
1624 3663 1733 3717 Do-
1844 3662 2061 3717 datus?
2083 3661 2265 3718 Multa
2290 3678 2425 3734 ergo
2450 3661 2665 3715 indicia
2686 3659 3063 3731 praecedentis
3084 3659 3337 3732 Spiritus
3359 3676 3494 3715 san-

105 3747 279 3803 minus
308 3750 675 3815 Christus,et
700 3750 808 3806 hoc
835 3767 947 3806 non
977 3757 1272 3822 utcunque
1293 3750 1608 3822 loquendo,
1634 3752 1734 3807 sed
1845 3751 1917 3805 cti
1953 3750 2261 3817 habemus,
2286 3754 2605 3822 antequam
2635 3749 2922 3804 Dominus
2952 3747 3377 3821 gleriﬁcaretur
3408 3765 3498 3803 re-

102 3833 407 3905 clamando,
431 3844 495 3893 ut
525 3839 624 3912 qui
656 3839 799 3905 sitit,
833 3840 1027 3895 veniat
1057 3839 1129 3894 ad
1161 3855 1317 3895 eum.
1353 3840 1621 3906 Sitimus,
1642 3856 1737 3895 ve-
1848 3839 2206 3895 surreclione
2237 3838 2452 3894 carnis.
2472 3838 2594 3892 Non
2622 3836 2777 3892 enim
2800 3836 2981 3892 alium
3012 3837 3297 3908 Spiritum
3323 3836 3499 3892 etiam

105 3923 315 3983 niamus
348 3943 361 3981 :
397 3932 455 3983 et
487 3944 603 3983 non
652 3926 921 4000 pedibus,
956 3928 1057 3984 sed
1108 3928 1435 3999 aﬂ‘ectibus,
1470 3944 1573 3984 nec
1625 3929 1738 3983 mi-
1850 3927 2141 3999 propheta:
2172 3926 2524 3992 habuerunt,
2552 3925 2653 3996 qui
2686 3925 2985 3981 Christum
3015 3929 3327 3980 venturum
3357 3941 3504 3996 prie.

105 4015 325 4083 grando,
358 4017 462 4072 sed
511 4017 767 4071 amando
813 4016 1137 4073 veniamus.
1169 4018 1516 4089 Quanquam
1562 4017 1740 4072 etiam
1852 4015 2289 4082 nuntiaverunt,
2325 4014 2423 4069 sed
2459 4014 2670 4069 modus
2710 4014 2952 4085 quidam
2986 4013 3220 4069 futurus
3249 4017 3374 4069 erat
3402 4014 3508 4069 do-

105 4105 402 4160 sec'uudum
423 4106 760 4161 interiorem
785 4106 1106 4171 hominem,
1125 4111 1183 4161 et
1204 4107 1302 4176 qui
1322 4109 1481 4161 amat
1505 4106 1737 4179 migrat.
1852 4103 2107 4160 nationis
2130 4102 2328 4172 hujifs,
2346 4102 2442 4173 qui
2467 4102 2708 4156 omnino
2731 4105 2903 4156 antea
2920 4104 3302 4174 congregatos
3323 4100 3514 4157 homi-

108 4188 163 4243 Et
187 4191 337 4249 aliud
372 4199 464 4250 est
506 4195 758 4267 migrare
805 4211 1063 4267 corpore,
1096 4193 1254 4249 aliud
1305 4196 1498 4249 corde.
1534 4190 1743 4269 Migrat
1851 4211 1954 4249 nes
1979 4195 2213 4262 accepto
2245 4190 2462 4261 Spiritu
2522 4193 2751 4255 sancto,
2784 4189 3008 4261 linguis
3052 4188 3317 4243 omnium
3369 4204 3517 4260 gen-

107 4295 341 4352 corpore,
375 4282 478 4355 qui
524 4287 685 4338 motu
737 4284 995 4355 corporis
1044 4287 1234 4338 mutat
1281 4283 1496 4338 locum.
1532 4283 1743 4357 Migrat
1853 4282 2003 4337 tium
2029 4279 2163 4335 fecit
2185 4278 2408 4333 locutos
2430 4277 2631 4332 fuisse.
2655 4277 2792 4332 Post
2810 4276 3296 4332 resurrectionem
3321 4280 3517 4331 autem

107 4369 274 4436 corde,
307 4370 407 4441 qui
465 4374 629 4426 motu
674 4371 865 4426 cordis
914 4370 1184 4426 aﬂ‘ectum
1237 4375 1445 4427 mutat.
1489 4372 1549 4427 Si
1580 4370 1740 4428 aliud
1854 4368 2320 4440 suam,primum
2339 4365 2862 4438 quandoapparuit
2883 4362 3188 4436 discipulis
3209 4363 3355 4432 suis,
3372 4362 3520 4438 dixit

108 4470 270 4523 amas,
302 4458 461 4515 aliud
493 4460 759 4528 amabas,
787 4476 901 4515 non
932 4458 1012 4514 ibi
1040 4477 1188 4515 cras.
1212 4459 1438 4515 Clamat
1468 4477 1605 4532 ergo
1637 4478 1741 4516 no-
1852 4458 1973 4514 illis
2006 4475 2018 4513 :
2056 4480 2083 4507 «
2116 4456 2371 4528 Accipite
2402 4453 2687 4525 Spiritum
2720 4458 2989 4509 sanctum
3023 4453 3208 4525 (Joan.
3235 4456 3352 4522 xx).
3379 4475 3408 4501 ››
3440 4452 3521 4509 De

109 4542 188 4599 bis
216 4545 516 4613 Dominus,
546 4549 740 4604 stabat
768 4547 925 4603 enim
957 4552 1015 4603 et
1041 4547 1333 4604 clamabat
1367 4566 1379 4603 :
1785 4569 1828 4633 D
1859 4547 1967 4601 hoc
1999 4564 2133 4618 ergo
2162 4546 2383 4599 dictum
2416 4548 2504 4598 est
2532 4560 2544 4598 :
2569 4544 2695 4633 Non
2721 4546 2845 4633 erat
2876 4540 3134 4633 Spiritus
3162 4542 3357 4633 datus,
3379 4541 3520 4633 quia

173 4656 197 4681 α
230 4636 285 4691 Si
313 4637 450 4709 quis
480 4636 626 4702 sitit,
656 4637 853 4692 veniat
883 4637 955 4692 ad
987 4653 1079 4692 me
1108 4642 1165 4692 et
1196 4637 1380 4692 bibat.
1414 4637 1521 4701 Qui
1570 4639 1753 4694 credit
1787 4629 1817 4633 —
1859 4637 2033 4693 Jesus
2066 4635 2326 4690 nondum
2358 4634 2548 4688 fuerat
2594 4631 2976 4703 gloriﬁcatus,
3011 4634 3068 4686 et
3107 4629 3428 4687 insufﬂavit
3456 4631 3515 4685 in

118 4739 143 4769 ι
168 4722 221 4777 in
250 4742 359 4791 me,
392 4726 548 4781 sicut
584 4725 728 4781 dicit
775 4725 1098 4797 Scriptura,
1146 4725 1393 4781 ﬂumina
1438 4727 1511 4782 de
1553 4731 1750 4783 ventre
1860 4725 2062 4780 faciem
2098 4739 2321 4779 eorum.
2357 4724 2480 4788 Quo
2521 4721 2663 4777 ﬂatu
2712 4722 2976 4794 primum
3010 4719 3308 4775 hominem
3336 4734 3516 4791 quem

114 4832 137 4854 τι
166 4811 284 4880 ejus
330 4815 515 4869 ﬂuent
545 4830 708 4885 aquae
737 4814 895 4869 vivae.
931 4836 958 4864 »
994 4814 1156 4880 Quod
1190 4814 1299 4870 hoc
1328 4820 1483 4871 esset
1515 4816 1750 4887 quando
1862 4814 2013 4882 fecit,
2035 4812 2342 4868 viviﬁcavit
2371 4816 2427 4866 et
2456 4811 2527 4867 de
2556 4810 2696 4866 limo
2727 4809 2927 4866 erexit.
2949 4810 3073 4875 Quo
3096 4808 3239 4863 ﬂatu
3257 4807 3516 4863 animam

115 4897 461 4975 Evangelista
489 4901 781 4975 exposuit,
800 4903 1102 4958 immorari
1125 4921 1241 4959 non
1264 4904 1569 4959 debemus.
1588 4904 1751 4961 Unde
1860 4903 2143 4959 membris
2173 4902 2303 4985 ejus
2331 4900 2510 4967 dedit,
2533 4899 2872 4972 signiﬁcans
2895 4897 3168 4955 eumdem
3190 4913 3320 4953 esse
3341 4895 3519 4969 spiri-

105 4987 245 5044 enim
286 4991 498 5048 dixerit
544 4992 876 5047 Dominus:
916 4991 1035 5047 «'Si
1086 4991 1219 5064 quis
1265 4991 1408 5060 sitit,
1440 4992 1634 5047 veniat
1677 4994 1750 5047 ad
1859 4997 2009 5059 tum,
2058 5006 2229 5062 quem
2264 4989 2588 5045 insufﬂavit
2641 4988 2701 5043 in
2734 4988 2941 5043 faciem
2974 5003 3200 5053 eorum,
3235 4989 3301 5041 ut
3334 5003 3369 5041 a
3398 4985 3521 5041 luto

109 5090 209 5144 me,
232 5084 290 5134 et
318 5080 504 5136 bibat.
533 5081 604 5135 Et
632 5079 733 5152 qui
764 5081 952 5135 credit
972 5079 1030 5135 in
1058 5098 1171 5146 me,
1193 5080 1438 5136 ﬂumina
1456 5081 1528 5135 de
1553 5085 1751 5137 ventre
1861 5081 2262 5151 exsurgerent,
2296 5082 2354 5132 et
2385 5076 2561 5132 luteis
2589 5075 2866 5148 operibus
2898 5075 3326 5131 renuntiarent.
3361 5074 3527 5130 Tunc

106 5164 222 5232 ejus
240 5167 423 5224 ﬂuent
443 5168 1561 5242 aquaavivae,nconsequenterexposuit
1582 5186 1748 5225 evan-
1860 5169 2117 5242 primum
2176 5169 2309 5237 post
2358 5164 2841 5227 resurrectionem
2893 5180 3084 5231 suam,
3137 5180 3314 5236 quam
3373 5162 3519 5218 dicit

105 5252 316 5322 gelista,
346 5258 554 5313 dicens
591 5274 605 5312 :
1857 5254 2214 5328 evangelista
2229 5250 2900 5324 gloriﬁcationem,dedit
2919 5252 3235 5324 discipulis
3257 5252 3383 5309 suis
3402 5252 3529 5325 Spi-

166 5365 193 5391 α
226 5342 337 5400 Hoc
387 5351 586 5402 autem
637 5346 783 5401 dixit
831 5347 902 5401 de
950 5346 1190 5418 Spiritu,
1224 5363 1399 5418 quem
1453 5347 1744 5418 accepturi
1860 5347 2035 5401 ritum
2070 5347 2361 5399 sanctum.
2411 5340 2634 5395 Deinde
2665 5346 3060 5397 commoratus
3094 5357 3229 5396 cum
3261 5341 3347 5398 eis
3376 5358 3523 5414 qua-

107 5452 129 5478 α
158 5438 315 5489 erant
345 5434 651 5491 credentes
678 5434 740 5489 in
768 5451 923 5491 eum.
962 5457 989 5483 ››
1022 5435 1139 5490 Hoc
1188 5439 1416 5490 tantum
1463 5434 1741 5501 sciamus,
1854 5432 2126 5505 draginta
2158 5430 2392 5498 diebus,
2424 5433 2487 5484 ut
2528 5429 2677 5485 liber
2704 5432 2953 5486 Actuum
2985 5429 3385 5503 apostolorum
3417 5431 3517 5486 de-

105 5522 242 5589 quod
264 5524 336 5577 de
358 5522 645 5579 charitate
666 5523 775 5579 hoc
797 5523 1085 5579 clamabat
1104 5522 1388 5579 Dominus
1407 5524 1599 5579 Jcsus.
1615 5524 1743 5578 Cla-
1855 5524 2146 5580 monstrat
2164 5520 2302 5591 (Act.
2322 5533 2360 5585 ι,
2378 5522 2463 5587 11),
2478 5518 2624 5590 ipsis
2638 5518 3055 5588 videntibus,et
3069 5518 3317 5575 videndo
3333 5519 3512 5574 dedu-

105 5610 287 5668 mabat
315 5624 455 5685 ergo
485 5617 544 5669 et
572 5612 734 5681 dicit,
757 5617 822 5669 ut
851 5613 1153 5669 veniamus
1174 5618 1231 5668 et
1258 5613 1552 5683 bibamus,
1574 5614 1623 5668 si
1656 5613 1740 5668 in-
1854 5612 2143 5678 cantibus,
2164 5607 2428 5663 ascendit
2450 5608 2507 5662 in
2531 5606 2764 5665 coelum.
2788 5608 2871 5664 Ibi
2892 5609 3143 5682 peractis
3167 5608 3365 5664 decem
3387 5606 3509 5662 die-
