4012 6174
455 339 573 402 339

453 568 636 629 ctum,
670 562 771 636 qui
798 561 984 632 (sicut
1014 563 1154 634 dixi)
1187 563 1417 619 fuerant
1444 578 1558 617 uno
1600 560 1659 615 in
1709 560 1835 617 loco
1865 577 2103 635 congre-

452 652 569 724 gati
580 693 593 707 .
608 653 855 724 Accepto
868 656 1065 707 autem
1080 651 1299 724 Spiritu
1323 654 1545 716 sancto,
1561 650 1826 706 omnium
1839 650 2104 723 gentium

453 740 673 812 linguis
695 740 873 797 locuti
896 746 1054 796 sunt.
1081 739 1295 806 Quaerit
1316 739 1528 811 aliquis
1552 738 2106 811 forsitan,baptizati

455 829 515 884 in
546 829 796 898 Christo,
821 833 877 885 et
906 829 965 885 in
999 828 1280 885 charitate
1312 834 1730 902 praeceptorum
1762 829 1891 899 ejus
1919 829 2106 884 viven-

455 921 563 986 tes,
584 935 765 991 quare
794 917 1058 974 omnium
1088 917 1352 991 gentium
1380 917 1601 991 linguis
1628 914 1744 973 non
1768 917 2105 989 loquantur,

457 1008 599 1063 dum
631 1012 854 1063 certum
886 1012 976 1063 est
1006 1006 1292 1080 Spiritum
1337 1013 1607 1063 sanctum
1633 1024 1733 1063 eos
1765 1008 2060 1078 accepisse
2080 1007 2108 1061 ?

458 1095 604 1161 Quia
633 1095 761 1168 ipsa
790 1095 1068 1161 Ecclesia,
1088 1112 1217 1168 quae
1236 1100 1327 1151 est
1347 1113 1559 1168 corpus
1580 1095 1814 1164 Christi,
1840 1096 2106 1152 omnium

456 1183 717 1257 gentium
749 1184 966 1257 linguis
999 1185 1279 1257 loquitur.
1315 1187 1475 1251 Quod
1521 1190 1662 1240 tunc
1710 1186 1768 1239 in
1817 1185 2110 1257 primitiva

459 1272 712 1329 Ecclesia
739 1274 1155 1347 praesignatum
1190 1279 1302 1340 est,
1335 1291 1463 1347 quae
1510 1274 1570 1329 in
1619 1275 1821 1330 Judaaa
1847 1277 2107 1330 tantum-

459 1363 632 1417 modo
661 1366 832 1435 gente
862 1362 1088 1419 initiata
1118 1366 1227 1425 est,
1246 1381 1403 1418 nunc
1429 1381 1559 1419 vero
1585 1380 1654 1418 ex
1674 1363 1950 1419 omnibus
1971 1380 2108 1436 gen-

458 1452 618 1507 tibus
650 1457 1017 1526 congregata.
1054 1453 1354 1516 Quomodo
1383 1468 1518 1507 vero
1550 1470 1703 1508 unus
1750 1456 1891 1507 tunc
1914 1452 2109 1529 homo

458 1540 811 1614 loquebatur
840 1540 1078 1614 linguis,
1111 1542 1192 1596 ita
1222 1543 1396 1596 modo
1447 1542 1642 1597 unitas
1672 1543 1886 1597 sanctae
1916 1540 2109 1596 Eccle-

462 1626 559 1685 εἰῶ
591 1631 867 1686 omnibus
910 1630 1169 1702 loquitur
1218 1630 1453 1703 linguis.
1485 1630 1831 1703 Accepimus
1875 1647 2010 1702 ergo
2055 1633 2113 1685 et

462 1737 569 1775 nos
599 1719 883 1791 Spiritum
933 1723 1225 1787 sanctum,
1259 1720 1308 1775 si
1357 1736 1629 1775 amamus
1672 1718 2012 1788 Ecclesiam,
2060 1718 2109 1773 si

461 1808 745 1863 charitate
769 1808 1273 1881 compaginamur,
1293 1809 1338 1864 si
1363 1808 1646 1864 catholico
1664 1808 1900 1864 nomine
1921 1813 1977 1863 et
1999 1808 2111 1863 fide
2145 1845 2191 1909 Β

462 1897 811 1969 gaudemus.
829 1896 1013 1970 Igitur
1031 1902 1318 1969 quantum
1344 1897 1595 1970 quisque
1615 1904 1775 1953 amat
1793 1897 2112 1953 Ecclesiam

463 1985 700 2053 Christi,
722 1989 952 2041 tantum
982 1986 1160 2042 habet
1189 1987 1470 2059 Spiritum
1503 1991 1797 2043 sanctum.
1819 1986 2115 2042 Habemus

463 2090 601 2148 ergo
616 2074 899 2147 Spiritum
917 2079 1208 2143 sanctum,
1228 2075 1276 2130 si
1297 2092 1567 2131 amamus
1587 2075 1926 2131 Ecclesiam.
1950 2079 2117 2130 Ama-

468 2180 601 2219 mus
628 2166 845 2230 autem,
866 2163 915 2219 si
946 2164 1003 2218 in
1038 2165 1166 2235 ejus
1195 2180 1474 2237 compage
1504 2169 1562 2220 et
1589 2163 1872 2220 charitate
1892 2162 2113 2219 consis-

466 2251 865 2324 timus,quam
897 2251 1209 2324 Apostolus
1234 2253 1509 2309 omnibus
1537 2253 1853 2308 virtutibus
1874 2251 2114 2307 ﬁducia-

467 2340 602 2397 liter
629 2341 964 2413 praeposuit.
990 2341 1332 2414 Quicunque
1356 2341 1547 2414 ipsam
1579 2342 1757 2397 habet
1787 2346 1993 2396 cuncta
2020 2340 2118 2395 ha-

467 2430 627 2486 bebit
656 2430 812 2485 bona
843 2447 856 2485 :
891 2429 1032 2501 quia
1056 2430 1183 2486 sine
1212 2430 1313 2486 illa
1344 2428 1489 2485 nihil
1520 2430 1795 2502 proderit,
1831 2428 2114 2501 quidquid

468 2518 681 2575 habere
713 2518 965 2591 potuerit
992 2519 1190 2585 homo,
1212 2519 1283 2575 de
1314 2535 1431 2591 qua
1459 2520 1666 2575 beatus
1695 2519 1950 2575 Jacobus
1979 2535 2115 2590 apo-

468 2606 654 2663 stolus
686 2607 769 2662 ait
801 2624 813 2663 :
850 2631 877 2657 ‹‹
912 2608 1018 2674 Qui
1051 2612 1246 2663 autem
1296 2608 1600 2663 offenderit
1648 2607 1705 2662 in
1758 2624 1894 2675 uno,
1929 2608 2118 2663 factus

468 2700 559 2751 est
587 2696 853 2752 omnium
901 2713 1034 2753 reus
1068 2697 1201 2768 (Jac.
1235 2697 1317 2769 II).
1355 2720 1382 2746 ››
1413 2696 1494 2753 De
1545 2696 1655 2752 hac
1699 2697 1875 2752 etiam
1907 2700 1963 2751 et
1991 2696 2119 2768 ipsa

467 2784 698 2841 Veritas
728 2786 846 2841 ait:
875 2808 901 2835 ‹‹
940 2786 1000 2840 In
1035 2786 1144 2842 hoc
1174 2785 1328 2842 enim
1363 2790 1717 2859 cognoscent
1746 2802 1950 2841 omnes
1982 2784 2120 2856 quia

467 2873 743 2946 discipuli
775 2875 889 2932 mei
922 2874 1084 2942 estis,
1106 2874 1154 2930 si
1185 2874 1554 2931 dilectionem
1590 2874 1911 2930 habueritis
1934 2862 2015 2929 ad'
2037 2875 2120 2929 in-

469 2962 653 3018 vicem
683 2966 867 3033 (Joan.
901 2967 1044 3033 xm).
1085 2987 1111 3012 ››

1032 3070 1331 3127 HOMILIA
1370 3071 1559 3127 LVIII.

882 3159 1047 3197 rarus
1081 3160 1284 3198 TERTIA
1320 3159 1461 3199 POST
1496 3144 1709 3200 Iudice.

543 3231 730 3298 (πολλ’.
762 3231 885 3302 v11.)
918 3255 945 3281 ‹‹
985 3231 1047 3286 In
1079 3230 1178 3287 illo
1208 3235 1467 3303 tempore
1499 3248 1511 3286 :
1545 3230 1897 3287 Ambulabat
1944 3231 2116 3286 Jesus
2146 3211 2189 3277 Ο

470 3342 499 3371 ‹‹
533 3320 592 3374 in
625 3318 943 3384 Galilaeam,
964 3337 1078 3374 non
1101 3319 1256 3375 enim
1279 3319 1507 3375 volebat
1526 3320 1585 3375 in
1616 3321 1872 3375 Iudaeam
1906 3319 2115 3373 ambu-

470 3429 499 3457 ‹‹
532 3405 671 3473 lare,
706 3408 844 3479 quia
875 3407 1211 3479 quaerebant
1239 3424 1374 3463 eum
1406 3407 1590 3462 Judaei
1621 3407 1964 3472 interficere,
2005 3428 2031 3455 ››
2061 3410 2120 3462 et

469 3494 714 3565 reliqua.

540 3582 656 3638 Hoc
687 3582 1014 3639 infirmitati
1048 3587 1258 3638 nostrae
1293 3585 1584 3655 praebebat
1613 3583 1965 3656 exemplum,
2000 3600 2115 3639 non

469 3672 598 3744 ipse
628 3672 961 3744 perdiderat
991 3675 1357 3743 potestatem,
1392 3673 1494 3728 sed
1544 3677 1803 3729 nostram
1853 3673 2115 3729 consola-

468 3761 645 3817 batur
673 3760 1067 3834 fragilitatem.
1088 3761 1374 3817 Futurum
1396 3765 1521 3817 erat
1541 3762 1625 3833 (ut
1646 3761 1786 3832 dixi)
1810 3767 1873 3817 ut
1902 3761 2116 3834 aliquis

468 3847 657 3904 ﬁdelis
688 3850 815 3921 ejus
845 3849 1226 3905 absconderet
1255 3866 1336 3917 se,
1364 3866 1435 3906 ne
1465 3867 1499 3906 a
1528 3851 1995 3923 persecutoribus
2027 3850 2116 3905 in-

465 3937 779 3993 veniretur.
810 3938 876 3993 Et
901 3954 973 3993 ne
1004 3936 1087 3992 illi
1121 3955 1224 4010 pro
1250 3938 1493 3995 crimine
1523 3940 1874 4010 objiceretur
1899 3939 2113 3996 latibu-

467 4025 921 4098 lum,pra3cessit
944 4026 1001 4081 in
1025 4026 1230 4099 capite,
1246 4028 1402 4099 quod
1425 4029 1482 4083 in
1507 4027 1788 4084 membris
1805 4030 2113 4085 confirma-

468 4120 646 4170 retur.
672 4114 866 4170 Potuit
894 4114 1049 4171 enim
1083 4115 1347 4172 Christus
1377 4116 1679 4173 ambulare
1710 4118 1861 4174 inter
1882 4118 2116 4174 Judaeos

466 4208 523 4259 et
554 4220 669 4259 non
701 4204 909 4269 occidi,
933 4204 1032 4277 qui
1065 4204 1180 4260 ait:
1208 4228 1235 4256 ‹‹
1260 4206 1613 4262 Potestatem
1644 4206 1829 4262 habeo
1859 4208 2111 4279 ponendi

467 4293 727 4347 animam
773 4309 985 4359 meam,
1019 4296 1077 4349 et
1121 4298 1467 4365 potestatem
1519 4294 1702 4350 habeo
1747 4295 1959 4350 iterum
2008 4313 2113 4350 su-

466 4380 663 4437 mendi
688 4397 839 4438 eam.
864 4402 894 4431 »
918 4382 1075 4438 Hanc
1096 4386 1440 4455 potestatem
1463 4384 1718 4438 ostendit
1746 4384 1886 4438 dum
1909 4383 2109 4453 voluit,

466 4471 609 4525 dum
632 4471 701 4525 ad
734 4487 932 4526 vocem
966 4469 1123 4527 illius
1154 4475 1306 4527 retro
1327 4472 1680 4539 ceciderunt,
1700 4472 1799 4543 qui
1822 4489 1955 4527 eum
1978 4490 2109 4529 cum

468 4558 648 4613 armis
675 4563 962 4614 venerunt
991 4560 1444 4631 apprehendere.

996 336 1404 402 HAYMONIS
1452 338 1987 401 HALBEBSTAT.
2037 337 2283 400 EPISC.
2332 310 2503 399 or’p.
2549 338 2776 401 PARS.
2827 337 3013 400 1|...-
3046 337 3316 401 HOMIL.

451 474 565 531 bus
595 477 979 547 pentecostes,
1013 472 1176 529 misit
1221 471 1339 528 illis
1370 471 1619 545 desuper
1646 471 1929 544 Spiritum
1962 489 2094 527 san-
2125 475 2179 538 Α

3746 335 3862 398 340

2281 495 2309 550 (ε
2346 472 2625 528 Dixerunt
2679 489 2817 546 ergo
2866 473 2938 528 ad
2996 490 3129 530 eum
3184 473 3392 528 fratres
3442 471 3570 543 ejus
3605 487 3618 526 :
3653 471 3862 528 Transi

2218 581 2245 610 ‹‹
2279 560 2436 630 hinc,
2469 566 2526 616 et
2553 562 2697 617 vade
2728 562 2787 617 in
2817 562 3102 618 Judaam.
3130 585 3157 611 ››
3181 563 3411 618 Fratres
3439 562 3596 617 enim
3628 560 3865 619 Domini

2215 650 2604 707 usitatissimo
2633 655 2848 708 sancta:
2877 652 3188 724 Scriptura
3228 667 3407 718 more,
3442 650 3863 724 consanguinei

2217 744 2428 794 sancta:
2486 739 2679 795 Mariae
2735 756 2968 813 semper
3015 739 3259 813 virginis
3309 739 3675 795 dicebantur.
3720 740 3865 796 Nam

2215 828 2508 884 Abraham
2541 833 2596 885 et
2628 830 2731 884 Lot
2764 829 2968 886 fratres
3008 833 3147 885 sunt
3198 827 3357 894 dicti,
3390 845 3524 883 cum
3573 828 3866 885 Abraham

2218 921 2462 989 patruus
2494 923 2650 974 esset
2678 920 2801 975 Lot.
2834 920 2899 974 Et
2930 919 3123 975 Laban
3156 921 3213 974 et
3241 917 3422 973 Jacob
3472 917 3682 973 fratres
3729 922 3865 973 sunt

2217 1005 2375 1073 dicti,
2396 1023 2532 1062 cum
2566 1012 2722 1063 esset
2753 1008 2946 1063 Laban
2980 1005 3303 1062 avunculus
3331 1006 3699 1071 Jacob.Cum
3729 1022 3863 1080 ergo

2218 1094 2521 1151 audieritis
2544 1096 2752 1152 fratres
2774 1094 3025 1162 Domini,
3043 1095 3234 1152 Mariae
3255 1095 3504 1168 cogitate
3523 1097 3866 1167 consangui-

2220 1183 2485 1250 nitatem,
2501 1200 2614 1239 non
2635 1184 2843 1240 iterum
2864 1183 3142 1256 parientis
3158 1183 3339 1239 ullam
3357 1184 3759 1257 propaginem.
3777 1184 3869 1241 Di-

2218 1270 2413 1328 ximus
2445 1273 2652 1329 fratres
2683 1272 2781 1346 qui
2814 1272 3048 1341 fuerint,
3068 1273 3381 1329 audiamus
3410 1273 3552 1345 quid
3574 1272 3862 1330 dixerint:

2220 1383 2248 1410 ‹‹
2280 1362 2484 1417 Transi
2519 1361 2674 1429 hinc,
2694 1366 2751 1418 et
2772 1363 2913 1418 vade
2937 1363 2993 1417 in
3015 1362 3370 1431 Judzeam,ut
3393 1362 3663 1434 discipuli
3690 1363 3773 1418 tui
3797 1364 3868 1417 vi-

2220 1474 2247 1499 ‹‹
2262 1451 2439 1506 deant
2450 1468 2625 1522 opera
2637 1456 2737 1506 tua
2751 1469 2875 1523 quae
2892 1451 3052 1507 facis.
3064 1474 3091 1500 ››
3105 1452 3290 1522 Opera
3307 1450 3536 1507 Domini
3551 1451 3868 1525 discipulos

2222 1555 2332 1593 non
2359 1538 2641 1605 latebant,
2658 1540 2755 1594 sed
2787 1539 2931 1594 istos
2952 1539 3231 1594 latebant.
3253 1538 3355 1594 Isti
3379 1538 3535 1593 enim
3555 1539 3785 1607 fratres,
3814 1539 3867 1594 id

2220 1632 2329 1694 est,
2353 1628 2771 1701 consanguinei
2806 1626 3101 1682 Christum
3131 1625 3635 1699 consanguineum
3659 1626 3870 1684 habere

2222 1720 2554 1787 potuerunt.
2575 1716 2816 1772 Credere
2839 1720 3034 1771 autem
3059 1715 3117 1770 in
3133 1732 3268 1772 eum
3292 1715 3419 1787 ipsa
3440 1714 3871 1787 prepinquitate

2222 1804 2610 1873 fastidierunt,
2630 1804 2756 1860 ideo
2788 1805 3066 1861 continuo
3094 1803 3452 1877 evangelista
3477 1809 3715 1860 secutus
3743 1811 3871 1862 est:

2297 1935 2324 1961 ‹‹
2356 1913 2551 1984 Neque
2578 1912 2736 1967 enim
2770 1912 2975 1968 fratres
3020 1912 3151 1983 ejus
3198 1913 3511 1967 credebant
3560 1911 3619 1967 in
3648 1928 3809 1969 eum.
3846 1935 3871 1960 »

2223 2003 2410 2067 Quare
2441 2001 2500 2055 in
2530 2017 2666 2056 eum
2699 2018 2813 2057 non
2845 2001 3202 2057 credebant?
3223 2001 3367 2068 Quia
3399 2001 3716 2056 humanam
3750 2000 3874 2074 glo-

2224 2089 2371 2144 riam
2406 2089 2798 2162 requirebant,
2830 2090 3091 2145 dicentes
3122 2090 3193 2145 ad
3225 2106 3398 2144 eum:
3435 2114 3461 2138 ‹‹
3498 2090 3703 2145 Transi
3738 2090 3873 2146 hinc

2223 2182 2280 2234 et
2308 2179 2451 2234 vade
2502 2179 2559 2232 in
2590 2178 2877 2247 Judzeam,
2912 2185 2975 2234 ut
3013 2179 3284 2251 discipuli
3317 2178 3403 2234 tui
3435 2178 3669 2234 videant
3698 2195 3876 2252 opera

2225 2271 2327 2322 tua
2356 2285 2484 2339 qua:
2516 2266 2677 2323 facis.
2712 2290 2739 2316 ››

2297 2398 2321 2426 υ
2358 2374 2538 2429 Nemo
2570 2373 2785 2447 quippe
2818 2375 2875 2428 in
2907 2374 3132 2431 occulto
3160 2373 3382 2449 aliquid
3414 2375 3567 2440 facit,
3594 2379 3649 2431 et
3672 2375 3877 2449 quaerit

2225 2486 2251 2511 ‹‹
2292 2462 2413 2534 ipse
2446 2461 2730 2533 in'palam
2765 2480 2913 2519 esse.
2947 2464 3005 2519 Si
3041 2464 3158 2519 haec
3190 2464 3355 2529 facis,
3388 2465 3701 2520 manifesta
3726 2466 3875 2539 teip-

2227 2575 2252 2600 ‹‹
2290 2568 2421 2606 sum
2454 2551 2696 2606 mundo.
2719 2574 2746 2600 ››
2770 2552 2913 2607 Nam
2934 2552 3025 2607 bis
3055 2553 3247 2608 verbis
3277 2553 3879 2627 ostenditur,gloriam

2224 2638 2384 2695 illius
2407 2639 2715 2695 carnaliter
2737 2657 2992 2713 quaerere
3014 2657 3145 2707 eos;
3172 2641 3340 2712 quasi
3362 2642 3649 2698 dixissent
3672 2659 3686 2696 :
3716 2643 3881 2698 Facis

2227 2728 2538 2796 mirabilia,
2587 2729 2687 2785 sed
2739 2730 3096 2785 abscondite.
3131 2730 3338 2785 Transi
3387 2731 3445 2785 in
3498 2731 3788 2799 Judzeam,
3823 2734 3887 2786 ut

2227 2817 2586 2890 principatus
2618 2819 2828 2891 gentis,
2863 2823 2919 2873 et
2961 2819 3162 2875 civitas
3210 2824 3384 2891 caput
3431 2820 3614 2892 regni,
3645 2819 3887 2877 videant

2228 2906 2521 2962 mirabilia
2553 2910 2670 2962 tua.
2705 2910 3095 2974 lnnotescere,
3126 2923 3340 2979 appare
3365 2908 3736 2973 omnibus,ut
3763 2907 3887 2963 lau-

2230 2996 2352 3052 dari
2384 2996 2576 3068 possis
2610 2997 2680 3051 ab
2703 2982 2999 3052 omnibus.
3020 2995 3169 3062 Quid
3192 3013 3328 3069 ergo
3351 2996 3418 3051 ad
3450 2996 3570 3052 haec
3593 2996 3885 3052 Dominus

2227 3084 2401 3142 Jesus
2433 3086 2595 3157 dicit,
2629 3085 2941 3142 audiamus
2971 3102 2982 3141 :

2301 3216 2327 3241 ‹‹
2362 3193 2553 3247 Meum
2584 3196 2817 3264 tempus
2851 3193 3110 3248 nondum
3143 3193 3392 3260 advenit,
3417 3195 3648 3265 tempus
3680 3199 3882 3249 autem

2231 3301 2258 3329 «
2291 3287 2546 3336 vestrum
2577 3298 2807 3352 semper
2836 3285 2925 3337 est
2961 3286 3250 3354 paratum.
3288 3304 3314 3331 ››
3347 3281 3654 3354 Apostolus
3685 3282 3835 3337 dicit
3868 3299 3882 3336 :

2231 3390 2259 3419 ‹‹
2291 3369 2604 3441 Postquam
2635 3369 2793 3425 venit
2822 3369 3121 3441 plenitudo
3170 3371 3468 3443 temporis,
3503 3370 3669 3427 misit
3724 3371 3886 3427 Deus

2227 3456 2435 3513 Filium
2468 3476 2643 3514 suum
2674 3459 2817 3527 (Gal.
2846 3459 2942 3530 1v).
2980 3482 3006 3509 η
3036 3459 3291 3532 Tempus
3322 3475 3452 3515 vero
3484 3458 3681 3531 gloriae
3714 3459 3889 3516 Chri-

2226 3547 2299 3601 sti
2333 3547 2582 3602 necdum
2625 3547 2805 3619 venit,
2835 3564 2973 3603 cum
3021 3547 3141 3603 haec
3189 3547 3421 3603 locutus
3464 3552 3571 3615 est,
3605 3548 3765 3620 quod
3801 3539 3891 3603 illi

2226 3637 2495 3692 videntur
2525 3654 2800 3709 quaerere,
2833 3636 2933 3708 qui
2964 3637 3015 3692 ei
3049 3638 3376 3693 suadebant
3412 3635 3495 3692 ire
3524 3636 3584 3691 in
3613 3636 3891 3693 Judazam

2225 3724 2507 3780 miracula
2539 3725 2747 3791 facere,
2765 3726 2986 3781 mundo
3010 3725 3389 3793 innotescere,
3412 3742 3484 3782 ne
3511 3725 3701 3782 latens
3721 3726 3893 3800 igno-

2222 3814 2360 3870 bilis
2391 3818 2715 3887 putaretur.
2750 3815 2859 3869 Sed
2894 3812 2990 3869 ille
3021 3813 3199 3869 voluit
3232 3814 3603 3870 altitudinem
3638 3814 3891 3871 humili-

2222 3907 2339 3958 tate
2369 3903 2674 3975 procedere
2706 3907 2761 3958 et
2788 3903 2862 3958 ad
2894 3904 3083 3975 ipsam
3116 3902 3526 3959 celsitudinem
3552 3920 3654 3976 per
3688 3905 3892 3960 humi-

2222 3992 2405 4048 litatis
2433 3992 2585 4047 viam
2617 3990 2931 4063 pervenire.
2958 4015 2985 4041 «
3018 3992 3273 4065 Tempus
3303 3996 3501 4048 autem
3532 3996 3827 4061 vestrum,
3861 4014 3883 4041 ι

2222 4082 2279 4136 id
2310 4086 2399 4136 est
2429 4081 2633 4136 mundi
2678 4079 2882 4154 gloria,
2917 4104 2941 4130 ‹‹
2977 4098 3209 4154 semper
3249 4085 3341 4137 est
3383 4086 3676 4152 paratum.
3716 4104 3743 4130 n
3788 4083 3890 4139 Est

2221 4169 2376 4226 enim
2408 4176 2640 4241 tempus
2671 4167 2885 4237 gloriae,
2908 4173 2973 4223 ut
3001 4169 3100 4241 qui
3131 4169 3288 4224 venit
3316 4168 3373 4224 in
3407 4167 3765 4235 humilitate,
3790 4187 3886 4225 vc-

2222 4259 2344 4314 niat
2374 4258 2430 4313 in
2463 4257 2768 4312 altitudine
2796 4274 2808 4312 :
2844 4257 2940 4329 qui
2972 4256 3527 4330 venitjudicandus,
3560 4258 3750 4312 veniat
3781 4259 3887 4329 ju-

2220 4347 2522 4404 dicaturus
2556 4363 2568 4400 :
2605 4347 2701 4419 qui
2737 4347 2889 4402 venit
2917 4347 3097 4402 occidi
3130 4365 3164 4402 a
3195 4344 3462 4412 mortuis,
3486 4346 3682 4402 veniat
3704 4346 3885 4417 judi-

2221 4453 2351 4492 care
2381 4437 2451 4491 de
2482 4434 2626 4491 vivis
2656 4439 2711 4490 et
2741 4435 3008 4490 mortuis.

2291 4566 2317 4592 ‹‹
2344 4542 2462 4599 Vos
2491 4542 2786 4598 ascendite
2814 4543 2885 4597 ad
2917 4542 3071 4598 diem
3105 4543 3319 4598 festum
3342 4541 3518 4598 hunc.
3541 4561 3566 4592 ι
3601 4541 3750 4606 Quid
3788 4544 3887 4597 est

537 4670 564 4695 ‹‹
599 4647 737 4702 Erat
766 4651 959 4704 autem
996 4647 1052 4702 in
1088 4648 1348 4720 proximo
1401 4650 1529 4704 dies
1558 4649 1741 4706 festus
1771 4650 2107 4707 Judzeorum

2233 4632 2413 4688 iunc?
2444 4631 2549 4687 Ubi
2603 4631 2846 4704 gloriam
2896 4630 3215 4687 humanam
3271 4632 3552 4703 quaeritis.
3587 4631 3739 4698 Quid
3787 4635 3885 4686 est

464 4736 830 4810 scenopegia.
855 4759 883 4788 »
915 4737 1273 4810 Scenopegia
1300 4737 1425 4794 dies
1453 4738 1637 4794 festus
1668 4743 1793 4795 erat
1820 4740 2109 4795 Taberna-

463 4823 751 4893 culorum,
770 4842 885 4898 quo
913 4824 1099 4882 Judaei
1130 4842 1330 4881 mense
1359 4824 1607 4899 septimo
1637 4826 1695 4881 in
1717 4828 2108 4884 tabernaculis

463 4914 573 4968 sub
592 4913 771 4970 ramis
788 4915 1063 4970 arborum
1081 4913 1343 4970 habitare
1365 4913 1570 4970 diebus
1589 4920 1810 4988 septem
1825 4917 2111 4988 jubeban-

462 5005 579 5066 tur,
612 5002 682 5056 ad
714 5004 1058 5059 memoriam
1104 5002 1481 5059 habitationis
1512 5003 1745 5060 illorum
1790 5004 1849 5059 in
1890 5023 2105 5062 eremo.

464 5086 576 5141 Iste
604 5091 727 5142 erat
757 5088 881 5144 dies
913 5089 1117 5159 festus,
1151 5108 1322 5163 quem
1354 5091 1537 5147 Judaei
1572 5109 1786 5166 magna
1825 5093 2106 5149 solemni-

461 5177 578 5229 tate
607 5174 995 5244 celebrabant,
1028 5183 1094 5234 ut
1134 5180 1645 5249 reminiscerentur
1692 5182 2107 5239 beneficiorum

2217 4718 2421 4775 hunc?
2456 4719 2559 4775 Ubi
2607 4719 2915 4775 extendere
2957 4718 3130 4774 vultis
3177 4718 3433 4775 carnalia
3478 4719 3720 4791 gaudia,
3757 4736 3879 4774 non

2217 4812 2431 4864 aeterna
2458 4808 2729 4882 cogitate.

2290 4937 2318 4964 ι(
2351 4914 2466 4987 Ego
2496 4915 2652 4970 enim
2685 4931 2797 4969 non
2832 4915 3142 4969 ascendam
3164 4914 3237 4970 ad
3258 4914 3413 4969 diem
3442 4913 3657 4969 festum
3687 4913 3878 4980 hunc,

2216 5024 2244 5052 ‹‹
2279 5001 2416 5074 quia
2445 5008 2678 5074 tempus
2699 5004 2959 5058 nondum
2982 5002 3301 5075 impletum
3330 5007 3436 5057 est.
3461 5024 3487 5049 ››
3511 5002 3571 5057 In
3603 5002 3701 5057 die
3722 5001 3878 5057 festo

2215 5091 2463 5162 gloriam
2494 5108 2594 5147 vos
2623 5091 2945 5146 humanam
2977 5090 3238 5163 quaeritis
3268 5115 3295 5140 ‹‹
3331 5106 3527 5145 meum
3558 5105 3693 5143 vero
3718 5093 3878 5143 tem~

2216 5197 2346 5251 pus,
2384 5202 2410 5228 ››
2441 5179 2497 5234 id
2541 5184 2648 5248 est,
2681 5179 2867 5253 gloria
2912 5196 3063 5247 mea,
3098 5201 3127 5229 ‹‹
3161 5181 3423 5235 nondum
3466 5179 3642 5235 venit.
3679 5200 3707 5227 η
3739 5178 3880 5250 Ipse

462 5262 712 5333 Domini,
733 5265 833 5336 qui
860 5282 958 5323 eos
988 5267 1186 5323 eduxit
1214 5270 1285 5325 de
1315 5272 1468 5326 terra
1495 5271 1741 5344 .IEgypti.
1769 5270 1901 5328 Dies
1925 5272 2107 5328 festus
2215 5266 2369 5323 enim
2401 5267 2525 5323 dies
2557 5268 2742 5323 festus
2773 5285 2959 5335 meus,
2983 5285 3094 5324 non
3126 5268 3336 5325 diebus
3358 5266 3488 5324 istis
3520 5283 3881 5338 percurrens

464 5369 624 5409 more
651 5353 1009 5420 Judaeorum,
1043 5356 1256 5413 dicitur
1285 5376 1398 5414 non
1450 5376 1603 5415 unus
1629 5360 1775 5424 dies,
1804 5361 1902 5415 sed
1938 5365 2104 5433 quot-

2215 5361 2271 5413 ct
2299 5358 2612 5419 transiens,
2645 5358 2745 5412 sed
2779 5373 3130 5429 permanens
3161 5357 3222 5412 in
3264 5363 3567 5423 aeternum,
3604 5356 3728 5427 ipse
3756 5354 3879 5410 crit

462 5446 604 5513 quot
632 5441 792 5498 illius
836 5443 1165 5500 festivitatis
1212 5446 1461 5515 fuerunt,
1497 5449 1661 5518 quasi
1714 5466 1897 5504 unum
1948 5450 2102 5504 diem
2214 5446 2517 5512 festivitas,
2552 5445 2831 5516 gaudium
2882 5447 3007 5501 sine
3054 5446 3188 5515 fine,
3219 5447 3511 5502 aeternitas
3551 5445 3681 5501 sine
3712 5443 3877 5511 labe,

459 5530 697 5598 festum,
732 5534 967 5603 propter
1012 5532 1190 5589 unius
1241 5534 1569 5591 festivitatis
1618 5537 2101 5592 consuetudinem
2213 5535 2497 5591 serenitas
2527 5534 2653 5589 sine
2682 5535 2856 5590 nube.
3762 5551 3773 5557 '

460 5619 764 5677 nominare
795 5618 1077 5677 solebant.

2283 5646 2312 5673 «
2346 5623 2472 5678 Haec
2499 5639 2634 5679 cum
2665 5623 2925 5688 dixisset,
2959 5623 3082 5696 ipse
3128 5624 3346 5681 mansit
3394 5623 3452 5679 in
3502 5621 3756 5680 Galilzea.
3798 5621 3881 5678 Ut
