4012 6174
192 300 310 373 ⁵341

1422 302 1778 368 IlOMILI/E
1824 302 1922 364 DE
1967 302 2366 369 'I‘EMPORE.

3482 313 3603 375 342

200 454 223 487 ‹‹
249 438 436 493 autem
459 435 850 494 ascenderunt
866 436 1072 496 fratres
1089 438 1238 512 ejus,
1260 444 1397 497 tunc
1419 442 1475 496 et
1495 438 1620 512 ipse
1644 453 1841 494 ascen-
1868 437 1923 504 Α
1956 437 2223 496 Christus
2254 444 2629 513 nuncupatus
2673 444 2761 497 est
2791 439 2973 496 Deus:
3010 440 3108 496 sed
3138 443 3470 515 expressius
3501 446 3606 502 flr-

191 524 314 581 «dit
344 526 417 581 ad
450 527 605 582 diem
639 528 873 595 festum,
912 546 1026 585 non
1058 531 1390 597 manifeste,
1442 530 1542 586 sed
1576 527 1745 600 quasi
1778 527 1837 581 in

193 636 216 664 «
242 614 479 671 occulto.
502 639 529 665 ››
562 617 694 672 Ideo
718 634 829 673 non
848 619 921 673 ad
949 619 1102 673 diem
1135 620 1347 674 festum
1363 618 1541 683 hunc,
1562 617 1699 689 quia
1722 632 1835 670 non

186 701 407 776 gloriari
445 707 861 776 temporaliter,
891 708 991 763 sed
1021 706 1245 781 aliquid
1275 708 1586 764 salubriter
1608 707 1833 781 docere,

186 794 458 867 corrigere
507 794 797 862 homines,
830 796 900 851 de
931 797 1024 851 die
1067 798 1216 852 festo
1247 802 1460 854 aeterne
1497 776 1832 860 admonere,

185 884 245 939 ab
275 899 473 939 amore
506 883 704 940 saiculi
757 890 1032 953 avertere,
1063 891 1121 941 et
1150 887 1221 942 ad
1257 886 1438 942 Deum
1475 888 1830 940 convertere.

146 1032 149 1033 ν
184 972 314 1039 Quid
349 977 437 1027 est
485 978 681 1029 autem
715 974 869 1045 quod
928 962 1098 1047 quasi
1157 974 1408 1030 latenter
1465 973 1727 1030 ascendit
1757 974 1829 1028 ad

182 1060 321 1123 diem
356 1061 613 1116 festum?
644 1062 769 1117 Non
802 1068 965 1119 vacat
990 1068 1046 1118 et
1081 1063 1189 1120 hoc
1219 1062 1451 1119 Domini
1479 1079 1646 1134 opus.
1682 1062 1828 1117 Nam

181 1166 369 1205 omnes
403 1150 531 1205 dies
563 1150 692 1205 festi
718 1150 1077 1220 Judzeorum,
1110 1152 1169 1206 in
1196 1153 1387 1223 ﬁgura
1412 1152 1667 1206 fuerunt.
1695 1150 1828 1211 Ideo

179 1238 429 1295 Christus
460 1238 714 1295 latenter
742 1241 1100 1296 ascendebat
1152 1241 1210 1295 in
1243 1242 1347 1308 eis,
1391 1241 1530 1311 quia
1559 1238 1827 1295 Christus

178 1326 333 1383 latuit
358 1328 415 1382 in
443 1327 579 1383 illis:
608 1328 823 1401 populo
849 1347 983 1385 vero
1004 1329 1184 1403 priori
1212 1329 1495 1393 occultus,
1531 1328 1701 1384 modo
1734 1343 1827 1381 ve-

179 1434 230 1484 ro
250 1416 471 1472 meliori
497 1417 714 1491 populo
733 1419 1100 1474 manifestus.
1122 1419 1267 1484 Quia
1283 1419 1438 1489 quod
1462 1418 1556 1474 ille
1575 1415 1825 1489 pepulus

177 1507 226 1562 in
250 1508 460 1562 umbra
486 1508 713 1580 agebat,
746 1526 851 1563 nos
884 1526 1017 1563 vero
1051 1508 1360 1563 manifesta
1392 1506 1520 1562 luce
1555 1504 1822 1562 facimus.

176 1595 575 1667 Licetquidam
594 1596 915 1669 intelligere
937 1596 1127 1663 velint,
1156 1596 1307 1651 hanc
1325 1596 1557 1651 Domini
1586 1611 1822 1666 respon-

176 1683 405 1749 sionem,
440 1702 557 1756 qua
583 1685 665 1740 ait
693 1702 754 1739 :u
774 1686 889 1758 Ego
918 1703 1031 1741 non
1056 1686 1305 1741 ascendo
1327 1686 1398 1740 ad
1427 1685 1581 1740 diem
1607 1685 1823 1739 festum

1947 528 2225 602 miusque
2242 529 2504 585 fidelium
2525 530 2787 586 omnium
2808 530 3168 586 unanimitas
3185 530 3423 588 clamat:
3449 533 3607 590 Chri-

1946 622 2073 673 stus
2104 623 2253 674 Deus
2287 623 2394 687 est,
2448 621 2636 676 bonus
2679 624 2790 684 est,
2846 636 3017 675 verus
3075 624 3225 674 Deus
3284 624 3392 686 est,
3454 624 3602 679 teste

1946 707 2177 780 egregio
2225 709 2621 781 Prmdieatore.
2674 710 2774 780 qui
2823 708 2939 763 ait:
2993 710 3249 774 Quorum
3302 713 3496 781 patres
3532 726 3601 767 ex

1946 793 2162 865 quibus
2193 794 2477 862 Christus,
2530 796 2630 868 qui
2662 801 2750 851 est
2781 812 2955 868 super
2985 794 3182 851 omnia
3236 796 3391 853 Deus
3421 796 3596 854 bene-

1943 882 2155 939 dictus.
3236 884 3239 885 ν

2528 1028 2829 1083 llOMILIA
2870 1028 3006 1083 LIX.

2328 1144 2492 1182 rsum
2532 1144 2754 1189 QUARTA
2794 1142 2931 1181 rosr
2976 1126 3195 1181 Judz'ca.

2008 1239 2198 1309 (JOAN.
2233 1241 2307 1312 χ).
2344 1265 2369 1291 ‹‹
2405 1243 2467 1297 1n
2501 1241 2599 1297 illo
2636 1246 2917 1314 tempore,
2953 1242 3102 1297 facta
3148 1244 3287 1297 sunt
3334 1240 3591 1299 encaenia

1937 1351 1962 1377 ‹‹
1991 1328 2424 1402 Hierosolymis,
2445 1335 2502 1384 ct
2522 1330 2710 1385 hiems
2729 1334 2870 1386 erat.
2891 1331 2961 1385 Et
2976 1329 3318 1385 ambulabat
3335 1330 3508 1387 Jesus
3528 1330 3587 1385 in

1943 1441 1969 1467 κ
2000 1418 2215 1490 templo
2232 1418 2291 1473 in
2310 1420 2536 1491 porticu
2559 1419 2908 1485 Salomonis,
2934 1442 2952 1467 η
2975 1423 3030 1474 et
3052 1419 3294 1490 reliqua.
3319 1419 3589 1475 Encamia

1935 1512 2129 1562 autem
2172 1508 2487 1563 vocabatur
2538 1507 2878 1563 solemnitas
2919 1507 3302 1564 dedicationis
3357 1507 3583 1580 templi,

1934 1613 2108 1667 quam
2144 1596 2395 1669 populu‘s
2413 1597 2592 1652 Deiex
2610 1597 2849 1668 antiqua
2872 1602 3100 1667 patrum
3124 1596 3454 1663 traditione,
3485 1614 3586 1668 per

1932 1702 2117 1741 annos
2133 1685 2397 1758 singulos
2412 1686 2699 1742 celebrare
2715 1690 3110 1742 consueverat.
3131 1686 3238 1741 Sed
3261 1686 3582 1741 notandum
3656 1731 3661 1743 .

175 1769 313 1827 hunc
338 1775 520 1841 (Joan.
552 1777 674 1841 vn),
712 1796 739 1822 υ
795 1774 867 1829 ad
901 1774 1239 1845 passionem
1296 1773 1454 1830 illius
1486 1773 1773 1846 pertinere
1803 1791 1816 1829 :
1853 1811 1897 1875 Β
1933 1779 2020 1829 est
2051 1775 2205 1847 quod
2235 1776 2355 1831 haec
2397 1774 2673 1843 encmnia,
2706 1792 2835 1846 qua:
2866 1774 2959 1830 hic
3004 1774 3298 1847 leguntur,
3340 1792 3451 1829 non
3508 1774 3578 1830 ad

175 1860 294 1932 quia
323 1860 595 1918 Christus
628 1879 741 1917 non
777 1863 832 1917 in
865 1862 1174 1918 festivitate
1206 1862 1587 1935 scenopegiae,
1622 1861 1721 1916 sed
1758 1862 1815 1915 in

172 1949 469 2006 festivitate
503 1950 781 2029 paschali,
816 1969 932 2024 qua
961 1968 1149 2024 agnus
1175 1951 1356 2007 occidi
1381 1950 1622 2018 solebat,
1647 1967 1815 2006 cruce

128 2042 131 2043 ⁷
168 2038 434 2094 ascendit.

230 2149 256 2176 «ι
284 2127 504 2183 Judaais
529 2133 724 2185 autem
750 2130 1090 2202 quaerebant
1111 2146 1245 2185 eum
1268 2129 1329 2183 in
1358 2128 1451 2183 die
1476 2129 1639 2195 festo,
1665 2151 1691 2177 ››
1720 2145 1815 2182 au-

163 2220 389 2289 tequam
422 2218 782 2274 ascenderet.
834 2217 1058 2274 Priores
1091 2217 1245 2274 enim
1280 2219 1489 2273 fratres
1538 2218 1813 2273 ascende-

162 2310 394 2382 runt,.et
424 2324 541 2362 non
572 2312 712 2363 tunc
737 2307 1000 2363 ascendit
1029 2306 1126 2363 ille
1152 2306 1386 2379 quando
1416 2305 1496 2361 illi
1530 2307 1815 2379 putabant

160 2398 210 2449 et
236 2395 508 2451 volebant
532 2401 594 2451 ut
613 2398 741 2468 jam
768 2396 875 2452 hoc
900 2395 1241 2469 impleretur
1266 2396 1420 2469 quod
1450 2396 1558 2451 ait:
1588 2396 1712 2451 Non
1739 2396 1810 2450 ad

163 2483 330 2547 hunc,
359 2482 417 2539 id
443 2489 551 2551 est,
582 2485 654 2540 ad
679 2502 853 2558 quem
877 2502 979 2540 vos
1006 2484 1201 2551 vultis,
1232 2484 1486 2556 primum
1508 2482 1591 2539 vel
1612 2501 1814 2540 secun-

164 2573 292 2628 dum
320 2574 498 2629 diem.
548 2574 826 2629 Ascendit
854 2578 1050 2630 autem
1084 2580 1306 2647 postea,
1342 2579 1408 2628 ut
1436 2573 1810 2645 Evangelium

163 2660 435 2734 loquitur,
494 2663 751 2719 mediato
791 2662 883 2719 die
913 2664 1079 2731 festo,
1115 2664 1168 2718 id
1203 2668 1293 2719 est
1338 2679 1471 2717 cum
1495 2664 1622 2733 jam
1654 2660 1812 2717 illius

166 2749 267 2806 diei
292 2751 421 2807 festi
456 2757 541 2807 tot
569 2753 694 2808 dies
726 2752 1138 2824 praeterissent,
1173 2753 1326 2823 quod
1366 2751 1808 2806 remansissent.

167 2839 346 2911 Ipsam
363 2842 522 2896 enim
542 2842 913 2897 festivitatem
932 2846 1220 2913 quantum
1239 2839 1682 2912 intelligendum
1701 2843 1807 2907 est,

168 2928 359 2985 diebus
390 2930 663 3003 plurimis
687 2930 1003 2987 celebrant.
1664 2982 1669 2991 .

232 3039 258 3066 «
283 3018 559 3075 Dicebant
589 3036 725 3092 ergo
751 3036 764 3073 :
816 3017 924 3076 Ubi
962 3023 1051 3075 est
1080 3018 1176 3074 ille
1196 3018 1223 3074 ‘I
1255 3020 1322 3074 Et
1352 3034 1622 3074 murmur
1652 3016 1808 3072 mul-

168 3129 192 3154 «
222 3111 339 3163 tum
391 3114 517 3164 erat
567 3109 639 3164 de
670 3126 735 3164 eo
766 3110 825 3164 in
882 3107 1073 3163 turba.
1107 3129 1134 3159 »
1169 3108 1332 3163 Unde
1385 3106 1696 3162 murmur?
1727 3106 1807 3162 De

1930 1864 2182 1935 primam
2214 1865 2416 1938 templi
2447 1865 2892 1930 dedicationem,
2926 1864 3025 1919 sed
3060 1863 3113 1919 al
3148 1863 3414 1919 ultimam
3450 1880 3579 1935 per-

1926 1952 2154 2009 tinent:
2208 1956 2361 2026 quod
2412 1971 2481 2009 ex
2511 1972 2577 2010 eo
2636 1952 2801 2009 facile
2852 1951 3165 2025 colligitur,
3210 1951 3349 2024 quia
3388 1952 3580 2007 hieme

1926 2042 2079 2099 facta
2105 2045 2457 2099 referuntur.
2483 2043 2679 2098 Prima
2701 2042 2992 2115 siquidem
3012 2040 3215 2114 templi
3235 2041 3524 2097 dedicatio
3547 2058 3581 2097 a

1925 2131 2235 2188 Salomone
2267 2139 2524 2204 tempore
2547 2131 2837 2199 autumni;
2858 2132 3116 2186 secunda
3137 2135 3332 2185 autem
3363 2146 3398 2184 a
3418 2130 3583 2186 Zoro-

1924 2220 2091 2277 babel
2140 2226 2197 2277 et
2242 2221 2381 2277 Jesu
2431 2222 2728 2277 sacerdote
2777 2225 3037 2292 tempore
3084 2236 3296 2288 verno;
3348 2219 3520 2275 tertia
3548 2236 3582 2274 a

1921 2309 2072 2365 Juda
2093 2310 2421 2366 Machame
2452 2316 2712 2382 tempore
2742 2309 2953 2365 hiemis
2984 2312 3073 2364 est
3121 2308 3291 2375 facta,
3342 2309 3577 2380 quando

1923 2398 2253 2471 specialiter
2282 2400 2670 2455 constitutum
2702 2415 2828 2455 esse
2848 2397 3081 2471 legitur,
3108 2402 3171 2453 ut
3190 2397 3392 2453 eadem
3415 2396 3576 2452 dedi-

1922 2489 2071 2544 catio
2120 2505 2223 2562 per
2268 2507 2471 2544 omnes
2513 2506 2698 2544 annos
2729 2486 2786 2542 in
2822 2486 3164 2542 memoriam
3213 2485 3578 2542 solemnibus

1922 2582 2286 2634 revocaretur
2313 2578 2554 2633 officiis:
2589 2593 2765 2648 quam
2798 2574 2971 2630 etiam
3005 2575 3077 2630 ad
3120 2578 3354 2646 tempus
3391 2591 3577 2646 usque

1920 2666 2237 2722 Dominicze
2284 2665 2703 2722 incarnationis
2751 2665 3119 2721 observatam
3170 2661 3370 2727 fuisse,
3423 2662 3578 2718 sicut

1920 2756 2114 2821 modo,
2147 2773 2281 2811 cum
2313 2755 2600 2829 legeretur
2629 2752 3016 2826 evangelium,
3051 2750 3406 2806 audivimus.
3439 2753 3574 2817 Quen

1918 2843 2093 2899 etiam
2126 2844 2432 2909 dedicatio,
2469 2841 2687 2899 salubri
2723 2839 3165 2907 consuetudine,
3208 2839 3268 2894 in
3301 2839 3573 2896 Ecclesiis

1918 2930 2127 2987 Christi
2155 2932 2433 2989 reservari
2459 2932 2735 2987 moderno
2766 2936 3025 3001 tempore
3057 2927 3400 2984 dinoscitur.
3431 2926 3573 2981 Con-

1917 3020 2295 3076 siderandum
2355 3022 2524 3077 nobis
2579 3024 2667 3076 est
2723 3035 2904 3090 quare
2947 3015 3301 3089 evangelista
3327 3013 3572 3070 dixisset

1915 3106 2037 3162 hanc
2066 3109 2322 3165 encaenia
2350 3108 2561 3164 hiemis
2590 3114 2869 3179 tempore
2917 3107 3070 3162 facta
3117 3121 3266 3160 esse.
3317 3101 3567 3160 Omnino

168 3198 539 3253 contentione.
588 3198 723 3262 Quae
781 3198 889 3252 fuit
934 3197 1272 3252 contentio?
1304 3220 1330 3245 ‹‹
1366 3197 1613 3261 Quidam
1646 3194 1802 3250 enim
1834 3180 1876 3247 Ε
1912 3202 2146 3269 propter
2175 3197 2452 3253 duritiam
2482 3197 2820 3253 Judaaorum
2871 3199 2927 3249 et
2965 3191 3388 3257 infidelitatem,
3437 3207 3564 3262 qua

168 3306 193 3334 α
220 3284 481 3342 dicebant
510 3303 522 3342 :
560 3287 700 3359 quia
747 3287 937 3342 bonus
965 3292 1073 3341 est.
1104 3284 1215 3340 Alii
1264 3289 1459 3340 autem
1489 3284 1759 3339 dicebant
1788 3300 1800 3337 :

1913 3286 2146 3361 frigoris
2178 3287 2414 3342 nomine
2447 3282 2911 3357 saepedesignari
2936 3282 3170 3355 legitur.
3208 3302 3236 3330 «
3268 3280 3336 3336 Et
3366 3279 3571 3335 ambu-

168 3397 195 3423 α
220 3391 347 3441 non,
367 3376 467 3431 sed
493 3376 720 3431 seducit
743 3376 966 3431 turbas.
992 3399 1016 3425 ›,
1053 3379 1129 3430 De
1160 3375 1434 3429 omnibus
1467 3374 1595 3444 ejus
1626 3372 1805 3427 servis
1913 3376 2072 3431 labat
2122 3376 2294 3431 Jesus
2324 3375 2384 3430 in
2441 3373 2658 3446 templo
2701 3373 2760 3428 in
2792 3371 3020 3443 porticu
3077 3367 3427 3426 Salomonis.
3456 3390 3483 3416 »
3510 3366 3571 3423 Si

169 3461 263 3519 hoc
292 3464 503 3520 dicitur
518 3466 713 3531 modo,
734 3465 1069 3537 quicunque
1095 3463 1356 3519 eminent
1382 3462 1439 3517 in
1463 3461 1659 3533 aliqua
1680 3478 1808 3533 gra-

168 3551 254 3607 tia.
278 3553 381 3608 Alii
409 3554 633 3620 dicunt,
663 3577 688 3603 ‹‹
715 3555 908 3609 bonus
928 3557 1045 3609 est:
1070 3579 1095 3601 ιι
1121 3552 1240 3619 alii,
1272 3576 1298 3600 ‹‹
1335 3569 1471 3617 non,
1506 3551 1608 3606 sed
1631 3550 1808 3605 sedu-

148 3640 238 3694 cit
258 3643 478 3698 turbas.
504 3666 533 3693 ››
568 3641 731 3698 Unde
756 3642 863 3698 hoc
880 3642 907 3696 ‘?
930 3642 1067 3713 quia
1098 3642 1215 3697 vita
1238 3646 1438 3696 nostra
1468 3638 1811 3696 abscondita

171 3733 250 3783 est
268 3747 395 3786 cum
421 3731 656 3787 Christo
702 3731 757 3785 in
791 3735 926 3786 Deo.
961 3730 1079 3785 Hoc
1109 3728 1330 3802 patitur
1359 3745 1570 3801 corpus
1596 3725 1810 3783 Christi

173 3834 341 3891 usque
372 3821 429 3875 in
462 3820 642 3876 finem
684 3819 879 3875 saeculi
911 3837 945 3875 a
976 3819 1181 3874 mundi
1213 3818 1595 3884 amatoribus,
1655 3816 1810 3887 quod

175 3910 300 3962 tunc
318 3926 527 3981 passus
549 3914 687 3965 esta
722 3908 1060 3964 Judaeorum
1088 3906 1641 3963 murmuratoribus.
1670 3905 1812 3959 Nec~

177 3995 303 4052 dum
350 3997 707 4053 frumentum
742 4014 775 4052 a
807 3996 991 4069 paleis
1050 4001 1419 4069 segregatum
1475 3999 1563 4050 est
1594 3994 1807 4066 (Matth.

179 4084 274 4154 xu),
306 4091 365 4140 ut
392 4103 575 4160 grana
600 4086 875 4141 frumenti
897 4089 1323 4158 congregentur
1347 4082 1405 4137 in
1430 4083 1727 4148 horreum,
1756 4086 1814 4136 et

180 4172 339 4242 palea:
369 4176 790 4231 comburantur
837 4173 970 4247 igne
1010 4178 1243 4229 aeterno.
1277 4173 1439 4237 Quod
1474 4170 1694 4227 dictum
1727 4174 1815 4225 est

179 4276 300 4334 ergo
329 4265 394 4320 de
410 4264 675 4331 Domino,
699 4263 850 4320 valet
870 4265 942 4318 ad
965 4261 1442 4329 consolationem,
1469 4261 1537 4316 de
1561 4276 1816 4331 quocun-

180 4364 280 4419 que
303 4352 402 4408 hoc
423 4352 645 4408 dictum
670 4352 843 4409 fuerit
868 4351 1220 4408 Christiano.

243 4462 267 4489 «
298 4442 469 4498 Nemo
500 4446 695 4515 tamen
729 4440 925 4514 palam
956 4440 1307 4513 loquebatur
1334 4440 1405 4495 de
1451 4438 1549 4493 illo
1581 4442 1815 4509 propter

1916 3481 2051 3537 ergo
2083 3464 2180 3519 Dei
2225 3463 2405 3520 Filius
2436 3461 2736 3519 ambulare
2769 3460 2951 3515 voluit
2981 3460 3036 3513 in
3070 3454 3312 3529 templo,
3347 3455 3407 3511 in
3458 3472 3572 3528 quo

1917 3571 2049 3609 caro
2083 3559 2140 3608 et
2190 3552 2431 3626 sanguis
2485 3553 2789 3607 brutorum
2821 3546 3167 3604 animalium
3199 3544 3573 3609 offerebatur,

1919 3643 2103 3698 multo
2152 3641 2340 3715 magis
2380 3646 2592 3696 nostra:
2623 3636 2903 3694 orationis
2935 3637 3198 3703 domum,
3234 3632 3335 3688 ubi
3383 3632 3579 3688 carnis

1918 3730 2103 3804 ipsius
2117 3748 2182 3786 ac
2205 3728 2513 3803 sanguinis
2530 3730 2895 3783 sacramenta
2919 3724 3307 3789 celebramus,
3340 3719 3577 3776 visitare

1920 3820 2214 3893 gaudebit.
2240 3819 2295 3875 Si
2322 3816 2728 3891 perambulare
2750 3831 2863 3869 non
2887 3810 3150 3884 despexit
3170 3809 3484 3883 porticum,
3518 3808 3577 3864 in

1920 3926 2036 3980 quo
2069 3926 2167 3963 rex
2215 3908 2512 3979 quondam
2572 3903 2837 3959 mortalis
2881 3919 2947 3957 ac
2993 3906 3262 3957 terrenus
3310 3897 3579 3971 quamvis

1922 3995 2364 4069 potentissimus
2396 3995 2467 4049 ad
2518 3993 2805 4049 orandum
2856 3996 3009 4046 stare
3060 3988 3304 4055 solebat,
3356 3990 3577 4059 quanto

1923 4085 2111 4157 magis
2186 4082 2508 4155 penetralia
2573 4080 2833 4136 cordium
2893 4082 3227 4133 nostrorum
3306 4074 3574 4141 invisere,

1922 4179 2096 4245 atque
2147 4170 2439 4226 illustrare
2489 4169 2800 4235 desiderat,
2853 4166 2903 4222 si
2948 4169 3143 4220 tamen
3176 4180 3244 4219 ea
3286 4162 3574 4235 porticum

1923 4279 2051 4318 esse
2073 4259 2422 4324 Salomonis,
2464 4258 2572 4313 hoc
2602 4260 2710 4325 est,
2743 4255 2791 4310 si
2824 4271 2891 4309 ea
2920 4253 3191 4309 timorem
3224 4267 3420 4317 suum,
3473 4249 3575 4321 qui

1923 4354 2012 4407 est
2034 4374 2053 4399 «ι
2077 4349 2311 4404 initium
2337 4345 2635 4418 sapientia:
2657 4345 2832 4413 (Psal.
2857 4341 2964 4414 cx),
2988 4364 3015 4391 ››
3039 4339 3253 4396 habere
3276 4354 3577 4412 perspexe-

1925 4439 2018 4493 rit.
2062 4439 2259 4509 Neque
2303 4435 2457 4491 enim
2504 4432 2832 4506 putandum
2884 4434 2992 4497 est,
3044 4426 3183 4501 quia
3229 4428 3441 4483 domus
3483 4443 3576 4482 so-

183 4550 207 4576 ει
238 4536 445 4587 metum
472 4531 832 4588 Judaaorum.
867 4554 895 4581 ››
949 4554 976 4580 ‹‹
1011 4530 1257 4594 Quidam
1299 4529 1588 4594 dicebant,
1626 4528 1814 4582 bonus
1847 4547 1892 4611 ί)
1929 4527 2228 4582 luuimodo
2261 4524 2353 4591 sit,
2388 4524 2447 4578 in
2481 4539 2596 4595 qua
2626 4522 2697 4576 ad
2746 4520 3034 4577 orandum
3078 4516 3166 4572 vel
3198 4517 3269 4573 ad
3302 4515 3581 4587 mysteria

180 4622 284 4673 est:
309 4619 400 4677 alii
424 4626 622 4677 autem
663 4619 951 4686 dicebant,
980 4637 1118 4683 non,
1147 4620 1246 4674 sed
1275 4617 1501 4674 seducit
1534 4617 1753 4671 turbas.
1781 4638 1809 4664 ››

178 4705 397 4766 Sonitus
418 4727 622 4765 eorum
659 4707 960 4782 apparebit
980 4711 1262 4779 tanquam
1289 4706 1586 4762 aridorum
1616 4704 1811 4759 ﬂuvio-

182 4811 297 4851 rum
322 4815 335 4852 :
374 4822 392 4847 ι
420 4798 648 4854 seducit
668 4799 890 4865 turbas,
928 4820 955 4847 ››
988 4796 1200 4851 clarius
1222 4796 1538 4851 sonabant:
1565 4817 1590 4844 ‹‹
1620 4795 1810 4848 bonus

182 4888 279 4952 θεῖ,
312 4911 336 4935 η
370 4888 631 4959 pressius
680 4887 1086 4942 susurrabant.
1131 4885 1300 4941 Modo
1333 4889 1526 4939 autem
1582 4884 1808 4947 fratres,

182 4977 429 5044 quamvis
459 4977 724 5034 nondum
747 4974 967 5031 venerit
989 4973 1087 5029 illa
1107 4973 1292 5047 gloria
1312 4972 1523 5028 Christi
1547 4989 1674 5043 qua:
1709 4988 1814 5027 nos

181 5068 409 5121 aeternos
442 5066 667 5121 factura
692 5068 801 5131 est,
826 5064 997 5120 modo
1020 5066 1212 5118 tamen
1236 5061 1317 5116 ita
1339 5061 1545 5116 crescit
1566 5060 1817 5116 Ecclesia

182 5142 317 5221 ejus,
342 5154 418 5211 ita
442 5155 598 5210 enim
622 5154 899 5226 dignatus
919 5157 1008 5208 est
1028 5169 1130 5224 per
1159 5154 1366 5206 cuncta
1388 5150 1732 5215 diffundere,
1757 5154 1821 5204 ut

184 5241 341 5297 etiam
370 5247 728 5308 susurretur,
754 5242 981 5298 seducit
1006 5242 1237 5307 turbas;
1266 5239 1366 5294 sed
1390 5238 1605 5293 clarius
1632 5255 1823 5310 perso-

182 5335 297 5397 nat,
322 5332 505 5388 bonus
528 5336 635 5387 est.
656 5332 800 5387 Nam
828 5347 972 5385 nova
992 5329 1230 5384 lizcresis
1252 5329 1310 5383 in
1343 5326 1574 5399 angulis
1605 5326 1826 5382 occulte

185 5426 470 5476 susurrat:
496 5420 764 5477 Christus
780 5422 868 5475 est
883 5419 1220 5491 adeptivus:
1245 5417 1345 5472 sed
1370 5414 1582 5472 clarius
1606 5434 1636 5469 υ
1650 5415 1827 5470 niver—

185 5506 317 5564 salis
345 5515 556 5566 sancta:
596 5507 858 5565 Ecclesiae
888 5526 995 5563 vox
1020 5511 1283 5563 resonat:
1320 5505 1586 5560 Christus
1618 5508 1705 5560 est
1734 5506 1827 5559 Fi-

185 5586 291 5655 lius
324 5600 441 5657 Dei.
478 5599 772 5672 Propitius
802 5596 1045 5656 sibilant
1075 5612 1309 5671 quoque
1344 5595 1678 5667 serpentino
1711 5610 1829 5662 ore,

1923 4615 2271 4671 celebranda
2292 4612 2699 4668 convenimus:
2728 4609 2911 4665 multo
2931 4607 3120 4678 magis
3143 4604 3428 4677 templum
3451 4607 3581 4676 ejus

1920 4702 2287 4776 appellamur
2310 4708 2367 4756 et
2400 4717 2629 4765 sumus,
2659 4714 2790 4754 cum
2820 4695 3125 4751 manifeste
3157 4694 3312 4749 dicat
3340 4694 3582 4765 Aposto-

1916 4792 2008 4848 lus
2035 4809 2047 4847 :
2075 4791 2224 4846 «Vos
2254 4791 2394 4847 estis
2425 4789 2710 4859 templum
2742 4784 2840 4841 Dei
2863 4784 2994 4852 vivi,
3022 4783 3174 4839 sicut
3194 4782 3339 4837 dixit
3370 4782 3525 4838 Deus
3560 4799 3574 4838 :

1923 4881 2268 4937 Inhabitabo
2317 4880 2375 4934 in
2414 4878 2517 4945 eis,
2562 4881 2618 4932 et
2644 4876 2794 4930 inter
2822 4873 2952 4929 illos
3000 4871 3313 4928 ambulabo
3354 4870 3427 4941 (II
3456 4871 3578 4928 Cor.

1923 4970 2018 5041 v1).
2057 4990 2083 5019 ιι
2119 4968 2385 5025 Ostendit
2412 4983 2547 5021 vero
2578 4962 2936 5035 evangelista
2966 4979 3069 5017 cur
3098 4961 3342 5017 dixisset
3371 4959 3581 5017 hiemis

1924 5065 2207 5131 tempore,
2242 5057 2382 5111 dum
2414 5053 2645 5125 inquit:

2001 5172 2027 5197 ‹‹
2063 5143 2587 5201 Circumdederunt
2617 5158 2750 5197 eum
2781 5138 2983 5195 Judaei.
3012 5162 3040 5187 »
3060 5138 3586 5195 Circumdederunt

1932 5236 2129 5307 itaque
2161 5251 2291 5289 eum
2326 5230 2666 5286 tentationis
2695 5228 2899 5301 gratia,
2948 5244 3061 5282 non
3104 5228 3364 5284 veritatis
3401 5245 3585 5302 agno-

1935 5325 2161 5380 scenda:
2182 5321 2502 5377 voluntate.
2529 5342 2556 5368 «
2577 5320 2645 5373 Et
2670 5318 2971 5372 dicebant:
2993 5318 3307 5389 Quousque
3326 5317 3585 5373 animam

1938 5438 1964 5464 ‹‹
1992 5418 2248 5468 nostram
2267 5409 2460 5464 tollis?
2476 5406 2535 5462 Si
2554 5412 2617 5462 tu
2635 5422 2697 5462 es
2718 5405 3003 5473 Christus,
3028 5405 3121 5461 die
3143 5407 3311 5462 nobis
3334 5406 3586 5478 palam.»

1939 5505 2067 5559 llaec
2099 5518 2226 5556 vero
2260 5516 2372 5554 non
2420 5496 2713 5552 voluntate
2745 5494 2875 5551 fidei
2923 5494 3293 5567 inquirendo,
3351 5495 3451 5550 sed
3503 5493 3586 5549 illi

1942 5609 2115 5664 quem
2146 5586 2583 5660 interrogabant
2624 5584 2976 5656 insidiando,
3009 5589 3065 5641 et
3106 5582 3461 5642 calumniam
3493 5582 3587 5635 in-
