  <div class='ocr_page' id='page_1' title='image "/cluster/home/n/w/nwhite01/storage/ocr_20150623/118/hvd.32044073505158/177.png"; bbox 0 0 4012 6174; ppageno 0'>
   <div class='ocr_carea' id='block_1_1' title="bbox 362 355 493 417">
    <p class='ocr_par' dir='ltr' id='par_1_1' title="bbox 362 355 493 417">
     <span class='ocr_line' id='line_1_1' title="bbox 362 355 493 417; baseline -0.008 0"><span class='ocrx_word' id='word_1_1' title='bbox 362 355 493 417; x_wconf 73' lang='grc'>’343</span> 
     </span>
    </p>
   </div>
   <div class='ocr_carea' id='block_1_2' title="bbox 937 286 3226 429">
    <p class='ocr_par' dir='ltr' id='par_1_2' title="bbox 937 286 3226 429">
     <span class='ocr_line' id='line_1_2' title="bbox 937 286 3226 429; baseline -0.01 -17"><span class='ocrx_word' id='word_1_2' title='bbox 937 349 1343 414; x_wconf 77' lang='lat' dir='ltr'>llAYMONIS</span> <span class='ocrx_word' id='word_1_3' title='bbox 1390 344 1931 408; x_wconf 77' lang='lat' dir='ltr'>HALBERSTA&#39;I‘.</span> <span class='ocrx_word' id='word_1_4' title='bbox 1982 338 2227 400; x_wconf 85' lang='lat' dir='ltr'>EPISC.</span> <span class='ocrx_word' id='word_1_5' title='bbox 2266 328 2445 429; x_wconf 75' lang='lat' dir='ltr'>OPP.</span> <span class='ocrx_word' id='word_1_6' title='bbox 2493 336 2692 397; x_wconf 74' lang='lat' dir='ltr'>PARS</span> <span class='ocrx_word' id='word_1_7' title='bbox 2740 286 2927 396; x_wconf 26' lang='lat' dir='ltr'>lI.\-—</span> <span class='ocrx_word' id='word_1_8' title='bbox 2955 329 3226 393; x_wconf 80' lang='lat' dir='ltr'>HOMIL.</span> 
     </span>
    </p>
   </div>
   <div class='ocr_carea' id='block_1_3' title="bbox 3666 325 3786 386">
    <p class='ocr_par' dir='ltr' id='par_1_3' title="bbox 3666 325 3786 386">
     <span class='ocr_line' id='line_1_3' title="bbox 3666 325 3786 386; baseline -0.008 0"><span class='ocrx_word' id='word_1_9' title='bbox 3666 325 3786 386; x_wconf 74' lang='grc'>344</span> 
     </span>
    </p>
   </div>
   <div class='ocr_carea' id='block_1_4' title="bbox 372 456 3787 552">
    <p class='ocr_par' dir='ltr' id='par_1_4' title="bbox 372 456 3787 552">
     <span class='ocr_line' id='line_1_4' title="bbox 372 456 3787 552; baseline -0.009 -6"><span class='ocrx_word' id='word_1_10' title='bbox 372 486 651 546; x_wconf 88' lang='lat' dir='ltr'>struendo</span> <span class='ocrx_word' id='word_1_11' title='bbox 681 484 971 552; x_wconf 85' lang='lat' dir='ltr'>dicebant,</span> <span class='ocrx_word' id='word_1_12' title='bbox 1004 488 1071 538; x_wconf 88' lang='lat' dir='ltr'>ut</span> <span class='ocrx_word' id='word_1_13' title='bbox 1102 482 1430 539; x_wconf 80' lang='lat' dir='ltr'>invenirent</span> <span class='ocrx_word' id='word_1_14' title='bbox 1457 478 1750 552; x_wconf 89' lang='lat' dir='ltr'>quomodo</span> <span class='ocrx_word' id='word_1_15' title='bbox 1780 466 2019 532; x_wconf 14' lang='lat' dir='ltr'>acc’usa-</span> <span class='ocrx_word' id='word_1_16' title='bbox 2052 472 2105 539; x_wconf 80' lang='grc' dir='ltr'><strong>Α</strong></span> <span class='ocrx_word' id='word_1_17' title='bbox 2135 469 2447 527; x_wconf 71' lang='lat' dir='ltr'>stant-ialis.</span> <span class='ocrx_word' id='word_1_18' title='bbox 2499 468 2646 535; x_wconf 89' lang='lat' dir='ltr'>Quid</span> <span class='ocrx_word' id='word_1_19' title='bbox 2680 471 2767 523; x_wconf 90' lang='lat' dir='ltr'>est</span> <span class='ocrx_word' id='word_1_20' title='bbox 2806 466 2958 538; x_wconf 90' lang='lat' dir='ltr'>quod</span> <span class='ocrx_word' id='word_1_21' title='bbox 3013 461 3212 519; x_wconf 82' lang='lat' dir='ltr'>dedit?</span> <span class='ocrx_word' id='word_1_22' title='bbox 3242 459 3450 532; x_wconf 89' lang='lat' dir='ltr'>Utique</span> <span class='ocrx_word' id='word_1_23' title='bbox 3496 456 3787 532; x_wconf 84' lang='lat' dir='ltr'>gignendo</span> 
     </span>
    </p>
   </div>
   <div class='ocr_carea' id='block_1_5' title="bbox 376 550 3791 642">
    <p class='ocr_par' dir='ltr' id='par_1_5' title="bbox 376 550 3791 642">
     <span class='ocr_line' id='line_1_5' title="bbox 376 550 3791 642; baseline -0.009 -9"><span class='ocrx_word' id='word_1_24' title='bbox 376 573 955 642; x_wconf 75' lang='lat' dir='ltr'>i-enteum,nolentes</span> <span class='ocrx_word' id='word_1_25' title='bbox 971 586 1105 628; x_wconf 88' lang='lat' dir='ltr'>eum</span> <span class='ocrx_word' id='word_1_26' title='bbox 1124 572 1357 628; x_wconf 81' lang='lat' dir='ltr'>credere</span> <span class='ocrx_word' id='word_1_27' title='bbox 1373 550 1579 635; x_wconf 80' lang='lat' dir='ltr'>Deum,</span> <span class='ocrx_word' id='word_1_28' title='bbox 1603 560 1700 624; x_wconf 88' lang='lat' dir='ltr'>sed</span> <span class='ocrx_word' id='word_1_29' title='bbox 1728 565 2026 622; x_wconf 86' lang='lat' dir='ltr'>hominem</span> <span class='ocrx_word' id='word_1_30' title='bbox 2135 561 2314 622; x_wconf 87' lang='lat' dir='ltr'>dedit.</span> <span class='ocrx_word' id='word_1_31' title='bbox 2340 557 2479 632; x_wconf 89' lang='lat' dir='ltr'>quia</span> <span class='ocrx_word' id='word_1_32' title='bbox 2509 574 2623 612; x_wconf 92' lang='lat' dir='ltr'>non</span> <span class='ocrx_word' id='word_1_33' title='bbox 2655 555 2939 611; x_wconf 82' lang='lat' dir='ltr'>minorem</span> <span class='ocrx_word' id='word_1_34' title='bbox 2973 552 3081 609; x_wconf 83' lang='lat' dir='ltr'>sibi</span> <span class='ocrx_word' id='word_1_35' title='bbox 3113 550 3335 625; x_wconf 82' lang='lat' dir='ltr'>genuit,</span> <span class='ocrx_word' id='word_1_36' title='bbox 3376 552 3489 604; x_wconf 84' lang='lat' dir='ltr'>non</span> <span class='ocrx_word' id='word_1_37' title='bbox 3529 554 3791 620; x_wconf 75' lang='lat' dir='ltr'>tempere</span> 
     </span>
    </p>
   </div>
   <div class='ocr_carea' id='block_1_6' title="bbox 375 655 2029 740">
    <p class='ocr_par' dir='ltr' id='par_1_6' title="bbox 375 655 2029 740">
     <span class='ocr_line' id='line_1_6' title="bbox 375 655 2029 740; baseline -0.007 -19"><span class='ocrx_word' id='word_1_38' title='bbox 375 673 590 740; x_wconf 86' lang='lat' dir='ltr'>p&#39;nrum</span> <span class='ocrx_word' id='word_1_39' title='bbox 613 662 1022 719; x_wconf 79' lang='lat' dir='ltr'>tantummodo</span> <span class='ocrx_word' id='word_1_40' title='bbox 1055 662 1336 728; x_wconf 82' lang='lat' dir='ltr'>futurum,</span> <span class='ocrx_word' id='word_1_41' title='bbox 1370 663 1427 714; x_wconf 92' lang='lat' dir='ltr'>et</span> <span class='ocrx_word' id='word_1_42' title='bbox 1445 673 1638 731; x_wconf 87' lang='lat' dir='ltr'>regem</span> <span class='ocrx_word' id='word_1_43' title='bbox 1666 655 1887 712; x_wconf 67' lang='lat' dir='ltr'>caeteris</span> <span class='ocrx_word' id='word_1_44' title='bbox 1908 671 2029 709; x_wconf 88' lang='lat' dir='ltr'>om-</span> 
     </span>
    </p>
   </div>
   <div class='ocr_carea' id='block_1_7' title="bbox 379 745 2026 812">
    <p class='ocr_par' dir='ltr' id='par_1_7' title="bbox 379 745 2026 812">
     <span class='ocr_line' id='line_1_7' title="bbox 379 745 2026 812; baseline -0.006 -2"><span class='ocrx_word' id='word_1_45' title='bbox 379 755 555 810; x_wconf 81' lang='lat' dir='ltr'>nibus</span> <span class='ocrx_word' id='word_1_46' title='bbox 585 751 956 808; x_wconf 84' lang='lat' dir='ltr'>excelsiorem</span> <span class='ocrx_word' id='word_1_47' title='bbox 1000 767 1127 806; x_wconf 87' lang='lat' dir='ltr'>esse</span> <span class='ocrx_word' id='word_1_48' title='bbox 1179 748 1674 812; x_wconf 86' lang='lat' dir='ltr'>venturum..0ua</span> <span class='ocrx_word' id='word_1_49' title='bbox 1703 745 1879 800; x_wconf 88' lang='lat' dir='ltr'>etiam</span> <span class='ocrx_word' id='word_1_50' title='bbox 1923 745 2026 800; x_wconf 85' lang='lat' dir='ltr'>de-</span> 
     </span>
    </p>
   </div>
   <div class='ocr_carea' id='block_1_8' title="bbox 2136 636 3790 724">
    <p class='ocr_par' dir='ltr' id='par_1_8' title="bbox 2136 636 3790 724">
     <span class='ocr_line' id='line_1_8' title="bbox 2136 636 3790 724; baseline -0.009 -18"><span class='ocrx_word' id='word_1_51' title='bbox 2136 649 2537 724; x_wconf 88' lang='lat' dir='ltr'>posteriorem,</span> <span class='ocrx_word' id='word_1_52' title='bbox 2589 647 2689 702; x_wconf 89' lang='lat' dir='ltr'>sed</span> <span class='ocrx_word' id='word_1_53' title='bbox 2724 650 3098 709; x_wconf 65' lang='lat' dir='ltr'>coarternum,</span> <span class='ocrx_word' id='word_1_54' title='bbox 3131 641 3257 697; x_wconf 87' lang='lat' dir='ltr'>sine</span> <span class='ocrx_word' id='word_1_55' title='bbox 3295 638 3459 694; x_wconf 88' lang='lat' dir='ltr'>initio</span> <span class='ocrx_word' id='word_1_56' title='bbox 3510 636 3790 709; x_wconf 87' lang='lat' dir='ltr'>temporis</span> 
     </span>
    </p>
   </div>
   <div class='ocr_carea' id='block_1_9' title="bbox 2136 730 3790 811">
    <p class='ocr_par' dir='ltr' id='par_1_9' title="bbox 2136 730 3790 811">
     <span class='ocr_line' id='line_1_9' title="bbox 2136 730 3790 811; baseline -0.009 -16"><span class='ocrx_word' id='word_1_57' title='bbox 2136 756 2370 811; x_wconf 89' lang='lat' dir='ltr'>semper</span> <span class='ocrx_word' id='word_1_58' title='bbox 2416 730 2621 793; x_wconf 88' lang='lat' dir='ltr'>Deum.</span> <span class='ocrx_word' id='word_1_59' title='bbox 2658 735 2778 790; x_wconf 86' lang='lat' dir='ltr'>Non</span> <span class='ocrx_word' id='word_1_60' title='bbox 2814 738 2903 789; x_wconf 88' lang='lat' dir='ltr'>est</span> <span class='ocrx_word' id='word_1_61' title='bbox 2933 732 3266 793; x_wconf 88' lang='lat' dir='ltr'>dicendum,</span> <span class='ocrx_word' id='word_1_62' title='bbox 3312 743 3426 783; x_wconf 89' lang='lat' dir='ltr'>non</span> <span class='ocrx_word' id='word_1_63' title='bbox 3473 731 3598 783; x_wconf 87' lang='lat' dir='ltr'>erat</span> <span class='ocrx_word' id='word_1_64' title='bbox 3628 731 3790 781; x_wconf 87' lang='lat' dir='ltr'>ante-</span> 
     </span>
    </p>
   </div>
   <div class='ocr_carea' id='block_1_10' title="bbox 381 816 3788 914">
    <p class='ocr_par' dir='ltr' id='par_1_10' title="bbox 381 816 3788 914">
     <span class='ocr_line' id='line_1_10' title="bbox 381 816 3788 914; baseline -0.009 -15"><span class='ocrx_word' id='word_1_65' title='bbox 381 840 603 899; x_wconf 85' lang='lat' dir='ltr'>mentia</span> <span class='ocrx_word' id='word_1_66' title='bbox 635 838 846 914; x_wconf 80' lang='lat' dir='ltr'>posteri</span> <span class='ocrx_word' id='word_1_67' title='bbox 894 857 1095 896; x_wconf 89' lang='lat' dir='ltr'>eorum</span> <span class='ocrx_word' id='word_1_68' title='bbox 1128 855 1314 910; x_wconf 88' lang='lat' dir='ltr'>usque</span> <span class='ocrx_word' id='word_1_69' title='bbox 1343 836 1401 890; x_wconf 91' lang='lat' dir='ltr'>in</span> <span class='ocrx_word' id='word_1_70' title='bbox 1432 852 1708 909; x_wconf 75' lang='lat' dir='ltr'>praesens,</span> <span class='ocrx_word' id='word_1_71' title='bbox 1741 840 1797 889; x_wconf 89' lang='lat' dir='ltr'>et</span> <span class='ocrx_word' id='word_1_72' title='bbox 1847 835 2030 889; x_wconf 88' lang='lat' dir='ltr'>donec</span> <span class='ocrx_word' id='word_1_73' title='bbox 2138 845 2317 901; x_wconf 87' lang='lat' dir='ltr'>quam</span> <span class='ocrx_word' id='word_1_74' title='bbox 2353 832 2525 882; x_wconf 82' lang='lat' dir='ltr'>natus</span> <span class='ocrx_word' id='word_1_75' title='bbox 2556 829 2717 881; x_wconf 86' lang='lat' dir='ltr'>erat:</span> <span class='ocrx_word' id='word_1_76' title='bbox 2749 832 3050 894; x_wconf 82' lang='lat' dir='ltr'>nunquam</span> <span class='ocrx_word' id='word_1_77' title='bbox 3082 820 3237 875; x_wconf 90' lang='lat' dir='ltr'>enim</span> <span class='ocrx_word' id='word_1_78' title='bbox 3278 834 3392 874; x_wconf 90' lang='lat' dir='ltr'>non</span> <span class='ocrx_word' id='word_1_79' title='bbox 3440 819 3613 872; x_wconf 84' lang='lat' dir='ltr'>natus</span> <span class='ocrx_word' id='word_1_80' title='bbox 3641 816 3788 882; x_wconf 86' lang='lat' dir='ltr'>erat,</span> 
     </span>
    </p>
   </div>
   <div class='ocr_carea' id='block_1_11' title="bbox 378 925 2032 1001">
    <p class='ocr_par' dir='ltr' id='par_1_11' title="bbox 378 925 2032 1001">
     <span class='ocr_line' id='line_1_11' title="bbox 378 925 2032 1001; baseline -0.005 -14"><span class='ocrx_word' id='word_1_81' title='bbox 378 930 800 988; x_wconf 83' lang='lat' dir='ltr'>Antichristum</span> <span class='ocrx_word' id='word_1_82' title='bbox 825 947 927 1001; x_wconf 92' lang='lat' dir='ltr'>pro</span> <span class='ocrx_word' id='word_1_83' title='bbox 949 927 1174 984; x_wconf 80' lang='lat' dir='ltr'>Christo</span> <span class='ocrx_word' id='word_1_84' title='bbox 1201 925 1544 997; x_wconf 80' lang='lat' dir='ltr'>suscipiant,</span> <span class='ocrx_word' id='word_1_85' title='bbox 1566 941 1758 981; x_wconf 82' lang='lat' dir='ltr'>errare</span> <span class='ocrx_word' id='word_1_86' title='bbox 1774 941 1887 979; x_wconf 91' lang='lat' dir='ltr'>non</span> <span class='ocrx_word' id='word_1_87' title='bbox 1912 939 2032 978; x_wconf 87' lang='lat' dir='ltr'>ces-</span> 
     </span>
    </p>
   </div>
   <div class='ocr_carea' id='block_1_12' title="bbox 383 1015 2030 1087">
    <p class='ocr_par' dir='ltr' id='par_1_12' title="bbox 383 1015 2030 1087">
     <span class='ocr_line' id='line_1_12' title="bbox 383 1015 2030 1087; baseline -0.006 -10"><span class='ocrx_word' id='word_1_88' title='bbox 383 1024 536 1077; x_wconf 88' lang='lat' dir='ltr'>sant.</span> <span class='ocrx_word' id='word_1_89' title='bbox 552 1019 669 1075; x_wconf 90' lang='lat' dir='ltr'>Etsi</span> <span class='ocrx_word' id='word_1_90' title='bbox 683 1018 979 1075; x_wconf 87' lang='lat' dir='ltr'>Christum</span> <span class='ocrx_word' id='word_1_91' title='bbox 992 1034 1120 1072; x_wconf 88' lang='lat' dir='ltr'>esse</span> <span class='ocrx_word' id='word_1_92' title='bbox 1139 1016 1535 1087; x_wconf 85' lang='lat' dir='ltr'>responderet,</span> <span class='ocrx_word' id='word_1_93' title='bbox 1550 1015 1881 1086; x_wconf 83' lang='lat' dir='ltr'>cogitabant</span> <span class='ocrx_word' id='word_1_94' title='bbox 1896 1029 2030 1068; x_wconf 90' lang='lat' dir='ltr'>eum</span> 
     </span>
    </p>
   </div>
   <div class='ocr_carea' id='block_1_13' title="bbox 384 1102 2035 1180">
    <p class='ocr_par' dir='ltr' id='par_1_13' title="bbox 384 1102 2035 1180">
     <span class='ocr_line' id='line_1_13' title="bbox 384 1102 2035 1180; baseline -0.006 -15"><span class='ocrx_word' id='word_1_95' title='bbox 384 1110 611 1165; x_wconf 88' lang='lat' dir='ltr'>tradere</span> <span class='ocrx_word' id='word_1_96' title='bbox 638 1106 912 1180; x_wconf 79' lang='lat' dir='ltr'>potestati</span> <span class='ocrx_word' id='word_1_97' title='bbox 936 1105 1202 1177; x_wconf 72' lang='lat' dir='ltr'>p&#39;rzesidis</span> <span class='ocrx_word' id='word_1_98' title='bbox 1220 1104 1607 1177; x_wconf 88' lang='lat' dir='ltr'>puniendum,</span> <span class='ocrx_word' id='word_1_99' title='bbox 1634 1102 1798 1175; x_wconf 88' lang='lat' dir='ltr'>quasi</span> <span class='ocrx_word' id='word_1_100' title='bbox 1834 1105 2035 1157; x_wconf 77' lang='lat' dir='ltr'>contra</span> 
     </span>
    </p>
   </div>
   <div class='ocr_carea' id='block_1_14' title="bbox 382 1182 2037 1270">
    <p class='ocr_par' dir='ltr' id='par_1_14' title="bbox 382 1182 2037 1270">
     <span class='ocr_line' id='line_1_14' title="bbox 382 1182 2037 1270; baseline -0.005 -17"><span class='ocrx_word' id='word_1_101' title='bbox 382 1199 713 1270; x_wconf 83' lang='lat' dir='ltr'>Augustum</span> <span class='ocrx_word' id='word_1_102' title='bbox 737 1182 1091 1269; x_wconf 74' lang='lat' dir='ltr'>repugnans,</span> <span class='ocrx_word' id='word_1_103' title='bbox 1110 1194 1381 1249; x_wconf 85' lang='lat' dir='ltr'>illicitum</span> <span class='ocrx_word' id='word_1_104' title='bbox 1406 1192 1514 1248; x_wconf 90' lang='lat' dir='ltr'>sibi</span> <span class='ocrx_word' id='word_1_105' title='bbox 1533 1196 1843 1264; x_wconf 78' lang='lat' dir='ltr'>usurparet</span> <span class='ocrx_word' id='word_1_106' title='bbox 1859 1191 2037 1262; x_wconf 88' lang='lat' dir='ltr'>impe-</span> 
     </span>
    </p>
   </div>
   <div class='ocr_carea' id='block_1_15' title="bbox 384 1282 2036 1355">
    <p class='ocr_par' dir='ltr' id='par_1_15' title="bbox 384 1282 2036 1355">
     <span class='ocr_line' id='line_1_15' title="bbox 384 1282 2036 1355; baseline -0.003 -15"><span class='ocrx_word' id='word_1_107' title='bbox 384 1284 557 1340; x_wconf 90' lang='lat' dir='ltr'>rium.</span> <span class='ocrx_word' id='word_1_108' title='bbox 584 1284 695 1339; x_wconf 89' lang='lat' dir='ltr'>Sed</span> <span class='ocrx_word' id='word_1_109' title='bbox 722 1284 845 1355; x_wconf 88' lang='lat' dir='ltr'>ipse</span> <span class='ocrx_word' id='word_1_110' title='bbox 868 1286 1075 1337; x_wconf 81' lang='lat' dir='ltr'>nostrae</span> <span class='ocrx_word' id='word_1_111' title='bbox 1104 1282 1278 1338; x_wconf 89' lang='lat' dir='ltr'>saluti</span> <span class='ocrx_word' id='word_1_112' title='bbox 1303 1282 1612 1338; x_wconf 87' lang='lat' dir='ltr'>consulens</span> <span class='ocrx_word' id='word_1_113' title='bbox 1634 1286 1870 1353; x_wconf 87' lang='lat' dir='ltr'>prepter</span> <span class='ocrx_word' id='word_1_114' title='bbox 1890 1297 2036 1353; x_wconf 84' lang='lat' dir='ltr'>quos</span> 
     </span>
    </p>
   </div>
   <div class='ocr_carea' id='block_1_16' title="bbox 387 1368 2040 1443">
    <p class='ocr_par' dir='ltr' id='par_1_16' title="bbox 387 1368 2040 1443">
     <span class='ocr_line' id='line_1_16' title="bbox 387 1368 2040 1443; baseline -0.003 -15"><span class='ocrx_word' id='word_1_115' title='bbox 387 1373 508 1428; x_wconf 73' lang='lat' dir='ltr'>haec</span> <span class='ocrx_word' id='word_1_116' title='bbox 555 1371 864 1428; x_wconf 86' lang='lat' dir='ltr'>scribenda</span> <span class='ocrx_word' id='word_1_117' title='bbox 919 1374 1102 1440; x_wconf 89' lang='lat' dir='ltr'>erant,</span> <span class='ocrx_word' id='word_1_118' title='bbox 1160 1371 1241 1426; x_wconf 87' lang='lat' dir='ltr'>ita</span> <span class='ocrx_word' id='word_1_119' title='bbox 1299 1387 1643 1443; x_wconf 84' lang='lat' dir='ltr'>responsum</span> <span class='ocrx_word' id='word_1_120' title='bbox 1698 1368 2040 1442; x_wconf 75' lang='lat' dir='ltr'>temperavit</span> 
     </span>
    </p>
   </div>
   <div class='ocr_carea' id='block_1_17' title="bbox 387 1457 2041 1530">
    <p class='ocr_par' dir='ltr' id='par_1_17' title="bbox 387 1457 2041 1530">
     <span class='ocr_line' id='line_1_17' title="bbox 387 1457 2041 1530; baseline -0.002 -14"><span class='ocrx_word' id='word_1_121' title='bbox 387 1464 585 1527; x_wconf 83' lang='lat' dir='ltr'>suum,</span> <span class='ocrx_word' id='word_1_122' title='bbox 608 1465 672 1516; x_wconf 89' lang='lat' dir='ltr'>ut</span> <span class='ocrx_word' id='word_1_123' title='bbox 691 1461 763 1516; x_wconf 90' lang='lat' dir='ltr'>ad</span> <span class='ocrx_word' id='word_1_124' title='bbox 782 1460 1270 1516; x_wconf 81' lang='lat' dir='ltr'>calumniantium</span> <span class='ocrx_word' id='word_1_125' title='bbox 1290 1478 1391 1515; x_wconf 90' lang='lat' dir='ltr'>ora</span> <span class='ocrx_word' id='word_1_126' title='bbox 1411 1459 1799 1527; x_wconf 83' lang='lat' dir='ltr'>concluderet,</span> <span class='ocrx_word' id='word_1_127' title='bbox 1823 1463 1888 1513; x_wconf 85' lang='lat' dir='ltr'>et</span> <span class='ocrx_word' id='word_1_128' title='bbox 1902 1457 2041 1530; x_wconf 85' lang='lat' dir='ltr'>quia</span> 
     </span>
    </p>
   </div>
   <div class='ocr_carea' id='block_1_18' title="bbox 387 1545 2041 1622">
    <p class='ocr_par' dir='ltr' id='par_1_18' title="bbox 387 1545 2041 1622">
     <span class='ocr_line' id='line_1_18' title="bbox 387 1545 2041 1622; baseline -0.004 -14"><span class='ocrx_word' id='word_1_129' title='bbox 387 1549 653 1608; x_wconf 77' lang='lat' dir='ltr'>Christus</span> <span class='ocrx_word' id='word_1_130' title='bbox 691 1553 798 1613; x_wconf 87' lang='lat' dir='ltr'>est,</span> <span class='ocrx_word' id='word_1_131' title='bbox 854 1549 1122 1606; x_wconf 79' lang='lat' dir='ltr'>fidelibus</span> <span class='ocrx_word' id='word_1_132' title='bbox 1178 1553 1375 1622; x_wconf 86' lang='lat' dir='ltr'>aperta</span> <span class='ocrx_word' id='word_1_133' title='bbox 1427 1566 1562 1605; x_wconf 88' lang='lat' dir='ltr'>voce</span> <span class='ocrx_word' id='word_1_134' title='bbox 1621 1548 1917 1620; x_wconf 80' lang='lat' dir='ltr'>panderet.</span> <span class='ocrx_word' id='word_1_135' title='bbox 1952 1545 2041 1602; x_wconf 87' lang='lat' dir='ltr'>Illi</span> 
     </span>
    </p>
   </div>
   <div class='ocr_carea' id='block_1_19' title="bbox 390 1637 2042 1711">
    <p class='ocr_par' dir='ltr' id='par_1_19' title="bbox 390 1637 2042 1711">
     <span class='ocr_line' id='line_1_19' title="bbox 390 1637 2042 1711; baseline -0.002 -17"><span class='ocrx_word' id='word_1_136' title='bbox 390 1638 544 1695; x_wconf 90' lang='lat' dir='ltr'>enim</span> <span class='ocrx_word' id='word_1_137' title='bbox 579 1639 649 1693; x_wconf 89' lang='lat' dir='ltr'>de</span> <span class='ocrx_word' id='word_1_138' title='bbox 675 1637 910 1693; x_wconf 88' lang='lat' dir='ltr'>homine</span> <span class='ocrx_word' id='word_1_139' title='bbox 932 1638 1158 1693; x_wconf 85' lang='lat' dir='ltr'>Christo</span> <span class='ocrx_word' id='word_1_140' title='bbox 1189 1639 1545 1711; x_wconf 71' lang='lat' dir='ltr'>quaerebant,</span> <span class='ocrx_word' id='word_1_141' title='bbox 1582 1639 1702 1711; x_wconf 87' lang='lat' dir='ltr'>ipse</span> <span class='ocrx_word' id='word_1_142' title='bbox 1728 1641 1923 1693; x_wconf 88' lang='lat' dir='ltr'>autem</span> <span class='ocrx_word' id='word_1_143' title='bbox 1956 1637 2042 1692; x_wconf 87' lang='lat' dir='ltr'>di-</span> 
     </span>
    </p>
   </div>
   <div class='ocr_carea' id='block_1_20' title="bbox 391 1726 2042 1800">
    <p class='ocr_par' dir='ltr' id='par_1_20' title="bbox 391 1726 2042 1800">
     <span class='ocr_line' id='line_1_20' title="bbox 391 1726 2042 1800; baseline -0.001 -18"><span class='ocrx_word' id='word_1_144' title='bbox 391 1727 655 1783; x_wconf 85' lang='lat' dir='ltr'>vinitatis</span> <span class='ocrx_word' id='word_1_145' title='bbox 686 1742 824 1793; x_wconf 73' lang='lat' dir='ltr'>snas,</span> <span class='ocrx_word' id='word_1_146' title='bbox 850 1745 969 1799; x_wconf 86' lang='lat' dir='ltr'>qua</span> <span class='ocrx_word' id='word_1_147' title='bbox 995 1728 1238 1800; x_wconf 63' lang='lat' dir='ltr'>aequalis</span> <span class='ocrx_word' id='word_1_148' title='bbox 1269 1732 1357 1783; x_wconf 88' lang='lat' dir='ltr'>est</span> <span class='ocrx_word' id='word_1_149' title='bbox 1390 1728 1562 1793; x_wconf 87' lang='lat' dir='ltr'>Patri,</span> <span class='ocrx_word' id='word_1_150' title='bbox 1598 1726 1791 1799; x_wconf 87' lang='lat' dir='ltr'>palam</span> <span class='ocrx_word' id='word_1_151' title='bbox 1823 1731 2042 1799; x_wconf 83' lang='lat' dir='ltr'>myste-</span> 
     </span>
    </p>
   </div>
   <div class='ocr_carea' id='block_1_21' title="bbox 2140 903 3791 990">
    <p class='ocr_par' dir='ltr' id='par_1_21' title="bbox 2140 903 3791 990">
     <span class='ocr_line' id='line_1_21' title="bbox 2140 903 3791 990; baseline -0.008 -17"><span class='ocrx_word' id='word_1_152' title='bbox 2140 918 2239 990; x_wconf 88' lang='lat' dir='ltr'>qui</span> <span class='ocrx_word' id='word_1_153' title='bbox 2265 917 2413 973; x_wconf 84' lang='lat' dir='ltr'>Patri</span> <span class='ocrx_word' id='word_1_154' title='bbox 2442 920 2764 982; x_wconf 73' lang='lat' dir='ltr'>coaeternus</span> <span class='ocrx_word' id='word_1_155' title='bbox 2794 916 2936 969; x_wconf 87' lang='lat' dir='ltr'>erat.</span> <span class='ocrx_word' id='word_1_156' title='bbox 2962 909 3068 977; x_wconf 90' lang='lat' dir='ltr'>Qui</span> <span class='ocrx_word' id='word_1_157' title='bbox 3102 908 3274 981; x_wconf 87' lang='lat' dir='ltr'>sapit,</span> <span class='ocrx_word' id='word_1_158' title='bbox 3299 906 3521 978; x_wconf 84' lang='lat' dir='ltr'>capiat:</span> <span class='ocrx_word' id='word_1_159' title='bbox 3551 903 3649 977; x_wconf 86' lang='lat' dir='ltr'>qui</span> <span class='ocrx_word' id='word_1_160' title='bbox 3676 920 3791 960; x_wconf 89' lang='lat' dir='ltr'>non</span> 
     </span>
    </p>
   </div>
   <div class='ocr_carea' id='block_1_22' title="bbox 2141 992 3793 1080">
    <p class='ocr_par' dir='ltr' id='par_1_22' title="bbox 2141 992 3793 1080">
     <span class='ocr_line' id='line_1_22' title="bbox 2141 992 3793 1080; baseline -0.009 -16"><span class='ocrx_word' id='word_1_161' title='bbox 2141 1008 2316 1080; x_wconf 82' lang='lat' dir='ltr'>capit,</span> <span class='ocrx_word' id='word_1_162' title='bbox 2333 1006 2549 1061; x_wconf 89' lang='lat' dir='ltr'>credat.</span> <span class='ocrx_word' id='word_1_163' title='bbox 2571 1001 3019 1069; x_wconf 82' lang='lat' dir='ltr'>Nutriaturﬁde,</span> <span class='ocrx_word' id='word_1_164' title='bbox 3035 1004 3107 1054; x_wconf 85' lang='lat' dir='ltr'>ut</span> <span class='ocrx_word' id='word_1_165' title='bbox 3120 997 3306 1071; x_wconf 83' lang='lat' dir='ltr'>possit</span> <span class='ocrx_word' id='word_1_166' title='bbox 3323 1011 3526 1069; x_wconf 87' lang='lat' dir='ltr'>capere</span> <span class='ocrx_word' id='word_1_167' title='bbox 3537 992 3793 1049; x_wconf 79' lang='lat' dir='ltr'>Verbum</span> 
     </span>
    </p>
   </div>
   <div class='ocr_carea' id='block_1_23' title="bbox 2146 1083 3798 1168">
    <p class='ocr_par' dir='ltr' id='par_1_23' title="bbox 2146 1083 3798 1168">
     <span class='ocr_line' id='line_1_23' title="bbox 2146 1083 3798 1168; baseline -0.009 -16"><span class='ocrx_word' id='word_1_168' title='bbox 2146 1097 2263 1165; x_wconf 90' lang='lat' dir='ltr'>Dei,</span> <span class='ocrx_word' id='word_1_169' title='bbox 2291 1094 2701 1168; x_wconf 86' lang='lat' dir='ltr'>quiaVerbum</span> <span class='ocrx_word' id='word_1_170' title='bbox 2728 1090 2927 1147; x_wconf 83' lang='lat' dir='ltr'>Filius.</span> <span class='ocrx_word' id='word_1_171' title='bbox 2951 1091 3192 1159; x_wconf 86' lang='lat' dir='ltr'>Semper</span> <span class='ocrx_word' id='word_1_172' title='bbox 3207 1102 3341 1160; x_wconf 87' lang='lat' dir='ltr'>ergo</span> <span class='ocrx_word' id='word_1_173' title='bbox 3367 1083 3549 1140; x_wconf 79' lang='lat' dir='ltr'>Filius</span> <span class='ocrx_word' id='word_1_174' title='bbox 3572 1086 3627 1138; x_wconf 88' lang='lat' dir='ltr'>et</span> <span class='ocrx_word' id='word_1_175' title='bbox 3647 1099 3798 1138; x_wconf 86' lang='lat' dir='ltr'>sem-</span> 
     </span>
    </p>
   </div>
   <div class='ocr_carea' id='block_1_24' title="bbox 2145 1171 3797 1259">
    <p class='ocr_par' dir='ltr' id='par_1_24' title="bbox 2145 1171 3797 1259">
     <span class='ocr_line' id='line_1_24' title="bbox 2145 1171 3797 1259; baseline -0.008 -18"><span class='ocrx_word' id='word_1_176' title='bbox 2145 1203 2248 1259; x_wconf 88' lang='lat' dir='ltr'>per</span> <span class='ocrx_word' id='word_1_177' title='bbox 2295 1183 2556 1257; x_wconf 76' lang='lat' dir='ltr'>aequalis.</span> <span class='ocrx_word' id='word_1_178' title='bbox 2590 1183 2712 1237; x_wconf 86' lang='lat' dir='ltr'>Non</span> <span class='ocrx_word' id='word_1_179' title='bbox 2765 1179 2918 1236; x_wconf 88' lang='lat' dir='ltr'>enim</span> <span class='ocrx_word' id='word_1_180' title='bbox 2970 1175 3304 1242; x_wconf 89' lang='lat' dir='ltr'>crescendo,</span> <span class='ocrx_word' id='word_1_181' title='bbox 3352 1173 3452 1231; x_wconf 88' lang='lat' dir='ltr'>sed</span> <span class='ocrx_word' id='word_1_182' title='bbox 3505 1171 3797 1229; x_wconf 86' lang='lat' dir='ltr'>nascendo</span> 
     </span>
    </p>
   </div>
   <div class='ocr_carea' id='block_1_25' title="bbox 2144 1259 3800 1346">
    <p class='ocr_par' dir='ltr' id='par_1_25' title="bbox 2144 1259 3800 1346">
     <span class='ocr_line' id='line_1_25' title="bbox 2144 1259 3800 1346; baseline -0.01 -16"><span class='ocrx_word' id='word_1_183' title='bbox 2144 1273 2390 1346; x_wconf 68' lang='lat' dir='ltr'>aequalis</span> <span class='ocrx_word' id='word_1_184' title='bbox 2440 1277 2547 1339; x_wconf 85' lang='lat' dir='ltr'>est,</span> <span class='ocrx_word' id='word_1_185' title='bbox 2600 1271 2696 1344; x_wconf 90' lang='lat' dir='ltr'>qui</span> <span class='ocrx_word' id='word_1_186' title='bbox 2732 1284 2964 1341; x_wconf 88' lang='lat' dir='ltr'>semper</span> <span class='ocrx_word' id='word_1_187' title='bbox 2989 1270 3161 1323; x_wconf 87' lang='lat' dir='ltr'>natus</span> <span class='ocrx_word' id='word_1_188' title='bbox 3191 1265 3263 1320; x_wconf 89' lang='lat' dir='ltr'>de</span> <span class='ocrx_word' id='word_1_189' title='bbox 3301 1264 3467 1319; x_wconf 87' lang='lat' dir='ltr'>Patre</span> <span class='ocrx_word' id='word_1_190' title='bbox 3494 1260 3694 1328; x_wconf 87' lang='lat' dir='ltr'>Filius,</span> <span class='ocrx_word' id='word_1_191' title='bbox 3729 1259 3800 1315; x_wconf 86' lang='lat' dir='ltr'>de</span> 
     </span>
    </p>
   </div>
   <div class='ocr_carea' id='block_1_26' title="bbox 2147 1354 3800 1428">
    <p class='ocr_par' dir='ltr' id='par_1_26' title="bbox 2147 1354 3800 1428">
     <span class='ocr_line' id='line_1_26' title="bbox 2147 1354 3800 1428; baseline -0.009 -9"><span class='ocrx_word' id='word_1_192' title='bbox 2147 1365 2262 1420; x_wconf 83' lang='lat' dir='ltr'>Deo</span> <span class='ocrx_word' id='word_1_193' title='bbox 2289 1364 2462 1428; x_wconf 86' lang='lat' dir='ltr'>Deus,</span> <span class='ocrx_word' id='word_1_194' title='bbox 2496 1362 2567 1416; x_wconf 89' lang='lat' dir='ltr'>de</span> <span class='ocrx_word' id='word_1_195' title='bbox 2605 1366 2818 1415; x_wconf 75' lang='lat' dir='ltr'>:eterno</span> <span class='ocrx_word' id='word_1_196' title='bbox 2848 1363 3189 1413; x_wconf 67' lang='lat' dir='ltr'>coaeternus.</span> <span class='ocrx_word' id='word_1_197' title='bbox 3241 1354 3411 1408; x_wconf 87' lang='lat' dir='ltr'>Pater</span> <span class='ocrx_word' id='word_1_198' title='bbox 3438 1354 3632 1407; x_wconf 88' lang='lat' dir='ltr'>autem</span> <span class='ocrx_word' id='word_1_199' title='bbox 3686 1365 3800 1405; x_wconf 87' lang='lat' dir='ltr'>non</span> 
     </span>
    </p>
   </div>
   <div class='ocr_carea' id='block_1_27' title="bbox 2147 1439 3804 1515">
    <p class='ocr_par' dir='ltr' id='par_1_27' title="bbox 2147 1439 3804 1515">
     <span class='ocr_line' id='line_1_27' title="bbox 2147 1439 3804 1515; baseline -0.01 -7"><span class='ocrx_word' id='word_1_200' title='bbox 2147 1454 2217 1508; x_wconf 90' lang='lat' dir='ltr'>de</span> <span class='ocrx_word' id='word_1_201' title='bbox 2238 1452 2379 1507; x_wconf 84' lang='lat' dir='ltr'>Filio</span> <span class='ocrx_word' id='word_1_202' title='bbox 2411 1452 2584 1515; x_wconf 85' lang='lat' dir='ltr'>Deus,</span> <span class='ocrx_word' id='word_1_203' title='bbox 2628 1448 2808 1503; x_wconf 88' lang='lat' dir='ltr'>Filius</span> <span class='ocrx_word' id='word_1_204' title='bbox 2829 1448 2900 1501; x_wconf 90' lang='lat' dir='ltr'>de</span> <span class='ocrx_word' id='word_1_205' title='bbox 2933 1445 3099 1500; x_wconf 85' lang='lat' dir='ltr'>Patre</span> <span class='ocrx_word' id='word_1_206' title='bbox 3132 1447 3297 1499; x_wconf 87' lang='lat' dir='ltr'>Deus.</span> <span class='ocrx_word' id='word_1_207' title='bbox 3343 1441 3474 1497; x_wconf 91' lang='lat' dir='ltr'>Ideo</span> <span class='ocrx_word' id='word_1_208' title='bbox 3510 1445 3660 1495; x_wconf 86' lang='lat' dir='ltr'>Deus</span> <span class='ocrx_word' id='word_1_209' title='bbox 3690 1439 3804 1494; x_wconf 85' lang='lat' dir='ltr'>Pa-</span> 
     </span>
    </p>
   </div>
   <div class='ocr_carea' id='block_1_28' title="bbox 2149 1527 3804 1613">
    <p class='ocr_par' dir='ltr' id='par_1_28' title="bbox 2149 1527 3804 1613">
     <span class='ocr_line' id='line_1_28' title="bbox 2149 1527 3804 1613; baseline -0.009 -16"><span class='ocrx_word' id='word_1_210' title='bbox 2149 1548 2256 1607; x_wconf 88' lang='lat' dir='ltr'>ter,</span> <span class='ocrx_word' id='word_1_211' title='bbox 2304 1541 2432 1596; x_wconf 91' lang='lat' dir='ltr'>ideo</span> <span class='ocrx_word' id='word_1_212' title='bbox 2483 1538 2775 1613; x_wconf 86' lang='lat' dir='ltr'>gignendo</span> <span class='ocrx_word' id='word_1_213' title='bbox 2822 1536 2981 1591; x_wconf 87' lang='lat' dir='ltr'>dedit</span> <span class='ocrx_word' id='word_1_214' title='bbox 3012 1538 3076 1589; x_wconf 92' lang='lat' dir='ltr'>ut</span> <span class='ocrx_word' id='word_1_215' title='bbox 3105 1533 3258 1589; x_wconf 91' lang='lat' dir='ltr'>Deus</span> <span class='ocrx_word' id='word_1_216' title='bbox 3306 1534 3479 1595; x_wconf 84' lang='lat' dir='ltr'>esset,</span> <span class='ocrx_word' id='word_1_217' title='bbox 3513 1527 3804 1601; x_wconf 86' lang='lat' dir='ltr'>gignendo</span> 
     </span>
    </p>
   </div>
   <div class='ocr_carea' id='block_1_29' title="bbox 2151 1619 3806 1701">
    <p class='ocr_par' dir='ltr' id='par_1_29' title="bbox 2151 1619 3806 1701">
     <span class='ocr_line' id='line_1_29' title="bbox 2151 1619 3806 1701; baseline -0.008 -16"><span class='ocrx_word' id='word_1_218' title='bbox 2151 1632 2310 1688; x_wconf 87' lang='lat' dir='ltr'>dedit</span> <span class='ocrx_word' id='word_1_219' title='bbox 2331 1634 2395 1684; x_wconf 90' lang='lat' dir='ltr'>ut</span> <span class='ocrx_word' id='word_1_220' title='bbox 2424 1627 2665 1701; x_wconf 80' lang='lat' dir='ltr'>aequalis</span> <span class='ocrx_word' id='word_1_221' title='bbox 2694 1629 2874 1681; x_wconf 88' lang='lat' dir='ltr'>esset:</span> <span class='ocrx_word' id='word_1_222' title='bbox 2902 1624 3009 1680; x_wconf 87' lang='lat' dir='ltr'>hoc</span> <span class='ocrx_word' id='word_1_223' title='bbox 3039 1626 3127 1678; x_wconf 89' lang='lat' dir='ltr'>est</span> <span class='ocrx_word' id='word_1_224' title='bbox 3156 1621 3309 1693; x_wconf 91' lang='lat' dir='ltr'>quod</span> <span class='ocrx_word' id='word_1_225' title='bbox 3342 1619 3536 1689; x_wconf 83' lang='lat' dir='ltr'>majus</span> <span class='ocrx_word' id='word_1_226' title='bbox 3563 1620 3651 1673; x_wconf 81' lang='lat' dir='ltr'>est</span> <span class='ocrx_word' id='word_1_227' title='bbox 3680 1633 3806 1672; x_wconf 83' lang='lat' dir='ltr'>om-</span> 
     </span>
    </p>
   </div>
   <div class='ocr_carea' id='block_1_30' title="bbox 2154 1702 3810 1775">
    <p class='ocr_par' dir='ltr' id='par_1_30' title="bbox 2154 1702 3810 1775">
     <span class='ocr_line' id='line_1_30' title="bbox 2154 1702 3810 1775; baseline -0.009 0"><span class='ocrx_word' id='word_1_228' title='bbox 2154 1721 2348 1775; x_wconf 88' lang='lat' dir='ltr'>nibus.</span> <span class='ocrx_word' id='word_1_229' title='bbox 2394 1718 2525 1773; x_wconf 87' lang='lat' dir='ltr'>Ideo</span> <span class='ocrx_word' id='word_1_230' title='bbox 2556 1713 2917 1771; x_wconf 78' lang='lat' dir='ltr'>transcendit</span> <span class='ocrx_word' id='word_1_231' title='bbox 2948 1713 3056 1768; x_wconf 91' lang='lat' dir='ltr'>istc</span> <span class='ocrx_word' id='word_1_232' title='bbox 3083 1708 3337 1766; x_wconf 84' lang='lat' dir='ltr'>Joannes</span> <span class='ocrx_word' id='word_1_233' title='bbox 3367 1722 3571 1764; x_wconf 89' lang='lat' dir='ltr'>omnes</span> <span class='ocrx_word' id='word_1_234' title='bbox 3604 1702 3810 1761; x_wconf 85' lang='lat' dir='ltr'>altitu-</span> 
     </span>
    </p>
   </div>
   <div class='ocr_carea' id='block_1_31' title="bbox 394 1794 3807 1911">
    <p class='ocr_par' dir='ltr' id='par_1_31' title="bbox 394 1794 3807 1911">
     <span class='ocr_line' id='line_1_31' title="bbox 394 1794 3807 1911; baseline -0.007 -39"><span class='ocrx_word' id='word_1_235' title='bbox 394 1816 478 1872; x_wconf 89' lang='lat' dir='ltr'>ria</span> <span class='ocrx_word' id='word_1_236' title='bbox 502 1821 717 1871; x_wconf 85' lang='lat' dir='ltr'>narrat.</span> <span class='ocrx_word' id='word_1_237' title='bbox 746 1816 893 1881; x_wconf 89' lang='lat' dir='ltr'>Quid</span> <span class='ocrx_word' id='word_1_238' title='bbox 918 1833 1054 1887; x_wconf 83' lang='lat' dir='ltr'>ergo</span> <span class='ocrx_word' id='word_1_239' title='bbox 1077 1816 1262 1872; x_wconf 73' lang='lat' dir='ltr'>Judmi</span> <span class='ocrx_word' id='word_1_240' title='bbox 1285 1816 1713 1871; x_wconf 88' lang='lat' dir='ltr'>circumdantes</span> <span class='ocrx_word' id='word_1_241' title='bbox 1735 1794 2039 1871; x_wconf 75' lang='lat' dir='ltr'>Dominum</span> <span class='ocrx_word' id='word_1_242' title='bbox 2083 1847 2124 1911; x_wconf 69' lang='grc' dir='ltr'><strong>Β</strong></span> <span class='ocrx_word' id='word_1_243' title='bbox 2156 1810 2322 1865; x_wconf 86' lang='lat' dir='ltr'>dines</span> <span class='ocrx_word' id='word_1_244' title='bbox 2370 1811 2793 1866; x_wconf 81' lang='lat' dir='ltr'>creaturarum.</span> <span class='ocrx_word' id='word_1_245' title='bbox 2820 1808 2877 1859; x_wconf 88' lang='lat' dir='ltr'>et</span> <span class='ocrx_word' id='word_1_246' title='bbox 2908 1800 3091 1857; x_wconf 83' lang='lat' dir='ltr'>millia</span> <span class='ocrx_word' id='word_1_247' title='bbox 3122 1798 3412 1855; x_wconf 82' lang='lat' dir='ltr'>exercitus</span> <span class='ocrx_word' id='word_1_248' title='bbox 3442 1794 3807 1869; x_wconf 70' lang='lat' dir='ltr'>angelorum,</span> 
     </span>
     <span class='ocr_line' id='line_1_32' title="bbox 413 1886 3807 1911; baseline 0 0"><span class='ocrx_word' id='word_1_249' title='bbox 413 1906 449 1911; x_wconf 89' lang='lat'>_.</span> <span class='ocrx_word' id='word_1_250' title='bbox 650 1910 655 1911; x_wconf 61' lang='lat'><strong><em>,</em></strong></span> <span class='ocrx_word' id='word_1_251' title='bbox 749 1904 759 1911; x_wconf 87' lang='lat'>.</span> <span class='ocrx_word' id='word_1_252' title='bbox 784 1906 799 1911; x_wconf 86' lang='lat'>-</span> <span class='ocrx_word' id='word_1_253' title='bbox 1115 1906 1143 1911; x_wconf 72' lang='lat'>_</span> <span class='ocrx_word' id='word_1_254' title='bbox 1472 1904 1484 1911; x_wconf 86' lang='lat'><em>.</em></span> <span class='ocrx_word' id='word_1_255' title='bbox 1622 1906 1632 1911; x_wconf 92' lang='lat'>-</span> <span class='ocrx_word' id='word_1_256' title='bbox 1733 1909 1740 1911; x_wconf 93' lang='lat'>_</span> <span class='ocrx_word' id='word_1_257' title='bbox 1867 1902 1879 1911; x_wconf 66' lang='grc' dir='ltr'>α</span> <span class='ocrx_word' id='word_1_258' title='bbox 2196 1904 2205 1911; x_wconf 86' lang='grc'>.</span> <span class='ocrx_word' id='word_1_259' title='bbox 2632 1894 2645 1906; x_wconf 71' lang='grc' dir='ltr'><strong>ο</strong></span> <span class='ocrx_word' id='word_1_260' title='bbox 2874 1910 2907 1911; x_wconf 54' lang='lat'><strong><em>,,</em></strong></span> <span class='ocrx_word' id='word_1_261' title='bbox 2936 1890 2999 1911; x_wconf 32' lang='grc' dir='ltr'>κει</span> <span class='ocrx_word' id='word_1_262' title='bbox 3039 1908 3055 1911; x_wconf 49' lang='grc' dir='ltr'><strong>Α</strong></span> <span class='ocrx_word' id='word_1_263' title='bbox 3077 1891 3101 1911; x_wconf 73' lang='grc'>,1</span> <span class='ocrx_word' id='word_1_264' title='bbox 3141 1888 3280 1911; x_wconf 59' lang='grc'>211--)</span> <span class='ocrx_word' id='word_1_265' title='bbox 3320 1887 3465 1911; x_wconf 50' lang='grc' dir='ltr'>Α---)</span> <span class='ocrx_word' id='word_1_266' title='bbox 3502 1886 3699 1911; x_wconf 63' lang='grc' dir='ltr'>..ι-...ζιεκ</span> <span class='ocrx_word' id='word_1_267' title='bbox 3726 1886 3807 1911; x_wconf 66' lang='grc' dir='ltr'>-..ι</span> 
     </span>
    </p>
   </div>
   <div class='ocr_carea' id='block_1_32' title="bbox 396 1902 2045 1977">
    <p class='ocr_par' dir='ltr' id='par_1_32' title="bbox 396 1902 2045 1977">
     <span class='ocr_line' id='line_1_33' title="bbox 396 1902 2045 1977; baseline -0.001 -17"><span class='ocrx_word' id='word_1_268' title='bbox 396 1906 684 1972; x_wconf 84' lang='lat' dir='ltr'>dixerunt,</span> <span class='ocrx_word' id='word_1_269' title='bbox 707 1904 1030 1960; x_wconf 86' lang='lat' dir='ltr'>videamus.</span> <span class='ocrx_word' id='word_1_270' title='bbox 1061 1906 1441 1977; x_wconf 79' lang='lat' dir='ltr'>«Quousque,</span> <span class='ocrx_word' id='word_1_271' title='bbox 1470 1904 1768 1977; x_wconf 88' lang='lat' dir='ltr'>inquiunt,</span> <span class='ocrx_word' id='word_1_272' title='bbox 1789 1902 2045 1959; x_wconf 87' lang='lat' dir='ltr'>animam</span> 
     </span>
    </p>
   </div>
   <div class='ocr_carea' id='block_1_33' title="bbox 398 1992 2048 2066">
    <p class='ocr_par' dir='ltr' id='par_1_33' title="bbox 398 1992 2048 2066">
     <span class='ocr_line' id='line_1_34' title="bbox 398 1992 2048 2066; baseline -0.001 -17"><span class='ocrx_word' id='word_1_273' title='bbox 398 1998 655 2050; x_wconf 89' lang='lat' dir='ltr'>nostram</span> <span class='ocrx_word' id='word_1_274' title='bbox 678 1993 833 2049; x_wconf 90' lang='lat' dir='ltr'>tollis</span> <span class='ocrx_word' id='word_1_275' title='bbox 854 1994 882 2048; x_wconf 88' lang='lat'><strong>?</strong></span> <span class='ocrx_word' id='word_1_276' title='bbox 916 1992 974 2049; x_wconf 88' lang='lat' dir='ltr'>Si</span> <span class='ocrx_word' id='word_1_277' title='bbox 998 1999 1061 2049; x_wconf 88' lang='lat' dir='ltr'>tu</span> <span class='ocrx_word' id='word_1_278' title='bbox 1090 2011 1152 2049; x_wconf 91' lang='lat' dir='ltr'>es</span> <span class='ocrx_word' id='word_1_279' title='bbox 1173 1992 1459 2061; x_wconf 88' lang='lat' dir='ltr'>Christus,</span> <span class='ocrx_word' id='word_1_280' title='bbox 1484 1994 1576 2049; x_wconf 87' lang='lat' dir='ltr'>die</span> <span class='ocrx_word' id='word_1_281' title='bbox 1600 1993 1767 2050; x_wconf 90' lang='lat' dir='ltr'>nobis</span> <span class='ocrx_word' id='word_1_282' title='bbox 1782 1993 1995 2066; x_wconf 89' lang='lat' dir='ltr'>palam.</span> <span class='ocrx_word' id='word_1_283' title='bbox 2020 2016 2048 2041; x_wconf 73' lang='lat' dir='ltr'>n</span> 
     </span>
    </p>
   </div>
   <div class='ocr_carea' id='block_1_34' title="bbox 398 2080 2048 2140">
    <p class='ocr_par' dir='ltr' id='par_1_34' title="bbox 398 2080 2048 2140">
     <span class='ocr_line' id='line_1_35' title="bbox 398 2080 2048 2140; baseline -0.001 -1"><span class='ocrx_word' id='word_1_284' title='bbox 398 2084 520 2139; x_wconf 85' lang='lat' dir='ltr'>Non</span> <span class='ocrx_word' id='word_1_285' title='bbox 552 2083 707 2138; x_wconf 81' lang='lat' dir='ltr'>venit</span> <span class='ocrx_word' id='word_1_286' title='bbox 725 2082 996 2139; x_wconf 88' lang='lat' dir='ltr'>Christus</span> <span class='ocrx_word' id='word_1_287' title='bbox 1017 2083 1074 2137; x_wconf 92' lang='lat' dir='ltr'>in</span> <span class='ocrx_word' id='word_1_288' title='bbox 1103 2100 1165 2139; x_wconf 89' lang='lat' dir='ltr'>se</span> <span class='ocrx_word' id='word_1_289' title='bbox 1194 2083 1566 2140; x_wconf 88' lang='lat' dir='ltr'>credentibus</span> <span class='ocrx_word' id='word_1_290' title='bbox 1597 2084 1854 2139; x_wconf 87' lang='lat' dir='ltr'>animam</span> <span class='ocrx_word' id='word_1_291' title='bbox 1885 2080 2048 2138; x_wconf 84' lang='lat' dir='ltr'>tolle-</span> 
     </span>
    </p>
   </div>
   <div class='ocr_carea' id='block_1_35' title="bbox 400 2171 2049 2245">
    <p class='ocr_par' dir='ltr' id='par_1_35' title="bbox 400 2171 2049 2245">
     <span class='ocr_line' id='line_1_36' title="bbox 400 2171 2049 2245; baseline -0.001 -18"><span class='ocrx_word' id='word_1_292' title='bbox 400 2188 480 2239; x_wconf 87' lang='lat' dir='ltr'>re,</span> <span class='ocrx_word' id='word_1_293' title='bbox 514 2172 615 2227; x_wconf 88' lang='lat' dir='ltr'>sed</span> <span class='ocrx_word' id='word_1_294' title='bbox 645 2171 903 2227; x_wconf 86' lang='lat' dir='ltr'>animam</span> <span class='ocrx_word' id='word_1_295' title='bbox 936 2171 1241 2228; x_wconf 82' lang='lat' dir='ltr'>vivificare.</span> <span class='ocrx_word' id='word_1_296' title='bbox 1283 2174 1393 2228; x_wconf 87' lang='lat' dir='ltr'>Sed</span> <span class='ocrx_word' id='word_1_297' title='bbox 1427 2173 1535 2245; x_wconf 89' lang='lat' dir='ltr'>ipsi</span> <span class='ocrx_word' id='word_1_298' title='bbox 1568 2173 1677 2229; x_wconf 82' lang='lat' dir='ltr'>sibi</span> <span class='ocrx_word' id='word_1_299' title='bbox 1708 2171 1890 2228; x_wconf 81' lang='lat' dir='ltr'>Judaei</span> <span class='ocrx_word' id='word_1_300' title='bbox 1925 2172 2049 2226; x_wconf 88' lang='lat' dir='ltr'>ani-</span> 
     </span>
    </p>
   </div>
   <div class='ocr_carea' id='block_1_36' title="bbox 400 2260 2052 2334">
    <p class='ocr_par' dir='ltr' id='par_1_36' title="bbox 400 2260 2052 2334">
     <span class='ocr_line' id='line_1_37' title="bbox 400 2260 2052 2334; baseline -0.002 -17"><span class='ocrx_word' id='word_1_301' title='bbox 400 2277 557 2317; x_wconf 86' lang='lat' dir='ltr'>mam</span> <span class='ocrx_word' id='word_1_302' title='bbox 591 2277 692 2334; x_wconf 89' lang='lat' dir='ltr'>per</span> <span class='ocrx_word' id='word_1_303' title='bbox 733 2260 1132 2317; x_wconf 77' lang='lat' dir='ltr'>infidelitatem</span> <span class='ocrx_word' id='word_1_304' title='bbox 1183 2261 1463 2329; x_wconf 77' lang='lat' dir='ltr'>tulerunt,</span> <span class='ocrx_word' id='word_1_305' title='bbox 1505 2262 1605 2334; x_wconf 92' lang='lat' dir='ltr'>qui</span> <span class='ocrx_word' id='word_1_306' title='bbox 1637 2265 1860 2316; x_wconf 79' lang='lat' dir='ltr'>tentare</span> <span class='ocrx_word' id='word_1_307' title='bbox 1888 2260 2052 2316; x_wconf 88' lang='lat' dir='ltr'>Chri-</span> 
     </span>
    </p>
   </div>
   <div class='ocr_carea' id='block_1_37' title="bbox 401 2349 1960 2423">
    <p class='ocr_par' dir='ltr' id='par_1_37' title="bbox 401 2349 1960 2423">
     <span class='ocr_line' id='line_1_38' title="bbox 401 2349 1960 2423; baseline -0.001 -17"><span class='ocrx_word' id='word_1_308' title='bbox 401 2354 582 2417; x_wconf 88' lang='lat' dir='ltr'>stum,</span> <span class='ocrx_word' id='word_1_309' title='bbox 617 2367 731 2405; x_wconf 91' lang='lat' dir='ltr'>non</span> <span class='ocrx_word' id='word_1_310' title='bbox 759 2351 816 2405; x_wconf 89' lang='lat' dir='ltr'>in</span> <span class='ocrx_word' id='word_1_311' title='bbox 849 2350 1146 2406; x_wconf 89' lang='lat' dir='ltr'>Christum</span> <span class='ocrx_word' id='word_1_312' title='bbox 1176 2351 1410 2407; x_wconf 88' lang='lat' dir='ltr'>credere</span> <span class='ocrx_word' id='word_1_313' title='bbox 1440 2349 1771 2423; x_wconf 85' lang='lat' dir='ltr'>congregati</span> <span class='ocrx_word' id='word_1_314' title='bbox 1803 2353 1960 2405; x_wconf 88' lang='lat' dir='ltr'>sunt.</span> 
     </span>
    </p>
   </div>
   <div class='ocr_carea' id='block_1_38' title="bbox 472 2438 2051 2513">
    <p class='ocr_par' dir='ltr' id='par_1_38' title="bbox 472 2438 2051 2513">
     <span class='ocr_line' id='line_1_39' title="bbox 472 2438 2051 2513; baseline -0.001 -18"><span class='ocrx_word' id='word_1_315' title='bbox 472 2463 501 2490; x_wconf 86' lang='lat'><strong>«</strong></span> <span class='ocrx_word' id='word_1_316' title='bbox 536 2439 858 2513; x_wconf 82' lang='lat' dir='ltr'>Respondit</span> <span class='ocrx_word' id='word_1_317' title='bbox 877 2438 961 2495; x_wconf 91' lang='lat' dir='ltr'>eis</span> <span class='ocrx_word' id='word_1_318' title='bbox 990 2440 1190 2496; x_wconf 86' lang='lat' dir='ltr'>Jesus:</span> <span class='ocrx_word' id='word_1_319' title='bbox 1230 2440 1459 2512; x_wconf 90' lang='lat' dir='ltr'>Loquor</span> <span class='ocrx_word' id='word_1_320' title='bbox 1485 2440 1669 2505; x_wconf 85' lang='lat' dir='ltr'>vobis,</span> <span class='ocrx_word' id='word_1_321' title='bbox 1702 2442 1758 2494; x_wconf 87' lang='lat' dir='ltr'>et</span> <span class='ocrx_word' id='word_1_322' title='bbox 1784 2456 1898 2494; x_wconf 91' lang='lat' dir='ltr'>non</span> <span class='ocrx_word' id='word_1_323' title='bbox 1933 2455 2051 2493; x_wconf 89' lang='lat' dir='ltr'>cre-</span> 
     </span>
    </p>
   </div>
   <div class='ocr_carea' id='block_1_39' title="bbox 403 2527 2050 2600">
    <p class='ocr_par' dir='ltr' id='par_1_39' title="bbox 403 2527 2050 2600">
     <span class='ocr_line' id='line_1_40' title="bbox 403 2527 2050 2600; baseline 0 -19"><span class='ocrx_word' id='word_1_324' title='bbox 403 2530 667 2585; x_wconf 82' lang='lat' dir='ltr'>«ditis.»</span> <span class='ocrx_word' id='word_1_325' title='bbox 716 2528 953 2600; x_wconf 90' lang='lat' dir='ltr'>Proprie</span> <span class='ocrx_word' id='word_1_326' title='bbox 997 2528 1254 2584; x_wconf 87' lang='lat' dir='ltr'>ostendit</span> <span class='ocrx_word' id='word_1_327' title='bbox 1300 2528 1434 2600; x_wconf 87' lang='lat' dir='ltr'>quis</span> <span class='ocrx_word' id='word_1_328' title='bbox 1483 2532 1639 2583; x_wconf 87' lang='lat' dir='ltr'>esset</span> <span class='ocrx_word' id='word_1_329' title='bbox 1680 2529 1820 2583; x_wconf 92' lang='lat' dir='ltr'>dum</span> <span class='ocrx_word' id='word_1_330' title='bbox 1872 2527 2050 2582; x_wconf 82' lang='lat' dir='ltr'>dixit:</span> 
     </span>
    </p>
   </div>
   <div class='ocr_carea' id='block_1_40' title="bbox 405 2616 2052 2691">
    <p class='ocr_par' dir='ltr' id='par_1_40' title="bbox 405 2616 2052 2691">
     <span class='ocr_line' id='line_1_41' title="bbox 405 2616 2052 2691; baseline -0.002 -17"><span class='ocrx_word' id='word_1_331' title='bbox 405 2640 433 2669; x_wconf 78' lang='lat' dir='ltr'>a</span> <span class='ocrx_word' id='word_1_332' title='bbox 463 2619 697 2691; x_wconf 89' lang='lat' dir='ltr'>Loquor</span> <span class='ocrx_word' id='word_1_333' title='bbox 721 2617 956 2686; x_wconf 82' lang='lat' dir='ltr'>vobis,»</span> <span class='ocrx_word' id='word_1_334' title='bbox 1001 2617 1057 2672; x_wconf 93' lang='lat' dir='ltr'>id</span> <span class='ocrx_word' id='word_1_335' title='bbox 1090 2622 1199 2682; x_wconf 91' lang='lat' dir='ltr'>est,</span> <span class='ocrx_word' id='word_1_336' title='bbox 1236 2617 1491 2673; x_wconf 88' lang='lat' dir='ltr'>Verbum</span> <span class='ocrx_word' id='word_1_337' title='bbox 1535 2616 1653 2685; x_wconf 86' lang='lat' dir='ltr'>Dei,</span> <span class='ocrx_word' id='word_1_338' title='bbox 1705 2621 2052 2671; x_wconf 82' lang='lat' dir='ltr'>coaeternum</span> 
     </span>
    </p>
   </div>
   <div class='ocr_carea' id='block_1_41' title="bbox 406 2704 2057 2779">
    <p class='ocr_par' dir='ltr' id='par_1_41' title="bbox 406 2704 2057 2779">
     <span class='ocr_line' id='line_1_42' title="bbox 406 2704 2057 2779; baseline -0.003 -15"><span class='ocrx_word' id='word_1_339' title='bbox 406 2706 582 2774; x_wconf 89' lang='lat' dir='ltr'>Patri,</span> <span class='ocrx_word' id='word_1_340' title='bbox 625 2728 650 2760; x_wconf 78' lang='grc' dir='ltr'>ι</span> <span class='ocrx_word' id='word_1_341' title='bbox 674 2707 814 2779; x_wconf 86' lang='lat' dir='ltr'>quia</span> <span class='ocrx_word' id='word_1_342' title='bbox 844 2722 1019 2778; x_wconf 89' lang='lat' dir='ltr'>opera</span> <span class='ocrx_word' id='word_1_343' title='bbox 1057 2722 1184 2779; x_wconf 70' lang='lat' dir='ltr'>qua:</span> <span class='ocrx_word' id='word_1_344' title='bbox 1215 2722 1319 2778; x_wconf 86' lang='lat' dir='ltr'>ego</span> <span class='ocrx_word' id='word_1_345' title='bbox 1347 2705 1492 2762; x_wconf 84' lang='lat' dir='ltr'>facio</span> <span class='ocrx_word' id='word_1_346' title='bbox 1514 2705 1573 2760; x_wconf 91' lang='lat' dir='ltr'>in</span> <span class='ocrx_word' id='word_1_347' title='bbox 1611 2707 1851 2762; x_wconf 85' lang='lat' dir='ltr'>nomine</span> <span class='ocrx_word' id='word_1_348' title='bbox 1869 2704 2057 2760; x_wconf 90' lang='lat' dir='ltr'>Patris</span> 
     </span>
    </p>
   </div>
   <div class='ocr_carea' id='block_1_42' title="bbox 409 2794 2061 2868">
    <p class='ocr_par' dir='ltr' id='par_1_42' title="bbox 409 2794 2061 2868">
     <span class='ocr_line' id='line_1_43' title="bbox 409 2794 2061 2868; baseline -0.002 -15"><span class='ocrx_word' id='word_1_349' title='bbox 409 2796 543 2865; x_wconf 89' lang='lat' dir='ltr'>mei,</span> <span class='ocrx_word' id='word_1_350' title='bbox 572 2797 693 2853; x_wconf 62' lang='lat' dir='ltr'>hac</span> <span class='ocrx_word' id='word_1_351' title='bbox 720 2794 1124 2852; x_wconf 86' lang='lat' dir='ltr'>testimonium</span> <span class='ocrx_word' id='word_1_352' title='bbox 1152 2795 1462 2868; x_wconf 89' lang='lat' dir='ltr'>perhibent</span> <span class='ocrx_word' id='word_1_353' title='bbox 1490 2796 1561 2850; x_wconf 92' lang='lat' dir='ltr'>de</span> <span class='ocrx_word' id='word_1_354' title='bbox 1593 2812 1706 2851; x_wconf 89' lang='lat' dir='ltr'>me.</span> <span class='ocrx_word' id='word_1_355' title='bbox 1730 2817 1757 2843; x_wconf 81' lang='grc'><strong>››</strong></span> <span class='ocrx_word' id='word_1_356' title='bbox 1787 2796 1947 2862; x_wconf 81' lang='lat' dir='ltr'>Quod</span> <span class='ocrx_word' id='word_1_357' title='bbox 1972 2799 2061 2851; x_wconf 90' lang='lat' dir='ltr'>est</span> 
     </span>
    </p>
   </div>
   <div class='ocr_carea' id='block_1_43' title="bbox 409 2884 2060 2957">
    <p class='ocr_par' dir='ltr' id='par_1_43' title="bbox 409 2884 2060 2957">
     <span class='ocr_line' id='line_1_44' title="bbox 409 2884 2060 2957; baseline -0.002 -14"><span class='ocrx_word' id='word_1_358' title='bbox 409 2886 589 2944; x_wconf 81' lang='lat' dir='ltr'>Filius</span> <span class='ocrx_word' id='word_1_359' title='bbox 607 2886 730 2951; x_wconf 88' lang='lat' dir='ltr'>Dei,</span> <span class='ocrx_word' id='word_1_360' title='bbox 753 2884 853 2957; x_wconf 69' lang='lat' dir='ltr'>Qui</span> <span class='ocrx_word' id='word_1_361' title='bbox 875 2884 1121 2957; x_wconf 85' lang='lat' dir='ltr'>gloriam</span> <span class='ocrx_word' id='word_1_362' title='bbox 1146 2902 1313 2941; x_wconf 90' lang='lat' dir='ltr'>suam</span> <span class='ocrx_word' id='word_1_363' title='bbox 1345 2901 1459 2940; x_wconf 90' lang='lat' dir='ltr'>non</span> <span class='ocrx_word' id='word_1_364' title='bbox 1485 2884 1772 2957; x_wconf 65' lang='lat' dir='ltr'>quaesivit,</span> <span class='ocrx_word' id='word_1_365' title='bbox 1807 2885 1907 2941; x_wconf 89' lang='lat' dir='ltr'>sed</span> <span class='ocrx_word' id='word_1_366' title='bbox 1931 2885 2060 2956; x_wconf 88' lang='lat' dir='ltr'>ejus</span> 
     </span>
    </p>
   </div>
   <div class='ocr_carea' id='block_1_44' title="bbox 412 2973 2057 3049">
    <p class='ocr_par' dir='ltr' id='par_1_44' title="bbox 412 2973 2057 3049">
     <span class='ocr_line' id='line_1_45' title="bbox 412 2973 2057 3049; baseline -0.001 -18"><span class='ocrx_word' id='word_1_367' title='bbox 412 2976 510 3049; x_wconf 90' lang='lat' dir='ltr'>qui</span> <span class='ocrx_word' id='word_1_368' title='bbox 545 2974 708 3030; x_wconf 89' lang='lat' dir='ltr'>misit</span> <span class='ocrx_word' id='word_1_369' title='bbox 735 2974 924 3040; x_wconf 91' lang='lat' dir='ltr'>illum,</span> <span class='ocrx_word' id='word_1_370' title='bbox 960 2974 1100 3046; x_wconf 91' lang='lat' dir='ltr'>quia</span> <span class='ocrx_word' id='word_1_371' title='bbox 1138 2991 1255 3030; x_wconf 91' lang='lat' dir='ltr'>una</span> <span class='ocrx_word' id='word_1_372' title='bbox 1293 2979 1389 3030; x_wconf 80' lang='lat' dir='ltr'>est</span> <span class='ocrx_word' id='word_1_373' title='bbox 1405 2974 1591 3047; x_wconf 90' lang='lat' dir='ltr'>gloria</span> <span class='ocrx_word' id='word_1_374' title='bbox 1612 2974 1799 3029; x_wconf 86' lang='lat' dir='ltr'>Patris</span> <span class='ocrx_word' id='word_1_375' title='bbox 1828 2978 1885 3030; x_wconf 87' lang='lat' dir='ltr'>et</span> <span class='ocrx_word' id='word_1_376' title='bbox 1911 2973 2057 3030; x_wconf 85' lang='lat' dir='ltr'>Filii.</span> 
     </span>
    </p>
   </div>
   <div class='ocr_carea' id='block_1_45' title="bbox 412 3060 2062 3137">
    <p class='ocr_par' dir='ltr' id='par_1_45' title="bbox 412 3060 2062 3137">
     <span class='ocr_line' id='line_1_46' title="bbox 412 3060 2062 3137; baseline 0 -16"><span class='ocrx_word' id='word_1_377' title='bbox 412 3064 525 3121; x_wconf 88' lang='lat' dir='ltr'>Sed</span> <span class='ocrx_word' id='word_1_378' title='bbox 556 3062 707 3119; x_wconf 83' lang='lat' dir='ltr'>hanc</span> <span class='ocrx_word' id='word_1_379' title='bbox 734 3060 908 3119; x_wconf 82' lang='lat' dir='ltr'>fidem</span> <span class='ocrx_word' id='word_1_380' title='bbox 940 3064 1116 3120; x_wconf 89' lang='lat' dir='ltr'>corda</span> <span class='ocrx_word' id='word_1_381' title='bbox 1144 3063 1468 3120; x_wconf 82' lang='lat' dir='ltr'>infidelium</span> <span class='ocrx_word' id='word_1_382' title='bbox 1507 3063 1763 3137; x_wconf 85' lang='lat' dir='ltr'>accipere</span> <span class='ocrx_word' id='word_1_383' title='bbox 1790 3062 2062 3137; x_wconf 89' lang='lat' dir='ltr'>nequive-</span> 
     </span>
    </p>
   </div>
   <div class='ocr_carea' id='block_1_46' title="bbox 408 3151 1051 3227">
    <p class='ocr_par' dir='ltr' id='par_1_46' title="bbox 408 3151 1051 3227">
     <span class='ocr_line' id='line_1_47' title="bbox 408 3151 1051 3227; baseline -0.005 -16"><span class='ocrx_word' id='word_1_384' title='bbox 408 3158 565 3221; x_wconf 79' lang='lat' dir='ltr'>runt,</span> <span class='ocrx_word' id='word_1_385' title='bbox 599 3154 671 3221; x_wconf 78' lang='lat' dir='ltr'>de</span> <span class='ocrx_word' id='word_1_386' title='bbox 693 3153 908 3227; x_wconf 91' lang='lat' dir='ltr'>quibus</span> <span class='ocrx_word' id='word_1_387' title='bbox 939 3151 1051 3208; x_wconf 87' lang='lat' dir='ltr'>ait:</span> 
     </span>
    </p>
   </div>
   <div class='ocr_carea' id='block_1_47' title="bbox 2156 1883 3818 1970">
    <p class='ocr_par' dir='ltr' id='par_1_47' title="bbox 2156 1883 3818 1970">
     <span class='ocr_line' id='line_1_48' title="bbox 2156 1883 3818 1970; baseline -0.01 -15"><span class='ocrx_word' id='word_1_388' title='bbox 2156 1904 2215 1955; x_wconf 88' lang='lat' dir='ltr'>et</span> <span class='ocrx_word' id='word_1_389' title='bbox 2246 1914 2456 1970; x_wconf 85' lang='lat' dir='ltr'>magna</span> <span class='ocrx_word' id='word_1_390' title='bbox 2488 1894 2707 1957; x_wconf 79' lang='lat' dir='ltr'>omnia,</span> <span class='ocrx_word' id='word_1_391' title='bbox 2747 1890 3005 1966; x_wconf 87' lang='lat' dir='ltr'>pervenit</span> <span class='ocrx_word' id='word_1_392' title='bbox 3033 1891 3104 1946; x_wconf 87' lang='lat' dir='ltr'>ad</span> <span class='ocrx_word' id='word_1_393' title='bbox 3140 1888 3283 1945; x_wconf 93' lang='lat' dir='ltr'>illud</span> <span class='ocrx_word' id='word_1_394' title='bbox 3316 1887 3469 1959; x_wconf 90' lang='lat' dir='ltr'>quod</span> <span class='ocrx_word' id='word_1_395' title='bbox 3502 1886 3699 1955; x_wconf 85' lang='lat' dir='ltr'>majus</span> <span class='ocrx_word' id='word_1_396' title='bbox 3724 1883 3818 1939; x_wconf 82' lang='lat' dir='ltr'>est</span> 
     </span>
    </p>
   </div>
   <div class='ocr_carea' id='block_1_48' title="bbox 2157 1975 3815 2053">
    <p class='ocr_par' dir='ltr' id='par_1_48' title="bbox 2157 1975 3815 2053">
     <span class='ocr_line' id='line_1_49' title="bbox 2157 1975 3815 2053; baseline -0.011 -9"><span class='ocrx_word' id='word_1_397' title='bbox 2157 1988 2453 2053; x_wconf 87' lang='lat' dir='ltr'>omnibus,</span> <span class='ocrx_word' id='word_1_398' title='bbox 2498 1991 2552 2040; x_wconf 86' lang='lat' dir='ltr'>et</span> <span class='ocrx_word' id='word_1_399' title='bbox 2601 1983 2776 2039; x_wconf 85' lang='lat' dir='ltr'>dixit:</span> <span class='ocrx_word' id='word_1_400' title='bbox 2831 2006 2859 2032; x_wconf 85' lang='lat'><strong><em>«</em></strong></span> <span class='ocrx_word' id='word_1_401' title='bbox 2891 1982 2951 2037; x_wconf 88' lang='lat' dir='ltr'>In</span> <span class='ocrx_word' id='word_1_402' title='bbox 2985 1977 3267 2053; x_wconf 88' lang='lat' dir='ltr'>principio</span> <span class='ocrx_word' id='word_1_403' title='bbox 3298 1980 3421 2033; x_wconf 89' lang='lat' dir='ltr'>erat</span> <span class='ocrx_word' id='word_1_404' title='bbox 3444 1975 3726 2037; x_wconf 85' lang='lat' dir='ltr'>Verbum,</span> <span class='ocrx_word' id='word_1_405' title='bbox 3758 1975 3815 2027; x_wconf 90' lang='lat' dir='ltr'>et</span> 
     </span>
    </p>
   </div>
   <div class='ocr_carea' id='block_1_49' title="bbox 2157 2060 3814 2145">
    <p class='ocr_par' dir='ltr' id='par_1_49' title="bbox 2157 2060 3814 2145">
     <span class='ocr_line' id='line_1_50' title="bbox 2157 2060 3814 2145; baseline -0.01 -12"><span class='ocrx_word' id='word_1_406' title='bbox 2157 2077 2413 2132; x_wconf 88' lang='lat' dir='ltr'>Verbum</span> <span class='ocrx_word' id='word_1_407' title='bbox 2468 2080 2591 2131; x_wconf 88' lang='lat' dir='ltr'>erat</span> <span class='ocrx_word' id='word_1_408' title='bbox 2621 2074 2775 2145; x_wconf 91' lang='lat' dir='ltr'>apud</span> <span class='ocrx_word' id='word_1_409' title='bbox 2825 2076 3031 2135; x_wconf 86' lang='lat' dir='ltr'>Deum,</span> <span class='ocrx_word' id='word_1_410' title='bbox 3073 2073 3130 2125; x_wconf 88' lang='lat' dir='ltr'>et</span> <span class='ocrx_word' id='word_1_411' title='bbox 3184 2073 3337 2123; x_wconf 88' lang='lat' dir='ltr'>Deus</span> <span class='ocrx_word' id='word_1_412' title='bbox 3384 2070 3509 2120; x_wconf 87' lang='lat' dir='ltr'>erat</span> <span class='ocrx_word' id='word_1_413' title='bbox 3554 2060 3814 2119; x_wconf 77' lang='lat' dir='ltr'>Verbum</span> 
     </span>
    </p>
   </div>
   <div class='ocr_carea' id='block_1_50' title="bbox 2160 2152 3813 2236">
    <p class='ocr_par' dir='ltr' id='par_1_50' title="bbox 2160 2152 3813 2236">
     <span class='ocr_line' id='line_1_51' title="bbox 2160 2152 3813 2236; baseline -0.01 -14"><span class='ocrx_word' id='word_1_414' title='bbox 2160 2169 2337 2236; x_wconf 83' lang='lat' dir='ltr'>(loan.</span> <span class='ocrx_word' id='word_1_415' title='bbox 2373 2166 2434 2235; x_wconf 93' lang='lat' dir='ltr'>I).</span> <span class='ocrx_word' id='word_1_416' title='bbox 2468 2188 2494 2213; x_wconf 89' lang='grc'><strong>››</strong></span> <span class='ocrx_word' id='word_1_417' title='bbox 2528 2165 2644 2219; x_wconf 84' lang='lat' dir='ltr'>Hoc</span> <span class='ocrx_word' id='word_1_418' title='bbox 2675 2161 2941 2234; x_wconf 85' lang='lat' dir='ltr'>estquod</span> <span class='ocrx_word' id='word_1_419' title='bbox 2966 2159 3158 2230; x_wconf 88' lang='lat' dir='ltr'>majus</span> <span class='ocrx_word' id='word_1_420' title='bbox 3179 2155 3454 2213; x_wconf 84' lang='lat' dir='ltr'>omnibus</span> <span class='ocrx_word' id='word_1_421' title='bbox 3480 2157 3588 2218; x_wconf 86' lang='lat' dir='ltr'>est,</span> <span class='ocrx_word' id='word_1_422' title='bbox 3621 2152 3679 2206; x_wconf 90' lang='lat' dir='ltr'>id</span> <span class='ocrx_word' id='word_1_423' title='bbox 3704 2156 3813 2219; x_wconf 91' lang='lat' dir='ltr'>est,</span> 
     </span>
    </p>
   </div>
   <div class='ocr_carea' id='block_1_51' title="bbox 2161 2241 3816 2323">
    <p class='ocr_par' dir='ltr' id='par_1_51' title="bbox 2161 2241 3816 2323">
     <span class='ocr_line' id='line_1_52' title="bbox 2161 2241 3816 2323; baseline -0.01 -12"><span class='ocrx_word' id='word_1_424' title='bbox 2161 2261 2227 2311; x_wconf 88' lang='lat' dir='ltr'>ut</span> <span class='ocrx_word' id='word_1_425' title='bbox 2257 2257 2367 2309; x_wconf 86' lang='lat' dir='ltr'>sim</span> <span class='ocrx_word' id='word_1_426' title='bbox 2403 2253 2656 2309; x_wconf 88' lang='lat' dir='ltr'>Verbum</span> <span class='ocrx_word' id='word_1_427' title='bbox 2685 2252 2833 2323; x_wconf 87' lang='lat' dir='ltr'>ejus,</span> <span class='ocrx_word' id='word_1_428' title='bbox 2857 2254 2921 2303; x_wconf 87' lang='lat' dir='ltr'>ut</span> <span class='ocrx_word' id='word_1_429' title='bbox 2950 2249 3062 2304; x_wconf 89' lang='lat' dir='ltr'>sim</span> <span class='ocrx_word' id='word_1_430' title='bbox 3097 2245 3433 2319; x_wconf 87' lang='lat' dir='ltr'>unigenitus</span> <span class='ocrx_word' id='word_1_431' title='bbox 3454 2241 3633 2297; x_wconf 85' lang='lat' dir='ltr'>Filius</span> <span class='ocrx_word' id='word_1_432' title='bbox 3662 2242 3816 2312; x_wconf 85' lang='lat' dir='ltr'>ejus,</span> 
     </span>
    </p>
   </div>
   <div class='ocr_carea' id='block_1_52' title="bbox 2162 2328 3821 2414">
    <p class='ocr_par' dir='ltr' id='par_1_52' title="bbox 2162 2328 3821 2414">
     <span class='ocr_line' id='line_1_53' title="bbox 2162 2328 3821 2414; baseline -0.009 -14"><span class='ocrx_word' id='word_1_433' title='bbox 2162 2349 2227 2400; x_wconf 91' lang='lat' dir='ltr'>ut</span> <span class='ocrx_word' id='word_1_434' title='bbox 2257 2344 2365 2400; x_wconf 90' lang='lat' dir='ltr'>sim</span> <span class='ocrx_word' id='word_1_435' title='bbox 2401 2342 2677 2414; x_wconf 87' lang='lat' dir='ltr'>splendor</span> <span class='ocrx_word' id='word_1_436' title='bbox 2702 2339 2851 2395; x_wconf 89' lang='lat' dir='ltr'>lucis</span> <span class='ocrx_word' id='word_1_437' title='bbox 2873 2339 3022 2410; x_wconf 85' lang='lat' dir='ltr'>ejus.</span> <span class='ocrx_word' id='word_1_438' title='bbox 3047 2336 3178 2391; x_wconf 89' lang='lat' dir='ltr'>ldeo</span> <span class='ocrx_word' id='word_1_439' title='bbox 3203 2350 3373 2389; x_wconf 89' lang='lat' dir='ltr'>nemo</span> <span class='ocrx_word' id='word_1_440' title='bbox 3396 2330 3551 2404; x_wconf 89' lang='lat' dir='ltr'>rapit</span> <span class='ocrx_word' id='word_1_441' title='bbox 3578 2346 3718 2387; x_wconf 79' lang='lat' dir='ltr'>oves</span> <span class='ocrx_word' id='word_1_442' title='bbox 3751 2328 3821 2385; x_wconf 88' lang='lat' dir='ltr'>de</span> 
     </span>
    </p>
   </div>
   <div class='ocr_carea' id='block_1_53' title="bbox 2163 2417 3822 2507">
    <p class='ocr_par' dir='ltr' id='par_1_53' title="bbox 2163 2417 3822 2507">
     <span class='ocr_line' id='line_1_54' title="bbox 2163 2417 3822 2507; baseline -0.01 -18"><span class='ocrx_word' id='word_1_443' title='bbox 2163 2451 2341 2489; x_wconf 87' lang='lat' dir='ltr'>manu</span> <span class='ocrx_word' id='word_1_444' title='bbox 2374 2450 2523 2498; x_wconf 89' lang='lat' dir='ltr'>mea,</span> <span class='ocrx_word' id='word_1_445' title='bbox 2558 2435 2614 2488; x_wconf 90' lang='lat' dir='ltr'>et</span> <span class='ocrx_word' id='word_1_446' title='bbox 2640 2445 2815 2507; x_wconf 83' lang='lat' dir='ltr'>nemo</span> <span class='ocrx_word' id='word_1_447' title='bbox 2848 2431 3039 2501; x_wconf 87' lang='lat' dir='ltr'>potest</span> <span class='ocrx_word' id='word_1_448' title='bbox 3069 2440 3271 2497; x_wconf 90' lang='lat' dir='ltr'>rapere</span> <span class='ocrx_word' id='word_1_449' title='bbox 3301 2423 3372 2478; x_wconf 87' lang='lat' dir='ltr'>de</span> <span class='ocrx_word' id='word_1_450' title='bbox 3401 2438 3581 2477; x_wconf 90' lang='lat' dir='ltr'>manu</span> <span class='ocrx_word' id='word_1_451' title='bbox 3630 2417 3822 2475; x_wconf 84' lang='lat' dir='ltr'>Patris</span> 
     </span>
    </p>
   </div>
   <div class='ocr_carea' id='block_1_54' title="bbox 2165 2507 3825 2581">
    <p class='ocr_par' dir='ltr' id='par_1_54' title="bbox 2165 2507 3825 2581">
     <span class='ocr_line' id='line_1_55' title="bbox 2165 2507 3825 2581; baseline -0.01 -3"><span class='ocrx_word' id='word_1_452' title='bbox 2165 2522 2298 2578; x_wconf 89' lang='lat' dir='ltr'>mci.</span> <span class='ocrx_word' id='word_1_453' title='bbox 2317 2523 2525 2578; x_wconf 83' lang='lat' dir='ltr'>Manus</span> <span class='ocrx_word' id='word_1_454' title='bbox 2552 2518 2739 2575; x_wconf 87' lang='lat' dir='ltr'>Patris</span> <span class='ocrx_word' id='word_1_455' title='bbox 2762 2522 2818 2573; x_wconf 87' lang='lat' dir='ltr'>et</span> <span class='ocrx_word' id='word_1_456' title='bbox 2840 2532 3051 2572; x_wconf 91' lang='lat' dir='ltr'>manus</span> <span class='ocrx_word' id='word_1_457' title='bbox 3074 2512 3223 2581; x_wconf 88' lang='lat' dir='ltr'>Filii,</span> <span class='ocrx_word' id='word_1_458' title='bbox 3247 2528 3364 2567; x_wconf 90' lang='lat' dir='ltr'>una</span> <span class='ocrx_word' id='word_1_459' title='bbox 3390 2527 3623 2566; x_wconf 87' lang='lat' dir='ltr'>manus.</span> <span class='ocrx_word' id='word_1_460' title='bbox 3651 2507 3711 2563; x_wconf 91' lang='lat' dir='ltr'>id</span> <span class='ocrx_word' id='word_1_461' title='bbox 3738 2510 3825 2563; x_wconf 88' lang='lat' dir='ltr'>est</span> 
     </span>
    </p>
   </div>
   <div class='ocr_carea' id='block_1_55' title="bbox 2165 2601 3827 2685">
    <p class='ocr_par' dir='ltr' id='par_1_55' title="bbox 2165 2601 3827 2685">
     <span class='ocr_line' id='line_1_56' title="bbox 2165 2601 3827 2685; baseline -0.01 -17"><span class='ocrx_word' id='word_1_462' title='bbox 2165 2628 2283 2667; x_wconf 88' lang='lat' dir='ltr'>una</span> <span class='ocrx_word' id='word_1_463' title='bbox 2313 2614 2593 2685; x_wconf 75' lang='lat' dir='ltr'>potes’as,</span> <span class='ocrx_word' id='word_1_464' title='bbox 2615 2625 2731 2664; x_wconf 87' lang='lat' dir='ltr'>una</span> <span class='ocrx_word' id='word_1_465' title='bbox 2753 2605 3045 2671; x_wconf 86' lang='lat' dir='ltr'>divinitas,</span> <span class='ocrx_word' id='word_1_466' title='bbox 3072 2620 3190 2658; x_wconf 87' lang='lat' dir='ltr'>una</span> <span class='ocrx_word' id='word_1_467' title='bbox 3211 2601 3508 2673; x_wconf 87' lang='lat' dir='ltr'>majestas,</span> <span class='ocrx_word' id='word_1_468' title='bbox 3529 2614 3644 2653; x_wconf 86' lang='lat' dir='ltr'>una</span> <span class='ocrx_word' id='word_1_469' title='bbox 3661 2601 3827 2653; x_wconf 69' lang='lat' dir='ltr'>aster-</span> 
     </span>
    </p>
   </div>
   <div class='ocr_carea' id='block_1_56' title="bbox 2167 2687 3822 2771">
    <p class='ocr_par' dir='ltr' id='par_1_56' title="bbox 2167 2687 3822 2771">
     <span class='ocr_line' id='line_1_57' title="bbox 2167 2687 3822 2771; baseline -0.011 -14"><span class='ocrx_word' id='word_1_470' title='bbox 2167 2702 2341 2767; x_wconf 87' lang='lat' dir='ltr'>nitas,</span> <span class='ocrx_word' id='word_1_471' title='bbox 2378 2718 2494 2755; x_wconf 87' lang='lat' dir='ltr'>una</span> <span class='ocrx_word' id='word_1_472' title='bbox 2523 2697 2847 2771; x_wconf 71' lang='lat' dir='ltr'>aequalitas.</span> <span class='ocrx_word' id='word_1_473' title='bbox 2900 2696 3085 2761; x_wconf 90' lang='lat' dir='ltr'>Quam</span> <span class='ocrx_word' id='word_1_474' title='bbox 3116 2690 3380 2746; x_wconf 88' lang='lat' dir='ltr'>videlicet</span> <span class='ocrx_word' id='word_1_475' title='bbox 3429 2687 3822 2760; x_wconf 65' lang='lat' dir='ltr'>aequalitatem</span> 
     </span>
    </p>
   </div>
   <div class='ocr_carea' id='block_1_57' title="bbox 2168 2778 3825 2863">
    <p class='ocr_par' dir='ltr' id='par_1_57' title="bbox 2168 2778 3825 2863">
     <span class='ocr_line' id='line_1_58' title="bbox 2168 2778 3825 2863; baseline -0.011 -17"><span class='ocrx_word' id='word_1_476' title='bbox 2168 2791 2293 2863; x_wconf 87' lang='lat' dir='ltr'>ipse</span> <span class='ocrx_word' id='word_1_477' title='bbox 2323 2789 2605 2844; x_wconf 91' lang='lat' dir='ltr'>Dominus</span> <span class='ocrx_word' id='word_1_478' title='bbox 2624 2785 2684 2840; x_wconf 92' lang='lat' dir='ltr'>in</span> <span class='ocrx_word' id='word_1_479' title='bbox 2708 2783 3008 2839; x_wconf 88' lang='lat' dir='ltr'>divinitate</span> <span class='ocrx_word' id='word_1_480' title='bbox 3024 2779 3253 2845; x_wconf 87' lang='lat' dir='ltr'>habuit,</span> <span class='ocrx_word' id='word_1_481' title='bbox 3277 2778 3623 2851; x_wconf 86' lang='lat' dir='ltr'>priusquam</span> <span class='ocrx_word' id='word_1_482' title='bbox 3650 2790 3825 2830; x_wconf 87' lang='lat' dir='ltr'>mun-</span> 
     </span>
    </p>
   </div>
   <div class='ocr_carea' id='block_1_58' title="bbox 2168 2865 3825 2949">
    <p class='ocr_par' dir='ltr' id='par_1_58' title="bbox 2168 2865 3825 2949">
     <span class='ocr_line' id='line_1_59' title="bbox 2168 2865 3825 2949; baseline -0.01 -15"><span class='ocrx_word' id='word_1_483' title='bbox 2168 2880 2279 2934; x_wconf 91' lang='lat' dir='ltr'>dus</span> <span class='ocrx_word' id='word_1_484' title='bbox 2311 2882 2464 2935; x_wconf 89' lang='lat' dir='ltr'>esset</span> <span class='ocrx_word' id='word_1_485' title='bbox 2492 2876 2645 2949; x_wconf 90' lang='lat' dir='ltr'>apud</span> <span class='ocrx_word' id='word_1_486' title='bbox 2679 2876 2930 2941; x_wconf 87' lang='lat' dir='ltr'>Patrem,</span> <span class='ocrx_word' id='word_1_487' title='bbox 2966 2871 3089 2944; x_wconf 90' lang='lat' dir='ltr'>ipse</span> <span class='ocrx_word' id='word_1_488' title='bbox 3114 2869 3174 2924; x_wconf 83' lang='lat' dir='ltr'>in</span> <span class='ocrx_word' id='word_1_489' title='bbox 3215 2865 3548 2923; x_wconf 85' lang='lat' dir='ltr'>humilitate</span> <span class='ocrx_word' id='word_1_490' title='bbox 3577 2878 3645 2919; x_wconf 78' lang='lat' dir='ltr'>ex</span> <span class='ocrx_word' id='word_1_491' title='bbox 3674 2868 3825 2920; x_wconf 87' lang='lat' dir='ltr'>tem-</span> 
     </span>
    </p>
   </div>
   <div class='ocr_carea' id='block_1_59' title="bbox 2171 2961 3028 3041">
    <p class='ocr_par' dir='ltr' id='par_1_59' title="bbox 2171 2961 3028 3041">
     <span class='ocr_line' id='line_1_60' title="bbox 2171 2961 3028 3041; baseline -0.011 -17"><span class='ocrx_word' id='word_1_492' title='bbox 2171 2986 2310 3041; x_wconf 89' lang='lat' dir='ltr'>pore</span> <span class='ocrx_word' id='word_1_493' title='bbox 2340 2964 2758 3022; x_wconf 87' lang='lat' dir='ltr'>incarnationis</span> <span class='ocrx_word' id='word_1_494' title='bbox 2790 2961 3028 3034; x_wconf 87' lang='lat' dir='ltr'>accepit.</span> 
     </span>
    </p>
   </div>
   <div class='ocr_carea' id='block_1_60' title="bbox 2243 3042 3825 3125">
    <p class='ocr_par' dir='ltr' id='par_1_60' title="bbox 2243 3042 3825 3125">
     <span class='ocr_line' id='line_1_61' title="bbox 2243 3042 3825 3125; baseline -0.01 -14"><span class='ocrx_word' id='word_1_495' title='bbox 2243 3080 2271 3107; x_wconf 90' lang='grc'><strong><em>‹‹</em></strong></span> <span class='ocrx_word' id='word_1_496' title='bbox 2306 3056 2371 3112; x_wconf 81' lang='lat' dir='ltr'>Et</span> <span class='ocrx_word' id='word_1_497' title='bbox 2400 3070 2571 3109; x_wconf 92' lang='lat' dir='ltr'>nemo</span> <span class='ocrx_word' id='word_1_498' title='bbox 2625 3056 2813 3125; x_wconf 77' lang='lat' dir='ltr'>potest</span> <span class='ocrx_word' id='word_1_499' title='bbox 2864 3064 3065 3123; x_wconf 81' lang='lat' dir='ltr'>rapere</span> <span class='ocrx_word' id='word_1_500' title='bbox 3096 3048 3171 3103; x_wconf 88' lang='lat' dir='ltr'>de</span> <span class='ocrx_word' id='word_1_501' title='bbox 3199 3061 3374 3102; x_wconf 86' lang='lat' dir='ltr'>manu</span> <span class='ocrx_word' id='word_1_502' title='bbox 3407 3042 3593 3099; x_wconf 82' lang='lat' dir='ltr'>Patris</span> <span class='ocrx_word' id='word_1_503' title='bbox 3624 3042 3764 3097; x_wconf 90' lang='lat' dir='ltr'>mei.</span> <span class='ocrx_word' id='word_1_504' title='bbox 3800 3064 3825 3089; x_wconf 85' lang='grc'><strong>››</strong></span> 
     </span>
    </p>
   </div>
   <div class='ocr_carea' id='block_1_61' title="bbox 2172 3130 3825 3220">
    <p class='ocr_par' dir='ltr' id='par_1_61' title="bbox 2172 3130 3825 3220">
     <span class='ocr_line' id='line_1_62' title="bbox 2172 3130 3825 3220; baseline -0.011 -17"><span class='ocrx_word' id='word_1_505' title='bbox 2172 3150 2379 3220; x_wconf 86' lang='lat' dir='ltr'>Aperte</span> <span class='ocrx_word' id='word_1_506' title='bbox 2410 3145 2509 3199; x_wconf 87' lang='lat' dir='ltr'>dat</span> <span class='ocrx_word' id='word_1_507' title='bbox 2540 3140 2785 3214; x_wconf 80' lang='lat' dir='ltr'>intelligi</span> <span class='ocrx_word' id='word_1_508' title='bbox 2817 3156 2995 3196; x_wconf 86' lang='lat' dir='ltr'>unam</span> <span class='ocrx_word' id='word_1_509' title='bbox 3042 3141 3217 3209; x_wconf 88' lang='lat' dir='ltr'>atque</span> <span class='ocrx_word' id='word_1_510' title='bbox 3253 3130 3665 3190; x_wconf 87' lang='lat' dir='ltr'>indissimilem</span> <span class='ocrx_word' id='word_1_511' title='bbox 3694 3145 3825 3186; x_wconf 89' lang='lat' dir='ltr'>esse</span> 
     </span>
    </p>
   </div>
   <div class='ocr_carea' id='block_1_62' title="bbox 480 3218 3826 3317">
    <p class='ocr_par' dir='ltr' id='par_1_62' title="bbox 480 3218 3826 3317">
     <span class='ocr_line' id='line_1_63' title="bbox 480 3218 3826 3317; baseline -0.006 -23"><span class='ocrx_word' id='word_1_512' title='bbox 480 3267 509 3294; x_wconf 90' lang='grc'><strong><em>‹‹</em></strong></span> <span class='ocrx_word' id='word_1_513' title='bbox 542 3243 653 3300; x_wconf 82' lang='lat' dir='ltr'>Sed</span> <span class='ocrx_word' id='word_1_514' title='bbox 686 3258 786 3299; x_wconf 84' lang='lat' dir='ltr'>vos</span> <span class='ocrx_word' id='word_1_515' title='bbox 816 3260 931 3298; x_wconf 92' lang='lat' dir='ltr'>non</span> <span class='ocrx_word' id='word_1_516' title='bbox 980 3242 1235 3299; x_wconf 90' lang='lat' dir='ltr'>creditis.</span> <span class='ocrx_word' id='word_1_517' title='bbox 1267 3267 1294 3292; x_wconf 86' lang='grc'>››</span> <span class='ocrx_word' id='word_1_518' title='bbox 1343 3245 1711 3317; x_wconf 88' lang='lat' dir='ltr'>Causamque</span> <span class='ocrx_word' id='word_1_519' title='bbox 1739 3244 1927 3300; x_wconf 90' lang='lat' dir='ltr'>reddit</span> <span class='ocrx_word' id='word_1_520' title='bbox 1957 3261 2060 3298; x_wconf 92' lang='lat' dir='ltr'>cur</span> <span class='ocrx_word' id='word_1_521' title='bbox 2089 3218 2132 3282; x_wconf 61' lang='grc' dir='ltr'>(ἶ</span> <span class='ocrx_word' id='word_1_522' title='bbox 2174 3218 2434 3301; x_wconf 78' lang='lat' dir='ltr'>manum,</span> <span class='ocrx_word' id='word_1_523' title='bbox 2459 3234 2568 3288; x_wconf 90' lang='lat' dir='ltr'>hoc</span> <span class='ocrx_word' id='word_1_524' title='bbox 2599 3235 2686 3286; x_wconf 86' lang='lat' dir='ltr'>est</span> <span class='ocrx_word' id='word_1_525' title='bbox 2712 3231 2987 3285; x_wconf 88' lang='lat' dir='ltr'>virtutem</span> <span class='ocrx_word' id='word_1_526' title='bbox 3011 3240 3179 3282; x_wconf 86' lang='lat' dir='ltr'>suam</span> <span class='ocrx_word' id='word_1_527' title='bbox 3202 3228 3257 3281; x_wconf 91' lang='lat' dir='ltr'>et</span> <span class='ocrx_word' id='word_1_528' title='bbox 3273 3223 3479 3288; x_wconf 81' lang='lat' dir='ltr'>Patris,</span> <span class='ocrx_word' id='word_1_529' title='bbox 3498 3225 3672 3292; x_wconf 87' lang='lat' dir='ltr'>atque</span> <span class='ocrx_word' id='word_1_530' title='bbox 3696 3220 3826 3275; x_wconf 85' lang='lat' dir='ltr'>ideo</span> 
     </span>
    </p>
   </div>
   <div class='ocr_carea' id='block_1_63' title="bbox 408 3328 2059 3398">
    <p class='ocr_par' dir='ltr' id='par_1_63' title="bbox 408 3328 2059 3398">
     <span class='ocr_line' id='line_1_64' title="bbox 408 3328 2059 3398; baseline -0.004 -8"><span class='ocrx_word' id='word_1_531' title='bbox 408 3351 526 3390; x_wconf 88' lang='lat' dir='ltr'>non</span> <span class='ocrx_word' id='word_1_532' title='bbox 552 3328 882 3390; x_wconf 81' lang='lat' dir='ltr'>crederent:</span> <span class='ocrx_word' id='word_1_533' title='bbox 917 3354 944 3380; x_wconf 86' lang='lat'><strong><em>«</em></strong></span> <span class='ocrx_word' id='word_1_534' title='bbox 979 3332 1127 3398; x_wconf 84' lang='lat' dir='ltr'>Quia</span> <span class='ocrx_word' id='word_1_535' title='bbox 1157 3350 1269 3388; x_wconf 86' lang='lat' dir='ltr'>non</span> <span class='ocrx_word' id='word_1_536' title='bbox 1294 3333 1436 3389; x_wconf 80' lang='lat' dir='ltr'>estis</span> <span class='ocrx_word' id='word_1_537' title='bbox 1464 3350 1533 3389; x_wconf 83' lang='lat' dir='ltr'>ex</span> <span class='ocrx_word' id='word_1_538' title='bbox 1562 3333 1807 3389; x_wconf 78' lang='lat' dir='ltr'>navibus</span> <span class='ocrx_word' id='word_1_539' title='bbox 1840 3333 2002 3389; x_wconf 87' lang='lat' dir='ltr'>meis.</span> <span class='ocrx_word' id='word_1_540' title='bbox 2031 3356 2059 3383; x_wconf 87' lang='grc'>››</span> 
     </span>
    </p>
   </div>
   <div class='ocr_carea' id='block_1_64' title="bbox 407 3417 2057 3495">
    <p class='ocr_par' dir='ltr' id='par_1_64' title="bbox 407 3417 2057 3495">
     <span class='ocr_line' id='line_1_65' title="bbox 407 3417 2057 3495; baseline 0 -17"><span class='ocrx_word' id='word_1_541' title='bbox 407 3417 553 3478; x_wconf 82' lang='lat' dir='ltr'>Oves</span> <span class='ocrx_word' id='word_1_542' title='bbox 584 3424 723 3477; x_wconf 83' lang='lat' dir='ltr'>sunt</span> <span class='ocrx_word' id='word_1_543' title='bbox 753 3421 1061 3485; x_wconf 87' lang='lat' dir='ltr'>credendo,</span> <span class='ocrx_word' id='word_1_544' title='bbox 1095 3438 1228 3477; x_wconf 88' lang='lat' dir='ltr'>oves</span> <span class='ocrx_word' id='word_1_545' title='bbox 1250 3427 1389 3479; x_wconf 90' lang='lat' dir='ltr'>sunt</span> <span class='ocrx_word' id='word_1_546' title='bbox 1412 3426 1705 3494; x_wconf 88' lang='lat' dir='ltr'>pastorem</span> <span class='ocrx_word' id='word_1_547' title='bbox 1738 3424 2057 3495; x_wconf 90' lang='lat' dir='ltr'>sequendo,</span> 
     </span>
    </p>
   </div>
   <div class='ocr_carea' id='block_1_65' title="bbox 408 3510 2060 3581">
    <p class='ocr_par' dir='ltr' id='par_1_65' title="bbox 408 3510 2060 3581">
     <span class='ocr_line' id='line_1_66' title="bbox 408 3510 2060 3581; baseline 0.001 -16"><span class='ocrx_word' id='word_1_548' title='bbox 408 3526 543 3566; x_wconf 87' lang='lat' dir='ltr'>oves</span> <span class='ocrx_word' id='word_1_549' title='bbox 602 3512 742 3565; x_wconf 87' lang='lat' dir='ltr'>sunt</span> <span class='ocrx_word' id='word_1_550' title='bbox 789 3510 1237 3581; x_wconf 86' lang='lat' dir='ltr'>Redemptorem</span> <span class='ocrx_word' id='word_1_551' title='bbox 1272 3527 1386 3565; x_wconf 89' lang='lat' dir='ltr'>non</span> <span class='ocrx_word' id='word_1_552' title='bbox 1447 3511 1893 3578; x_wconf 87' lang='lat' dir='ltr'>contemnendo,</span> <span class='ocrx_word' id='word_1_553' title='bbox 1927 3526 2060 3567; x_wconf 84' lang='lat' dir='ltr'>oves</span> 
     </span>
    </p>
   </div>
   <div class='ocr_carea' id='block_1_66' title="bbox 408 3597 2062 3670">
    <p class='ocr_par' dir='ltr' id='par_1_66' title="bbox 408 3597 2062 3670">
     <span class='ocr_line' id='line_1_67' title="bbox 408 3597 2062 3670; baseline 0.002 -17"><span class='ocrx_word' id='word_1_554' title='bbox 408 3601 548 3654; x_wconf 88' lang='lat' dir='ltr'>sunt</span> <span class='ocrx_word' id='word_1_555' title='bbox 576 3614 680 3670; x_wconf 90' lang='lat' dir='ltr'>per</span> <span class='ocrx_word' id='word_1_556' title='bbox 710 3597 927 3653; x_wconf 87' lang='lat' dir='ltr'>ostium</span> <span class='ocrx_word' id='word_1_557' title='bbox 973 3598 1265 3665; x_wconf 82' lang='lat' dir='ltr'>intrando,</span> <span class='ocrx_word' id='word_1_558' title='bbox 1318 3615 1451 3655; x_wconf 89' lang='lat' dir='ltr'>oves</span> <span class='ocrx_word' id='word_1_559' title='bbox 1502 3604 1641 3655; x_wconf 89' lang='lat' dir='ltr'>sunt</span> <span class='ocrx_word' id='word_1_560' title='bbox 1685 3600 1969 3666; x_wconf 84' lang='lat' dir='ltr'>exeundo,</span> <span class='ocrx_word' id='word_1_561' title='bbox 2005 3605 2062 3656; x_wconf 89' lang='lat' dir='ltr'>et</span> 
     </span>
    </p>
   </div>
   <div class='ocr_carea' id='block_1_67' title="bbox 409 3685 2059 3760">
    <p class='ocr_par' dir='ltr' id='par_1_67' title="bbox 409 3685 2059 3760">
     <span class='ocr_line' id='line_1_68' title="bbox 409 3685 2059 3760; baseline 0.001 -18"><span class='ocrx_word' id='word_1_562' title='bbox 409 3702 629 3759; x_wconf 85' lang='lat' dir='ltr'>pascua</span> <span class='ocrx_word' id='word_1_563' title='bbox 687 3685 1052 3741; x_wconf 88' lang='lat' dir='ltr'>inveniendo.</span> <span class='ocrx_word' id='word_1_564' title='bbox 1135 3685 1433 3749; x_wconf 88' lang='lat' dir='ltr'>Quomodo</span> <span class='ocrx_word' id='word_1_565' title='bbox 1490 3704 1626 3760; x_wconf 86' lang='lat' dir='ltr'>ergo</span> <span class='ocrx_word' id='word_1_566' title='bbox 1686 3688 1815 3744; x_wconf 88' lang='lat' dir='ltr'>istis</span> <span class='ocrx_word' id='word_1_567' title='bbox 1877 3687 2059 3744; x_wconf 83' lang='lat' dir='ltr'>dixit:</span> 
     </span>
    </p>
   </div>
   <div class='ocr_carea' id='block_1_68' title="bbox 410 3773 2061 3842">
    <p class='ocr_par' dir='ltr' id='par_1_68' title="bbox 410 3773 2061 3842">
     <span class='ocr_line' id='line_1_69' title="bbox 410 3773 2061 3842; baseline 0.003 -12"><span class='ocrx_word' id='word_1_568' title='bbox 410 3798 438 3824; x_wconf 86' lang='lat'><strong><em>«</em></strong></span> <span class='ocrx_word' id='word_1_569' title='bbox 463 3775 585 3830; x_wconf 82' lang='lat' dir='ltr'>Non</span> <span class='ocrx_word' id='word_1_570' title='bbox 626 3773 767 3829; x_wconf 88' lang='lat' dir='ltr'>estis</span> <span class='ocrx_word' id='word_1_571' title='bbox 806 3790 873 3830; x_wconf 84' lang='lat' dir='ltr'>ex</span> <span class='ocrx_word' id='word_1_572' title='bbox 902 3773 1106 3830; x_wconf 88' lang='lat' dir='ltr'>ovibus</span> <span class='ocrx_word' id='word_1_573' title='bbox 1149 3774 1294 3831; x_wconf 90' lang='lat' dir='ltr'>meis</span> <span class='ocrx_word' id='word_1_574' title='bbox 1314 3776 1341 3830; x_wconf 87' lang='lat'><strong>?</strong></span> <span class='ocrx_word' id='word_1_575' title='bbox 1365 3800 1386 3828; x_wconf 72' lang='grc' dir='ltr'><strong><em>ι</em></strong></span> <span class='ocrx_word' id='word_1_576' title='bbox 1423 3776 1569 3842; x_wconf 89' lang='lat' dir='ltr'>Quia</span> <span class='ocrx_word' id='word_1_577' title='bbox 1598 3777 1829 3832; x_wconf 86' lang='lat' dir='ltr'>videbat</span> <span class='ocrx_word' id='word_1_578' title='bbox 1859 3795 1957 3834; x_wconf 88' lang='lat' dir='ltr'>eos</span> <span class='ocrx_word' id='word_1_579' title='bbox 1989 3779 2061 3835; x_wconf 89' lang='lat' dir='ltr'>ad</span> 
     </span>
    </p>
   </div>
   <div class='ocr_carea' id='block_1_69' title="bbox 409 3862 2061 3936">
    <p class='ocr_par' dir='ltr' id='par_1_69' title="bbox 409 3862 2061 3936">
     <span class='ocr_line' id='line_1_70' title="bbox 409 3862 2061 3936; baseline 0.001 -16"><span class='ocrx_word' id='word_1_580' title='bbox 409 3862 831 3936; x_wconf 78' lang='lat' dir='ltr'>sempiternam</span> <span class='ocrx_word' id='word_1_581' title='bbox 881 3862 1108 3919; x_wconf 81' lang='lat' dir='ltr'>futuros</span> <span class='ocrx_word' id='word_1_582' title='bbox 1158 3863 1562 3935; x_wconf 88' lang='lat' dir='ltr'>perditionem,</span> <span class='ocrx_word' id='word_1_583' title='bbox 1605 3883 1720 3921; x_wconf 89' lang='lat' dir='ltr'>non</span> <span class='ocrx_word' id='word_1_584' title='bbox 1754 3867 1823 3921; x_wconf 88' lang='lat' dir='ltr'>ad</span> <span class='ocrx_word' id='word_1_585' title='bbox 1884 3866 2061 3922; x_wconf 87' lang='lat' dir='ltr'>vitam</span> 
     </span>
    </p>
   </div>
   <div class='ocr_carea' id='block_1_70' title="bbox 411 3951 1763 4026">
    <p class='ocr_par' dir='ltr' id='par_1_70' title="bbox 411 3951 1763 4026">
     <span class='ocr_line' id='line_1_71' title="bbox 411 3951 1763 4026; baseline 0.002 -19"><span class='ocrx_word' id='word_1_586' title='bbox 411 3956 684 4007; x_wconf 70' lang='lat' dir='ltr'>aeternam</span> <span class='ocrx_word' id='word_1_587' title='bbox 709 3952 799 4007; x_wconf 90' lang='lat' dir='ltr'>sui</span> <span class='ocrx_word' id='word_1_588' title='bbox 832 3951 1137 4024; x_wconf 87' lang='lat' dir='ltr'>sanguinis</span> <span class='ocrx_word' id='word_1_589' title='bbox 1159 3952 1342 4026; x_wconf 89' lang='lat' dir='ltr'>pretio</span> <span class='ocrx_word' id='word_1_590' title='bbox 1374 3959 1763 4025; x_wconf 87' lang='lat' dir='ltr'>comparatos.</span> 
     </span>
    </p>
   </div>
   <div class='ocr_carea' id='block_1_71' title="bbox 484 4040 2063 4118">
    <p class='ocr_par' dir='ltr' id='par_1_71' title="bbox 484 4040 2063 4118">
     <span class='ocr_line' id='line_1_72' title="bbox 484 4040 2063 4118; baseline 0.007 -28"><span class='ocrx_word' id='word_1_591' title='bbox 484 4063 512 4091; x_wconf 85' lang='grc'><strong>‹‹</strong></span> <span class='ocrx_word' id='word_1_592' title='bbox 541 4040 685 4096; x_wconf 87' lang='lat' dir='ltr'>Oves</span> <span class='ocrx_word' id='word_1_593' title='bbox 710 4058 848 4097; x_wconf 68' lang='lat' dir='ltr'>mem</span> <span class='ocrx_word' id='word_1_594' title='bbox 872 4057 1066 4096; x_wconf 88' lang='lat' dir='ltr'>vocem</span> <span class='ocrx_word' id='word_1_595' title='bbox 1085 4057 1275 4097; x_wconf 89' lang='lat' dir='ltr'>meam</span> <span class='ocrx_word' id='word_1_596' title='bbox 1293 4043 1559 4109; x_wconf 87' lang='lat' dir='ltr'>audiunt,</span> <span class='ocrx_word' id='word_1_597' title='bbox 1584 4049 1640 4099; x_wconf 90' lang='lat' dir='ltr'>et</span> <span class='ocrx_word' id='word_1_598' title='bbox 1656 4060 1762 4117; x_wconf 89' lang='lat' dir='ltr'>ego</span> <span class='ocrx_word' id='word_1_599' title='bbox 1779 4061 2063 4118; x_wconf 88' lang='lat' dir='ltr'>cognosco</span> 
     </span>
    </p>
   </div>
   <div class='ocr_carea' id='block_1_72' title="bbox 413 4131 2063 4204">
    <p class='ocr_par' dir='ltr' id='par_1_72' title="bbox 413 4131 2063 4204">
     <span class='ocr_line' id='line_1_73' title="bbox 413 4131 2063 4204; baseline 0.005 -23"><span class='ocrx_word' id='word_1_600' title='bbox 413 4151 451 4179; x_wconf 59' lang='grc' dir='ltr'>«η</span> <span class='ocrx_word' id='word_1_601' title='bbox 473 4142 591 4198; x_wconf 85' lang='lat' dir='ltr'>eas,</span> <span class='ocrx_word' id='word_1_602' title='bbox 625 4132 682 4185; x_wconf 86' lang='lat' dir='ltr'>et</span> <span class='ocrx_word' id='word_1_603' title='bbox 712 4132 1044 4202; x_wconf 88' lang='lat' dir='ltr'>sequuntur</span> <span class='ocrx_word' id='word_1_604' title='bbox 1075 4147 1187 4197; x_wconf 90' lang='lat' dir='ltr'>me,</span> <span class='ocrx_word' id='word_1_605' title='bbox 1234 4136 1292 4186; x_wconf 92' lang='lat' dir='ltr'>et</span> <span class='ocrx_word' id='word_1_606' title='bbox 1338 4147 1444 4204; x_wconf 89' lang='lat' dir='ltr'>ego</span> <span class='ocrx_word' id='word_1_607' title='bbox 1471 4131 1648 4188; x_wconf 89' lang='lat' dir='ltr'>vitam</span> <span class='ocrx_word' id='word_1_608' title='bbox 1682 4138 1957 4189; x_wconf 69' lang='lat' dir='ltr'>aeternam</span> <span class='ocrx_word' id='word_1_609' title='bbox 1989 4134 2063 4189; x_wconf 92' lang='lat' dir='ltr'>do</span> 
     </span>
    </p>
   </div>
   <div class='ocr_carea' id='block_1_73' title="bbox 412 4216 2063 4295">
    <p class='ocr_par' dir='ltr' id='par_1_73' title="bbox 412 4216 2063 4295">
     <span class='ocr_line' id='line_1_74' title="bbox 412 4216 2063 4295; baseline 0.003 -21"><span class='ocrx_word' id='word_1_610' title='bbox 412 4242 439 4269; x_wconf 87' lang='grc'>‹‹</span> <span class='ocrx_word' id='word_1_611' title='bbox 473 4216 578 4275; x_wconf 90' lang='lat' dir='ltr'>eis.</span> <span class='ocrx_word' id='word_1_612' title='bbox 615 4241 644 4268; x_wconf 84' lang='lat'>»</span> <span class='ocrx_word' id='word_1_613' title='bbox 691 4218 841 4274; x_wconf 89' lang='lat' dir='ltr'>Dicit</span> <span class='ocrx_word' id='word_1_614' title='bbox 883 4218 1040 4274; x_wconf 89' lang='lat' dir='ltr'>enim</span> <span class='ocrx_word' id='word_1_615' title='bbox 1076 4242 1097 4271; x_wconf 81' lang='grc' dir='ltr'>ι</span> <span class='ocrx_word' id='word_1_616' title='bbox 1131 4220 1426 4295; x_wconf 89' lang='lat' dir='ltr'>Cognosce</span> <span class='ocrx_word' id='word_1_617' title='bbox 1457 4238 1576 4279; x_wconf 88' lang='lat' dir='ltr'>eas.</span> <span class='ocrx_word' id='word_1_618' title='bbox 1616 4245 1643 4272; x_wconf 89' lang='grc'>››</span> <span class='ocrx_word' id='word_1_619' title='bbox 1693 4224 2063 4279; x_wconf 87' lang='lat' dir='ltr'>Consuetudo</span> 
     </span>
    </p>
   </div>
   <div class='ocr_carea' id='block_1_74' title="bbox 410 4307 2061 4383">
    <p class='ocr_par' dir='ltr' id='par_1_74' title="bbox 410 4307 2061 4383">
     <span class='ocr_line' id='line_1_75' title="bbox 410 4307 2061 4383; baseline 0.002 -20"><span class='ocrx_word' id='word_1_620' title='bbox 410 4312 629 4363; x_wconf 68' lang='lat' dir='ltr'>sancta:</span> <span class='ocrx_word' id='word_1_621' title='bbox 642 4307 957 4380; x_wconf 66' lang='lat' dir='ltr'>Scriptura:</span> <span class='ocrx_word' id='word_1_622' title='bbox 986 4311 1075 4363; x_wconf 91' lang='lat' dir='ltr'>est</span> <span class='ocrx_word' id='word_1_623' title='bbox 1103 4308 1314 4377; x_wconf 90' lang='lat' dir='ltr'>dicere,</span> <span class='ocrx_word' id='word_1_624' title='bbox 1348 4309 1532 4366; x_wconf 90' lang='lat' dir='ltr'>Deum</span> <span class='ocrx_word' id='word_1_625' title='bbox 1572 4328 1745 4367; x_wconf 88' lang='lat' dir='ltr'>nosse</span> <span class='ocrx_word' id='word_1_626' title='bbox 1775 4311 2061 4383; x_wconf 89' lang='lat' dir='ltr'>quidquid</span> 
     </span>
    </p>
   </div>
   <div class='ocr_carea' id='block_1_75' title="bbox 411 4394 2065 4470">
    <p class='ocr_par' dir='ltr' id='par_1_75' title="bbox 411 4394 2065 4470">
     <span class='ocr_line' id='line_1_76' title="bbox 411 4394 2065 4470; baseline 0.002 -18"><span class='ocrx_word' id='word_1_627' title='bbox 411 4394 593 4469; x_wconf 87' lang='lat' dir='ltr'>eligit.</span> <span class='ocrx_word' id='word_1_628' title='bbox 627 4394 905 4469; x_wconf 77' lang='lat' dir='ltr'>Apostolo</span> <span class='ocrx_word' id='word_1_629' title='bbox 937 4396 1165 4453; x_wconf 84' lang='lat' dir='ltr'>dicente</span> <span class='ocrx_word' id='word_1_630' title='bbox 1197 4400 1270 4470; x_wconf 88' lang='grc'>(11</span> <span class='ocrx_word' id='word_1_631' title='bbox 1298 4401 1439 4455; x_wconf 64' lang='lat' dir='ltr'>Tim.</span> <span class='ocrx_word' id='word_1_632' title='bbox 1476 4402 1567 4469; x_wconf 86' lang='lat' dir='ltr'>u):</span> <span class='ocrx_word' id='word_1_633' title='bbox 1591 4398 1755 4456; x_wconf 90' lang='lat' dir='ltr'>Novit</span> <span class='ocrx_word' id='word_1_634' title='bbox 1779 4399 2065 4455; x_wconf 88' lang='lat' dir='ltr'>Dominus</span> 
     </span>
    </p>
   </div>
   <div class='ocr_carea' id='block_1_76' title="bbox 411 4483 2065 4560">
    <p class='ocr_par' dir='ltr' id='par_1_76' title="bbox 411 4483 2065 4560">
     <span class='ocr_line' id='line_1_77' title="bbox 411 4483 2065 4560; baseline 0.003 -22"><span class='ocrx_word' id='word_1_635' title='bbox 411 4483 510 4555; x_wconf 91' lang='lat' dir='ltr'>qui</span> <span class='ocrx_word' id='word_1_636' title='bbox 538 4488 677 4539; x_wconf 88' lang='lat' dir='ltr'>sunt</span> <span class='ocrx_word' id='word_1_637' title='bbox 705 4485 869 4554; x_wconf 89' lang='lat' dir='ltr'>ejus:</span> <span class='ocrx_word' id='word_1_638' title='bbox 905 4489 961 4539; x_wconf 90' lang='lat' dir='ltr'>et</span> <span class='ocrx_word' id='word_1_639' title='bbox 990 4484 1132 4540; x_wconf 90' lang='lat' dir='ltr'>illud</span> <span class='ocrx_word' id='word_1_640' title='bbox 1166 4487 1407 4554; x_wconf 87' lang='lat' dir='ltr'>nescire,</span> <span class='ocrx_word' id='word_1_641' title='bbox 1446 4488 1601 4558; x_wconf 89' lang='lat' dir='ltr'>quod</span> <span class='ocrx_word' id='word_1_642' title='bbox 1635 4504 1748 4542; x_wconf 90' lang='lat' dir='ltr'>non</span> <span class='ocrx_word' id='word_1_643' title='bbox 1781 4489 2065 4560; x_wconf 87' lang='lat' dir='ltr'>approbat</span> 
     </span>
    </p>
   </div>
   <div class='ocr_carea' id='block_1_77' title="bbox 2170 3308 3827 3387">
    <p class='ocr_par' dir='ltr' id='par_1_77' title="bbox 2170 3308 3827 3387">
     <span class='ocr_line' id='line_1_78' title="bbox 2170 3308 3827 3387; baseline -0.011 -7"><span class='ocrx_word' id='word_1_644' title='bbox 2170 3322 2231 3380; x_wconf 87' lang='lat' dir='ltr'>se</span> <span class='ocrx_word' id='word_1_645' title='bbox 2263 3323 2558 3379; x_wconf 81' lang='lat' dir='ltr'>Christum</span> <span class='ocrx_word' id='word_1_646' title='bbox 2593 3337 2719 3376; x_wconf 87' lang='lat' dir='ltr'>esse</span> <span class='ocrx_word' id='word_1_647' title='bbox 2749 3317 3127 3382; x_wconf 87' lang='lat' dir='ltr'>credendum,</span> <span class='ocrx_word' id='word_1_648' title='bbox 3171 3312 3273 3387; x_wconf 92' lang='lat' dir='ltr'>qui</span> <span class='ocrx_word' id='word_1_649' title='bbox 3305 3328 3420 3368; x_wconf 88' lang='lat' dir='ltr'>non</span> <span class='ocrx_word' id='word_1_650' title='bbox 3452 3308 3604 3366; x_wconf 84' lang='lat' dir='ltr'>sicut</span> <span class='ocrx_word' id='word_1_651' title='bbox 3633 3308 3827 3364; x_wconf 64' lang='lat' dir='ltr'>caeteri</span> 
     </span>
    </p>
   </div>
   <div class='ocr_carea' id='block_1_78' title="bbox 2170 3399 3827 3481">
    <p class='ocr_par' dir='ltr' id='par_1_78' title="bbox 2170 3399 3827 3481">
     <span class='ocr_line' id='line_1_79' title="bbox 2170 3399 3827 3481; baseline -0.01 -13"><span class='ocrx_word' id='word_1_652' title='bbox 2170 3412 2355 3469; x_wconf 88' lang='lat' dir='ltr'>sancti</span> <span class='ocrx_word' id='word_1_653' title='bbox 2409 3412 2594 3467; x_wconf 80' lang='lat' dir='ltr'>factus</span> <span class='ocrx_word' id='word_1_654' title='bbox 2624 3425 2726 3481; x_wconf 90' lang='lat' dir='ltr'>per</span> <span class='ocrx_word' id='word_1_655' title='bbox 2754 3406 3001 3480; x_wconf 87' lang='lat' dir='ltr'>gratiam</span> <span class='ocrx_word' id='word_1_656' title='bbox 3051 3420 3120 3460; x_wconf 79' lang='lat' dir='ltr'>ex</span> <span class='ocrx_word' id='word_1_657' title='bbox 3166 3409 3446 3475; x_wconf 89' lang='lat' dir='ltr'>tempore,</span> <span class='ocrx_word' id='word_1_658' title='bbox 3501 3399 3601 3455; x_wconf 90' lang='lat' dir='ltr'>sed</span> <span class='ocrx_word' id='word_1_659' title='bbox 3654 3414 3827 3453; x_wconf 85' lang='lat' dir='ltr'>verus</span> 
     </span>
    </p>
   </div>
   <div class='ocr_carea' id='block_1_79' title="bbox 2171 3484 3828 3572">
    <p class='ocr_par' dir='ltr' id='par_1_79' title="bbox 2171 3484 3828 3572">
     <span class='ocr_line' id='line_1_80' title="bbox 2171 3484 3828 3572; baseline -0.011 -15"><span class='ocrx_word' id='word_1_660' title='bbox 2171 3512 2402 3572; x_wconf 83' lang='lat' dir='ltr'>semper</span> <span class='ocrx_word' id='word_1_661' title='bbox 2450 3496 2734 3555; x_wconf 84' lang='lat' dir='ltr'>exstiterit</span> <span class='ocrx_word' id='word_1_662' title='bbox 2781 3495 2962 3551; x_wconf 90' lang='lat' dir='ltr'>Filius</span> <span class='ocrx_word' id='word_1_663' title='bbox 3003 3492 3100 3549; x_wconf 89' lang='lat' dir='ltr'>Dei</span> <span class='ocrx_word' id='word_1_664' title='bbox 3134 3484 3318 3559; x_wconf 72' lang='lat' dir='ltr'>(latin.</span> <span class='ocrx_word' id='word_1_665' title='bbox 3345 3490 3423 3556; x_wconf 86' lang='lat' dir='ltr'>x),</span> <span class='ocrx_word' id='word_1_666' title='bbox 3458 3486 3611 3560; x_wconf 91' lang='lat' dir='ltr'>quod</span> <span class='ocrx_word' id='word_1_667' title='bbox 3648 3484 3828 3541; x_wconf 87' lang='lat' dir='ltr'>etiam</span> 
     </span>
    </p>
   </div>
   <div class='ocr_carea' id='block_1_80' title="bbox 2172 3576 3629 3662">
    <p class='ocr_par' dir='ltr' id='par_1_80' title="bbox 2172 3576 3629 3662">
     <span class='ocr_line' id='line_1_81' title="bbox 2172 3576 3629 3662; baseline -0.012 -15"><span class='ocrx_word' id='word_1_668' title='bbox 2172 3588 2441 3662; x_wconf 89' lang='lat' dir='ltr'>sequenti</span> <span class='ocrx_word' id='word_1_669' title='bbox 2470 3586 2755 3643; x_wconf 89' lang='lat' dir='ltr'>sententia</span> <span class='ocrx_word' id='word_1_670' title='bbox 2788 3584 2916 3640; x_wconf 88' lang='lat' dir='ltr'>luce</span> <span class='ocrx_word' id='word_1_671' title='bbox 2947 3581 3162 3639; x_wconf 88' lang='lat' dir='ltr'>clarius</span> <span class='ocrx_word' id='word_1_672' title='bbox 3190 3578 3379 3653; x_wconf 89' lang='lat' dir='ltr'>aperit</span> <span class='ocrx_word' id='word_1_673' title='bbox 3405 3576 3629 3632; x_wconf 90' lang='lat' dir='ltr'>dicens.</span> 
     </span>
    </p>
   </div>
   <div class='ocr_carea' id='block_1_81' title="bbox 2242 3662 3830 3751">
    <p class='ocr_par' dir='ltr' id='par_1_81' title="bbox 2242 3662 3830 3751">
     <span class='ocr_line' id='line_1_82' title="bbox 2242 3662 3830 3751; baseline -0.013 -15"><span class='ocrx_word' id='word_1_674' title='bbox 2242 3703 2270 3731; x_wconf 91' lang='grc'>‹‹</span> <span class='ocrx_word' id='word_1_675' title='bbox 2307 3680 2420 3751; x_wconf 88' lang='lat' dir='ltr'>Ego</span> <span class='ocrx_word' id='word_1_676' title='bbox 2453 3682 2509 3733; x_wconf 91' lang='lat' dir='ltr'>et</span> <span class='ocrx_word' id='word_1_677' title='bbox 2536 3678 2707 3733; x_wconf 89' lang='lat' dir='ltr'>Pater</span> <span class='ocrx_word' id='word_1_678' title='bbox 2736 3689 2920 3729; x_wconf 91' lang='lat' dir='ltr'>unum</span> <span class='ocrx_word' id='word_1_679' title='bbox 2953 3685 3181 3727; x_wconf 89' lang='lat' dir='ltr'>sumus.</span> <span class='ocrx_word' id='word_1_680' title='bbox 3207 3691 3232 3717; x_wconf 90' lang='grc'><strong>››</strong></span> <span class='ocrx_word' id='word_1_681' title='bbox 3263 3666 3473 3734; x_wconf 89' lang='lat' dir='ltr'>Unum,</span> <span class='ocrx_word' id='word_1_682' title='bbox 3499 3662 3830 3736; x_wconf 86' lang='lat' dir='ltr'>inquit,su-</span> 
     </span>
    </p>
   </div>
   <div class='ocr_carea' id='block_1_82' title="bbox 2174 3752 3832 3837">
    <p class='ocr_par' dir='ltr' id='par_1_82' title="bbox 2174 3752 3832 3837">
     <span class='ocr_line' id='line_1_83' title="bbox 2174 3752 3832 3837; baseline -0.013 -11"><span class='ocrx_word' id='word_1_683' title='bbox 2174 3786 2325 3837; x_wconf 90' lang='lat' dir='ltr'>mus,</span> <span class='ocrx_word' id='word_1_684' title='bbox 2356 3784 2473 3823; x_wconf 89' lang='lat' dir='ltr'>una</span> <span class='ocrx_word' id='word_1_685' title='bbox 2515 3764 2683 3822; x_wconf 89' lang='lat' dir='ltr'>nobis</span> <span class='ocrx_word' id='word_1_686' title='bbox 2712 3759 3063 3826; x_wconf 82' lang='lat' dir='ltr'>substantia,</span> <span class='ocrx_word' id='word_1_687' title='bbox 3099 3775 3214 3813; x_wconf 89' lang='lat' dir='ltr'>una</span> <span class='ocrx_word' id='word_1_688' title='bbox 3260 3752 3676 3817; x_wconf 38' lang='lat' dir='ltr'>est‘divinitas,</span> <span class='ocrx_word' id='word_1_689' title='bbox 3712 3766 3832 3806; x_wconf 89' lang='lat' dir='ltr'>una</span> 
     </span>
    </p>
   </div>
   <div class='ocr_carea' id='block_1_83' title="bbox 2170 3838 3828 3926">
    <p class='ocr_par' dir='ltr' id='par_1_83' title="bbox 2170 3838 3828 3926">
     <span class='ocr_line' id='line_1_84' title="bbox 2170 3838 3828 3926; baseline -0.012 -12"><span class='ocrx_word' id='word_1_690' title='bbox 2170 3862 2259 3915; x_wconf 87' lang='lat' dir='ltr'>est</span> <span class='ocrx_word' id='word_1_691' title='bbox 2275 3856 2587 3916; x_wconf 65' lang='lat' dir='ltr'>aeternitas,</span> <span class='ocrx_word' id='word_1_692' title='bbox 2602 3854 2853 3926; x_wconf 79' lang='lat' dir='ltr'>perfecta</span> <span class='ocrx_word' id='word_1_693' title='bbox 2863 3846 3187 3921; x_wconf 65' lang='lat' dir='ltr'>aequalitas,</span> <span class='ocrx_word' id='word_1_694' title='bbox 3202 3842 3622 3902; x_wconf 89' lang='lat' dir='ltr'>dissimilitudo</span> <span class='ocrx_word' id='word_1_695' title='bbox 3641 3838 3828 3896; x_wconf 89' lang='lat' dir='ltr'>nulla.</span> 
     </span>
    </p>
   </div>
   <div class='ocr_carea' id='block_1_84' title="bbox 2172 3927 3850 4017">
    <p class='ocr_par' dir='ltr' id='par_1_84' title="bbox 2172 3927 3850 4017">
     <span class='ocr_line' id='line_1_85' title="bbox 2172 3927 3850 4017; baseline -0.012 -14"><span class='ocrx_word' id='word_1_696' title='bbox 2172 3948 2396 4014; x_wconf 90' lang='lat' dir='ltr'>Quibus</span> <span class='ocrx_word' id='word_1_697' title='bbox 2424 3944 2673 4017; x_wconf 83' lang='lat' dir='ltr'>profecto</span> <span class='ocrx_word' id='word_1_698' title='bbox 2705 3939 2893 3995; x_wconf 81' lang='lat' dir='ltr'>verbis</span> <span class='ocrx_word' id='word_1_699' title='bbox 2938 3953 3051 3993; x_wconf 88' lang='lat' dir='ltr'>non</span> <span class='ocrx_word' id='word_1_700' title='bbox 3083 3938 3425 4008; x_wconf 81' lang='lat' dir='ltr'>praesentem</span> <span class='ocrx_word' id='word_1_701' title='bbox 3457 3927 3850 3986; x_wconf 77' lang='lat' dir='ltr'>solummodo</span> 
     </span>
    </p>
   </div>
   <div class='ocr_carea' id='block_1_85' title="bbox 2171 4017 3829 4105">
    <p class='ocr_par' dir='ltr' id='par_1_85' title="bbox 2171 4017 3829 4105">
     <span class='ocr_line' id='line_1_86' title="bbox 2171 4017 3829 4105; baseline -0.013 -11"><span class='ocrx_word' id='word_1_702' title='bbox 2171 4037 2504 4094; x_wconf 64' lang='lat' dir='ltr'>Judaaorum</span> <span class='ocrx_word' id='word_1_703' title='bbox 2541 4028 2941 4105; x_wconf 82' lang='lat' dir='ltr'>quaestionem,</span> <span class='ocrx_word' id='word_1_704' title='bbox 2977 4040 3176 4097; x_wconf 91' lang='lat' dir='ltr'>quam,</span> <span class='ocrx_word' id='word_1_705' title='bbox 3212 4041 3286 4078; x_wconf 89' lang='lat' dir='ltr'>an</span> <span class='ocrx_word' id='word_1_706' title='bbox 3317 4021 3441 4093; x_wconf 83' lang='lat' dir='ltr'>ipse</span> <span class='ocrx_word' id='word_1_707' title='bbox 3478 4023 3636 4076; x_wconf 88' lang='lat' dir='ltr'>esset</span> <span class='ocrx_word' id='word_1_708' title='bbox 3663 4017 3829 4075; x_wconf 85' lang='lat' dir='ltr'>Chri-</span> 
     </span>
    </p>
   </div>
   <div class='ocr_carea' id='block_1_86' title="bbox 2173 4106 3830 4193">
    <p class='ocr_par' dir='ltr' id='par_1_86' title="bbox 2173 4106 3830 4193">
     <span class='ocr_line' id='line_1_87' title="bbox 2173 4106 3830 4193; baseline -0.012 -11"><span class='ocrx_word' id='word_1_709' title='bbox 2173 4131 2320 4192; x_wconf 85' lang='lat' dir='ltr'>stus,</span> <span class='ocrx_word' id='word_1_710' title='bbox 2355 4119 2811 4193; x_wconf 83' lang='lat' dir='ltr'>iuterrogabant,</span> <span class='ocrx_word' id='word_1_711' title='bbox 2839 4113 3165 4187; x_wconf 84' lang='lat' dir='ltr'>explicavit,</span> <span class='ocrx_word' id='word_1_712' title='bbox 3194 4111 3295 4167; x_wconf 89' lang='lat' dir='ltr'>sed</span> <span class='ocrx_word' id='word_1_713' title='bbox 3324 4109 3498 4165; x_wconf 88' lang='lat' dir='ltr'>etiam</span> <span class='ocrx_word' id='word_1_714' title='bbox 3532 4106 3830 4162; x_wconf 67' lang='lat' dir='ltr'>hearetico-</span> 
     </span>
    </p>
   </div>
   <div class='ocr_carea' id='block_1_87' title="bbox 2174 4197 3831 4285">
    <p class='ocr_par' dir='ltr' id='par_1_87' title="bbox 2174 4197 3831 4285">
     <span class='ocr_line' id='line_1_88' title="bbox 2174 4197 3831 4285; baseline -0.013 -15"><span class='ocrx_word' id='word_1_715' title='bbox 2174 4232 2305 4270; x_wconf 91' lang='lat' dir='ltr'>rum</span> <span class='ocrx_word' id='word_1_716' title='bbox 2338 4210 2661 4285; x_wconf 82' lang='lat' dir='ltr'>perﬁdiam,</span> <span class='ocrx_word' id='word_1_717' title='bbox 2697 4222 2874 4279; x_wconf 88' lang='lat' dir='ltr'>quam</span> <span class='ocrx_word' id='word_1_718' title='bbox 2920 4206 3178 4260; x_wconf 81' lang='lat' dir='ltr'>futuram</span> <span class='ocrx_word' id='word_1_719' title='bbox 3211 4197 3492 4273; x_wconf 69' lang='lat' dir='ltr'>praevidit,</span> <span class='ocrx_word' id='word_1_720' title='bbox 3528 4198 3831 4285; x_wconf 71' lang='lat' dir='ltr'>quantum</span> 
     </span>
    </p>
   </div>
   <div class='ocr_carea' id='block_1_88' title="bbox 2173 4282 3829 4363">
    <p class='ocr_par' dir='ltr' id='par_1_88' title="bbox 2173 4282 3829 4363">
     <span class='ocr_line' id='line_1_89' title="bbox 2173 4282 3829 4363; baseline -0.013 -4"><span class='ocrx_word' id='word_1_721' title='bbox 2173 4303 2250 4359; x_wconf 90' lang='lat' dir='ltr'>sit</span> <span class='ocrx_word' id='word_1_722' title='bbox 2279 4282 2651 4363; x_wconf 76' lang='lat' dir='ltr'>exsecranda,</span> <span class='ocrx_word' id='word_1_723' title='bbox 2687 4292 3053 4351; x_wconf 84' lang='lat' dir='ltr'>monstravit.</span> <span class='ocrx_word' id='word_1_724' title='bbox 3106 4289 3469 4346; x_wconf 78' lang='lat' dir='ltr'>Conticescat</span> <span class='ocrx_word' id='word_1_725' title='bbox 3513 4282 3829 4351; x_wconf 86' lang='lat' dir='ltr'>Sabellius,</span> 
     </span>
    </p>
   </div>
   <div class='ocr_carea' id='block_1_89' title="bbox 2173 4377 3837 4459">
    <p class='ocr_par' dir='ltr' id='par_1_89' title="bbox 2173 4377 3837 4459">
     <span class='ocr_line' id='line_1_90' title="bbox 2173 4377 3837 4459; baseline -0.013 -11"><span class='ocrx_word' id='word_1_726' title='bbox 2173 4392 2449 4448; x_wconf 90' lang='lat' dir='ltr'>audiens:</span> <span class='ocrx_word' id='word_1_727' title='bbox 2481 4410 2508 4437; x_wconf 87' lang='lat'><strong>«</strong></span> <span class='ocrx_word' id='word_1_728' title='bbox 2541 4393 2656 4459; x_wconf 78' lang='lat' dir='ltr'>Ego</span> <span class='ocrx_word' id='word_1_729' title='bbox 2686 4390 2743 4441; x_wconf 90' lang='lat' dir='ltr'>et</span> <span class='ocrx_word' id='word_1_730' title='bbox 2774 4380 2961 4450; x_wconf 85' lang='lat' dir='ltr'>Pater,</span> <span class='ocrx_word' id='word_1_731' title='bbox 2987 4404 3013 4431; x_wconf 86' lang='lat'>»</span> <span class='ocrx_word' id='word_1_732' title='bbox 3049 4380 3147 4453; x_wconf 90' lang='lat' dir='ltr'>qui</span> <span class='ocrx_word' id='word_1_733' title='bbox 3180 4394 3354 4434; x_wconf 87' lang='lat' dir='ltr'>unam</span> <span class='ocrx_word' id='word_1_734' title='bbox 3385 4389 3696 4448; x_wconf 86' lang='lat' dir='ltr'>personam</span> <span class='ocrx_word' id='word_1_735' title='bbox 3732 4377 3837 4428; x_wconf 84' lang='lat' dir='ltr'>Pa-</span> 
     </span>
    </p>
   </div>
   <div class='ocr_carea' id='block_1_90' title="bbox 2172 4464 3831 4548">
    <p class='ocr_par' dir='ltr' id='par_1_90' title="bbox 2172 4464 3831 4548">
     <span class='ocr_line' id='line_1_91' title="bbox 2172 4464 3831 4548; baseline -0.013 -11"><span class='ocrx_word' id='word_1_736' title='bbox 2172 4481 2278 4538; x_wconf 90' lang='lat' dir='ltr'>tris</span> <span class='ocrx_word' id='word_1_737' title='bbox 2310 4485 2367 4535; x_wconf 90' lang='lat' dir='ltr'>et</span> <span class='ocrx_word' id='word_1_738' title='bbox 2397 4476 2523 4533; x_wconf 85' lang='lat' dir='ltr'>Filii</span> <span class='ocrx_word' id='word_1_739' title='bbox 2548 4491 2721 4548; x_wconf 88' lang='lat' dir='ltr'>prava</span> <span class='ocrx_word' id='word_1_740' title='bbox 2752 4471 3015 4528; x_wconf 82' lang='lat' dir='ltr'>doctrina</span> <span class='ocrx_word' id='word_1_741' title='bbox 3037 4467 3334 4526; x_wconf 88' lang='lat' dir='ltr'>disseruit.</span> <span class='ocrx_word' id='word_1_742' title='bbox 3368 4464 3535 4531; x_wconf 85' lang='lat' dir='ltr'>Nam,</span> <span class='ocrx_word' id='word_1_743' title='bbox 3561 4466 3618 4518; x_wconf 86' lang='lat' dir='ltr'>et</span> <span class='ocrx_word' id='word_1_744' title='bbox 3654 4484 3682 4513; x_wconf 73' lang='grc' dir='ltr'>α</span> <span class='ocrx_word' id='word_1_745' title='bbox 3725 4477 3831 4533; x_wconf 89' lang='lat' dir='ltr'>ego</span> 
     </span>
    </p>
   </div>
   <div class='ocr_carea' id='block_1_91' title="bbox 410 4551 3833 4647">
    <p class='ocr_par' dir='ltr' id='par_1_91' title="bbox 410 4551 3833 4647">
     <span class='ocr_line' id='line_1_92' title="bbox 410 4551 3833 4647; baseline -0.006 -20"><span class='ocrx_word' id='word_1_746' title='bbox 410 4551 655 4644; x_wconf 86' lang='lat' dir='ltr'>dignum</span> <span class='ocrx_word' id='word_1_747' title='bbox 685 4551 820 4627; x_wconf 66' lang='lat' dir='ltr'>vitaa-</span> <span class='ocrx_word' id='word_1_748' title='bbox 844 4577 1091 4629; x_wconf 70' lang='lat' dir='ltr'>aaternaa.</span> <span class='ocrx_word' id='word_1_749' title='bbox 1120 4573 1283 4630; x_wconf 90' lang='lat' dir='ltr'>Unde</span> <span class='ocrx_word' id='word_1_750' title='bbox 1305 4576 1375 4631; x_wconf 87' lang='lat' dir='ltr'>ad</span> <span class='ocrx_word' id='word_1_751' title='bbox 1395 4551 1614 4647; x_wconf 75' lang='lat' dir='ltr'>impios</span> <span class='ocrx_word' id='word_1_752' title='bbox 1637 4551 1900 4632; x_wconf 64' lang='lat' dir='ltr'>dicturus</span> <span class='ocrx_word' id='word_1_753' title='bbox 1927 4576 2064 4632; x_wconf 88' lang='lat' dir='ltr'>erit:</span> <span class='ocrx_word' id='word_1_754' title='bbox 2102 4576 2233 4647; x_wconf 77' lang='lat' dir='ltr'>Det</span> <span class='ocrx_word' id='word_1_755' title='bbox 2262 4570 2441 4635; x_wconf 77' lang='lat' dir='ltr'>Pater,</span> <span class='ocrx_word' id='word_1_756' title='bbox 2470 4589 2496 4615; x_wconf 84' lang='lat'>»</span> <span class='ocrx_word' id='word_1_757' title='bbox 2528 4566 2655 4621; x_wconf 67' lang='lat' dir='ltr'>duae</span> <span class='ocrx_word' id='word_1_758' title='bbox 2687 4575 2967 4636; x_wconf 68' lang='lat' dir='ltr'>personae.</span> <span class='ocrx_word' id='word_1_759' title='bbox 2992 4563 3135 4613; x_wconf 81' lang='lat' dir='ltr'>Item</span> <span class='ocrx_word' id='word_1_760' title='bbox 3167 4556 3473 4612; x_wconf 88' lang='lat' dir='ltr'>erubescat</span> <span class='ocrx_word' id='word_1_761' title='bbox 3501 4551 3697 4641; x_wconf 79' lang='lat' dir='ltr'>Arius,</span> <span class='ocrx_word' id='word_1_762' title='bbox 3727 4566 3833 4606; x_wconf 87' lang='lat' dir='ltr'>au-</span> 
     </span>
    </p>
   </div>
   <div class='ocr_carea' id='block_1_92' title="bbox 411 4660 2062 4736">
    <p class='ocr_par' dir='ltr' id='par_1_92' title="bbox 411 4660 2062 4736">
     <span class='ocr_line' id='line_1_93' title="bbox 411 4660 2062 4736; baseline 0.003 -21"><span class='ocrx_word' id='word_1_763' title='bbox 411 4685 437 4709; x_wconf 86' lang='lat'><strong>«</strong></span> <span class='ocrx_word' id='word_1_764' title='bbox 473 4661 597 4716; x_wconf 83' lang='lat' dir='ltr'>Non</span> <span class='ocrx_word' id='word_1_765' title='bbox 630 4660 758 4716; x_wconf 90' lang='lat' dir='ltr'>novi</span> <span class='ocrx_word' id='word_1_766' title='bbox 790 4675 891 4717; x_wconf 90' lang='lat' dir='ltr'>vos</span> <span class='ocrx_word' id='word_1_767' title='bbox 939 4663 1145 4723; x_wconf 66' lang='lat' dir='ltr'>(Matth.</span> <span class='ocrx_word' id='word_1_768' title='bbox 1179 4663 1301 4734; x_wconf 84' lang='lat' dir='ltr'>vu).</span> <span class='ocrx_word' id='word_1_769' title='bbox 1335 4686 1362 4715; x_wconf 90' lang='grc'>››</span> <span class='ocrx_word' id='word_1_770' title='bbox 1398 4664 1675 4736; x_wconf 88' lang='lat' dir='ltr'>Sequitur</span> <span class='ocrx_word' id='word_1_771' title='bbox 1721 4666 1792 4721; x_wconf 93' lang='lat' dir='ltr'>de</span> <span class='ocrx_word' id='word_1_772' title='bbox 1821 4666 2062 4722; x_wconf 89' lang='lat' dir='ltr'>ovibus:</span> 
     </span>
    </p>
   </div>
   <div class='ocr_carea' id='block_1_93' title="bbox 411 4747 2067 4825">
    <p class='ocr_par' dir='ltr' id='par_1_93' title="bbox 411 4747 2067 4825">
     <span class='ocr_line' id='line_1_94' title="bbox 411 4747 2067 4825; baseline 0.004 -23"><span class='ocrx_word' id='word_1_773' title='bbox 411 4773 439 4798; x_wconf 91' lang='grc'>‹‹</span> <span class='ocrx_word' id='word_1_774' title='bbox 465 4748 534 4803; x_wconf 87' lang='lat' dir='ltr'>Et</span> <span class='ocrx_word' id='word_1_775' title='bbox 563 4763 669 4819; x_wconf 78' lang='lat' dir='ltr'>ego</span> <span class='ocrx_word' id='word_1_776' title='bbox 699 4747 876 4805; x_wconf 85' lang='lat' dir='ltr'>vitam</span> <span class='ocrx_word' id='word_1_777' title='bbox 911 4755 1189 4806; x_wconf 78' lang='lat' dir='ltr'>aeternam</span> <span class='ocrx_word' id='word_1_778' title='bbox 1221 4751 1293 4808; x_wconf 91' lang='lat' dir='ltr'>do</span> <span class='ocrx_word' id='word_1_779' title='bbox 1325 4752 1428 4808; x_wconf 86' lang='lat' dir='ltr'>eis.</span> <span class='ocrx_word' id='word_1_780' title='bbox 1458 4776 1484 4800; x_wconf 84' lang='lat'>»</span> <span class='ocrx_word' id='word_1_781' title='bbox 1516 4752 1641 4808; x_wconf 72' lang='lat' dir='ltr'>llazc</span> <span class='ocrx_word' id='word_1_782' title='bbox 1671 4759 1810 4808; x_wconf 90' lang='lat' dir='ltr'>sunt</span> <span class='ocrx_word' id='word_1_783' title='bbox 1847 4770 2067 4825; x_wconf 88' lang='lat' dir='ltr'>pascua</span> 
     </span>
    </p>
   </div>
   <div class='ocr_carea' id='block_1_94' title="bbox 412 4836 2066 4923">
    <p class='ocr_par' dir='ltr' id='par_1_94' title="bbox 412 4836 2066 4923">
     <span class='ocr_line' id='line_1_95' title="bbox 412 4836 2066 4923; baseline 0.003 -31"><span class='ocrx_word' id='word_1_784' title='bbox 412 4852 545 4909; x_wconf 70' lang='lat' dir='ltr'>qum</span> <span class='ocrx_word' id='word_1_785' title='bbox 566 4836 838 4923; x_wconf 83' lang='lat' dir='ltr'>superius</span> <span class='ocrx_word' id='word_1_786' title='bbox 860 4839 1130 4910; x_wconf 89' lang='lat' dir='ltr'>promisit</span> <span class='ocrx_word' id='word_1_787' title='bbox 1157 4839 1362 4896; x_wconf 87' lang='lat' dir='ltr'>ovibus</span> <span class='ocrx_word' id='word_1_788' title='bbox 1393 4840 1539 4908; x_wconf 89' lang='lat' dir='ltr'>suis,</span> <span class='ocrx_word' id='word_1_789' title='bbox 1566 4840 1663 4897; x_wconf 90' lang='lat' dir='ltr'>ubi</span> <span class='ocrx_word' id='word_1_790' title='bbox 1698 4840 1857 4896; x_wconf 89' lang='lat' dir='ltr'>nulla</span> <span class='ocrx_word' id='word_1_791' title='bbox 1886 4841 2066 4897; x_wconf 86' lang='lat' dir='ltr'>herba</span> 
     </span>
    </p>
   </div>
   <div class='ocr_carea' id='block_1_95' title="bbox 414 4926 2063 5004">
    <p class='ocr_par' dir='ltr' id='par_1_95' title="bbox 414 4926 2063 5004">
     <span class='ocr_line' id='line_1_96' title="bbox 414 4926 2063 5004; baseline 0.002 -23"><span class='ocrx_word' id='word_1_792' title='bbox 414 4926 642 4991; x_wconf 85' lang='lat' dir='ltr'>arescit,</span> <span class='ocrx_word' id='word_1_793' title='bbox 677 4930 866 4983; x_wconf 88' lang='lat' dir='ltr'>totum</span> <span class='ocrx_word' id='word_1_794' title='bbox 897 4928 1062 4995; x_wconf 89' lang='lat' dir='ltr'>viret,</span> <span class='ocrx_word' id='word_1_795' title='bbox 1097 4932 1284 4985; x_wconf 90' lang='lat' dir='ltr'>totum</span> <span class='ocrx_word' id='word_1_796' title='bbox 1334 4929 1506 5004; x_wconf 88' lang='lat' dir='ltr'>viget,</span> <span class='ocrx_word' id='word_1_797' title='bbox 1548 4934 1738 4986; x_wconf 85' lang='lat' dir='ltr'>totum</span> <span class='ocrx_word' id='word_1_798' title='bbox 1773 4931 2063 5003; x_wconf 87' lang='lat' dir='ltr'>integrum</span> 
     </span>
    </p>
   </div>
   <div class='ocr_carea' id='block_1_96' title="bbox 418 5017 2065 5091">
    <p class='ocr_par' dir='ltr' id='par_1_96' title="bbox 418 5017 2065 5091">
     <span class='ocr_line' id='line_1_97' title="bbox 418 5017 2065 5091; baseline 0.004 -24"><span class='ocrx_word' id='word_1_799' title='bbox 418 5018 743 5084; x_wconf 75' lang='lat' dir='ltr'>permanet:</span> <span class='ocrx_word' id='word_1_800' title='bbox 772 5020 829 5071; x_wconf 90' lang='lat' dir='ltr'>et</span> <span class='ocrx_word' id='word_1_801' title='bbox 859 5017 1143 5088; x_wconf 80' lang='lat' dir='ltr'>quidquid</span> <span class='ocrx_word' id='word_1_802' title='bbox 1176 5018 1355 5074; x_wconf 82' lang='lat' dir='ltr'>semel</span> <span class='ocrx_word' id='word_1_803' title='bbox 1380 5018 1679 5091; x_wconf 87' lang='lat' dir='ltr'>accipitur,</span> <span class='ocrx_word' id='word_1_804' title='bbox 1703 5036 1934 5091; x_wconf 91' lang='lat' dir='ltr'>semper</span> <span class='ocrx_word' id='word_1_805' title='bbox 1957 5018 2065 5073; x_wconf 88' lang='lat' dir='ltr'>ha-</span> 
     </span>
    </p>
   </div>
   <div class='ocr_carea' id='block_1_97' title="bbox 417 5100 2065 5176">
    <p class='ocr_par' dir='ltr' id='par_1_97' title="bbox 417 5100 2065 5176">
     <span class='ocr_line' id='line_1_98' title="bbox 417 5100 2065 5176; baseline 0.002 -21"><span class='ocrx_word' id='word_1_806' title='bbox 417 5100 603 5156; x_wconf 89' lang='lat' dir='ltr'>betur.</span> <span class='ocrx_word' id='word_1_807' title='bbox 630 5125 655 5150; x_wconf 91' lang='grc'><strong><em>‹‹</em></strong></span> <span class='ocrx_word' id='word_1_808' title='bbox 692 5102 761 5157; x_wconf 87' lang='lat' dir='ltr'>Et</span> <span class='ocrx_word' id='word_1_809' title='bbox 792 5120 906 5158; x_wconf 88' lang='lat' dir='ltr'>non</span> <span class='ocrx_word' id='word_1_810' title='bbox 939 5106 1210 5176; x_wconf 86' lang='lat' dir='ltr'>peribunt</span> <span class='ocrx_word' id='word_1_811' title='bbox 1236 5106 1293 5161; x_wconf 93' lang='lat' dir='ltr'>in</span> <span class='ocrx_word' id='word_1_812' title='bbox 1326 5111 1627 5163; x_wconf 72' lang='lat' dir='ltr'>zeternum.</span> <span class='ocrx_word' id='word_1_813' title='bbox 1655 5130 1682 5157; x_wconf 86' lang='grc'><strong>››</strong></span> <span class='ocrx_word' id='word_1_814' title='bbox 1716 5107 1819 5162; x_wconf 87' lang='lat' dir='ltr'>Hic</span> <span class='ocrx_word' id='word_1_815' title='bbox 1850 5106 2065 5162; x_wconf 88' lang='lat' dir='ltr'>subau-</span> 
     </span>
    </p>
   </div>
   <div class='ocr_carea' id='block_1_98' title="bbox 418 5189 2071 5269">
    <p class='ocr_par' dir='ltr' id='par_1_98' title="bbox 418 5189 2071 5269">
     <span class='ocr_line' id='line_1_99' title="bbox 418 5189 2071 5269; baseline 0.004 -26"><span class='ocrx_word' id='word_1_816' title='bbox 418 5189 696 5245; x_wconf 90' lang='lat' dir='ltr'>diendum</span> <span class='ocrx_word' id='word_1_817' title='bbox 720 5195 829 5255; x_wconf 86' lang='lat' dir='ltr'>est,</span> <span class='ocrx_word' id='word_1_818' title='bbox 853 5194 1142 5263; x_wconf 88' lang='lat' dir='ltr'>quomodo</span> <span class='ocrx_word' id='word_1_819' title='bbox 1166 5212 1263 5250; x_wconf 78' lang='lat' dir='ltr'>vos</span> <span class='ocrx_word' id='word_1_820' title='bbox 1286 5196 1551 5267; x_wconf 86' lang='lat' dir='ltr'>peribitis</span> <span class='ocrx_word' id='word_1_821' title='bbox 1574 5195 1673 5269; x_wconf 91' lang='lat' dir='ltr'>qui</span> <span class='ocrx_word' id='word_1_822' title='bbox 1700 5210 1813 5251; x_wconf 90' lang='lat' dir='ltr'>non</span> <span class='ocrx_word' id='word_1_823' title='bbox 1830 5195 1970 5250; x_wconf 86' lang='lat' dir='ltr'>estis</span> <span class='ocrx_word' id='word_1_824' title='bbox 2001 5210 2071 5249; x_wconf 82' lang='lat' dir='ltr'>ex</span> 
     </span>
    </p>
   </div>
   <div class='ocr_carea' id='block_1_99' title="bbox 418 5278 2067 5356">
    <p class='ocr_par' dir='ltr' id='par_1_99' title="bbox 418 5278 2067 5356">
     <span class='ocr_line' id='line_1_100' title="bbox 418 5278 2067 5356; baseline 0.003 -23"><span class='ocrx_word' id='word_1_825' title='bbox 418 5278 623 5333; x_wconf 86' lang='lat' dir='ltr'>ovibus</span> <span class='ocrx_word' id='word_1_826' title='bbox 655 5278 821 5335; x_wconf 86' lang='lat' dir='ltr'>meis.</span> <span class='ocrx_word' id='word_1_827' title='bbox 861 5300 881 5328; x_wconf 73' lang='grc' dir='ltr'><strong>α</strong></span> <span class='ocrx_word' id='word_1_828' title='bbox 907 5281 975 5335; x_wconf 89' lang='lat' dir='ltr'>Et</span> <span class='ocrx_word' id='word_1_829' title='bbox 995 5298 1109 5337; x_wconf 92' lang='lat' dir='ltr'>non</span> <span class='ocrx_word' id='word_1_830' title='bbox 1138 5282 1321 5356; x_wconf 88' lang='lat' dir='ltr'>rapiet</span> <span class='ocrx_word' id='word_1_831' title='bbox 1342 5301 1439 5341; x_wconf 90' lang='lat' dir='ltr'>eas</span> <span class='ocrx_word' id='word_1_832' title='bbox 1462 5283 1773 5356; x_wconf 87' lang='lat' dir='ltr'>quisquam</span> <span class='ocrx_word' id='word_1_833' title='bbox 1799 5284 1869 5338; x_wconf 89' lang='lat' dir='ltr'>de</span> <span class='ocrx_word' id='word_1_834' title='bbox 1891 5300 2067 5338; x_wconf 87' lang='lat' dir='ltr'>manu</span> 
     </span>
    </p>
   </div>
   <div class='ocr_carea' id='block_1_100' title="bbox 421 5367 1485 5440">
    <p class='ocr_par' dir='ltr' id='par_1_100' title="bbox 421 5367 1485 5440">
     <span class='ocr_line' id='line_1_101' title="bbox 421 5367 1485 5440; baseline 0.009 -22"><span class='ocrx_word' id='word_1_835' title='bbox 421 5390 446 5416; x_wconf 75' lang='grc' dir='ltr'>α</span> <span class='ocrx_word' id='word_1_836' title='bbox 485 5382 630 5433; x_wconf 85' lang='lat' dir='ltr'>mea,</span> <span class='ocrx_word' id='word_1_837' title='bbox 658 5391 685 5417; x_wconf 85' lang='lat'>»</span> <span class='ocrx_word' id='word_1_838' title='bbox 718 5367 773 5422; x_wconf 87' lang='lat' dir='ltr'>id</span> <span class='ocrx_word' id='word_1_839' title='bbox 809 5372 896 5423; x_wconf 90' lang='lat' dir='ltr'>est</span> <span class='ocrx_word' id='word_1_840' title='bbox 925 5369 996 5423; x_wconf 90' lang='lat' dir='ltr'>de</span> <span class='ocrx_word' id='word_1_841' title='bbox 1029 5374 1309 5440; x_wconf 84' lang='lat' dir='ltr'>potestate</span> <span class='ocrx_word' id='word_1_842' title='bbox 1335 5389 1485 5428; x_wconf 89' lang='lat' dir='ltr'>mea.</span> 
     </span>
    </p>
   </div>
   <div class='ocr_carea' id='block_1_101' title="bbox 493 5457 2069 5532">
    <p class='ocr_par' dir='ltr' id='par_1_101' title="bbox 493 5457 2069 5532">
     <span class='ocr_line' id='line_1_102' title="bbox 493 5457 2069 5532; baseline 0.003 -23"><span class='ocrx_word' id='word_1_843' title='bbox 493 5479 518 5505; x_wconf 88' lang='grc'>‹‹</span> <span class='ocrx_word' id='word_1_844' title='bbox 553 5457 721 5511; x_wconf 83' lang='lat' dir='ltr'>Pater</span> <span class='ocrx_word' id='word_1_845' title='bbox 754 5473 918 5511; x_wconf 90' lang='lat' dir='ltr'>meus</span> <span class='ocrx_word' id='word_1_846' title='bbox 952 5458 1105 5529; x_wconf 88' lang='lat' dir='ltr'>quod</span> <span class='ocrx_word' id='word_1_847' title='bbox 1150 5459 1309 5515; x_wconf 89' lang='lat' dir='ltr'>dedit</span> <span class='ocrx_word' id='word_1_848' title='bbox 1348 5461 1515 5528; x_wconf 90' lang='lat' dir='ltr'>mihi,</span> <span class='ocrx_word' id='word_1_849' title='bbox 1552 5462 1744 5532; x_wconf 85' lang='lat' dir='ltr'>majus</span> <span class='ocrx_word' id='word_1_850' title='bbox 1795 5461 2069 5515; x_wconf 89' lang='lat' dir='ltr'>omnibus</span> 
     </span>
    </p>
   </div>
   <div class='ocr_carea' id='block_1_102' title="bbox 421 5545 2072 5621">
    <p class='ocr_par' dir='ltr' id='par_1_102' title="bbox 421 5545 2072 5621">
     <span class='ocr_line' id='line_1_103' title="bbox 421 5545 2072 5621; baseline 0.002 -21"><span class='ocrx_word' id='word_1_851' title='bbox 421 5569 447 5595; x_wconf 88' lang='grc'><strong>‹‹</strong></span> <span class='ocrx_word' id='word_1_852' title='bbox 468 5549 589 5611; x_wconf 82' lang='lat' dir='ltr'>est.</span> <span class='ocrx_word' id='word_1_853' title='bbox 617 5567 644 5594; x_wconf 86' lang='grc'><strong>››</strong></span> <span class='ocrx_word' id='word_1_854' title='bbox 677 5545 840 5611; x_wconf 89' lang='lat' dir='ltr'>Quod</span> <span class='ocrx_word' id='word_1_855' title='bbox 880 5545 1040 5602; x_wconf 86' lang='lat' dir='ltr'>dedit</span> <span class='ocrx_word' id='word_1_856' title='bbox 1069 5547 1237 5604; x_wconf 83' lang='lat' dir='ltr'>Pater</span> <span class='ocrx_word' id='word_1_857' title='bbox 1258 5548 1421 5615; x_wconf 84' lang='lat' dir='ltr'>Filio,</span> <span class='ocrx_word' id='word_1_858' title='bbox 1452 5551 1644 5621; x_wconf 86' lang='lat' dir='ltr'>majus</span> <span class='ocrx_word' id='word_1_859' title='bbox 1676 5549 1952 5604; x_wconf 89' lang='lat' dir='ltr'>omnibus</span> <span class='ocrx_word' id='word_1_860' title='bbox 1983 5553 2072 5604; x_wconf 85' lang='lat' dir='ltr'>est</span> 
     </span>
    </p>
   </div>
   <div class='ocr_carea' id='block_1_103' title="bbox 420 5634 2073 5710">
    <p class='ocr_par' dir='ltr' id='par_1_103' title="bbox 420 5634 2073 5710">
     <span class='ocr_line' id='line_1_104' title="bbox 420 5634 2073 5710; baseline 0.002 -20"><span class='ocrx_word' id='word_1_861' title='bbox 420 5641 484 5690; x_wconf 89' lang='lat' dir='ltr'>ut</span> <span class='ocrx_word' id='word_1_862' title='bbox 504 5634 628 5707; x_wconf 83' lang='lat' dir='ltr'>ipse</span> <span class='ocrx_word' id='word_1_863' title='bbox 649 5634 731 5691; x_wconf 91' lang='lat' dir='ltr'>illi</span> <span class='ocrx_word' id='word_1_864' title='bbox 748 5639 904 5692; x_wconf 84' lang='lat' dir='ltr'>esset</span> <span class='ocrx_word' id='word_1_865' title='bbox 924 5634 1263 5709; x_wconf 85' lang='lat' dir='ltr'>unigenitus</span> <span class='ocrx_word' id='word_1_866' title='bbox 1288 5637 1738 5710; x_wconf 65' lang='lat' dir='ltr'>Filius,mqualis</span> <span class='ocrx_word' id='word_1_867' title='bbox 1752 5642 1808 5692; x_wconf 89' lang='lat' dir='ltr'>et</span> <span class='ocrx_word' id='word_1_868' title='bbox 1828 5637 2073 5693; x_wconf 86' lang='lat' dir='ltr'>consub-</span> 
     </span>
    </p>
   </div>
   <div class='ocr_carea' id='block_1_104' title="bbox 2177 4634 3834 4726">
    <p class='ocr_par' dir='ltr' id='par_1_104' title="bbox 2177 4634 3834 4726">
     <span class='ocr_line' id='line_1_105' title="bbox 2177 4634 3834 4726; baseline -0.015 -10"><span class='ocrx_word' id='word_1_869' title='bbox 2177 4659 2363 4726; x_wconf 69' lang='lat' dir='ltr'>d‘iens,</span> <span class='ocrx_word' id='word_1_870' title='bbox 2388 4680 2413 4707; x_wconf 87' lang='grc'>‹‹</span> <span class='ocrx_word' id='word_1_871' title='bbox 2432 4634 2614 4711; x_wconf 88' lang='lat' dir='ltr'>unum</span> <span class='ocrx_word' id='word_1_872' title='bbox 2640 4634 2869 4718; x_wconf 81' lang='lat' dir='ltr'>sumus,</span> <span class='ocrx_word' id='word_1_873' title='bbox 2894 4671 2921 4699; x_wconf 84' lang='grc'><strong>››</strong></span> <span class='ocrx_word' id='word_1_874' title='bbox 2944 4647 3042 4720; x_wconf 89' lang='lat' dir='ltr'>qui</span> <span class='ocrx_word' id='word_1_875' title='bbox 3069 4648 3217 4701; x_wconf 88' lang='lat' dir='ltr'>duas</span> <span class='ocrx_word' id='word_1_876' title='bbox 3243 4647 3484 4699; x_wconf 83' lang='lat' dir='ltr'>naturas</span> <span class='ocrx_word' id='word_1_877' title='bbox 3504 4639 3561 4694; x_wconf 85' lang='lat' dir='ltr'>in</span> <span class='ocrx_word' id='word_1_878' title='bbox 3590 4634 3762 4694; x_wconf 79' lang='lat' dir='ltr'>Patre</span> <span class='ocrx_word' id='word_1_879' title='bbox 3778 4642 3834 4693; x_wconf 89' lang='lat' dir='ltr'>et</span> 
     </span>
    </p>
   </div>
   <div class='ocr_carea' id='block_1_105' title="bbox 2173 4726 3829 4810">
    <p class='ocr_par' dir='ltr' id='par_1_105' title="bbox 2173 4726 3829 4810">
     <span class='ocr_line' id='line_1_106' title="bbox 2173 4726 3829 4810; baseline -0.014 -6"><span class='ocrx_word' id='word_1_880' title='bbox 2173 4747 2314 4805; x_wconf 91' lang='lat' dir='ltr'>Filio</span> <span class='ocrx_word' id='word_1_881' title='bbox 2331 4732 3000 4810; x_wconf 59' lang='lat' dir='ltr'>astruit,dum&#39;«unum,»</span> <span class='ocrx_word' id='word_1_882' title='bbox 3022 4751 3199 4807; x_wconf 86' lang='lat' dir='ltr'>unam</span> <span class='ocrx_word' id='word_1_883' title='bbox 3218 4736 3490 4787; x_wconf 84' lang='lat' dir='ltr'>naturam</span> <span class='ocrx_word' id='word_1_884' title='bbox 3512 4726 3664 4799; x_wconf 88' lang='lat' dir='ltr'>signi</span> <span class='ocrx_word' id='word_1_885' title='bbox 3674 4726 3829 4793; x_wconf 80' lang='lat' dir='ltr'>licat,</span> 
     </span>
    </p>
   </div>
   <div class='ocr_carea' id='block_1_106' title="bbox 2175 4821 3831 4901">
    <p class='ocr_par' dir='ltr' id='par_1_106' title="bbox 2175 4821 3831 4901">
     <span class='ocr_line' id='line_1_107' title="bbox 2175 4821 3831 4901; baseline -0.015 -8"><span class='ocrx_word' id='word_1_886' title='bbox 2175 4838 2328 4893; x_wconf 89' lang='lat' dir='ltr'>sicut</span> <span class='ocrx_word' id='word_1_887' title='bbox 2366 4850 2643 4900; x_wconf 87' lang='lat' dir='ltr'>«sumus,</span> <span class='ocrx_word' id='word_1_888' title='bbox 2671 4854 2698 4881; x_wconf 83' lang='lat'>»</span> <span class='ocrx_word' id='word_1_889' title='bbox 2730 4831 2877 4885; x_wconf 88' lang='lat' dir='ltr'>duas</span> <span class='ocrx_word' id='word_1_890' title='bbox 2908 4840 3206 4901; x_wconf 87' lang='lat' dir='ltr'>personas.</span> <span class='ocrx_word' id='word_1_891' title='bbox 3239 4822 3565 4893; x_wconf 87' lang='lat' dir='ltr'>Sequamur</span> <span class='ocrx_word' id='word_1_892' title='bbox 3592 4821 3831 4888; x_wconf 83' lang='lat' dir='ltr'>aposto-</span> 
     </span>
    </p>
   </div>
   <div class='ocr_carea' id='block_1_107' title="bbox 2175 4908 3830 4993">
    <p class='ocr_par' dir='ltr' id='par_1_107' title="bbox 2175 4908 3830 4993">
     <span class='ocr_line' id='line_1_108' title="bbox 2175 4908 3830 4993; baseline -0.016 -9"><span class='ocrx_word' id='word_1_893' title='bbox 2175 4927 2347 4983; x_wconf 89' lang='lat' dir='ltr'>licam</span> <span class='ocrx_word' id='word_1_894' title='bbox 2381 4926 2575 4990; x_wconf 80' lang='lat' dir='ltr'>fidem,</span> <span class='ocrx_word' id='word_1_895' title='bbox 2609 4936 2785 4993; x_wconf 88' lang='lat' dir='ltr'>quam</span> <span class='ocrx_word' id='word_1_896' title='bbox 2819 4919 3025 4974; x_wconf 89' lang='lat' dir='ltr'>beatus</span> <span class='ocrx_word' id='word_1_897' title='bbox 3065 4915 3270 4970; x_wconf 88' lang='lat' dir='ltr'>Petrus</span> <span class='ocrx_word' id='word_1_898' title='bbox 3295 4909 3566 4983; x_wconf 84' lang='lat' dir='ltr'>princeps</span> <span class='ocrx_word' id='word_1_899' title='bbox 3593 4908 3830 4993; x_wconf 42' lang='lat' dir='ltr'>aposto:</span> 
     </span>
    </p>
   </div>
   <div class='ocr_carea' id='block_1_108' title="bbox 2177 4990 3831 5072">
    <p class='ocr_par' dir='ltr' id='par_1_108' title="bbox 2177 4990 3831 5072">
     <span class='ocr_line' id='line_1_109' title="bbox 2177 4990 3831 5072; baseline -0.016 0"><span class='ocrx_word' id='word_1_900' title='bbox 2177 5017 2367 5072; x_wconf 89' lang='lat' dir='ltr'>lorum</span> <span class='ocrx_word' id='word_1_901' title='bbox 2399 4990 2703 5069; x_wconf 77' lang='lat' dir='ltr'>confessus</span> <span class='ocrx_word' id='word_1_902' title='bbox 2747 5012 2836 5063; x_wconf 90' lang='lat' dir='ltr'>est</span> <span class='ocrx_word' id='word_1_903' title='bbox 2865 5023 2878 5060; x_wconf 93' lang='lat'>:</span> <span class='ocrx_word' id='word_1_904' title='bbox 2937 5028 2958 5055; x_wconf 73' lang='grc' dir='ltr'>ι</span> <span class='ocrx_word' id='word_1_905' title='bbox 2995 5004 3081 5060; x_wconf 88' lang='lat' dir='ltr'>Tu</span> <span class='ocrx_word' id='word_1_906' title='bbox 3114 5018 3177 5058; x_wconf 92' lang='lat' dir='ltr'>es</span> <span class='ocrx_word' id='word_1_907' title='bbox 3218 4998 3485 5057; x_wconf 88' lang='lat' dir='ltr'>Christus</span> <span class='ocrx_word' id='word_1_908' title='bbox 3515 4993 3699 5050; x_wconf 86' lang='lat' dir='ltr'>Filius</span> <span class='ocrx_word' id='word_1_909' title='bbox 3729 4990 3831 5047; x_wconf 86' lang='lat' dir='ltr'>Dei</span> 
     </span>
    </p>
   </div>
   <div class='ocr_carea' id='block_1_109' title="bbox 2176 5079 3830 5172">
    <p class='ocr_par' dir='ltr' id='par_1_109' title="bbox 2176 5079 3830 5172">
     <span class='ocr_line' id='line_1_110' title="bbox 2176 5079 3830 5172; baseline -0.016 -13"><span class='ocrx_word' id='word_1_910' title='bbox 2176 5104 2285 5159; x_wconf 89' lang='lat' dir='ltr'>vivi</span> <span class='ocrx_word' id='word_1_911' title='bbox 2342 5103 2545 5172; x_wconf 66' lang='lat' dir='ltr'>(Matth.</span> <span class='ocrx_word' id='word_1_912' title='bbox 2578 5098 2713 5171; x_wconf 84' lang='lat' dir='ltr'>xv1).</span> <span class='ocrx_word' id='word_1_913' title='bbox 2751 5120 2778 5147; x_wconf 90' lang='grc'><strong>››</strong></span> <span class='ocrx_word' id='word_1_914' title='bbox 2809 5093 2993 5152; x_wconf 67' lang='lat' dir='ltr'>Judaei</span> <span class='ocrx_word' id='word_1_915' title='bbox 3050 5088 3331 5146; x_wconf 85' lang='lat' dir='ltr'>videlicet</span> <span class='ocrx_word' id='word_1_916' title='bbox 3370 5084 3545 5142; x_wconf 87' lang='lat' dir='ltr'>verba</span> <span class='ocrx_word' id='word_1_917' title='bbox 3596 5079 3830 5172; x_wconf 79' lang='lat' dir='ltr'>Domini</span> 
     </span>
    </p>
   </div>
   <div class='ocr_carea' id='block_1_110' title="bbox 2177 5168 3828 5259">
    <p class='ocr_par' dir='ltr' id='par_1_110' title="bbox 2177 5168 3828 5259">
     <span class='ocr_line' id='line_1_111' title="bbox 2177 5168 3828 5259; baseline -0.016 -10"><span class='ocrx_word' id='word_1_918' title='bbox 2177 5193 2506 5256; x_wconf 87' lang='lat' dir='ltr'>audientes,</span> <span class='ocrx_word' id='word_1_919' title='bbox 2540 5168 2843 5259; x_wconf 84' lang='lat' dir='ltr'>hucusque</span> <span class='ocrx_word' id='word_1_920' title='bbox 2876 5180 3309 5240; x_wconf 83' lang='lat' dir='ltr'>festinaverunt.</span> <span class='ocrx_word' id='word_1_921' title='bbox 3346 5176 3495 5232; x_wconf 89' lang='lat' dir='ltr'>Dum</span> <span class='ocrx_word' id='word_1_922' title='bbox 3524 5186 3659 5226; x_wconf 89' lang='lat' dir='ltr'>vero</span> <span class='ocrx_word' id='word_1_923' title='bbox 3708 5168 3828 5226; x_wconf 82' lang='lat' dir='ltr'>ait:</span> 
     </span>
    </p>
   </div>
   <div class='ocr_carea' id='block_1_111' title="bbox 2178 5255 3829 5354">
    <p class='ocr_par' dir='ltr' id='par_1_111' title="bbox 2178 5255 3829 5354">
     <span class='ocr_line' id='line_1_112' title="bbox 2178 5255 3829 5354; baseline -0.017 -16"><span class='ocrx_word' id='word_1_924' title='bbox 2178 5305 2207 5331; x_wconf 87' lang='grc'>‹‹</span> <span class='ocrx_word' id='word_1_925' title='bbox 2239 5283 2354 5354; x_wconf 86' lang='lat' dir='ltr'>Ego</span> <span class='ocrx_word' id='word_1_926' title='bbox 2385 5284 2443 5335; x_wconf 91' lang='lat' dir='ltr'>et</span> <span class='ocrx_word' id='word_1_927' title='bbox 2473 5281 2640 5334; x_wconf 87' lang='lat' dir='ltr'>Pater</span> <span class='ocrx_word' id='word_1_928' title='bbox 2660 5255 2845 5331; x_wconf 78' lang='lat' dir='ltr'>unum</span> <span class='ocrx_word' id='word_1_929' title='bbox 2874 5286 3101 5337; x_wconf 90' lang='lat' dir='ltr'>sumus,</span> <span class='ocrx_word' id='word_1_930' title='bbox 3130 5291 3158 5319; x_wconf 87' lang='grc'><strong>››</strong></span> <span class='ocrx_word' id='word_1_931' title='bbox 3180 5283 3296 5323; x_wconf 90' lang='lat' dir='ltr'>non</span> <span class='ocrx_word' id='word_1_932' title='bbox 3318 5261 3702 5338; x_wconf 70' lang='lat' dir='ltr'>pertulerunt,</span> <span class='ocrx_word' id='word_1_933' title='bbox 3728 5255 3829 5312; x_wconf 87' lang='lat' dir='ltr'>sed</span> 
     </span>
    </p>
   </div>
   <div class='ocr_carea' id='block_1_112' title="bbox 2178 5350 3828 5435">
    <p class='ocr_par' dir='ltr' id='par_1_112' title="bbox 2178 5350 3828 5435">
     <span class='ocr_line' id='line_1_113' title="bbox 2178 5350 3828 5435; baseline -0.016 -9"><span class='ocrx_word' id='word_1_934' title='bbox 2178 5350 2337 5425; x_wconf 69' lang='lat' dir='ltr'>more</span> <span class='ocrx_word' id='word_1_935' title='bbox 2368 5386 2474 5424; x_wconf 88' lang='lat' dir='ltr'>suo</span> <span class='ocrx_word' id='word_1_936' title='bbox 2505 5367 2633 5421; x_wconf 90' lang='lat' dir='ltr'>duri</span> <span class='ocrx_word' id='word_1_937' title='bbox 2669 5365 2739 5419; x_wconf 88' lang='lat' dir='ltr'>ad</span> <span class='ocrx_word' id='word_1_938' title='bbox 2787 5360 3013 5435; x_wconf 84' lang='lat' dir='ltr'>lapides</span> <span class='ocrx_word' id='word_1_939' title='bbox 3042 5359 3444 5419; x_wconf 88' lang='lat' dir='ltr'>cucurrerunt,</span> <span class='ocrx_word' id='word_1_940' title='bbox 3477 5350 3629 5406; x_wconf 89' lang='lat' dir='ltr'>sicut</span> <span class='ocrx_word' id='word_1_941' title='bbox 3658 5363 3828 5402; x_wconf 83' lang='lat' dir='ltr'>evan-</span> 
     </span>
    </p>
   </div>
   <div class='ocr_carea' id='block_1_113' title="bbox 2178 5439 3053 5534">
    <p class='ocr_par' dir='ltr' id='par_1_113' title="bbox 2178 5439 3053 5534">
     <span class='ocr_line' id='line_1_114' title="bbox 2178 5439 3053 5534; baseline -0.011 -18"><span class='ocrx_word' id='word_1_942' title='bbox 2178 5459 2387 5534; x_wconf 88' lang='lat' dir='ltr'>gelista</span> <span class='ocrx_word' id='word_1_943' title='bbox 2416 5457 2556 5513; x_wconf 80' lang='lat' dir='ltr'>dicit</span> <span class='ocrx_word' id='word_1_944' title='bbox 2584 5474 2596 5510; x_wconf 93' lang='lat'>:</span> <span class='ocrx_word' id='word_1_945' title='bbox 3043 5439 3053 5449; x_wconf 78' lang='grc'><strong>’</strong></span> 
     </span>
    </p>
   </div>
   <div class='ocr_carea' id='block_1_114' title="bbox 2250 5524 3830 5616">
    <p class='ocr_par' dir='ltr' id='par_1_114' title="bbox 2250 5524 3830 5616">
     <span class='ocr_line' id='line_1_115' title="bbox 2250 5524 3830 5616; baseline -0.013 -17"><span class='ocrx_word' id='word_1_946' title='bbox 2250 5572 2277 5599; x_wconf 87' lang='grc'>‹‹</span> <span class='ocrx_word' id='word_1_947' title='bbox 2311 5542 2836 5616; x_wconf 89' lang='lat' dir='ltr'>Tuleruntlapides</span> <span class='ocrx_word' id='word_1_948' title='bbox 2852 5539 3264 5613; x_wconf 85' lang='lat' dir='ltr'>utlapidarent</span> <span class='ocrx_word' id='word_1_949' title='bbox 3293 5548 3448 5591; x_wconf 89' lang='lat' dir='ltr'>eum.</span> <span class='ocrx_word' id='word_1_950' title='bbox 3487 5551 3515 5580; x_wconf 89' lang='grc'><strong>››</strong></span> <span class='ocrx_word' id='word_1_951' title='bbox 3540 5524 3830 5583; x_wconf 88' lang='lat' dir='ltr'>Dominus</span> 
     </span>
    </p>
   </div>
   <div class='ocr_carea' id='block_1_115' title="bbox 2180 5620 3833 5709">
    <p class='ocr_par' dir='ltr' id='par_1_115' title="bbox 2180 5620 3833 5709">
     <span class='ocr_line' id='line_1_116' title="bbox 2180 5620 3833 5709; baseline -0.016 -16"><span class='ocrx_word' id='word_1_952' title='bbox 2180 5654 2295 5693; x_wconf 89' lang='lat' dir='ltr'>non</span> <span class='ocrx_word' id='word_1_953' title='bbox 2329 5636 2656 5709; x_wconf 79' lang='lat' dir='ltr'>patiebattir</span> <span class='ocrx_word' id='word_1_954' title='bbox 2676 5633 2830 5705; x_wconf 88' lang='lat' dir='ltr'>quod</span> <span class='ocrx_word' id='word_1_955' title='bbox 2863 5629 3095 5687; x_wconf 88' lang='lat' dir='ltr'>nolebat</span> <span class='ocrx_word' id='word_1_956' title='bbox 3121 5625 3262 5699; x_wconf 87' lang='lat' dir='ltr'>pati,</span> <span class='ocrx_word' id='word_1_957' title='bbox 3294 5628 3350 5681; x_wconf 91' lang='lat' dir='ltr'>et</span> <span class='ocrx_word' id='word_1_958' title='bbox 3375 5636 3487 5677; x_wconf 86' lang='lat' dir='ltr'>non</span> <span class='ocrx_word' id='word_1_959' title='bbox 3504 5620 3603 5674; x_wconf 81' lang='lat' dir='ltr'>est</span> <span class='ocrx_word' id='word_1_960' title='bbox 3618 5627 3833 5688; x_wconf 85' lang='lat' dir='ltr'>passus</span> 
     </span>
    </p>
   </div>
  </div>
