3926 6170
239 281 348 344 345

1442 283 1797 343 ΗΟΜΙΙᾹΑΞ
1841 281 1938 340 DE
1983 282 2380 343 TEMPOiiE.

3499 283 3623 350 346

150 486 162 499 .
240 414 340 471 nisi
370 411 517 486 quod
547 409 724 468 voluit
754 411 892 484 pati.
925 412 1125 470 Adhuc
1157 413 1527 488 eoslapidare
1554 415 1854 489 cupientes
1886 415 1940 482 Α
1971 420 2078 472 est.
2113 416 2335 472 Fideles
2363 415 2518 472 enim
2545 415 2963 490 participantes
2996 416 3122 491 ejus
3140 417 3619 492 gratiam,etillu-

237 503 552 575 alloquitur.

299 616 324 640 ‹‹
354 591 718 647 Sustulerunt
748 590 971 664 lapides
1000 594 1206 660 Judaei,
1242 601 1305 648 ut
1334 595 1664 667 lapidarent
1694 611 1850 652 cum.

233 706 254 730 (ι
292 681 594 752 Respondit
623 681 707 736 eis
735 682 934 736 Jesus:
970 683 1152 737 Multa
1198 684 1349 739 bona
1400 702 1574 756 opera
1625 685 1852 740 ostendi

229 795 254 818 ‹‹
283 771 436 826 vobis
468 789 500 825 a
529 772 692 826 Patre
721 787 869 838 meo,
907 777 1143 844 propter
1169 759 1324 844 quod
1347 791 1547 829 eorum
1580 792 1728 847 opus
1761 791 1854 830 me

231 883 254 907 «ι
281 860 582 931 lapidatis?
610 862 680 914 At
723 860 820 914 illi,
856 862 1312 932 responderunt:
1356 864 1434 919 De
1486 864 1636 919 bono
1682 881 1854 936 opere

229 975 247 997 α
281 965 388 1004 non
424 948 748 1021 iapidamus
781 956 854 1016 te,
887 952 987 1006 sed
1021 951 1092 1006 de
1124 952 1578 1024 blasphemia,et
1600 953 1738 1026 quia
1768 959 1851 1019 tu,

224 1062 247 1088 «
281 1038 445 1092 homo
471 1055 605 1094 cum
639 1039 744 1106 sis,
777 1039 920 1096 facis
970 1040 1222 1112 teipsum
1275 1046 1477 1097 Deum.
1509 1065 1533 1090 n
1581 1043 1664 1097 Ad
1706 1042 1854 1097 illud

222 1127 635 1199 responderunt
665 1129 816 1200 quod
848 1129 1100 1184 dixerat:
1149 1153 1175 1179 ‹‹
1211 1131 1324 1203 Ego
1351 1127 1421 1186 et‘
1450 1135 1620 1187 Pater
1667 1149 1853 1188 unum

223 1234 435 1271 sumus.
476 1240 502 1264 η
535 1217 678 1272 Ecce
707 1218 890 1273 Judaai
913 1218 1488 1292 intellexeruntquod
1517 1221 1716 1276 Ariani
1740 1239 1854 1277 non

221 1305 558 1378 intelligunt.
587 1307 720 1362 ldeo
753 1308 906 1362 enim
929 1307 1058 1362 irati
1075 1313 1235 1374 sunt,
1251 1310 1528 1380 quoniam
1545 1316 1856 1366 senserunt

221 1412 320 1449 non
353 1411 523 1465 posse
554 1394 701 1450 dici:
736 1417 762 1444 ‹‹
799 1396 912 1468 Ego
946 1400 1002 1452 et
1031 1397 1198 1453 Pater
1228 1415 1410 1453 unum
1445 1416 1716 1466 sumus,»
1741 1399 1851 1454 nisi

220 1483 306 1538 ubi
334 1481 642 1555 aequalitas
673 1488 762 1540 est
785 1483 975 1541 Patris
1008 1489 1064 1540 et
1096 1485 1244 1541 Filii.
1281 1487 1435 1543 Deus
1453 1492 1645 1543 autem
1665 1489 1854 1545 videte

219 1570 343 1642 quid
375 1573 745 1644 responderit
775 1574 986 1645 pravis.
1016 1576 1186 1631 Videt
1215 1593 1312 1631 eos
1347 1594 1462 1632 non
1495 1577 1641 1633 ferre
1659 1577 1850 1650 splen-

217 1662 395 1715 dorem
428 1661 714 1727 veritatis,
747 1667 804 1719 et
832 1680 928 1719 eos
959 1665 1200 1719 tentavit
1230 1666 1287 1720 in
1319 1667 1530 1722 verbis.

280 1773 302 1798 ν
333 1751 532 1806 Nonne
566 1751 851 1824 scriptum
883 1759 974 1809 est
1003 1753 1062 1808 in
1097 1753 1221 1827 lege
1245 1760 1457 1822 vestra,
1478 1757 1573 1810 nid
1591 1757 1852 1812 estvobis
1880 1792 1928 1855 Β

216 1839 354 1902 data,
389 1863 415 1887 ‹‹
451 1840 624 1911 quia:
660 1842 774 1913 Ego
803 1841 946 1897 dixi:
985 1843 1074 1897 Dii
1105 1845 1286 1900 estis?
1316 1869 1341 1893 ››
1376 1845 1529 1900 Deus
1572 1846 1711 1900 dicit
1752 1863 1853 1918 per

218 1927 546 1998 prophetam
579 1927 638 1982 in
669 1929 894 2000 psalmo
927 1933 1383 2005 omnibuszaEgo
1401 1934 1847 1990 dixi:Diiestis.»

217 2015 269 2068 Et
293 2014 471 2085 legem
505 2017 825 2088 appellavit
842 2019 1126 2076 Dominus
1142 2022 1852 2092 generaliteromnesillas

215 2103 837 2178 Scripturas,quamvis
877 2107 1018 2163 alibi
1051 2109 1386 2181 specialiter
1416 2111 1570 2166 dicat
1603 2111 1789 2184 legem
1805 2131 1854 2178 ,a

214 2192 492 2263 prophetis
515 2210 652 2256 eam
683 2195 1257 2268 distinguens,sicuti
1289 2204 1404 2255 est:
1440 2225 1465 2249 u
1485 2202 1596 2256 Lex
1628 2206 1685 2257 et
1715 2219 1852 2273 pro-

215 2280 378 2352 phetae
413 2299 608 2353 usque
643 2284 713 2339 ad
742 2284 1026 2340 Joannem
1058 2289 1209 2355 (Luc.
1253 2291 1388 2356 xvx).
1425 2311 1453 2337 ››
1503 2290 1570 2345 Et
1601 2289 1848 2346 iterum:

214 2391 236 2417 «
268 2369 320 2423 In
354 2369 443 2425 his
476 2371 716 2428 duobus
743 2373 1046 2446 praeceptis
1097 2379 1218 2430 tota
1249 2375 1338 2431 lex
1383 2379 1598 2449 pendet
1627 2383 1685 2434 et
1716 2395 1851 2451 pro-

213 2457 377 2528 pheta:
409 2459 623 2529 (Matth.
658 2461 814 2531 xxii).
854 2485 880 2510 ››
911 2462 1238 2535 Aliquando
1269 2470 1464 2520 autem
1501 2466 1556 2520 in
1590 2466 1698 2521 tria
1729 2467 1852 2522 dis-

213 2545 400 2603 tribuit
457 2549 703 2605 easdem
758 2550 1110 2623 Seripturas,
1169 2553 1265 2608 ubi
1318 2554 1424 2609 ait:
1476 2555 1855 2626 «Oportebat

216 2633 421 2707 impleri
452 2636 664 2692 omnia
694 2655 820 2710 quae
849 2639 1067 2713 scripta
1110 2647 1249 2697 sunt
1278 2641 1336 2697 in
1381 2642 1504 2714 lege
1558 2643 1762 2716 Moysi,
1797 2647 1853 2700 et

213 2723 513 2796 prophetis,
547 2730 614 2781 et
643 2726 889 2798 psalmis
920 2729 991 2784 de
1023 2746 1114 2784 me
1145 2730 1296 2801 (Luc.
1330 2732 1476 2802 ML).
1501 2732 1854 2788 »Nuncvero

214 2812 366 2868 etiam
381 2813 649 2886 psalmos
663 2815 807 2888 legis
819 2818 1054 2874 nomine
1066 2836 1259 2874 nuncu
1268 2819 1546 2892 pavit,ubi
1567 2821 1852 2892 scriptum

215 2906 312 2956 est:
349 2926 374 2952 «ι
408 2904 524 2976 Ego
556 2905 715 2960 dixi:
751 2905 836 2960 Dii
861 2906 1020 2962 estis.
1063 2931 1089 2956 ››

281 3010 300 3036 ι
328 2991 381 3045 Si
412 2992 544 3048 illos
581 2993 732 3048 dixit
761 2996 902 3051 deos
932 2997 1003 3051 ad
1037 3014 1184 3068 quos
1217 3014 1409 3054 sermo
1427 2998 1522 3054 Dei
1542 2999 1727 3055 factus
1744 3003 1852 3069 est,

217 3100 239 3126 α
265 3084 314 3134 et
343 3099 456 3136 non
486 3086 691 3154 potest
722 3083 864 3139 solvi
897 3085 1215 3158 Scriptura,
1250 3105 1424 3159 quem
1460 3072 1852 3144 Patersancti-

1965 506 2168 562 minati
2202 506 2275 561 ab
2307 507 2456 578 ipso,
2489 505 2546 561 in
2583 505 2679 561 illo
2712 523 2920 563 sumus
2951 510 3009 562 et
3039 506 3163 579 ipse
3195 507 3253 563 in
3285 510 3482 567 nobis:
3515 512 3620 568 sed

1966 613 2079 652 non
2112 596 2267 651 sicut
2297 595 2636 670 unigenitus
2669 596 2851 651 Filius
2885 595 2980 650 ille
3010 595 3068 650 in
3099 596 3618 662 Patre,etPaterin

1963 685 2080 752 illo,
2119 690 2398 757 tanquam
2429 684 2670 757 aequalis
2701 683 3618 759 ineo,cuiesta2qualis.Denique

1964 792 2070 830 nos
2108 775 2420 846 aliquando
2450 791 2768 846 possumus
2801 773 3021 829 dicere:
3057 773 3118 829 In
3151 774 3266 832 Deo
3303 791 3530 844 sumus,
3564 781 3622 831 et
3725 841 3727 844 ι

1964 865 2116 920 Deus
2149 863 2207 918 in
2240 862 2436 919 nobis:
2471 881 2587 918 non
2615 866 2811 919 autem
2840 879 3156 934 possumus
3184 864 3392 919 dicere:
3429 865 3545 936 Ego
3561 871 3619 920 et

1967 958 2114 1008 Deus
2130 970 2312 1008 unum
2326 953 2762 1008 sumus.Nonne
2780 969 3093 1024 possumus
3109 952 3384 1007 dicere:ln
3406 956 3518 1008 Deo
3532 970 3614 1022 es,

1933 1042 2104 1117 quia
2133 1043 2287 1096 Deus
2318 1046 2372 1096 te
2404 1041 2699 1097 continet?
2731 1041 2984 1097 Deusest
3015 1040 3615 1113 inte,quiatemplum

1964 1131 2063 1186 Dei
2090 1131 2276 1185 factus
2308 1132 2408 1185 es?
2435 1130 2548 1186 Sic.
2583 1130 2690 1185 Sed
2727 1129 2992 1201 nunquid
3012 1129 3622 1201 quiainDeoes,Deus

1963 1219 2064 1274 es?
2090 1219 2176 1274 vel
2209 1220 2347 1292 quia
2378 1219 2435 1274 in
2469 1223 2522 1274 te
2553 1219 2706 1274 Deus
2739 1222 2846 1284 est,
2881 1221 3046 1290 potes
3068 1217 3615 1283 dicere:Quimevi-

1963 1309 2061 1363 det
2086 1309 2269 1362 Deum
2301 1308 2477 1375 videt,
2513 1308 2806 1380 quomodo
2840 1305 3186 1378 Unigenitus
3218 1305 3390 1361 dixit:
3444 1331 3472 1356 «
3506 1307 3612 1370 Qui

1965 1413 2057 1450 me
2087 1396 2259 1464 videt,
2292 1397 2448 1451 videt
2478 1400 2534 1450 et
2563 1396 2837 1451 Patrem?
2870 1419 2896 1443 ››
2926 1397 3104 1462 (Joan.
3137 1395 3609 1462 xuv).Etiterum:

1965 1508 1990 1533 ι(
2028 1486 2141 1557 Ego
2173 1489 2227 1540 et
2257 1486 2425 1539 Pater
2455 1501 2638 1539 unum
2673 1483 2969 1539 sumus?»
3000 1483 3144 1538 Non.
3178 1485 3440 1555 Agnosce
3479 1501 3610 1555 pro-

1965 1574 2157 1646 prium
2191 1573 2446 1636 Domini,
2476 1578 2532 1629 et
2562 1591 2777 1628 munus
2810 1573 2976 1627 servi.
3021 1570 3326 1644 Proprium
3378 1572 3607 1627 Domini

1963 1666 2050 1717 est
2079 1662 2381 1735 mqualitas
2412 1663 2630 1730 Patris;
2667 1679 2884 1718 munus
2914 1661 3062 1716 servi
3105 1665 3193 1716 est
3242 1660 3609 1733 participatio

1963 1751 2300 1808 Salvatoris.

2557 1893 2855 1949 HOMILIA
2897 1894 3005 1948 LX.

2366 2009 2527 2047 FERIA
2568 2007 2775 2054 QUINTA
2819 1999 2956 2046 pos?
2991 1991 3205 2047 Indica.

2033 2108 2216 2178 (JOAN.
2251 2112 2372 2174 vn.)
2405 2133 2430 2157 ‹‹
2469 2107 2528 2163 In
2564 2106 2661 2161 illo
2691 2110 2972 2178 tempore,
2997 2123 3132 2160 cum
3164 2105 3609 2178 audissentqui-

1961 2220 1988 2246 «
2025 2198 2160 2252 dam
2189 2194 3359 2261 deturbasermonesJesu,dicebant:Hic
3383 2199 3613 2269 estvere

1962 2285 2397 2358 «propheta.»et
2413 2284 2654 2356 reliqua.
2673 2285 2815 2339 Cum
2832 2300 2968 2357 ergo
2983 2283 3330 2355 loquebatur
3343 2281 3612 2340 Christus

1960 2373 2018 2429 in
2047 2375 2138 2431 die
2179 2373 2496 2431 novissimo
2547 2372 2879 2430 festivitatis
2931 2390 2997 2428 ea
3029 2389 3156 2444 qua:
3207 2388 3388 2444 supra
3430 2371 3613 2443 hujus

1959 2469 2118 2518 textu
2153 2462 2441 2535 Evangelii
2476 2461 2663 2534 posita
2695 2465 2851 2529 sunt,
2885 2467 3024 2516 nata
3053 2466 3142 2517 est
3172 2459 3425 2516 deilloin
3440 2461 3613 2517 turba

1960 2551 2271 2620 dissensio,
2305 2550 2435 2605 aliis
2468 2551 2812 2622 putantibus
2844 2550 2996 2622 quod
3017 2547 3610 2622 ipseessethristus,‘

1961 2640 2091 2696 aliis
2123 2639 2452 2696 dicentibus
2482 2639 2621 2710 quia
2652 2639 2720 2693 de
2753 2637 2988 2694 Galilzea
3020 2656 3134 2694 non
3161 2644 3429 2714 exsurget
3453 2638 3613 2693 Chri-

1962 2735 2109 2786 stus.
2141 2729 2248 2793 Qui
2281 2745 2411 2783 vero
2444 2725 2606 2783 missi
2638 2727 3087 2782 fuerantuteum
3105 2731 3388 2796 tenerent,
3424 2728 3608 2783 redie-

1961 2824 2100 2874 runt
2132 2816 2770 2879 immunesacrimine,
2824 2820 2882 2871 et
2931 2815 3084 2887 pleni
3135 2814 3302 2888 signo
3351 2815 3605 2872 admira~

1962 2907 2156 2963 tionis.
2191 2907 2336 2962 Nam
2367 2910 2424 2962 et
2474 2906 2873 2962 testimonium
2927 2905 3349 2978 perhibuerunt
3397 2904 3606 2962 divinas

1963 2995 2240 3052 doctrina
2270 2998 2417 3067 ejus,
2451 3013 2584 3051 cum
2617 2996 2876 3051 dicerent
2905 3012 2937 3050 a
2967 2995 3184 3065 quibus
3216 2993 3384 3050 missi
3410 2997 3602 3049 erant:

2036 3109 2063 3135 «
2095 3088 2282 3150 Quare
2313 3101 2429 3141 non
2460 3083 2789 3140 adduxistis
2805 3101 2938 3139 eum
2956 3085 2982 3138 ?
3005 3084 3486 3156 Respondereunt
3498 3083 3602 3139 eis;

213 3189 235 3215 α
265 3169 441 3224 ﬁcavit
461 3176 517 3225 et
549 3171 723 3226 misit
754 3173 810 3226 in
843 3175 1152 3242 mundum,
1183 3193 1284 3231 vos
1314 3177 1528 3243 dicitis,
1561 3177 1700 3250 quia
1731 3178 1847 3232 bla-
1877 3159 1932 3225 C-
1961 3200 1987 3226 ‹‹
2021 3177 2334 3248 Nunquam
2367 3193 2428 3230 se
2459 3175 2691 3229 audisse
2724 3173 3018 3228 hominem
3041 3173 3606 3228 siclocutum.nNon

215 3280 236 3304 ‹‹
265 3258 548 3329 sphem-as,
595 3261 733 3332 quia
755 3261 895 3326 dixi,
913 3262 1094 3319 Filius
1115 3265 1210 3319 Dei
1231 3283 1362 3320 sum
1378 3266 1405 3320 ?
1421 3266 1517 3322 nSi
1533 3285 1726 3323 sermo
1745 3268 1845 3323 Dei

213 3344 380 3402 factus
404 3353 495 3404 est
524 3349 604 3405 ad
645 3349 934 3416 homines,
956 3353 1363 3409 utdicerentur
1383 3355 1484 3420 dii,
1505 3355 1699 3428 ipsum
1711 3357 1846 3412 Ver-

211 3433 330 3490 bum
357 3436 454 3492 Dei
468 3437 719 3509 quidem
733 3439 888 3510 apud
904 3440 1109 3507 Deum,
1127 3444 1417 3512 quomodo
1433 3461 1546 3500 non
1562 3449 1649 3501 est
1662 3447 1846 3502 Deus?

211 3522 257 3576 Si
286 3541 378 3594 per
403 3543 746 3594 sermonem
777 3527 876 3582 Dei
911 3529 1060 3584 ﬁunt
1091 3529 1358 3586 homines
1387 3532 1657 3597 dii,unde
1672 3535 1846 3606 parti-

211 3609 380 3682 cipant
407 3631 523 3670 non
555 3618 656 3670 est
689 3615 881 3670 Deus?
911 3615 971 3670 Si
1001 3616 1660 3676 luminailluminatadii
1682 3626 1844 3690 sunt,

211 3696 382 3757 lnmen
401 3704 558 3776 quod
574 3701 878 3762 illuminat
890 3706 1188 3776 quomodo
1203 3724 1314 3762 non
1329 3713 1416 3763 est
1431 3709 1613 3766 Deus?
1627 3711 1685 3767 Si
1699 3711 1845 3767 cale-

212 3787 325 3844 facti
352 3793 794 3864 quodammodo
823 3793 943 3866 igni
967 3794 1299 3850 salutaridii
1316 3798 1671 3870 efficiuntur,
1688 3802 1842 3856 unde

214 3877 461 3937 calefiunt
490 3899 610 3938 non
646 3885 738 3937 est
768 3883 1212 3939 Deus?Accedis
1229 3885 1843 3953 adlumen,illumina—

216 3965 297 4033 ris,
317 3973 379 4024 .et
405 3970 558 4026 inter
586 3969 744 4026 filios
757 3971 855 4027 Dei
881 3973 1209 4028 numeraris
1225 3989 1236 4027 :
1253 3973 1302 4029 si
1317 3975 1538 4031 recedis
1552 3975 1838 4045 alumine,

219 4055 598 4115 obscurariset
633 4060 694 4114 in
728 4060 981 4116 tenebris
1024 4063 1400 4133 computaris.
1452 4063 1599 4119 Illud
1643 4071 1839 4123 tamen

217 4143 386 4201 iumen
415 4165 530 4203 non
551 4149 784 4204 accedit
811 4150 882 4204 ad
914 4166 998 4215 se,
1029 4149 1170 4221 quia
1197 4168 1313 4206 non
1346 4154 1563 4208 recedit
1593 4171 1627 4209 a
1655 4173 1736 4211 se.
1779 4157 1837 4211 Si

215 4247 327 4305 ergo
351 4252 450 4291 vos
478 4237 624 4292 deos
655 4237 789 4293 fecit
818 4255 1010 4294 sermo
1023 4238 1143 4306 Dei,
1163 4241 1456 4311 quomodo
1477 4259 1591 4298 non
1610 4249 1700 4299 est
1719 4261 1840 4299 ver-

215 4317 331 4376 bum
358 4323 456 4379 Dei
483 4325 716 4380 Patris?
745 4326 892 4399 Ergo
923 4327 1307 4384 sanctiﬁcavit
1339 4329 1544 4386 Filium
1561 4349 1754 4387 suum.
1782 4336 1838 4388 et

217 4411 351 4466 misit
377 4411 432 4468 in
464 4415 781 4470 mundum.
806 4416 972 4471 Forte
1002 4415 1410 4488 aliquisdieat:
1433 4420 1490 4474 Si
1514 4420 1684 4475 Pater
1699 4438 1832 4478 eum

1954 3264 2109 3319 enim
2144 3281 2393 3335 usquam
2428 3263 2511 3318 sic
2540 3261 2800 3334 loquitur
2829 3261 3024 3315 homo.
3060 3259 3159 3315 Ille
3191 3265 3387 3315 autem
3418 3261 3503 3316 sic
3525 3260 3606 3315 lo-

1955 3357 2126 3409 cutus
2157 3357 2264 3420 est,
2298 3353 2437 3424 quia
2467 3352 2620 3407 Deus
2651 3354 2851 3406 eratet
2878 3350 3310 3405 homo.’I‘amen
3327 3348 3604 3408 Pharisaei

1954 3442 2357 3498 testimonium
2391 3458 2591 3497 eorum
2625 3439 2990 3512 repellentes,
3024 3437 3295 3493 dixerunt
3323 3437 3438 3494 eis:

2026 3556 2051 3580 ‹‹
2092 3531 2368 3602 Nunquid
2400 3534 2457 3585 et
2485 3547 2585 3586 vos
2613 3528 2835 3584 seducti
2865 3527 3045 3584 estis?
3078 3550 3106 3576 »
3137 3527 3418 3583 Videmus
3443 3527 3602 3584 enim

1953 3621 2268 3677 delectatos
2295 3637 2394 3675 vos
2426 3636 2555 3675 esse
2583 3618 2952 3674 sermonibus
2979 3616 3158 3671 illius.

2025 3734 2051 3760 ‹‹
2086 3709 2356 3782 Nunquid
2393 3708 2604 3781 aliquis
2621 3708 2691 3762 de
2723 3704 3421 3780 principibuscrediditin
3439 3723 3597 3773 eum,

1952 3824 1978 3849 ‹‹
2015 3804 2116 3854 aut
2144 3817 2211 3855 ex
2242 3798 2588 3853 Pharisaeis?
2618 3797 2725 3852 Sed
2762 3796 2933 3852 turba
2963 3795 3106 3864 haec,
3140 3813 3266 3867 quas
3293 3812 3408 3851 non
3442 3796 3604 3851 novit

1951 3912 1978 3938 «
2013 3888 2222 3961 legem,
2255 3886 2550 3942 maledicti
2580 3890 2738 3942 sunt.
2775 3908 2802 3934 ››
2834 3885 2937 3950 Qui
2962 3902 3078 3941 non
3097 3883 3595 3957 noverantlegem,

1950 3977 2060 4048 ipsi
2097 3977 2411 4032 credebant
2441 3977 2498 4030 in
2530 3992 2662 4032 eum
2695 3975 2796 4047 qui
2829 3974 3069 4030 miserat
3115 3973 3322 4046 legem.
3357 3975 3424 4029 Et
3460 3989 3596 4028 eum

1949 4066 2048 4139 qui
2081 4065 2321 4121 miserat
2352 4064 2559 4138 legem,
2590 4064 3038 4120 contemnebant
3066 4062 3148 4117 illi
3182 4062 3281 4135 qui
3311 4063 3598 4118 docebant

1948 4153 2157 4227 legem,
2192 4158 2256 4208 ut
2286 4151 2626 4224 impleretur
2657 4151 2813 4224 quod
2846 4152 3070 4206 dixerat
3110 4151 3234 4222 ipse
3278 4150 3590 4205 Dominus:

1947 4244 2062 4316 Ego
2091 4243 2242 4308 veni,
2278 4247 2342 4296 ut
2372 4259 2485 4297 non
2513 4241 2775 4297 videntes
2805 4241 3060 4307 videant,
3090 4244 3147 4294 et
3173 4239 3438 4293 videntes
3458 4237 3594 4292 caeci

1947 4333 2106 4387 fiant.
2136 4330 2274 4385 C'ci
2311 4330 2465 4385 enim
2491 4329 2624 4383 facti
2658 4333 2795 4384 sunt
2826 4326 3098 4382 Pharisaei
3133 4327 3420 4392 doctores,
3455 4323 3590 4380 illu-

1945 4420 2151 4476 minati
2181 4423 2319 4476 sunt
2349 4417 2547 4491 populi
2578 4417 2762 4491 legem
2797 4415 3121 4473 nescientes
3143 4415 3271 4470 etin
3295 4418 3591 4470 auctorem

216 4500 569 4590 sanctiﬁcavit
599 4503 920 4576 aliquando
951 4522 1066 4561 non
1099 4512 1340 4563 sanctus
1387 4509 1517 4563 fuit.
1560 4511 1645 4564 Ad
1677 4511 1830 4582 quod
1873 4509 2097 4590 Dlegis
2121 4510 2440 4565 credentes.
2474 4507 2824 4563 Nicodamus
2853 4511 3071 4572 tamen,
3101 4520 3256 4560 unus
3289 4519 3357 4558 ex
3385 4501 3588 4557 Phari-

216 4585 532 4647 dicendum:
567 4591 964 4649 Sanctiticavit
1012 4597 1305 4666 quomodo
1346 4598 1549 4669 genuit
1587 4615 1740 4666 eum,
1774 4606 1839 4655 ut
1873 4585 1906 4590 ﬁ
1948 4599 2100 4666 saais,
2133 4597 2232 4670 qui
2264 4599 2335 4653 ad
2367 4597 3124 4670 Dominumnoctevenerat,
3146 4590 3588 4664 etipsequidem

217 4679 926 4754 sanctusesset.Gigncndo
939 4683 987 4738 ei
1003 4683 1182 4751 dedit,
1197 4683 1616 4756 quiasanctum
1630 4689 1834 4759 genuit

216 4778 347 4821 cum.
377 4768 518 4825 Nam
549 4769 600 4824 si
637 4771 792 4842 quod
824 4771 1242 4840 sanctificatur,
1277 4779 1412 4830 ante
1443 4792 1554 4831 non
1569 4782 1692 4832 erat
1707 4795 1835 4833 san-

218 4855 370 4922 ctum,
401 4859 696 4928 quomodo
725 4859 978 4916 dicimus
1009 4861 1124 4917 Deo
1149 4862 1330 4931 Patri,
1361 4888 1388 4913 «
1431 4865 1836 4924 Sanctiﬁcetur

220 4956 402 4999 nomen
431 4948 644 5002 tuum?
679 4973 698 5000 κ

276 5052 298 5078 ‹‹
325 5032 377 5086 Si
410 5052 519 5088 non
558 5036 704 5092 facio
735 5053 910 5110 o-pera
949 5039 1134 5096 Patris
1185 5039 1321 5107 mei,
1374 5043 1552 5099 nolite
1601 5046 1833 5103 credere

220 5139 241 5164 ι‹
271 5118 414 5176 mihi.
445 5124 502 5178 Si
534 5128 729 5181 autem
762 5126 932 5195 facio,
965 5132 1022 5182 et
1037 5128 1372 5186 simihinon
1387 5132 1560 5188 vultis
1575 5135 1829 5206 credere,

223 5227 238 5250 ι
268 5211 522 5303 pperibus
553 5214 789 5303 credite,
824 5221 889 5270 ut
918 5218 1284 5288 cognoscatis
1312 5223 1369 5276 et
1398 5211 1647 5278 credatis
1694 5223 1834 5296 quia

221 5313 244 5341 α
269 5302 314 5349 in
345 5314 431 5355 me
459 5302 764 5369 estPater,
795 5309 850 5360 et
883 5307 1262 5378 egoinl’atre.
1299 5309 1633 5366 nNonenim
1651 5311 1830 5368 Filius

221 5381 286 5435 sic
313 5385 473 5443 dicit:
511 5412 537 5439 ‹‹
569 5390 630 5445 In
661 5409 753 5447 me
784 5398 873 5448 est
904 5394 1092 5463 Pater,
1125 5401 1182 5450 et
1220 5413 1326 5469 ego
1359 5397 1418 5452 in
1469 5397 1587 5467 illo,
1624 5423 1651 5449 »
1684 5418 1830 5472 quo-

221 5472 364 5527 modo
395 5484 636 5546 possunt
657 5481 851 5538 dicere
879 5481 1169 5540 homines.
1203 5485 1260 5540 Si
1280 5485 1433 5541 enim
1459 5487 1604 5544 bene
1617 5491 1830 5563 cogite-

221 5570 349 5628 ImIS,
377 5563 432 5619 in
458 5565 571 5621 Deo
585 5585 807 5638 sumus,
823 5574 878 5626 et
893 5571 941 5626 si
956 5573 1395 5643 benevivamus,
1409 5575 1564 5632 Deus
1587 5576 1646 5632 in
1662 5579 1828 5636 nobis

1944 4704 2059 4744 non
2089 4687 2384 4752 credulus,
2417 4687 2514 4742 sed
2532 4684 2777 4741 timidus
2790 4689 2947 4752 (nam
2968 4683 3096 4738 ideo
3111 4686 3166 4737 et
3180 4684 3347 4737 nocte
3357 4683 3592 4735 venerat

1943 4777 2014 4832 ad
2048 4777 2261 4844 lucem,
2290 4775 2430 4848 quia
2461 4772 3042 4839 illuminarivolebat,
3075 4777 3133 4826 et
3149 4760 3604 4841 sciritimebat),

1945 4866 2248 4938 respondit
2275 4864 2521 4921 Judaeis:

2016 4978 2042 5005 ‹‹
2078 4955 2353 5026 Nunquid
2388 4953 2475 5010 lex
2509 4958 2700 5009 vestra
2721 4952 2949 5023 judicat
2996 4951 3294 5006 hominem
3343 4949 3454 5004 nisi
3485 4966 3587 5004 au-

1945 5067 1972 5093 ‹‹
2007 5043 2179 5099 dierit
2207 5045 2280 5099 ab
2314 5043 2438 5114 ipso
2469 5042 2635 5114 prius
2665 5046 2722 5098 et
2752 5039 3082 5113 cognoverit
3130 5039 3268 5112 quid
3316 5038 3527 5095 faciat?
3557 5060 3585 5089 ››

1941 5132 2224 5188 Volebant
2253 5133 2408 5187 enim
2440 5130 2526 5185 illi
2565 5129 2817 5202 perversi
2868 5134 3001 5185 ante
3033 5145 3161 5185 esse
3213 5129 3589 5192 damnatores

1941 5239 2119 5292 quam
2151 5220 2497 5292 cognitores.
2530 5218 2758 5274 Sciebat
2787 5218 2944 5274 enim
2975 5219 3349 5286 Nicodemus,
3372 5217 3459 5272 vel
3492 5235 3590 5289 po-

1941 5311 2058 5365 tius
2091 5309 2380 5378 credebat,
2415 5308 2555 5380 quia
2587 5309 2633 5364 si
2666 5309 3074 5363 tantummodo
3115 5324 3250 5362 eum
3301 5307 3589 5379 patienter

1940 5399 2151 5454 vellent
2178 5399 2402 5467 audire,
2439 5399 2583 5454 forte
2613 5397 2837 5454 similes
2865 5398 3067 5453 fierent
3096 5395 3232 5461 illis,
3285 5396 3384 5468 qui
3419 5396 3584 5452 missi

1941 5491 2078 5544 sunt
2106 5493 2300 5543 tenere
2333 5505 2488 5556 eum,
2523 5493 2578 5544 et
2609 5487 2944 5544 maluerunt
2992 5487 3224 5544 credere
3279 5485 3359 5541 illi
3405 5502 3582 5558 quam

1941 5585 2134 5635 tenere
2165 5577 2352 5633 illum.
2370 5579 2817 5654 Responderunt
2835 5597 2904 5635 ex
2917 5577 3254 5654 praejudicio
3266 5575 3455 5632 cordis
3467 5574 3580 5634 sui:
