4012 6174
297 306 414 387 3'47

870 330 1279 399 HAYMONIS
1331 336 1881 399 HALBEItSTAT.
1929 335 2176 400 EPISC.
2210 328 2383 402 OPP.
2432 341 2630 405 PAllS
2674 343 2745 405 ll.
2784 376 2862 388 --
2894 342 3162 407 HOMIL.

3607 348 3724 417 348

371 480 398 508 «
436 452 716 534 Nunquid
750 467 808 519 et
836 468 901 520 tu
933 464 1205 523 Galilzeus
1238 467 1338 525 es?
1370 492 1397 519 ››
1413 468 1476 525 Id
1502 475 1591 526 est
1624 470 1951 543 quasiaGa-
1981 472 2035 538 Α
2064 476 2217 542 (Luc.
2253 473 2318 546 ι.)
2350 475 2496 532 Hinc
2551 482 2793 550 apparet
2842 476 3037 551 plures
3068 494 3167 534 eos
3213 476 3396 534 fuisse
3458 481 3521 534 et
3566 478 3720 536 vices

298 546 448 606 lilteo
480 551 778 609 seductus.
812 554 1096 611 Dominus
1123 557 1278 613 enim
1311 558 1583 615 Galilaeus
1626 560 1948 629 dicebatur,

299 634 577 711 quoniam
604 640 675 697 de
697 641 979 699 Nazareth
1010 645 1241 702 civitate
1275 652 1442 702 erant
1484 654 1755 720 parentes
1791 651 1947 720 ejus:

298 729 624 784 secundum
656 730 898 788 Mariam
931 734 1047 788 dixi
1083 742 1376 807 parentes,
1399 754 1512 792 non
1533 739 1854 794 secundum
1877 739 1953 795 vi-

297 815 402 871 rile
433 833 652 874 semen.
685 820 810 875 Non
844 821 997 877 enim
1013 824 1281 895 quaesivit
1305 825 1363 880 in
1380 827 1657 884 terranisi
1681 834 1947 896 matrem,

296 904 436 976 quia‘
459 905 583 974 jam
604 906 854 964 habebat
870 908 1119 983 desuper
1132 914 1382 970 Patrem.
1403 916 1547 971 Nam
1565 922 1810 989 utraque
1822 920 1950 989 ejus

296 991 571 1049 natiﬁtas
631 996 920 1055 mirabilis
968 1002 1112 1057 fuit:
1150 1002 1372 1072 divina,
1421 1004 1547 1060 sine
1585 1010 1800 1075 matre;
1834 1007 1975 1063 hu-r

298 1096 494 1147 mana,
528 1083 654 1139 sine
685 1083 920 1142 homine
954 1095 1136 1161 patre.
1172 1092 1453 1163 Inquiunt
1483 1111 1620 1165 ergo
1652 1094 1732 1150 illi
1781 1096 1949 1168 quasi

295 1168 441 1243 legis
472 1173 736 1230 doctores
766 1177 834 1231 ad
871 1176 1282 1235 Nicodamum:
1319 1206 1345 1229 «
1379 1182 1648 1238 Scrutare
1688 1185 1947 1256 Scriptu-

300 1282 327 1309 «
363 1276 476 1327 ras,
512 1266 569 1316 et
596 1260 725 1318 vide
755 1261 895 1335 quia
924 1267 1210 1339 propheta
1243 1286 1277 1324 a
1309 1268 1541 1326 Galilaaa
1572 1289 1685 1327 non
1700 1275 1942 1347 surgit.-

296 1349 406 1404 Sed
439 1349 723 1407 Dominus
758 1354 1171 1424 prophetarum
1205 1360 1526 1414 secundum
1542 1360 1804 1418 Ordinem
1821 1380 1948 1435 pro-

301 1434 606 1508 phetarum
644 1441 776 1496 inde
809 1445 1079 1501 surrexit.

372 1549 398 1576 ‹‹
432 1528 498 1583 Et
529 1532 739 1584 reversi
758 1536 918 1597 sunt,
939 1534 1129 1605 inquit
1144 1536 1518 1611 evangelista,
1540 1541 1947 1614 unusquisque

300 1636 327 1664 «
363 1615 421 1670 in
450 1618 691 1673 domum
724 1637 911 1675 suam.
948 1643 974 1670 ν)

884 1764 1186 1823 HOMILIA
1224 1770 1356 1826 LXI.

718 1877 882 1915 nam
921 1879 1089 1920 sexu
1129 1882 1268 1921 POST
1302 1867 1522 1925 Iudico.

372 1971 557 2041 (Joxx.
592 1974 689 2045 xi.)
721 1998 745 2023 ‹‹
784 1975 843 2031 In
876 1977 974 2033 illo
1013 1982 1291 2053 tempore,
1343 1983 1699 2057 collegerunt
1746 1989 1943 2060 ponti-

304 2081 327 2109 ε
364 2060 501 2117 ﬁces
532 2067 589 2116 et
632 2063 903 2121 Pharisaei
960 2070 1271 2128 concilium
1320 2073 1598 2130 adversus
1629 2076 1851 2143 Jesum,
1887 2082 1944 2133 et

301 2160 329 2197 ‹’‹
363 2147 659 2240 dicebant:
678 2153 822 2216 Quid
838 2154 1105 2225 facimus,
1124 2160 1261 2231 quia
1277 2160 1370 2217 hic
1389 2162 1561 2220 homo
1576 2164 1759 2222 multa
1774 2166 1943 2240 signa

301 2258 329 2287 ‹‹
368 2236 636 2295 ΐεοίιῖιθῐ
651 2241 1019 2314 reliqua.Nec
1032 2250 1225 2304 tamen
1239 2250 1527 2318 dicebant,
1552 2236 1860 2310 credamus
1881 2255 1940 2311 in

299 2342 455 2382 eum.
477 2327 613 2384 Plus
626 2330 781 2386 enim
796 2333 1002 2404 perditi
1016 2334 1285 2395 homines
1296 2340 1632 2412 cogitabant
1648 2345 1940 2415 quomodo

299 2421 574 2471 nocerent
602 2422 659 2474 et
689 2422 1209 2495 perderent,quarn
1223 2428 1513 2497 quomodo
1527 2430 1638 2486 sibi
1668 2432 1940 2488 consulc-

302 2508 429 2559 rent
461 2521 532 2560 ne
562 2498 840 2578 perirent,
859 2514 915 2565 et
932 2517 1126 2568 tamen
1145 2513 1433 2572 timebant
1464 2523 1520 2573 et
1536 2521 1704 2591 quasi
1733 2538 1941 2576 consu-

300 2589 994 2656 lebant.Dicebantenim:
1015 2603 1195 2667 «Quid
1213 2601 1479 2676 facimus,
1495 2589 1634 2680 quia
1662 2609 1754 2665 hic
1767 2610 1939 2667 homo

300 2680 487 2736 multa
515 2683 684 2757 signa
714 2684 892 2743 facit?
922 2712 948 2738 »
1232 2696 1239 2701 '

310 2780 315 2785 ‘
372 2794 399 2821 ‹‹
432 2772 494 2828 Si
524 2774 892 2834 dimittamus
923 2795 1058 2835 eum
1091 2781 1195 2851 sic,
1228 2799 1430 2841 omnes
1462 2788 1765 2844 credentin
1781 2806 1936 2846 eum.

301 2881 328 2909 «ι
364 2860 430 2914 Et
457 2863 688 2918 venient
718 2865 984 2935 Romani,
1019 2874 1076 2925 et
1106 2870 1310 2928 tollent
1350 2880 1617 2932 nostrum
1659 2875 1852 2934 locum
1884 2883 1943 2935 et

301 2969 329 2997 ‹‹
362 2953 616 3019 gentem.
653 2974 681 3000 ››
713 2953 1078 3028 'l‘emporalia
1108 2961 1346 3031 perdere
1382 2964 1718 3034 noluerunt,
1767 2968 1941 3024 etiam

297 3034 479 3092 vitam
507 3042 784 3097 mternam
818 3061 933 3100 non
983 3052 1397 3120 cbgnoverunt,
1447 3070 1512 3110 ac
1544 3055 1591 3111 si
1648 3061 1941 3130 utrunque

298 3123 696 3184 amiserunt.N
701 3147 792 3186 am
807 3132 1110 3191 etRomani
1124 3143 1594 3212 propterDomini
1611 3148 1939 3217 passionem

299 3215 357 3267 et
383 3213 863 3285 glorificationem
895 3222 1159 3282 tulerunt
1187 3229 1259 3284 ab
1290 3230 1375 3287 eis
1403 3230 1595 3289 locum
1610 3213 1666 3290 et
1685 3240 1936 3307 gentem,
1971 3216 2013 3281 Ο

299 3304 358 3357 et
385 3308 702 3395 pugnando
731 3315 789 3365 et
817 3315 1239 3372 transferendo;
1274 3317 1340 3373 Et
1364 3320 1507 3376 illud
1538 3339 1637 3378 eos
1654 3304 1941 3395 sequitur,

301 3390 457 3483 quod
486 3395 635 3483 alibi
659 3397 881 3454 dictum
914 3408 1030 3458 eet:
1065 3427 1092 3453 «
1128 3404 1256 3460 Filii
1277 3413 1473 3464 autem
1493 3412 1656 3483 regni
1687 3390 1857 3467 ibunt
1882 3390 1939 3467 in

298 3479 567 3537 tenebras
598 3480 799 3553 (Matth.
832 3494 970 3555 vui).
1006 3512 1033 3537 ››
1066 3491 1183 3547 Ηοο
1212 3499 1407 3550 autem
1430 3479 1771 3566 timuerunt,
1796 3518 1868 3556 ne
1891 3500 1941 3555 si

301 3581 506 3624 omnes
534 3569 594 3624 in
621 3570 919 3630 Christum
950 3579 1267 3648 crederent,
1290 3599 1457 3639 nemo
1476 3592 1819 3657 remaneret,
1840 3590 1941 3661 qui

299 3654 577 3714 adversus
608 3659 900 3719 Romanos
932 3663 1223 3724 civitatem
1250 3669 1350 3726 Dei
1371 3673 1774 3747 templumque
1795 3654 1941 3734 tuta-

298 3748 412 3799 ret:
443 3747 721 3817 quoniam
755 3755 957 3808 contra
984 3754 1570 3831 ipsumtemplum,et
1586 3770 1939 3824 contrasuas

298 3837 570 3904 paternas
600 3834 756 3909 leges
788 3840 1113 3899 doctrinam
1158 3845 1371 3903 Christi
1415 3867 1543 3906 esse
1587 3854 1934 3911 sentiebant.

367 3943 394 3971 ‹‹
430 3921 592 3979 Unus
622 3929 818 3983 autem
865 3946 933 3984 ex
982 3930 1145 4004 ipsis,
1196 3934 1447 4008 Caiphae
1496 3941 1752 4013 nomine,
1801 3961 1936 4000 cum

297 4032 325 4059 ‹‹
360 4017 513 4067 esset
540 4015 798 4085 pontifex
827 4019 964 4073 anni
994 4019 1173 4091 illius,
1225 4024 1372 4080 dixit
1401 4026 1513 4084 eis:
1545 4029 1662 4085 Vos
1697 4033 1937 4091 nescitis

297 4122 324 4147 ‹‹
359 4100 702 4173 quidquam,
719 4122 823 4162 nec
834 4107 1103 4180 cogitatis
1119 4111 1258 4184 quia
1275 4116 1504 4187 expedit
1520 4118 1682 4175 vobis
1699 4126 1766 4177 ut
1781 4140 1936 4179 unus

300 4190 326 4237 (ἃ
363 4190 649 4246 moriatur
708 4192 881 4251 homo
911 4213 1015 4268 pro
1074 4201 1308 4272 populo,
1368 4210 1566 4262 etnon
1615 4213 1736 4264 tota
1790 4228 1935 4284 gens

293 4283 571 4349 «pereat.
625 4280 741 4338 Hoc
771 4288 965 4340 autem
1019 4304 1053 4342 a
1089 4290 1403 4364 semetipso
1451 4311 1567 4351 non
1615 4280 1933 4365 dixitfsed

297 4386 319 4414 ι
354 4382 488 4423 eum
548 4372 701 4426 esset
751 4373 1009 4443 pontifex
1055 4376 1193 4432 anni
1242 4378 1423 4448 illius,
1486 4385 1868 4457 prophetavit.
1906 4412 1934 4439 ››

292 4453 394 4510 Hic
425 4456 622 4514 docuit
644 4460 821 4516 etiam
852 4479 955 4534 per
982 4463 1254 4524 homines
1281 4468 1466 4526 malos
1483 4453 1796 4546 prophetia:
1814 4477 1933 4550 spi-

1973 1845 2020 1910 B

2061 580 2200 619 suas
2232 564 2529 623 habuisse.
2562 566 2707 622 Nam
2742 567 3052 623 incensum
3096 585 3209 623 non
3240 565 3455 623 licebat
3489 585 3719 640 ponere,

2062 649 2174 706 nisi
2207 668 2442 709 summo
2470 654 2780 721 sacerdoti,
2814 659 2871 711 et
2900 660 3068 711 sorte
3099 655 3275 711 etiam
3295 672 3480 710 unum
3502 673 3719 712 annum

2061 740 2578 813 administrabant,
2612 744 2828 816 quibus
2853 743 2970 800 alio
3000 762 3154 801 anno
3184 742 3281 799 alii
3309 744 3718 813 succedebant,

2061 846 2129 884 ex
2160 830 2382 902 quibus
2412 836 2569 889 sorte
2589 834 2815 890 cxiebat
2841 832 2942 905 qui
2966 834 3270 889 incensum
3290 838 3548 906 poneret.
3569 834 3715 900 Quid

2060 922 2151 974 est
2181 935 2318 992 ergo
2353 922 2512 992 quod
2543 921 2911 999 prophetavit
2940 921 3211 996 Caiphas,
3245 923 3385 995 quia
3414 924 3585 979 Jesus
3603 940 3719 978 mo-

2060 1007 2283 1065 riturus
2314 1015 2439 1065 erat
2464 1028 2567 1083 pro
2592 1016 2785 1084 gente,
2816 1016 3008 1068 etnon
3030 1017 3261 1067 tantum
3276 1029 3382 1084 pro
3398 1016 3589 1085 gente,
3612 1012 3713 1067 sed

2059 1100 2126 1152 ut
2157 1097 2309 1154 ﬁlios
2370 1100 2485 1163 Dei,
2543 1100 2645 1162 qui
2680 1105 2851 1156 erant
2904 1099 3176 1172 dispersi,
3231 1104 3608 1173 congregaret
3654 1101 3715 1156 in

2062 1188 2288 1243 unum?
2314 1187 2432 1243 Hoc
2462 1188 2822 1262 evangelista
2861 1189 3112 1245 addidit.
3168 1189 3315 1245 Nam
3362 1188 3612 1261 Caiphas
3642 1190 3715 1245 de

2057 1275 2182 1331 sola
2210 1276 2547 1333 Judaaorum
2575 1281 2747 1351 gente
2766 1279 3151 1351 prophetavit,
3172 1278 3229 1333 in
3247 1295 3363 1351 qua
3380 1282 3711 1346 erantoves,

2056 1365 2127 1420 de
2159 1365 2374 1438 quibus
2404 1367 2529 1439 ipse
2562 1369 2842 1423 Dominus
2873 1367 2983 1423 ait:
3005 1390 3033 1417 ‹‹
3064 1369 3187 1423 Non
3203 1383 3341 1423 sum
3363 1366 3708 1423 missusnisi

2056 1455 2126 1509 ad
2162 1472 2294 1511 ovcs
2327 1473 2454 1527 quze
2477 1457 2775 1528 perierunt
2805 1458 3019 1513 domus
3049 1455 3249 1512 Israel.
3284 1479 3309 1504 ››
3331 1456 3439 1511 Sed
3472 1460 3712 1513 noverat

2054 1545 2411 1618 evangelista
2442 1547 2587 1602 alias
2619 1564 2905 1621 ovesque:
2938 1565 3050 1603 non
3084 1551 3251 1602 erant.
3279 1547 3350 1601 de
3392 1546 3501 1602 hoc
3549 1547 3706 1613 ovili,

2056 1651 2203 1706 quas
2232 1637 2537 1708 oportebat
2567 1636 2799 1704 adduci,
2821 1641 3290 1693 utessentunum
3322 1634 3708 1691 ‘ovileetunus

2056 1726 2406 1795 μείω-,Πῶς
2420 1730 2614 1781 autem
2629 1742 2762 1781 secu
2775 1727 2844 1782 nd
2856 1744 2952 1781 um
2970 1725 3359 1799 przedestinati
3369 1740 3536 1780 onem
3551 1723 3709 1779 dicta

2055 1817 2212 1881 sunt,
2247 1814 2384 1885 quia
2414 1814 2749 1886 nequeoves
2774 1816 2923 1887 ejus,
2953 1832 3055 1870 nec
3075 1813 3175 1869 filii
3199 1813 3291 1869 Dei
3305 1814 3495 1869 adhuc
3517 1819 3706 1880 erant,

2054 1902 2193 1974 quia
2218 1903 2479 1975 nopdum
2512 1905 2897 1960 crediderant.

2130 1993 2266 2047 «Ab
2310 1991 2408 2048 illo
2438 2010 2574 2066 ergo
2622 1992 2716 2048 die
2764 1993 3164 2066 cogitaverunt
3200 1996 3267 2049 ut
3313 1991 3708 2047 interficerent

2053 2102 2081 2129 «
2112 2097 2247 2137 eum
2298 2083 2470 2138 Jesus
2499 2087 2691 2138 autem
2717 2083 2843 2153 jam
2876 2098 2989 2136 non
3021 2081 3080 2136 in
3122 2080 3316 2153 palam
3360 2080 3705 2135 ambulabat

2051 2194 2077 2220 ‹‹
2113 2172 2265 2243 apud
2299 2172 2552 2239 Judaeos,
2585 2172 2687 2228 sed
2719 2171 2864 2228 abiit
2894 2170 2953 2226 in
2985 2170 3281 2245 regionem
3305 2170 3475 2241 juxta
3504 2170 3709 2226 deser-

2049 2264 2197 2328 tum,
2254 2260 2313 2315 in
2372 2261 2663 2316 civitatem
2716 2278 2837 2334 qaaa
2895 2259 3112 2316 dicitur
3166 2258 3464 2332 Ephraim,
3526 2263 3583 2314 et
3619 2258 3705 2314 ibi

2050 2371 2078 2397 «
2113 2349 2453 2405 morabatur
2465 2366 2595 2405 cum
2611 2348 2916 2422 discipulis
2933 2349 3076 2405 suis.
3096 2371 3123 2397 ››
3139 2348 3264 2403 Non
3283 2346 3421 2420 quia
3436 2347 3704 2419 potentia

2048 2439 2177 2510 ejus
2207 2438 2515 2507 defecerat,
2550 2439 2608 2493 in
2631 2439 2984 2512 quautique,
3012 2437 3061 2493 si
3079 2435 3547 2509 vellet,etpalam
3562 2453 3701 2491 cum

2046 2526 2262 2583 Judzsis
2293 2533 2737 2583 conversaretur
2781 2531 2839 2582 et
2886 2526 3028 2582 nihil
3062 2526 3113 2581 ei
3165 2525 3451 2580 facerent:
3503 2523 3603 2579 sed
3637 2524 3702 2578 in

2048 2615 2307 2671 hominis
2337 2615 2912 2673 inﬁrmitatevivendi
2929 2611 3260 2687 exemplum
3278 2610 3582 2684 discipulis
3603 2611 3703 2667 de-

2047 2704 2434 2772 monstrabat,
2465 2705 2525 2759 in
2561 2722 2677 2778 quo
2706 2708 2949 2777 apparet
2982 2720 3095 2759 non
3127 2718 3259 2759 esse
3288 2705 3612 2775 peccatum,
3642 2701 3699 2755 si

2048 2792 2248 2848 fideles
2280 2793 2407 2865 ejus
2438 2793 2688 2866 quisunt
2705 2790 3698 2863 membraejus,oculispersequen-

2046 2882 2195 2937 tium
2229 2897 2355 2937 scse
2387 2881 2817 2950 subtraherent,
2838 2885 2895 2937 et
2911 2881 3162 2938 furorem
3182 2878 3595 2936 sceleratorum
3614 2877 3701 2933 la-

2046 2970 2221 3026 tendo
2253 2970 2447 3043 potius
2466 2971 2789 3027 devitarent
2818 2986 2992 3043 quam
3026 2987 3089 3026 se
3118 2967 3476 3026 ostendendo
3500 2967 3697 3040 magis

2048 3059 2452 3116 accenderent.

2623 3203 2925 3259 HOMlLlA
2962 3202 3123 3259 LXII.

2173 3318 2421 3357 SABBATO
2460 3317 2601 3358 pos'r
2635 3301 2831 3357 Judica
2868 3318 2927 3356 IN
2964 3317 3195 3356 VIGILIIS
3234 3314 3574 3356 PALMABUM.

2122 3418 2308 3486 (JOAN.
2342 3417 2422 3485 v1)
2457 3439 2484 3466 ‹‹
2517 3417 2579 3471 In
2613 3415 2710 3470 illo
2766 3418 3047 3487 tempore,
3101 3412 3249 3469 dixit
3289 3413 3462 3493 Jesus
3508 3409 3707 3465 turbis

2051 3528 2079 3555 ‹‹
2112 3505 2477 3561 ,Ιυᾶωοιιιιῐηε
2509 3506 2716 3571 Amen,
2748 3520 2919 3559 amen
2940 3503 3069 3559 dico
3098 3500 3415 3566 vobis,nisi
3449 3498 3704 3554 mandu-

2049 3616 2078 3643 ‹‹
2113 3594 2380 3649 caveritis
2409 3609 2643 3650 carnem
2677 3593 2780 3648 ﬁlii
2840 3592 3119 3657 hominis,
3153 3596 3215 3646 et
3254 3588 3519 3646 biberitis
3568 3588 3702 3658 ejus

2048 3683 2575 3756 «sanguinem,non
2590 3681 2880 3738 habebitis
2891 3681 3067 3735 vitam
3082 3679 3143 3735 in
3156 3678 3438 3743 vobis,»et
3450 3674 3695 3748 reliqua.

2047 3773 2347 3839 Quomodo
2379 3771 2615 3844 quidem
2636 3772 2824 3836 detur,
2850 3774 2906 3827 et
2922 3770 3196 3865 quisnam
3210 3768 3341 3865 mod
3353 3784 3421 3823 us
3434 3766 3699 3865 sitman:

2047 3861 2299 3917 ducandi
2328 3861 2510 3917 istum
2543 3876 2774 3934 panem,
2789 3856 3090 3932 ignoratis.
3104 3856 3520 3912 Verumtamen
3537 3876 3565 3903 «
3580 3856 3698 3909 nisi

2048 3949 2535 4006 manducaveritis
2586 3956 2818 4005 carnem
2854 3947 2954 4002 ﬁlii
3004 3946 3282 4011 hominis,
3333 3948 3390 4000 et
3427 3942 3700 3999 biberitis

2045 4041 2174 4111 ejus
2206 4039 2578 4112 sanguinem,
2629 4056 2744 4094 non
2788 4036 3080 4094 habebitis
3125 4034 3302 4090 vitam
3332 4034 3390 4088 in
3439 4032 3628 4088 vobis.
3669 4055 3696 4081 »

2045 4128 2175 4183 Haec
2205 4145 2318 4183 non
2351 4127 2554 4199 utique
2580 4125 2978 4192 cadaveribus,
3012 4126 3113 4181 sed
3143 4122 3469 4180 viventibus
3497 4119 3696 4193 loque-

2044 4218 2235 4274 batur.
2270 4214 2433 4272 Unde
2465 4231 2537 4271 ne
2566 4216 2740 4272 istam
2771 4214 2950 4270 vitam
2982 4212 3378 4285 intelligentes
3409 4211 3481 4266 de
3500 4210 3610 4265 hac
3634 4225 3694 4264 re

2042 4305 2360 4376 litigarent,
2390 4307 2630 4359 secutus
2662 4303 2957 4375 adjunxit:

2119 4415 2145 4443 ι‹
2175 4393 2278 4457 Qui
2316 4393 2634 4448 manducat
2661 4408 2854 4447 meam
2901 4407 3158 4459 carnem,
3209 4394 3266 4446 et
3298 4388 3445 4445 bibit
3493 4404 3693 4442 meum

2044 4506 2072 4532 «
2106 4481 2476 4555 sanguinem,
2510 4481 2687 4538 habet
2714 4481 2896 4536 vitam
2941 4486 3236 4536 aeternam.
3274 4501 3301 4528 »
3351 4478 3511 4534 Hanc
3554 4493 3694 4550 ergo

293 4543 472 4601 ritum
504 4546 701 4603 futura
746 4550 1080 4622 praedicere,
1125 4557 1281 4626 quod
1332 4563 1527 4615 tamen
1578 4543 1935 4637 evangelista
1967 4583 2011 4645 ι)
2044 4588 2155 4626 non
2186 4543 2382 4637 habet,
2410 4570 2510 4642 qui
2542 4570 2723 4625 istum
2776 4574 3153 4642 panem‘non
3203 4566 3540 4633 manducat,
3586 4582 3693 4621 nec

291 4631 485 4689 divino
507 4636 775 4691 attribuit
804 4647 1188 4710 sacramento,
1225 4646 1363 4717 quia
1408 4650 1666 4719 pontifex
1713 4631 1843 4720 fuit,
1874 4654 1931 4710 id

289 4726 376 4781 est
407 4739 679 4798 summus
708 4728 999 4785 sacerdos.
1017 4729 1532 4794 Potestautemvos
1545 4756 1772 4796 movere
1790 4759 1935 4819 quo~

290 4813 463 4867 modo
494 4813 724 4871 dicatur
751 4818 1010 4888 pontifex
1053 4821 1190 4876 anni
1232 4822 1410 4880 illius.
1465 4842 1599 4882 cum
1652 4813 1935 4887 Dominus

290 4903 561 4957 statuerit
591 4921 775 4960 unum
803 4922 1105 4964 summum
1147 4913 1533 4983 sacerdotem,
1580 4918 1673 4972 cui
1705 4925 1935 4977 mortuo

292 5002 445 5078 unus
475 4993 828 5050 succederet.
861 4996 971 5052 Sed
991 4995 1432 5074 intelligendum
1448 5005 1602 5075 quod
1626 5022 1729 5078 per
1756 5009 1940 5065 ambi-

288 5074 477 5132 tiones
509 5084 564 5134 et
594 5084 995 5140 contentiones
1027 5085 1179 5143 inter
1205 5088 1439 5147 Judaeos
1470 5074 1672 5165 postea
1714 5097 1935 5153 consti-

288 5169 481 5221 tutum
513 5173 603 5224 est
632 5174 697 5224 ut
726 5170 923 5243 plures
945 5182 1142 5231 essent
1173 5178 1272 5249 qui
1306 5197 1408 5251 per
1436 5197 1622 5239 annos
1670 5184 1934 5258 singulos

287 5253 412 5309 suis
443 5256 666 5314 vicibus
699 5259 1114 5320 ministrarent.
1146 5266 1291 5322 Nam
1323 5268 1393 5325 de
1420 5253 1821 5332 Zachariahdc
1843 5276 1936 5332 di-

287 5343 467 5399 citur:
501 5368 528 5394 «
565 5346 803 5403 Factum
835 5353 925 5404 est
954 5356 1168 5422 autem,
1197 5359 1264 5410 ut
1293 5373 1430 5414 cum
1463 5360 1786 5419 sacerdotio
1810 5365 1934 5421 fun-

285 5438 521 5505 geretur
551 5434 608 5490 in
643 5435 845 5492 ordine
873 5438 1016 5495 vicis
1047 5458 1165 5496 suae
1192 5450 1327 5500 ante
1357 5452 1560 5516 Deum,
1606 5455 1933 5509 secundum

286 5523 762 5581 constitutionem
794 5527 1100 5584 sacerdotii
1143 5536 1297 5589 sorte
1338 5537 1478 5592 exiit
1528 5544 1593 5595 ut
1624 5540 1933 5599 incensum

287 5617 548 5683 poneret.
584 5613 890 5686 Ingressus
913 5621 1109 5677 autem
1126 5619 1485 5697 intemplum
1502 5627 1753 5701 Domini,
1779 5653 1805 5680 »
1822 5635 1931 5689 etc.

2044 4661 2226 4715 istum
2259 4658 2605 4732 sanguinem
2622 4658 2790 4714 bibit.
2805 4659 2952 4714 Nam
2965 4654 3346 4729 temporalem
3369 4656 3545 4709 vitam
3566 4654 3693 4713 sine

2044 4747 2142 4803 illo
2174 4751 2471 4820 utcunque
2498 4747 2771 4803 homines
2800 4746 2859 4802 in
2892 4746 3000 4801 hoc
3027 4738 3382 4817 saaculo,'qui
3413 4758 3526 4798 non
3550 4747 3693 4798 sunt

2044 4851 2146 4909 per
2175 4836 2349 4892 tidem
2381 4836 2440 4891 in
2467 4836 2869 4908 corporeejus,
2900 4834 3113 4891 habere
3127 4837 3690 4906 possuntzteternam

2044 4918 2240 4980 autem
2273 4940 2741 4996 nunquam,quae
2754 4923 2974 4979 sanctis
2988 4922 3364 4995 promittitur.
3389 4921 3471 4976 Ne
3494 4922 3690 4974 autem

2045 5018 2340 5086 putarent,
2374 5013 2456 5069 sic
2486 5012 2546 5067 in
2570 5013 2683 5069 isto
2714 5013 2842 5068 cibo
2873 5015 2929 5068 et
2960 5015 3099 5083 potu
3141 5017 3339 5082 (quem
3383 5005 3693 5065 carnaliter

2046 5106 2310 5167 sumunt,
2344 5107 2401 5157 et
2432 5116 2547 5157 non
2578 5099 2919 5173 spiritaliter
2945 5099 3287 5172 intelligunt
3315 5099 3373 5153 in
3406 5095 3543 5168 fide)
3568 5112 3695 5167 pro-

2044 5191 2196 5246 mitti
2227 5191 2403 5246 vitam
2436 5195 2733 5255 aeternam,
2768 5195 2832 5244 ut
2858 5190 2957 5261 qui
2977 5205 3104 5244 eam
3120 5188 3569 5257 sumerent,jam
3588 5199 3693 5239 nec

2045 5295 2283 5351 corpore
2315 5282 2698 5344 morerentur,
2730 5277 2869 5333 huic
2908 5275 3247 5350 cogitationi
3280 5279 3371 5331 est
3415 5273 3690 5347 dignatus

2043 5384 2361 5424 occurrere.
2391 5368 2538 5423 Nam
2569 5384 2702 5423 cum
2717 5365 3685 5430 dixisset:«Quimanducatmeam

2042 5473 2276 5512 carnem
2307 5459 2364 5511 et
2392 5454 2749 5511 bibitmeum
2763 5453 3507 5527 sanguinem,habetvitam
3522 5456 3686 5506 aiter-

2046 5562 2205 5612 nam,
2240 5567 2268 5595 »
2301 5544 2578 5600 continuo
2608 5544 2877 5617 subjecit,
2911 5549 2969 5600 et
2997 5543 3180 5636 dixitt
3325 5631 3360 5636 __
3499 5628 3563 5636 ___
3648 5625 3658 5636 .

2117 5657 2145 5685 ‹‹
2180 5634 2297 5706 Ego
2328 5632 2690 5694 resuscitabo
2720 5649 2855 5692 eum
2886 5633 2945 5692 in
2967 5631 3286 5692 novissimo
3307 5631 3420 5690 die.
3459 5628 3689 5687 »Πιθοί-
