4012 6174
331 319 447 379 353

1544 314 1922 378 'IIOMILIZE
1965 314 2065 375 DF.
2111 314 2509 377 TEMPORI‘}.

3617 322 3737 384 334

288 454 295 463 '
330 472 360 502 (ί
390 454 449 506 et
479 465 636 506 unus
665 464 736 506 ex
764 447 928 506 vobis
957 445 1230 507 diabolus
1250 451 1338 502 est
1352 446 1381 500 ’ἔ
1413 446 1647 503 Dicebat
1676 450 1870 505 autem
1902 446 1974 502 de
2000 451 2055 525 Α
2088 463 2119 500 a
2144 446 2357 519 populo
2371 445 2757 519 accipiebant,
2781 450 2945 503 nocte
2970 448 3047 505 ibi
3074 451 3499 509 consumebant
3514 459 3571 510 et
3586 471 3737 513 com-

331 540 527 595 «Juda
555 538 813 595 Simonis
844 536 1183 594 Scariothis.
1202 537 1305 593 Hic
1325 535 1482 593 enim
1505 541 1629 592 erat
1650 553 1783 593 eum
1804 536 1980 592 tradi-

324 652 356 682 Α
390 633 586 695 turus,
620 644 754 684 eum
798 631 951 684 esset
995 643 1150 687 unus
1194 643 1262 683 ex
1291 626 1619 683 duodecim.
1658 649 1685 675 ››
1717 625 1880 682 Unus
1909 643 1979 681 ex

328 716 643 774 duodecim
670 721 943 783 enat,non
967 715 1221 781 fide,sed
1254 731 1497 775 numero
1524 733 1538 783 ;
1569 732 1683 779 non
1716 715 1973 783 veritate,

328 807 431 863 sed
461 805 862 865 simulatione.
892 806 1003 862 Sed
1035 805 1331 876 quomodo
1364 804 1811 878 intelligendum
1849 809 1974 861 est:

336 896 579 952 «Nonne
609 910 715 969 ego
744 911 846 952 vos
875 893 1186 953 duodecim
1207 893 1377 967 elegi,
1397 894 1578 950 udum
1612 892 1708 951 ille
1727 893 1973 957 unus,id

322 989 417 1041 est
443 982 606 1040 ﬁlius
634 982 853 1040 diaboli
880 982 1096 1041 dicitur
1124 999 1276 1049 esse,
1308 983 1423 1041 nisi
1452 981 1592 1055 quia
1623 982 1793 1039 aliter
1810 981 1976 1038 electi

325 1076 469 1129 sunt
498 1071 583 1128 illi
614 1070 1095 1137 undecim,aliter
1122 1072 1183 1127 et
1211 1070 1307 1133 ille
1326 1072 1528 1129 unus?
1541 1071 1715 1128 Electi
1739 1070 1976 1127 suntilli

327 1166 390 1217 ut
417 1165 727 1218 manerent
741 1160 801 1217 in
817 1159 1068 1227 Christo,
1081 1164 1140 1223 et
1152 1164 1218 1216 ut
1238 1178 1418 1217 sonus
1430 1159 1665 1223 illorum
1680 1160 1861 1219 exiret
1878 1176 1980 1232 per

324 1251 527 1307 orbem
563 1248 1117 1309 terrarumzelectus
1147 1253 1235 1306 est
1264 1248 1363 1306 ille
1393 1266 1569 1316 unus,
1591 1253 1655 1303 ut
1679 1249 1980 1321 dispensa-

323 1341 407 1396 tio
440 1339 648 1396 divina
680 1337 1092 1397 misericordiae
1123 1338 1181 1394 in
1214 1337 1400 1395 salute
1448 1339 1690 1401 humani
1747 1337 1977 1410 generis

326 1427 674 1500 impleretur
704 1443 805 1500 per
833 1443 965 1483 eum
993 1444 1006 1481 :
1039 1426 1196 1485 unde
1223 1426 1452 1485 bonitas
1484 1425 1582 1483 Dei
1616 1427 1761 1483 bene
1794 1426 1979 1483 utitur

329 1516 555 1574 malitia
584 1518 736 1588 ejus.
768 1516 931 1571 Sicut
957 1515 1017 1570 in
1047 1515 1378 1573 venditione
1406 1515 1620 1588 Josepb
1654 1518 1799 1571 bene
1834 1532 1977 1571 usus

326 1613 415 1662 est
447 1607 603 1662 Deus
633 1604 860 1661 malitia
885 1605 1235 1671 fratrum,ut
1263 1622 1333 1660 ex
1363 1622 1535 1677 opere
1556 1604 1709 1663 malo
1741 1603 1976 1661 illorum

326 1696 561 1751 bonitas
596 1695 691 1751 Dei
723 1694 1130 1751 ostenderetur
1150 1694 1207 1751 in
1240 1694 1489 1751 salutem
1519 1694 1838 1751 multorum
1861 1711 1872 1747 :
1894 1694 1977 1753 sic

2087 535 2353 591 edebant.
2388 535 2489 592 Vel
2533 539 2687 592 certe
2733 536 2861 591 ideo
2904 537 3097 597 domus
3143 539 3321 596 buccae
3353 541 3441 596 vel
3472 545 3737 603 maxilla-

2086 640 2211 678 rum
2241 623 2674 696 interpretatur,
2709 626 2846 699 quia
2878 628 3212 683 sacerdotes
3260 628 3475 685 ibidem
3504 631 3739 707 jugi'rr

2085 711 2270 785 legem
2287 713 2705 771 Dominicorde
2716 715 3218 771 meditabanturet
3230 732 3328 772 ore
3342 716 3735 787 ruminabant.

2087 800 2230 856 Cum
2247 818 2383 875 ergo
2405 802 2687 859 Dominus
2701 804 2773 859 ad
2794 804 2951 860 hunc
2965 808 3224 869 montem
3239 804 3441 860 Oliveti
3467 805 3737 874 venisset,

2086 894 2143 945 et
2174 890 2242 945 ad
2279 890 2436 947 hunc
2464 890 2722 948 viculum
2753 892 3091 967 Bethphage
3127 910 3140 946 :

2160 999 2188 1029 «
2222 978 2378 1034 Misit
2407 980 2555 1053 duos
2586 978 2933 1055 discipulos,
2966 980 3168 1037 dicens
3198 982 3316 1038 eis:
3350 982 3432 1039 Ite
3464 983 3522 1039 in
3542 982 3743 1040 castel-

2087 1090 2113 1115 ‹‹
2142 1066 2269 1125 lum
2299 1068 2452 1141 quod
2486 1073 2689 1124 contra
2715 1085 2816 1124 vos
2848 1073 2954 1125 est.
2992 1091 3021 1120 υ
3053 1070 3366 1126 Castellum
3416 1072 3741 1145 despective

2084 1154 2401 1227 appellavit
2428 1157 2779 1214 Jerusalem.
2794 1158 2927 1222 Quae
2949 1157 3109 1214 enim
3134 1163 3306 1215 antea
3320 1159 3525 1217 civitas
3543 1160 3741 1234 niagni

2087 1244 2239 1317 regis
2268 1244 2693 1316 appellabatur,
2716 1250 2775 1303 et
2805 1247 2945 1305 urbs
2978 1250 3201 1315 sancta,
3221 1249 3741 1319 postmodum,im-

2086 1332 2347 1389 minente
2359 1338 2619 1407 tempore
2633 1333 2944 1391 Dominicaa
2956 1334 3738 1408 passionis,quiaDominum

2086 1428 2208 1477 erat
2254 1422 2649 1488 interfectum,
2704 1440 2820 1479 non
2855 1423 2981 1493 jam
3033 1423 3258 1490 civitas,
3293 1426 3394 1481 sed
3435 1425 3737 1483 castellum

2087 1511 2416 1583 despective
2449 1512 2937 1582 nuncupatur.Ds
2968 1530 3083 1584 quo
3108 1513 3252 1569 bene
3283 1513 3516 1581 dicitur,
3536 1538 3561 1564 ‹‹
3582 1517 3737 1588 quod

2087 1604 2176 1655 est
2202 1603 2409 1656 contra
2438 1616 2603 1666 vos,»
2639 1600 2776 1671 quia
2805 1605 2861 1655 et
2883 1601 3157 1656 doctrina:
3187 1602 3496 1670 Christi,et
3525 1605 3737 1660 doctri-

2080 1706 2175 1749 nae
2240 1688 2638 1762 apostolorum
2687 1689 2977 1746 contraria
3021 1690 3323 1749 existebat.
3357 1692 3748 1765 Spiritualiter

330 1785 553 1841 malum
584 1784 750 1840 Juda:
783 1783 843 1839 in
875 1783 1093 1839 bonum
1127 1800 1359 1841 versum
1391 1788 1480 1839 est
1510 1786 1775 1843 nostrum
1812 1782 1975 1848 Quod
2002 1824 2054 1893 Β
2086 1777 2427 1851 Bethphage
2458 1777 2750 1851 signiﬁcat
2773 1778 3090 1837 Ecclesiam
3112 1779 3741 1853 primitivam.Etbene

330 1875 355 1893 ρ
398 1874 461 1893 ,φι
499 1870 1378 1893 _--I---_._I-__A__J_L-_:_n-:
1426 1872 1715 1893 ,ξιξ----ι
1755 1872 1951 1893 ..Α-ι.-
2092 1867 2423 1893 ῐ)..ιΙ.λιιηηΑ
2465 1866 2626 1893 ..ἕλκη
2678 1866 2732 1893 ε..
2790 1873 2983 1893 “Ana-
3034 1868 3260 1893 ..--:i---
3324 1869 3531 1893 J:-:n___
3609 1872 3733 1893 _--!_

329 1874 468 1930 facit
498 1872 692 1928 malus
706 1870 857 1927 male
870 1871 1085 1928 utendo
1098 1871 1268 1927 bonis
1282 1871 1403 1939 Dei,
1423 1872 1533 1927 sibi
1550 1876 1737 1937 nocet,
1755 1888 1870 1931 non
1886 1872 1978 1927 bo-

329 1963 580 2019 nitatem
616 1960 711 2017 Dei
743 1961 1041 2017 destruere
1061 1960 1292 2033 poterit.
1317 1962 1503 2025 Quare
1531 1960 1839 2017 duodecim
1863 1959 1980 2015 ele-

325 2052 411 2125 git
439 2050 709 2109 Christus
733 2049 760 2103 ?
793 2049 1195 2107 Duodcnarius
1230 2066 1513 2105 numerus
1562 2054 1830 2105 sacratus
1869 2052 1977 2104 est.

329 2141 453 2196 Non
487 2138 644 2194 enim
678 2136 817 2210 quia
846 2137 1020 2209 periit
1050 2137 1184 2193 inde
1207 2154 1387 2205 unus,
1409 2138 1539 2193 ideo
1571 2136 1731 2193 illius
1750 2136 1978 2192 numeri

332 2230 521 2285 honor
543 2227 853 2299 ademptus
874 2230 983 2292 est,
998 2243 1134 2281 nam
1158 2225 1217 2281 in
1236 2226 1360 2282 loco
1379 2225 1673 2299 pereuntis
1684 2226 1833 2281 alius
1848 2226 1982 2280 sub-

334 2320 573 2392 rogatus
602 2319 712 2372 est.
749 2315 964 2372 Mansit
986 2331 1267 2371 numerus
1290 2319 1982 2382 consecratus,numerus

338 2404 922 2478 duodenariuszquia
950 2421 1052 2476 per
1082 2404 1486 2479 universorum
1519 2404 1740 2472 orbem,
1766 2402 1872 2458 hoc
1895 2409 1985 2457 est

338 2511 439 2569 per
468 2500 725 2566 quatuor
752 2492 1020 2549 cardines
1035 2492 1616 2557 mundi,’l‘rinitatem
1645 2492 1985 2547 fuerantan-

342 2583 693 2641 nuntiaturi.
719 2582 849 2638 ldeo
880 2581 1146 2654 quaterni
1166 2581 1527 2647 electi,sunt,
1554 2583 1618 2635 ut
1638 2584 1839 2655 sancta
1855 2580 1985 2635 Tri-

343 2672 496 2727 nitas
513 2688 617 2744 per
630 2675 883 2743 quatuor
914 2674 1108 2740 partes
1133 2669 1291 2725 orbis
1314 2670 1746 2742 praedicaretur.
1766 2669 1909 2726 Nam
1927 2672 1985 2724 et

340 2778 531 2815 annus
558 2759 919 2815 duodenario
951 2774 1195 2813 numero
1224 2758 1496 2825 currit,et
1516 2757 1655 2814 ordo
1679 2756 1983 2831 signorum

340 2849 398 2904 in
430 2848 612 2916 caelis,
646 2864 749 2922 per
778 2863 905 2921 quae
954 2845 1041 2903 sol
1081 2850 1139 2902 et
1180 2845 1321 2901 luna
1367 2862 1598 2901 currere
1637 2850 1980 2912 noscuntur,

341 2936 702 2994 duodenario
734 2951 978 2991 numero
1008 2934 1410 3008 distinguitur.
1437 2935 1567 2990 Ideo
1597 2934 1707 2989 hoc
1740 2951 1984 2989 numero

338 3027 561 3100 primos
612 3025 1021 3098 praedicatores
1070 3024 1350 3080 Dominus
1389 3023 1654 3079 Christus
1684 3021 1894 3078 direxit
1924 3022 1983 3078 in

337 3114 783 3171 mundum.Nec
812 3129 1095 3170 numerus
1124 3113 1155 3171 J
1163 3113 1278 3169 uda
1297 3116 1575 3186 pereunte
1606 3111 1856 3168 violatus
1872 3116 1981 3179 est,

2088 1867 2425 1939 Bethphage
2465 1866 2627 1923 vicus
2676 1866 2735 1922 in
2790 1873 2986 1923 monte
3033 1868 3262 1940 positus
3319 1869 3551 1939 dicitur,
3602 1872 3741 1945 quia

2090 1956 2284 2013 omnis
2313 1956 2571 2013 Ecclesia
2588 1956 2801 2012 Christi
2821 1956 2880 2012 in
2901 1961 3099 2014 monte
3115 1957 3406 2026 consistit,
3430 1960 3537 2019 hoc
3556 1966 3664 2028 est,
3679 1962 3739 2023 in
3852 2012 3857 2013 ,

2089 2044 2339 2101 Christo.
2354 2044 2515 2101 Unde
2527 2062 2631 2119 per
2641 2046 2985 2119 prophetam
3000 2045 3241 2105 dicitur:
3258 2047 3523 2120 «Venite,
3539 2066 3740 2109 ascen-

2091 2134 2303 2189 damus
2332 2133 2403 2188 ad
2439 2137 2695 2190 montem
2726 2134 2981 2203 Domini,
3002 2158 3028 2183 »
3048 2139 3155 2192 etc.
3176 2136 3356 2208 (Mich.
3378 2141 3480 2207 ιν.)
3498 2139 3566 2197 Et
3596 2139 3743 2197 bene

2091 2223 2264 2279 etiam
2297 2223 2355 2278 in
2404 2222 2585 2279 latore
2627 2223 2845 2279 montis
2887 2223 3114 2296 positus
3162 2242 3291 2283 esse
3340 2225 3743 2300 dicitur,.quia

2091 2312 2358 2367 videlicet
2386 2329 2454 2367 ex
2486 2311 2718 2368 Domini
2749 2312 2928 2370 latere
2956 2315 3255 2386 praecessit
3298 2318 3655 2374 consecratio
3684 2323 3745 2375 et

2092 2401 2417 2473 redemptio
2448 2401 2753 2473 primitisz
2787 2402 3077 2458 Ecclesiae.
3114 2404 3388 2477 Legimus
3420 2407 3575 2463 enim
3607 2424 3743 2469 cum

2094 2489 2447 2546 Dominusin
2465 2507 2634 2546 cruce
2660 2491 2884 2564 positus
2904 2498 3079 2561 esset,
3095 2495 3288 2564 etjam
3314 2495 3587 2567 spiritum
3600 2498 3745 2555 emi-

2094 2580 2286 2645 sisset,
2302 2596 2455 2635 unus
2477 2596 2544 2633 ex
2567 2580 2852 2641 militibus
2872 2580 3078 2637 lancea
3109 2581 3264 2638 latus
3280 2584 3408 2657 ejus
3426 2586 3674 2659 aperuit,
3689 2592 3747 2644 et

2094 2669 2370 2725 continuo
2399 2668 2573 2723 exivit
2604 2670 2845 2741 sanguis
2867 2674 2925 2724 et
2954 2686 3126 2743 aqua.
3149 2672 3270 2735 Quo
3302 2674 3590 2746 sanguine
3607 2693 3743 2733 sau-

2093 2761 2186 2813 cta
2216 2756 2433 2813 Ecclsia
2466 2757 2790 2824 redimitur,
2824 2775 2977 2831 aqua
3006 2776 3139 2816 vero
3180 2761 3438 2834 quotidie
3478 2780 3511 2817 a
3541 2780 3742 2836 pecca-

2094 2847 2171 2901 tis
2202 2846 2478 2903 ahluitur.
2494 2846 2637 2902 Cum
2672 2863 2809 2920 ergo
2839 2848 3096 2904 venisset
3123 2849 3405 2909 Dominus
3435 2853 3744 2924 perincer-

2092 2935 2348 2991 nationis
2378 2935 2722 3008 mysterium
2756 2937 2826 2994 ad
2843 2936 3125 3009 populum
3155 2939 3492 2997 Judaeorum
3518 2940 3745 3001 salvan-

2094 3025 2257 3091 dum,
2294 3023 2454 3079 misit
2493 3025 2642 3081 duos
2690 3024 3012 3099 discipulos
3052 3027 3403 3095 Jerusalem,
3433 3028 3543 3087 hoc
3573 3031 3740 3089 estin

2095 3113 2251 3169 hunc
2278 3114 2588 3184 mundum,
2603 3118 2668 3168 ut
2684 3131 2793 3175 sua
2808 3116 3216 3185 praedicatione
3248 3117 3552 3175 rebellium
3570 3121 3745 3189 corda

266 3264 271 3267 _
334 3205 433 3261 sed
464 3203 705 3260 aliuseo
729 3202 855 3259 loco
888 3200 1346 3274 subrogatus,de
1364 3202 1532 3273 cujus
1550 3200 1775 3256 numeri
1792 3217 1982 3256 sacra-
2009 3192 2053 3258 C
2092 3201 2398 3272 gentilium
2446 3202 2580 3257 ﬁdei
2630 3202 2843 3258 Christi
2891 3204 3298 3277 subjugarent,
3330 3210 3388 3261 et
3441 3207 3742 3265 universas

337 3294 569 3350 tissima
598 3292 1025 3367 signiﬁcatione
1041 3290 1167 3363 ipse
1184 3290 1451 3345 Christus
1471 3288 1529 3344 in
1548 3288 1857 3362 Evangelia
1878 3288 1979 3355 ait,

339 3384 407 3439 de
437 3380 934 3441 excellentissima
967 3383 1303 3435 sanctorum
1336 3377 1589 3451 gloriam
1610 3382 1751 3432 Cum
1784 3380 1980 3433 autem

335 3471 555 3527 sederit
584 3469 745 3528 illius
774 3468 1030 3527 hominis
1061 3468 1120 3524 in
1142 3468 1279 3523 sede
1310 3467 1633 3539 majestatis
1658 3484 1798 3532 suae,
1817 3466 1983 3527 sede-

328 3560 469 3621 .bitis
494 3564 553 3616 et
567 3576 669 3615 vos
691 3576 869 3632 super
883 3559 1051 3614 sedes
1067 3556 1399 3631 duodecim,
1409 3556 1745 3628 judicantes
1771 3554 1984 3610 duode-

334 3649 444 3705 cim
480 3649 673 3705 tribus
706 3647 880 3705 Israel
913 3647 1115 3719 (Matth.
1149 3650 1285 3713 xxx).
1316 3667 1343 3694 »

862 3762 1174 3845 lIOMILlA
1214 3788 1407 3843 LXIII.

834 3904 1109 3949 DOMINICA
1148 3904 1211 3942 PA
1220 3903 1474 3942 LMARUM.

400 4006 656 4077 (Mans.
674 4004 814 4075 XXI.)
836 4023 856 4050 α
874 4003 936 4058 In
953 4001 1049 4057 illo
1068 4006 1499 4073 tempore,cum
1524 4002 1984 4076 appropinquas-

332 4120 358 4144 ‹‹
391 4100 525 4151 sent
575 4090 1010 4165 Hierosolymis,
1042 4095 1100 4148 et
1128 4090 1429 4147 venissent
1476 4090 1829 4165 Bethphage,
1862 4115 1889 4143 ››
1924 4097 1983 4148 et

332 4178 1982 4256 neliqua.Cumappropinquassent,Dominusvidelicetet

328 4269 578 4345 apostoli
596 4268 1142 4342 ilius,Hierosolymi
1150 4269 1519 4336 s,tendebatJ
1526 4285 1661 4325 esus
1675 4269 1746 4325 ad
1758 4270 1983 4342 passio-

316 4378 486 4428 .nem,
501 4359 778 4434 quiajam
801 4358 1060 4415 instabat
1080 4363 1313 4429 tempus
1334 4357 1625 4431 passionis
1648 4375 1786 4413 sum.
1802 4358 1905 4422 Qui
1915 4377 1979 4413 n-

328 4467 440 4522 que
453 4448 748 4521 siquidem
772 4447 898 4503 dies
919 4450 1052 4505 ante
1075 4446 1408 4521 paschalem
1432 4446 1799 4507 festivitatem
1826 4448 1982 4502 venit

2090 3301 2293 3363 gentes
2328 3290 2459 3346 ﬁdei
2490 3308 2608 3347 suae
2638 3292 3014 3363 subjicerent.
3036 3294 3105 3349 Et
3129 3294 3275 3350 bene
3296 3295 3517 3352 dicitur
3536 3318 3564 3346 ‹‹
3583 3299 3740 3370 quod

2088 3385 2180 3435 est
2209 3385 2411 3436 contra
2439 3397 2560 3436 vos.
2585 3405 2610 3430 ››
2627 3381 2774 3444 Quia
2804 3385 2961 3438 totus
2994 3383 3253 3439 mundus
3267 3385 3480 3457 jugum
3506 3386 3638 3442 fidei
3652 3403 3743 3445 re-

2091 3468 2280 3540 cipere
2305 3468 2559 3537 nolebat,
2594 3469 2756 3525 misit
2785 3470 2933 3525 duos
2963 3470 3302 3545 discipulos,
3339 3471 3447 3529 hoc
3476 3478 3567 3530 est
3594 3474 3743 3535 duos

2092 3558 2325 3614 ordines
2359 3558 2827 3630 praedicatorum,
2860 3559 3084 3616 scilicet
3129 3560 3465 3617 Judzeorum
3513 3566 3570 3618 et
3602 3579 3743 3639 gen-

2089 3647 2133 3701 ti
2145 3663 2262 3703 um.
2280 3647 2375 3702 Vel
2407 3647 2554 3702 duos
2572 3647 2733 3703 misit
2749 3654 2985 3721 prepter
2998 3650 3245 3722 gemina:
3261 3649 3591 3708 dilectionis
3604 3669 3745 3724 pra:-

2090 3740 2348 3808 ceptum,
2366 3752 2480 3808 quo
2513 3736 2885 3809 praecipimur
2913 3742 2980 3793 ut
3008 3738 3323 3813 diligamus
3339 3739 3523 3797 Deum
3540 3757 3609 3796 ex
3625 3745 3743 3798 toto

2091 3825 2360 3891 corde,et
2390 3825 2722 3897 proximum
2754 3830 3021 3883 nostrum
3053 3831 3334 3901 tanquam
3367 3829 3742 3903 nosipos.Vel

2090 3913 2221 3969 ideo
2251 3912 2421 3971 binos
2442 3914 2625 3988 misit,
2639 3920 2877 3989 propter
2896 3916 3222 3975 doctrinam
3246 3922 3302 3973 et
3322 3919 3738 3992 operationem,

2092 4001 2231 4075 quia
2260 4003 2463 4059 doctor
2491 4008 2550 4060 et
2579 4003 2637 4059 in
2668 4004 2935 4061 doctrina
2957 4010 3014 4060 et
3044 4004 3101 4061 in
3134 4022 3306 4079 opere
3337 4008 3630 4080 perfectus
3648 4008 3743 4063 de-

2091 4092 2190 4148 bet
2234 4102 2382 4148 esse.
2418 4116 2444 4141 ‹‹
2482 4093 2583 4161 lte,
2617 4097 2674 4149 et
2721 4093 3028 4150 invenietis
3072 4094 3299 4150 asinam
3348 4095 3652 4168 aligatam,
3685 4100 3743 4152 et

2090 4179 2363 4253 «pullum
2393 4197 2526 4236 cum
2560 4198 2643 4237 ea.
2665 4182 2880 4238 nJuxta
2898 4182 3152 4238 litteram
3177 4183 3417 4255 quidem
3438 4183 3741 4241 humilitas

2090 4286 2305 4343 magna
2328 4269 2643 4326 Salvatoris
2674 4271 3143 4340 commendatur,
3159 4272 3257 4345 qui
3274 4271 3601 4328 Jerusalem
3620 4277 3740 4331 tcu-

2088 4359 2254 4427 dens,
2290 4375 2405 4415 non
2435 4375 2586 4431 equo
2618 4359 2870 4431 superbo
2901 4376 3091 4433 neque
3122 4359 3420 4434 phalerato
3442 4360 3632 4416 invehi
3652 4378 3743 4416 vo-

2090 4446 2337 4516 luit,sed
2370 4447 2563 4520 potius
2591 4447 2824 4504 asinam
2852 4452 2910 4504 et
2940 4447 3167 4521 pullum
3200 4448 3505 4521 ejus,vilia
3519 4448 3741 4505 scilicet

328 4554 460 4594 cum
474 4535 1979 4627 turbamultainierus‘alemfosthancautemvicem
2012 4554 2057 4627 υ
2090 4534 2388 4627 animalia,
2410 4536 2482 4593 ad
2514 4537 2838 4595 sedendum
2870 4536 3155 4610 quaesivit.
3186 4539 3363 4594 Juxta
3412 4536 3737 4612 spiritalem

328 4643 439 4683 non
456 4625 988 4697 recessitindo,don
997 4641 1061 4682 ec
1073 4624 1153 4679 ibi
1168 4624 1618 4697 patereturetibi
1632 4629 1977 4699 resurgeret.

329 4738 355 4765 «
387 4716 473 4771 Ad
505 4719 765 4771 montem
795 4713 1019 4770 Oliveti.
1055 4737 1083 4763 ››
1117 4713 1281 4769 Mons
1312 4712 1511 4770 Oliveti
1546 4731 1659 4770 non
1694 4714 1865 4789 longe
1902 4716 1975 4771 ab

328 4803 655 4865 Jerusalem
684 4806 829 4869 erat,
860 4802 962 4859 sed
993 4802 1176 4858 distat
1204 4800 1381 4871 (sicut
1410 4801 1467 4856 in
1512 4801 1661 4858 libro
1692 4802 1974 4875 Antiquo-

331 4908 458 4947 rum
483 4890 838 4960 invenimus)
854 4890 1112 4964 spatium
1140 4888 1298 4945 mille
1314 4905 1619 4962 passuum.
1640 4889 1976 4964 Bethphage

329 4980 554 5036 viculus
583 4978 935 5046 est,viculus
966 4978 1117 5049 dico,
1140 4977 1277 5052 quia
1306 4976 1364 5033 in
1395 4981 1550 5033 terra
1577 4978 1978 5051 repromissio-

331 5069 419 5124 nis
438 5085 647 5125 omnes
676 5067 823 5123 villae
856 5066 1109 5123 maxime
1139 5070 1379 5122 muratae
1410 5067 1768 5133 erant,unde
1797 5068 1973 5124 etvici

330 5164 387 5213 et
410 5157 561 5213 villa:
576 5174 695 5213 una
710 5154 1100 5229 appellatione
1116 5159 1448 5212 censentur.
1468 5155 1608 5211 Betb
1615 5155 1804 5228 pbage
1814 5156 1973 5212 enim

332 5245 747 5319 interpretatur
791 5245 983 5303 domus
1026 5246 1211 5302 bucca?
1250 5242 1339 5301 vel
1386 5244 1773 5311 maxillarum,
1807 5261 1876 5301 ea
1905 5245 1976 5301 de

332 5350 524 5403 causa,
553 5333 837 5408 quoniam
885 5334 1221 5391 sacerdotes
1252 5333 1310 5388 in
1344 5330 1560 5403 templo
1610 5331 1842 5388 Domini
1876 5348 1979 5404 per

326 5426 564 5479 octonos
593 5423 720 5479 dies
748 5423 935 5479 vicem
960 5438 1080 5480 sum
1103 5418 1631 5478 administrationis
1656 5419 1973 5493 explentes,

322 5510 617 5586 completo
644 5511 843 5568 divino
874 5511 1171 5585 mysterio,
1196 5513 1364 5567 nocte
1403 5510 1475 5565 ad
1513 5509 1786 5565 eumdem
1816 5509 1975 5565 vicu-

330 5598 447 5659 lum
480 5600 891 5673 succedebant,
908 5606 964 5659 ct
992 5599 1220 5660 hostias
1242 5603 1299 5659 et
1327 5596 1611 5659 sacriﬁcia
1641 5613 1769 5675 quae
1801 5597 1860 5655 in
1882 5598 1977 5657 die

2090 4623 2675 4698 intelligentiam,per
2704 4626 2826 4683 haec
2856 4626 2970 4684 duo
3000 4626 3278 4684 animalia
3306 4644 3456 4684 onus
3487 4627 3735 4683 duorum

2084 4713 2439 4787 populorum
2466 4720 2663 4788 aperte
2693 4716 3043 4773 declaratur.
3058 4717 3236 4775 Asina
3265 4717 3589 4790 enim,quaa
3608 4732 3741 4772 one-

2085 4803 2251 4859 ribus
2266 4804 2518 4861 ferendis
2535 4809 2770 4862 assueta
2783 4809 2890 4875 est,
2904 4804 3189 4881 pepulum
3208 4806 3543 4862 Judaaorum
3559 4804 3608 4861 si
3615 4802 3739 4879 gni-

2086 4892 2239 4961 ﬁcat,
2274 4892 2376 4964 qui
2423 4892 2598 4967 longo
2642 4899 2901 4970 tempore
2948 4895 3239 4953 seminam
3282 4893 3429 4967 legis
3461 4897 3735 4950 traxerat.

2084 4979 2287 5036 Pullus
2309 4997 2468 5055 ergo,
2499 4983 2599 5055 qui
2633 4982 2885 5041 lascivus
2916 4989 2974 5041 et
2997 4984 3145 5040 liber
3168 4982 3589 5057 est,slgniticat
3604 4999 3740 5057 gen-

2082 5067 2277 5125 tilium
2298 5070 2548 5143 plebem,
2563 5091 2690 5146 quze
2709 5078 2843 5131 ante
2859 5074 3173 5129 adventum
3193 5072 3425 5129 Domini
3447 5072 3574 5127 sine
3591 5071 3736 5146 legis

2084 5158 2350 5215 doctrina
2363 5164 2421 5216 et
2434 5161 2849 5234 prophetarum
2863 5162 3032 5235 quasi
3048 5160 3297 5219 liberast
3310 5177 3458 5239 vaga
3475 5160 3733 5228 incessit.

2085 5246 2309 5302 Etbene
2322 5248 2789 5324 utriquealligati
2812 5252 3090 5307 dicuntur
3104 5250 3304 5317 fuisse,
3324 5249 3463 5323 quia
3482 5248 3736 5307 .veniens

2086 5334 2298 5390 Redem
2308 5336 2507 5407 ptorin
2523 5339 2835 5406 mundum,
2851 5344 3170 5412 utrumque
3180 5337 3465 5412 populum
3486 5334 3736 5394 vinculis

2084 5426 2453 5494 peccatorum
2487 5441 2731 5482 suorum
2762 5426 3067 5500 alligatum
3099 5427 3337 5482 invenit.
3355 5425 3516 5482 Unde
3532 5430 3588 5482 et
3604 5440 3734 5496 apo~

2086 5509 2271 5566 stolus
2296 5510 2509 5568 Paulus
2541 5513 2711 5569 dicit:
2731 5536 2758 5565 ‹‹
2773 5515 2920 5582 Quia
2933 5532 3046 5572 non
3076 5519 3165 5570 est
3193 5514 3731 5582 distiuctio,omnes

2084 5598 2240 5657 enim
2272 5608 2677 5680 peccaverunt,
2702 5609 2760 5660 et
2805 5608 2976 5683 egent
3022 5602 3209 5678 gloria
3253 5601 3351 5660 Dei
3382 5601 3555 5673 (Rom.
3586 5600 3662 5672 ι).
3697 5618 3726 5649 ››
