4012 6174
294 299 412 385 353

858 320 1269 382 HAYMONIS
1317 319 1858 380 HALBERSTA'I‘.
1910 318 2150 378 EPISC.
2198 320 2370 379 01³1⁵.
2421 320 2616 381 PARS
2661 321 2735 380 ΙΙ.
2766 355 2837 365 —
2870 316 3137 382 HOMIL.

3583 325 3701 385 356

293 481 319 507 ‹‹
358 455 594 513 Solvite.
630 478 657 505 ››
693 454 904 511 Solvite
955 457 1157 527 gentes
1188 469 1221 509 a
1253 451 1503 508 vinculis
1547 455 1939 525 peccatorum.
1972 454 2026 517 Α
2056 450 2258 506 Sion.»
2279 451 2393 508 Vos
2425 452 2672 526 apostoli
2691 458 2759 510 et
2787 454 2976 509 czeteri
3006 454 3105 526 qui
3130 454 3445 510 Dominum
3465 456 3699 512 comita-

293 569 318 593 ‹‹
353 545 422 600 Et
452 542 725 599 adducite
755 542 921 614 mihi,
956 566 981 592 ››
1014 546 1205 598 vestra
1236 541 1645 613 praedicatione
1674 542 1726 596 et
1757 538 1937 595 mira-

290 633 630 690 culis.Licet
653 631 809 687 enim
832 632 1201 704 omnipotens
1218 631 1371 686 Deus
1393 634 1595 703 gentes
1616 629 1688 685 ad
1708 633 1938 701 tempus

290 720 686 793 dereliquerit,
715 726 781 776 ut
828 719 1095 787 salvaret,
1141 736 1256 775 non
1303 724 1501 775 tamen
1546 717 1606 773 in
1655 723 1936 773 zetcrnum

286 810 658 882 contempsit,
690 815 754 865 ut
787 810 1070 882 perderet.
1096 809 1341 865 Necesse
1380 812 1468 864 est
1516 807 1673 863 enim
1721 813 1786 863 ut
1836 807 1938 863 ﬁat

285 898 395 954 hoc
426 900 581 971 quod
614 915 717 972 per
746 898 1118 953 Psalmistam
1150 897 1295 952 dixit
1327 915 1340 953 :
1372 920 1397 947 «
1434 897 1711 953 Homines
1756 900 1813 952 et
1835 898 1936 968 ju-

288 993 486 1044 menta
515 985 789 1053 salvebis,
823 986 1065 1042 Domine
1096 986 1268 1057 (Psal.
1302 986 1491 1058 xxxv).
1527 1008 1554 1035 η

357 1099 384 1128 ‹‹
410 1078 478 1132 Et
509 1077 557 1133 si
592 1076 723 1149 quis
755 1074 919 1131 vobis
952 1074 1175 1147 aliquid
1207 1074 1441 1144 dixerit,
1464 1074 1636 1131 dicite
1669 1075 1807 1148 quia
1828 1073 1937 1131 De-

287 1165 519 1221 z'minus
542 1164 633 1220 his
650 1181 797 1238 opus
819 1164 1334 1237 habet.»Prwcepit
1355 1164 1640 1220 Dominus
1652 1164 1931 1236 apostolis

284 1255 408 1311 suis
440 1260 505 1309 ut
552 1260 813 1327 tempore
863 1271 981 1308 suae
1031 1254 1459 1326 praedicationis
1504 1270 1619 1308 non
1665 1254 1933 1309 cederent

281 1342 643 1415 principibus
674 1346 730 1399 et
762 1342 996 1416 regibus
1027 1343 1291 1416 gentium
1316 1341 1760 1414 prohibentibus
1783 1358 1932 1398 cosa

281 1433 545 1488 doctrina
575 1437 631 1488 et
660 1431 846 1488 salute
870 1431 1237 1505 populorum.
1263 1430 1536 1503 Legimus
1553 1430 1708 1487 enim
1729 1447 1930 1487 secun-

279 1520 420 1576 dum
454 1520 599 1577 alios
625 1519 1009 1594 evangelistas
1039 1521 1223 1589 (Marc.
1258 1519 1928 1592 xu,Luc.x1x).quiacum

278 1609 553 1683 discipuli
566 1610 864 1665 venissent
878 1611 949 1664 ad
963 1610 1203 1664 domum
1219 1608 1505 1664 solventes
1517 1608 1929 1681 pullum,dixe-

277 1703 416 1754 runt
445 1699 666 1754 domini
698 1698 909 1753 domus
942 1713 956 1752 :
993 1721 1019 1747 ‹‹
1054 1696 1202 1761 Quid
1255 1696 1445 1753 facitis
1477 1696 1765 1753 solventes
1795 1697 1925 1770 pul-

2051 538 2192 594 mini
2226 540 2552 598 Jerusalem
2580 543 2935 611 tendentem,
2970 567 2995 592 α
3029 543 3203 599 dicite
3236 543 3368 598 tiliae
3397 543 3556 612 Sion,
3587 568 3614 595 ››
3637 546 3694 601 id

2048 632 2137 707 est
2167 629 2384 702 populo
2412 630 2737 687 Jerusalem
2787 633 2858 687 ad
2903 631 3279 688 festivitatem
3324 640 3692 705 congregato.

2047 717 2439 775 Historialiter
2468 719 2647 775 tiliam
2697 721 2833 776 Sion
2875 720 3132 794 appellat
3175 721 3533 777 Jewsalem.
3555 723 3694 779 Sion

2044 806 2203 862 enim
2235 825 2337 864 arx
2367 813 2491 865 erat
2510 810 2777 865 eminens
2808 810 2866 864 in
2899 809 3091 866 medie
3114 809 3386 879 civitatis,
3406 815 3465 866 et
3482 811 3694 883 princi-

2045 900 2246 968 patum
2299 902 2503 955 tcnens
2552 915 2729 971 super
2774 898 3017 957 aediﬁcia
3055 897 3327 968 civitatis.
3361 922 3388 951 ‹‹
3424 901 3566 957 Ecca
3593 918 3694 956 rex

2044 990 2204 1052 tuus,
2221 1009 2248 1038 ι)
2266 1004 2379 1043 non
2414 987 2759 1061 alienigena,
2776 1005 2890 1043 non
2910 992 3221 1044 extraneus
3248 993 3314 1043 ut
3334 988 3692 1056 Herodes,de

2042 1079 2098 1130 te
2125 1078 2318 1132 carnis
2348 1077 2632 1150 originem
2664 1093 2922 1133 sumens.
2943 1100 2972 1127 ‹‹
2994 1076 3166 1133 Venit
3194 1075 3322 1132 tibi.
3340 1077 3503 1133 nNon
3526 1084 3694 1136 vacat

2043 1164 2196 1236 quod
2229 1164 2369 1221 dixit
2402 1189 2429 1215 «
2464 1165 2570 1221 tibi
2605 1190 2633 1215 »
2653 1166 2769 1222 Hoc
2798 1170 2906 1232 est,
2920 1166 2969 1221 si
3002 1164 3356 1222 intellexeris
3377 1167 3691 1224 adventum

2041 1253 2191 1324 ejus,
2224 1258 2280 1310 et
2310 1271 2444 1310 eum
2477 1255 2680 1311 devote
2711 1254 3019 1329 receperis,
3051 1277 3080 1305 ι(
3113 1255 3270 1310 venit
3300 1255 3430 1323 tibi,
3457 1278 3484 1306 »
3513 1257 3569 1311 id
3600 1262 3695 1313 est

2041 1346 2106 1397 ut
2136 1342 2319 1398 salvet
2354 1347 2430 1400 te.
2465 1343 2527 1399 Si
2577 1348 2773 1400 autem
2809 1360 2922 1400 non
2978 1342 3328 1400 intellexeris
3376 1344 3690 1401 adventum

2040 1429 2219 1498 illius,
2239 1432 2562 1504 repelleris,
2595 1432 2783 1488 veniet
2813 1436 3014 1488 contra
3038 1436 3113 1501 te,
3134 1431 3241 1487 hoc
3273 1437 3363 1489 est
3393 1437 3457 1488 ut
3488 1434 3693 1505 perdat

2039 1523 2115 1575 te.
2154 1542 2181 1570 ‹‹
2213 1520 2575 1577 Mansuetus.
2610 1544 2639 1570 ››
2670 1521 2787 1577 Ista
2812 1525 2950 1576 sunt
2980 1521 3196 1576 indicia
3224 1522 3381 1594 regis
3407 1522 3691 1578 tui.Man-

2039 1612 2266 1677 suetus,
2302 1626 2418 1665 non
2455 1611 2763 1677 ferox,non
2786 1609 3227 1675 crudelis,sicut
3258 1609 3355 1665 alii
3387 1611 3689 1683 reges,qui

2039 1701 2211 1752 antea
2240 1698 2698 1754 dominabantur
2730 1699 2837 1767 tui,
2872 1698 2973 1753 sed
3006 1698 3356 1764 mitis,sicut
3383 1699 3684 1772 ipsedixit:

276 1787 445 1863 lum?
475 1811 495 1836 ι
530 1790 602 1842 At
629 1785 712 1842 illi
741 1785 1035 1851 dixerunt,
1056 1786 1199 1857 quia
1228 1785 1513 1843 Dominus
1539 1802 1776 1859 operam
1797 1788 1926 1858 ejus
1956 1827 2002 1892 Β
2043 1809 2069 1835 ‹‹
2106 1786 2319 1843 Discite
2350 1804 2385 1842 a
2413 1803 2507 1843 me
2529 1788 2669 1860 quia
2697 1787 2859 1843 mitis
2889 1803 3023 1843 sum
3055 1790 3113 1842 et
3142 1786 3385 1855 humilis
3426 1787 3615 1844 corde.
3653 1810 3684 1837 »

294 1875 336 1892 ,ξ
525 1878 564 1892 κ.
627 1874 752 1892 ..νη
791 1873 927 1892 μμ
1072 1874 1305 1892 ,
1850 1871 1894 1892 ,ρ
2041 1874 2109 1892 ι..
2339 1879 2353 1892 ι

278 1874 591 1931 desiderat.
627 1874 754 1929 Mox
780 1873 935 1929 enim
972 1875 1036 1928 ut
1066 1874 1250 1930 sancti
1286 1871 1550 1947 apostoli,
1588 1877 1822 1945 accepto
1838 1871 1924 1928 di-

272 1962 491 2019 vinitus
519 1964 825 2034 precepto,
856 1961 1079 2018 mundo
1111 1962 1589 2036 praadicaverunt,
1608 1962 1809 2018 statim
1840 1978 1926 2018 re-

274 2068 374 2124 ges
405 2051 664 2123 gentium
697 2054 753 2106 et
782 2050 1074 2124 principes
1105 2050 1489 2108 cisobsistere
1511 2055 1832 2123 emperunt,
1852 2068 1923 2106 ne

274 2138 501 2212 pullum
535 2138 843 2209 solverent,
877 2139 935 2194 id
985 2146 1074 2198 est
1123 2157 1195 2196 ne
1240 2140 1521 2213 populum
1567 2139 1843 2213 gentilem
1891 2158 1925 2195 a

273 2228 501 2284 cultura
531 2226 820 2283 idolorum
852 2230 1317 2285 averterentzscd
1338 2228 1610 2302 discipuli
1642 2229 1760 2284 illis
1781 2246 1920 2284 con-

271 2320 494 2372 stanter
508 2317 951 2373 insinuaverunt
971 2316 1128 2389 quod
1142 2316 1425 2372 Dominus
1437 2333 1671 2389 operam
1686 2316 1921 2372 illorum

270 2405 684 2462 desiderasset.
710 2406 834 2472 Quo
864 2405 921 2460 in
951 2405 1076 2461 loco
1109 2404 1275 2479 queri
1305 2410 1495 2477 potest
1524 2422 1630 2461 cur
1649 2404 1922 2478 discipuli

271 2495 341 2550 de
374 2494 731 2551 animalibus
762 2494 984 2565 dicunt,
1021 2517 1048 2546 ‹‹
1080 2494 1364 2551 Dominus
1385 2494 1478 2550 hic
1504 2512 1652 2567 opus
1672 2494 1917 2563 habet,»

268 2600 403 2641 cum
433 2584 691 2641 Ecclesia
722 2586 772 2641 ei
800 2585 1067 2642 decantet
1095 2602 1107 2640 :
1142 2608 1169 2636 «
1204 2587 1491 2641 Bonorum
1517 2603 1914 2642 meorum‘non

266 2672 537 2746 indiges?
568 2696 596 2723 ››
628 2674 895 2743 (Psal.xv
919 2673 937 2746 )
964 2673 1247 2728 Gentibus
1278 2677 1365 2742 (ut
1396 2673 1467 2728 de
1498 2673 1919 2728 numerositate

266 2762 500 2817 illarum
533 2767 835 2818 construat
865 2761 978 2818 sibi
1010 2785 1037 2812 «
1070 2761 1413 2829 Ecclesiam,
1447 2778 1562 2816 non
1604 2759 1916 2817 habentem

264 2850 560 2907 maculam
593 2868 781 2924 neque
806 2854 1038 2925 rugam)
1056 2873 1082 2899 ››
1098 2850 1227 2905 ideo
1244 2849 1528 2906 Dominus
1551 2867 1700 2921 opus
1716 2849 1913 2916 habet,

266 2945 329 2996 ut
359 2941 577 2996 damna
597 2939 795 3013 patria:
814 2939 1085 3004 caelestis,
1102 2955 1229 3012 quae
1249 2939 1585 2995 labentibus
1610 2938 1803 3012 pravis
1820 2955 1918 2994 an-

263 3029 410 3102 gelis
441 3028 1222 3095 contraxerat,multitudine
1252 3028 1517 3101 gentium
1548 3031 1911 3100 reparentur.

261 3142 289 3169 ‹‹
322 3120 393 3174 Et
423 3117 725 3175 confestim
760 3117 1014 3174 dimittet
1043 3133 1159 3175 eos.
1194 3137 1220 3169 υ
1256 3116 1554 3190 Completo
1586 3116 1914 3172 ministerio

262 3206 496 3263 illorum
523 3206 1188 3274 animalium,animalia
1219 3204 1455 3278 quidem
1490 3206 1557 3260 ad
1593 3204 1905 3277 pristinum
1940 3197 1983 3263 C

262 3296 567 3353 dominum
603 3298 839 3352 reducta
860 3301 1020 3364 sunt,
1054 3295 1155 3351 sed
1190 3294 1385 3367 ﬁgura
1414 3294 1647 3349 illorum
1680 3294 1910 3349 anima-

260 3382 406 3439 lium
438 3401 618 3457 penes
650 3384 965 3439 Dominum
999 3382 1439 3439 rcmansit.Non
1470 3398 1607 3455 ergo
1627 3382 1910 3438 debemus

260 3478 466 3544 putare
489 3472 641 3544 quod
664 3476 973 3544 postquam
990 3469 1287 3539 animalia,
1306 3470 1413 3525 hoc
1426 3475 1513 3525 est
1526 3470 1779 3543 populus
1793 3487 1912 3525 cre-

261 3560 634 3628 dentium,ad
655 3560 967 3615 Dominum
986 3560 1378 3625 adducuntur,
1400 3558 1611 3615 iterum
1632 3559 1703 3614 ad
1722 3558 1910 3631 pristi-

260 3666 366 3704 nos
397 3648 689 3719 dominos,
708 3648 764 3703 id
796 3653 885 3704 est
916 3649 986 3703 ad
1019 3648 1321 3704 servitium
1353 3648 1686 3703 daemonum
1709 3647 1907 3703 dimit-

260 3740 487 3793 tantur:
507 3736 608 3792 sed
634 3736 717 3792 ita
738 3735 932 3809 potius
962 3735 1405 3810 intelligendum
1438 3740 1528 3792 est
1557 3737 1711 3809 quod
1738 3735 1905 3791 dicit:

263 3848 289 3876 «
311 3826 379 3882 Et
409 3824 715 3881 confestim
748 3824 1001 3881 dimittet
1031 3842 1149 3894 eos,
1169 3822 1210 3876 ››’
1232 3825 1370 3898 quia
1398 3841 1531 3881 cun:
1549 3824 1817 3881 homines
1835 3826 1906 3882 ad

261 3916 436 3971 fidem
468 3914 682 3970 Christi
715 3914 1110 3981 adducuntur,
1130 3926 1263 3970 m‘ox
1289 3913 1673 3970 remittuntur
1703 3931 1815 3970 non
1846 3914 1905 3970 in

260 4003 688 4060 daamoniacum
720 4003 1042 4060 servitium.
1078 4003 1178 4060 sed
1212 4004 1270 4059 in
1301 4002 1549 4059 liberum
1598 4003 1906 4061 arbitrium

259 4094 624 4167 rediguntur.
657 4116 684 4143 ‹‹
721 4093 835 4149 lloc
866 4098 1063 4149 autem
1093 4097 1280 4148 totum
1316 4092 1532 4148 factum
1565 4097 1671 4148 est.
1699 4115 1726 4144 »
1757 4094 1906 4158 Quid

257 4187 445 4238 totum
464 4182 492 4236 ἱ)
507 4182 577 4238 Ut
591 4181 871 4238 Dominus
884 4186 1119 4254 propter
1134 4178 1412 4237 animalia
1428 4180 1770 4237 adducenda
1782 4182 1906 4237 dis-

255 4271 481 4344 cipulos
512 4271 569 4327 in
603 4272 895 4328 civitatem
929 4270 1203 4339 mitteret,
1225 4274 1289 4325 ut
1309 4270 1521 4325 vilibus
1552 4270 1906 4326 animalibus

256 4362 314 4416 in
334 4362 624 4417 civitatem
652 4362 870 4435 regiam
890 4364 1240 4433 portaretur.
1258 4359 1629 4416 Consuetudo
1646 4364 1735 4416 cst
1752 4361 1904 4415 beati

256 4450 510 4505 Matthzei
544 4449 915 4523 evangelista:
946 4453 1009 4504 ut
1038 4452 1253 4505 cuncta
1282 4466 1407 4521 quae
1440 4450 1509 4504 de
1536 4449 1783 4504 Domino
1806 4466 1907 4504 no-

2037 1874 2241 1945 (Mauh.
2269 1879 2356 1945 ιι.)

2110 2013 2137 2042 ‹‹
2169 1986 2390 2047 Sedens
2415 2009 2591 2065 super
2620 1992 2847 2048 asinam
2892 1996 2950 2048 et
2978 1990 3229 2066 pullum,
3267 2016 3293 2041 ››
3318 1992 3374 2047 id
3427 1996 3517 2049 est
3563 2010 3683 2049 non

2032 2080 2192 2135 venit
2222 2083 2291 2135 ad
2319 2085 2371 2135 te
2401 2081 2613 2137 sedens
2646 2099 2823 2154 super
2852 2099 3069 2154 equum
3114 2087 3433 2137 amatorem
3477 2081 3592 2137 litis
3621 2086 3686 2138 et

2033 2170 2361 2236 discordiae,
2393 2171 2493 2226 sed
2526 2171 2735 2225 sedens
2763 2186 2939 2242 super
2977 2170 3402 2242 asinam.pacis
3431 2175 3486 2225 et
3515 2177 3685 2225 tran-

2033 2257 2321 2331 quilitatis
2349 2257 2951 2330 amicam.Allegorice
2963 2259 3099 2314 Sion
3128 2258 3286 2313 illam
3303 2264 3522 2331 partem
3542 2275 3683 2314 san-

2032 2352 2137 2403 ctae
2171 2346 2434 2425 Ecclesiae
2466 2347 2748 2404 debemus
2779 2346 3103 2419 intelligere
3148 2364 3275 2419 qua:
3319 2351 3409 2402 est
3453 2346 3510 2402 in
3557 2346 3683 2404 illis

2032 2436 2249 2491 sanctis
2282 2434 2381 2508 qui
2403 2436 2530 2507 jam
2564 2453 2701 2490 eum
2732 2435 2963 2492 Christo
2997 2439 3242 2509 regnant
3262 2441 3318 2490 et
3334 2435 3680 2491 charitatem

2030 2523 2189 2579 illius
2216 2523 2709 2596 contemplantur.
2732 2523 3101 2579 Filium‘vero
3131 2523 3269 2578 Sion
3293 2523 3570 2579 debemus
3593 2523 3682 2578 in-

2030 2612 2285 2685 telligere
2304 2616 2652 2685 praesentem
2682 2611 3415 2684 Ecclesiam,quzeadhuca
3445 2611 3680 2668 Christo

2028 2702 2436 2774 peregrinatur
2460 2702 2519 2756 in
2542 2704 2713 2757 terra.
2730 2704 2865 2769 Quae
2883 2702 3089 2756 merito
3112 2700 3230 2755 filio
3248 2717 3513 2773 supernae
3531 2701 3677 2756 civi—

2025 2792 2164 2847 tatis
2197 2790 2587 2863 dicitur,quia
2618 2790 2701 2845 illi
2734 2790 2833 2863 qui
2866 2808 2973 2846 nos
3003 2791 3076 2845 ad
3107 2789 3397 2845 cmlestem
3423 2789 3675 2862 patriam

2025 2884 2467 2954 praecesserunt,
2502 2881 2676 2935 ﬁdem
2708 2883 2764 2936 et
2788 2880 2940 2935 bona
2970 2897 3145 2952 opera
3185 2895 3292 2935 nos
3324 2878 3671 2950 doéuerunt,

2024 2969 2108 3025 illi
2140 2970 2316 3027 etiam
2348 2986 2513 3025 sacro
2545 2970 2896 3041 baptismate
2927 2985 3033 3024 nos
3050 2964 3677 3042 regeneraverunt.Est

2024 3060 2206 3133 igitur
2226 3077 2328 3115 vox
2348 3058 2641 3132 prophetae
2659 3059 2728 3114 ad
2749 3057 3153 3131 praedicatores
3170 3055 3444 3112 dicentis:
3467 3053 3669 3120 Dicite,

2023 3165 2125 3205 vos
2155 3149 2338 3204 sancti
2370 3148 2795 3219 praedicatores,
2830 3145 2931 3218 qui
2961 3144 3152 3202 adhuc
3195 3144 3569 3217 peregrimini
3601 3143 3664 3198 in

2020 3238 2190 3294 terris
2216 3255 2249 3293 a
2278 3236 2530 3303 Christo,
2557 3236 2733 3291 dicite
2764 3239 2976 3292 sancta:
2999 3233 3266 3290 Ecclesiae
3297 3252 3310 3289 :
3337 3257 3363 3283 «
3397 3233 3540 3289 Ecce
3567 3250 3669 3288 rex

2017 3330 2224 3381 tuus.»
2257 3325 2375 3380 [tax
2404 3331 2614 3381 sanctas
2648 3323 2992 3381 Ecclesizein
3023 3324 3213 3396 primo
3244 3323 3491 3378 adventu
3508 3320 3669 3377 venit

2018 3418 2386 3481 mansuetus,
2420 3419 2486 3470 ut
2516 3431 2645 3470 eam
2690 3414 3004 3468 redimeret
3036 3429 3048 3467 :
3082 3413 3141 3467 in
3187 3412 3443 3468 secundo
3486 3411 3665 3466 etiam

2018 3503 2268 3559 adventu
2299 3502 2491 3559 veniet
2520 3505 2886 3568 mansuetus,
2916 3507 2981 3557 ut
3019 3519 3147 3557 eam
3181 3502 3253 3556 ab
3292 3500 3400 3556 hoc
3452 3498 3669 3555 sweulo

2018 3591 2343 3659 subtrahat,
2360 3591 2489 3647 etin
2509 3607 2821 3647 numerum
2841 3589 3164 3647 ccelestium
3188 3589 3403 3645 civium
3423 3588 3669 3644 transfe-

2019 3680 2320 3736 rat.Juxta
2351 3680 2605 3736 litteram
2639 3694 2754 3735 non
2785 3678 2951 3735 facile
2982 3683 3070 3734 est
3090 3677 3670 3744 credendum,utDo-

2017 3770 2216 3825 minus
2234 3769 2290 3824 in
2309 3775 2427 3825 tam
2446 3786 2621 3841 parvo
2640 3768 2846 3824 itinere
2865 3761 3349 3839 utriquehnimali
3363 3765 3663 3822 insederit.

2016 3859 2233 3914 Ferunt
2251 3857 2408 3913 enim
2439 3857 2703 3913 doctores
2724 3873 2758 3911 a
2779 3860 2976 3913 mente
2992 3854 3192 3911 Oliveti
3223 3870 3406 3927 usque
3425 3854 3664 3910 Jerusa-

2015 3946 2131 4002 lem
2163 3945 2322 4001 mille
2352 3951 2582 4001 tantum
2606 3947 2861 4016 spatium
2876 3944 3088 4015 pedum
3123 3944 3420 4012 interesse,
3438 3942 3540 3998 sed
3563 3945 3668 3997 aut

2017 4036 2194 4090 asinae
2218 4034 2524 4099 insedit,et
2557 4033 2753 4105 pullus
2782 4031 2930 4088 liber
2959 4032 3223 4087 incessit:
3246 4036 3365 4102 aut,
3385 4028 3538 4103 quod
3561 4047 3665 4102 pe-

2015 4124 2135 4179 tius
2167 4124 2521 4180 credendum
2556 4127 2663 4187 est,
2698 4120 2856 4193 pullo
2888 4121 3197 4190 insedit,et
3227 4120 3391 4175 asina
3440 4120 3665 4191 absque

2014 4229 2241 4269 sessore
2274 4212 2401 4267 fuit.
2434 4211 2546 4266 Sed
2581 4209 2915 4281 ubicunque
2937 4208 3192 4264 historia
3212 4207 3424 4275 deﬁcit,
3442 4211 3543 4261 aut
3564 4206 3666 4262 ali-

2014 4302 2153 4375 quid
2188 4300 2572 4374 turpitudinis
2595 4299 2789 4366 habet,
2812 4300 2880 4353 ad
2905 4297 3270 4370 spiritualem
3300 4294 3663 4351 intellectum

2012 4396 2101 4447 est
2135 4389 2572 4445 recurrendum.
2608 4388 2752 4442 Nam
2788 4391 2843 4441 et
2875 4387 2923 4442 si
2954 4386 3238 4442 Dominus
3268 4382 3504 4457 utrique
3535 4385 3662 4439 ani-

2014 4478 2152 4535 mali
2177 4478 2431 4533 insidere
2464 4494 2579 4532 non
2612 4475 2823 4548 potuit,
2849 4476 3018 4546 juxta
3071 4472 3410 4547 mysterium
3459 4476 3663 4528 tamen

254 4543 384 4639 {5"‘2
405 4538 805 4639 ’ἰθείξρδνίδίίξ
840 4541 1036 4639 at
1065 4536 1707 4639 θῗδθηθφωριθίθζῗίίῗθί
1727 4537 1903 4593 etiam
1935 4563 1982 4628 D
2017 4567 2245 4639 utrique
2261 4536 3200 4638 populo,Judaeorumvvidelicet-et
3219 4561 3502 4635 gentium,
3521 4579 3665 4634 prae-

254 4626 608 4683 testimoniis
640 4626 993 4700 propheticis
1023 4632 1157 4682 ante
1189 4625 1369 4682 fuisse
1396 4626 1688 4699 praedicta.

326 4742 353 4768 (ι
390 4716 571 4773 Dicite
602 4715 734 4771 filiae
757 4716 915 4773 Sion.
952 4739 979 4765 ››
1012 4716 1129 4771 Hoc
1159 4714 1491 4788 exemplum
1524 4716 1595 4771 de
1627 4715 1904 4773 Zacharia

252 4806 538 4879 propheta
568 4810 874 4878 sumptum
907 4810 997 4861 est
1024 4805 1204 4875 (Zach.
1239 4809 1336 4871 1x).
1360 4804 1561 4860 Sciens
1582 4806 1737 4860 enim
1772 4821 1903 4860 san-

254 4899 383 4950 ctus
406 4893 697 4966 propheta
711 4910 813 4966 per
833 4893 1118 4967 Spiritum
1138 4898 1409 4949 sanctum
1432 4892 1899 4950 incredulitatem

254 4982 434 5037 animi
467 4983 824 5051 Judaaorum,
851 4999 1219 5056 przenoscens
1250 4982 1425 5039 etiam
1455 4982 1676 5055 Spiritu
1698 4988 1899 5040 sancto

253 5069 562 5136 revelante,
594 5071 749 5142 quod
793 5073 1059 5127 veniente
1108 5072 1282 5127 domo
1324 5071 1668 5139 Jerusalem,
1703 5077 1900 5128 essent

251 5175 386 5213 eum
420 5158 859 5228 contradicturi,
893 5164 950 5215 et
985 5159 1370 5232 blasphemiis
1423 5164 1480 5216 et
1525 5160 1898 5217 contumeliis

250 5236 1064 5320 atl‘ecturi,praesumptionem
1095 5249 1286 5304 cordis
1315 5265 1515 5305 eorum
1544 5254 1899 5306 anteacura-

247 5334 328 5390 vit
346 5335 680 5406 reprimere,
695 5340 753 5391 et
765 5336 1013 5392 adventu
1025 5353 1077 5391 m
1093 5336 1496 5409 Redemptoris
1514 5339 1739 5394 studuit
1754 5356 1898 5412 pra:-

247 5424 457 5492 dicere,
477 5424 692 5496 quibus
711 5423 944 5480 indiciis
961 5428 1200 5496 possent
1218 5440 1352 5480 eum
1376 5442 1710 5499 agnoscere.
1727 5428 1792 5483 Et
1809 5434 1899 5485 est

245 5504 358 5569 vox
385 5512 679 5586 prophetae
712 5528 991 5568 conversa
1021 5512 1092 5567 ad
1127 5511 1419 5584 apostolos
1441 5519 1499 5569 et
1527 5519 1763 5572 caeteros
1795 5517 1896 5590 qui

246 5603 559 5662 Dominum
601 5602 1049 5679 comitabantur,
1076 5600 1429 5678 allequentis
1456 5621 1468 5659 :
1500 5618 1527 5654 ‹‹
1562 5605 1742 5663 Dicite
1765 5604 1895 5663 tiliae

2015 4656 2185 4723 sidet,
2204 4660 2261 4711 et
2292 4653 2652 4727 praesidendo
2683 4652 2847 4708 ducit
2866 4668 2964 4708 eos
2994 4650 3462 4716 Jerusalem,hoc
3480 4655 3571 4705 est
3589 4651 3663 4705 ad

2012 4744 2295 4802 visionem
2328 4741 2527 4816 patriae
2559 4738 2831 4798 caelestis.

2083 4886 2108 4911 ι(
2139 4861 2358 4916 Euntes
2390 4862 2585 4914 autem
2618 4855 2911 4929 discipuli.
2952 4878 2977 4903 ι»
3006 4856 3253 4927 Accepto
3304 4854 3661 4928 praedicandi

2010 4953 2315 5022 praecepto,
2336 4945 2583 5020 apostoli
2600 4945 2937 5000 universum
2958 4945 3156 5000 orbem
3181 4950 3658 5016 peragraverunt,

2008 5043 2065 5096 et
2094 5035 2477 5094 seminarium
2508 5032 2713 5089 divinae
2747 5033 2878 5088 ﬁdei
2913 5032 3130 5104 ubique
3160 5031 3585 5103 disperserunt.

2081 5186 2107 5212 ‹‹
2140 5162 2211 5218 Et
2255 5160 2663 5231 imposuerunt
2706 5172 2883 5230 super
2929 5172 3028 5213 eos
3070 5154 3419 5211 vestimenta
3461 5171 3590 5211 sua.
3632 5179 3658 5203 ι»

2005 5250 2368 5307 Vestimenta
2398 5245 2816 5320 apostolorum,
2848 5262 2977 5317 quae
3009 5244 3186 5301 nudis
3217 5243 3400 5318 tergis
3430 5243 3658 5300 anima-

2007 5340 2154 5395 lium
2169 5339 2599 5411 imposuerunt,
2614 5333 2948 5408 signiﬁcant
2959 5332 3285 5390 doctrinam
3296 5336 3356 5389 et
3369 5336 3660 5405 praecepta

2006 5445 2232 5494 eorum,
2251 5426 2467 5500 quibus
2489 5424 2664 5480 corda
2686 5422 2949 5496 gentium
2971 5421 3438 5478 calefeceruntut
3458 5420 3654 5477 Domi-

2005 5534 2147 5573 num
2162 5511 2717 5589 potuissenthabere
2730 5510 3168 5568 sessorem.Nisi
3191 5508 3450 5567 enimilli
3474 5508 3574 5583 qui
3595 5508 3654 5565 in

2015 5606 2243 5663 Christo
2268 5599 3036 5674 crediderunt,vestimentis
3057 5597 3454 5676 apostolorum
3491 5598 3658 5656 ador-
