3872 6170
183 318 274 379 357
1383 318 1734 381 HOMILIAZ
1776 320 1877 381 DE
1922 322 2316 384 TEMPORE.

3434 345 3555 407 358

187 449 940 521 natituissentmequaquam
954 449 1269 506 Dominum
1283 467 1570 508 sessorem
1584 452 1797 510 habere
1825 456 1877 522 Α
1907 454 2025 509 sive
2052 456 2318 527 salvi/ica,
2337 460 2404 512 ut
2428 458 2779 516 subaudiatu
2790 479 2835 528 r,
2855 464 3137 535 populum
3164 472 3329 527 tuum
3353 473 3553 545 Israel,

197 537 524 593 meruissent.

257 648 281 675 «
308 625 541 681 Plurima
570 630 767 682 autem
794 629 993 701 turba.
1019 650 1047 679 ››
1072 629 1335 687 Plurima
1356 632 1529 687 turba
1554 649 1678 704 quae
1706 649 1797 688 ve-

191 713 436 769 stimenta
461 731 566 770 sua
595 717 800 771 stravit
829 717 938 774 sub
966 719 1214 790 pedibus
1240 719 1585 777 animalium
1616 722 1802 777 Domi-

187 820 309 858 num
347 802 714 875 portantium,
748 804 1189 862 multitudinem
1222 812 1545 882 martyrum
1576 810 1801 882 signiﬁ-

185 897 285 961 cat,
314 891 405 963 qui
433 893 775 948 vestimenta
806 910 932 960 sua,
966 893 1023 949 id
1068 899 1159 950 est
1187 912 1430 968 corpora
1459 913 1584 959 sua.
1620 898 1679 953 in
1709 898 1802 954 via

181 980 333 1035 istius
349 978 471 1035 vita
484 985 835 1048 straverunt,
854 988 917 1038 ut
938 983 1293 1041 animalibus
1308 987 1679 1057 portantibus
1696 988 1802 1042 Do-

182 1068 473 1135 minum,id
499 1074 587 1124 est
608 1070 995 1143 simplicibus,
1015 1073 1123 1128 iter
1136 1075 1440 1147 gradiendi
1456 1076 1527 1131 ad
1551 1075 1799 1147 patriam

178 1156 447 1213 calestem
472 1158 756 1214 facerent:
776 1164 832 1216 et
853 1165 918 1216 ut
939 1177 1045 1219 nos
1066 1178 1298 1233 quoque
1313 1162 1595 1220 inoffenso
1616 1165 1802 1236 gradu

179 1246 453 1319 possimus
470 1247 767 1318 pervenire
786 1249 857 1303 ad
880 1249 1227 1316 Jerusalem,
1242 1251 1299 1307 id
1316 1257 1405 1307 est
1420 1254 1493 1308 ad
1509 1252 1801 1310 cmlestem

175 1334 423 1406 patriam.
444 1335 639 1392 Potest
666 1342 723 1394 et
746 1337 915 1393 aliter
939 1338 1181 1411 intelligi
1203 1342 1359 1412 quod
1387 1341 1663 1399 animalia
1692 1344 1801 1399 Do-

176 1424 380 1478 minum
412 1425 726 1496 portantia,
746 1443 923 1498 super
946 1444 1008 1482 se
1033 1428 1273 1499 quidem
1301 1431 1647 1487 vestimenta
1670 1449 1803 1504 apo-

175 1511 433 1568 stolorum
468 1513 751 1577 ferebant,
785 1515 952 1586 quasi
989 1518 1231 1587 majoris
1259 1518 1587 1591 dignitatis,
1618 1522 1803 1575 turba:

171 1618 287 1656 vero
311 1603 565 1657 confusae
612 1607 671 1658 et
716 1603 975 1677 vulgaris
1020 1607 1371 1663 vestimenta
1402 1610 1511 1664 sub
1555 1610 1803 1682 pedibus
1848 1641 1852 1646 ι

171 1690 593 1747 conculcabant.
619 1693 948 1749 Turbarum
979 1695 1135 1750 enim
1167 1696 1513 1753 vestimenta
1541 1715 1806 1754 caeremo-

1909 542 1993 598 vel
2028 548 2213 600 totum
2242 547 2553 617 mundum,
2569 548 2656 603 vel
2677 554 2763 617 (ut
2785 549 2879 605 alii
2903 553 3124 608 volunt‘
3148 542 3558 631 interpretatur

1906 633 2077 700 salus,
2110 639 2175 688 ut
2205 635 2281 690 sit
2311 651 2521 692 sensus
2556 653 2567 693 :
2603 660 2630 687 «
2661 638 2897 696 Osanna
2935 640 3054 697 filio
3088 644 3285 714 David,
3322 670 3349 696 »
3379 649 3435 705 id
3470 659 3559 708 est

1910 721 2071 777 salus
2103 722 2223 777 filio
2253 723 2454 781 David.

1981 833 2008 860 ‹‹
2046 811 2387 867 Benedictus
2418 814 2515 886 qui
2545 816 3046 891 venitinnomine
3067 822 3319 880 Domini.
3346 849 3373 876 ››
3398 829 3557 894 Quod

1911 898 2069 964 dicit,
2095 900 2433 957 benedictus
2466 904 2562 975 qui
2594 906 2754 960 venit
2784 906 2841 961 in
2875 910 3123 987 nomine
3143 913 3393 983 Domini,
3425 940 3453 969 «
3481 919 3562 974 in-

1910 986 2211 1060 telligitur,
2230 991 2367 1061 quia
2389 991 2566 1048 Filius
2588 1010 2621 1048 a
2645 995 2807 1052 Patre
2828 997 2984 1053 venit
3006 1000 3064 1057 in
3087 986 3395 1061 mundum.
3416 1006 3562 1071 Quia

1910 1077 2193 1149 quidquid
2227 1080 2548 1167 secundum
2582 1100 2813 1140 carnem
2849 1087 2907 1141 in
2939 1086 3046 1143 hoc
3069 1092 3291 1148 mundo
3312 1096 3449 1167 egit,
3473 1101 3561 1152 to-

1909 1167 2035 1218 tum
2059 1164 2128 1218 ad
2157 1164 2402 1237 gloriam
2435 1172 2491 1223 et
2517 1170 2730 1226 nomen
2756 1172 2942 1229 Patris
2966 1176 3056 1230 sui
3082 1177 3299 1246 retulit,
3317 1164 3519 1239 dicens
3544 1200 3558 1238 :

1912 1275 1938 1299 ‹‹
1974 1252 2139 1307 Pater
2168 1254 2226 1307 in
2256 1272 2347 1310 me
2379 1273 2643 1327 manens,
2665 1260 2788 1333 ipse
2820 1262 2955 1318 facit
2986 1280 3161 1337 opera
3189 1270 3374 1334 (Joan.
3410 1275 3506 1339 iv).
3532 1295 3559 1321 »

1911 1340 2073 1405 Quod
2105 1341 2370 1397 addunt:
2406 1366 2433 1393 «
2480 1346 2713 1402 Osanna
2759 1348 2814 1403 in
2862 1351 3124 1418 excelsis,
3162 1378 3189 1404 ››
3233 1362 3320 1412 est
3348 1375 3561 1416 sensus

1912 1429 2067 1500 quod
2098 1429 2420 1488 incarnatio
2451 1438 2507 1488 et
2552 1436 2746 1506 passio
2800 1438 3027 1497 Domini
3080 1442 3394 1503 Salvatoris
3443 1466 3559 1505 non

1911 1516 2104 1573 solum
2136 1518 2476 1577 hominibus
2496 1523 2658 1578 salus
2680 1526 2807 1593 fuit,
2827 1529 2926 1583 sed
2951 1529 3125 1586 etiam
3152 1532 3316 1589 salus
3336 1538 3393 1592 et
3410 1552 3562 1609 gau-

1912 1605 2074 1660 dium
2106 1608 2443 1679 angelorum
2479 1611 2537 1665 in
2561 1612 2723 1669 coelo.
2749 1614 2901 1672 Deus
2923 1617 3076 1674 enim
3101 1605 3561 1683 multitudo'cre-

1911 1695 2174 1750 dentium
2209 1697 2281 1751 ad
2304 1698 2478 1754 coctos
2504 1701 2873 1772 transfertur,
2894 1722 3174 1765 numerus
3195 1712 3560 1787 angelorum,

170 1780 283 1835 nias
308 1781 523 1837 veteris
552 1780 700 1853 legis
729 1782 1095 1855 significant;
1130 1785 1478 1842 vestimenta
1505 1787 1801 1861 apostolo-
1830 1821 1879 1887 Β
1911 1783 2380 1887 (ιυῙΙΙῴθΒιίὺυε
2432 1790 2624 1887 pravis
2676 1792 2898 1865 angelis
2952 1780 3303 1857 imminutus
3351 1780 3557 1872 fuerat,

168 1886 303 1936 rum,
317 1870 650 1926 doctrinam
666 1874 725 1926 et
740 1877 1025 1945 praecepta
1042 1872 1182 1931 Novi
1199 1875 1506 1932 Testamen
1516 1878 1555 1931 ti
1571 1878 1807 1933 demon-

166 1963 354 2014 strant.
373 1958 673 2015 Animalia
688 1976 825 2033 ergo
843 1961 1125 2018 Dominus
1146 1965 1438 2036 portantia
1459 1965 1806 2024 vestimenta

166 2046 553 2119 apostolorum
583 2065 760 2121 super
789 2066 851 2106 se
882 2049 1118 2117 habent,
1138 2053 1481 2109 vestimenta
1495 2056 1801 2113 turbarum

165 2134 261 2187 sub
288 2134 541 2206 pedibus
571 2135 699 2191 suis
728 2136 1074 2193 conculcant
1104 2155 1117 2193 ε
1154 2140 1293 2212 quia
1320 2157 1526 2198 omnes
1556 2144 1614 2198 in
1649 2144 1807 2201 Chri-

164 2228 302 2277 stum
335 2225 648 2279 credentes
681 2230 964 2298 praecepta
992 2227 1388 2298 apostolorum
1421 2248 1600 2304 super
1627 2251 1688 2289 se
1719 2240 1804 2290 at-

163 2312 414 2380 tendunt,
444 2313 725 2369 mandata
753 2331 887 2369 vero
917 2320 974 2371 et
1003 2317 1339 2375 neomenias
1370 2324 1543 2393 atque
1570 2322 1802 2378 institu-

163 2402 331 2456 tiones
353 2402 721 2459 Testamenti
747 2402 967 2461 Veteris
995 2422 1097 2477 pro
1120 2406 1302 2463 nihilo
1327 2408 1632 2481 deputant.
1652 2416 1802 2479 Quo-

162 2490 497 2563 tiescunque
517 2492 674 2547 enim
696 2492 1204 2555 circumcisionem
1225 2499 1580 2569 spernimus,
1599 2503 1806 2559 sabba-

163 2584 273 2634 tum
327 2580 646 2647 violamus,
694 2582 1031 2639 neomenias
1077 2585 1410 2658 abjicimus,
1458 2590 1599 2661 quid
1645 2590 1802 2649 aliud

161 2684 320 2739 quam
341 2669 699 2725 vestimenta
725 2672 1033 2727 turbarum
1058 2673 1302 2746 pedibus
1330 2678 1546 2735 nostris
1571 2681 1803 2736 concul-

162 2774 347 2815 camus
367 2759 394 2813 ‘I

225 2871 249 2897 ‹‹
274 2848 381 2903 Alii
407 2849 719 2905 credebant
738 2868 935 2908 ramos
955 2852 1027 2907 de
1051 2852 1378 2911 arboribus.
1397 2878 1425 2905 »
1443 2857 1551 2912 Per
1569 2859 1805 2917 arbores

165 2936 434 2993 debemus
469 2936 794 3011 intelligere
815 2940 1043 2997 divinas
1064 2943 1413 3016 Scripturas.
1435 2947 1648 3004 Ramos
1669 2965 1805 3022 ergo

165 3024 224 3079 de
244 3027 559 3083 arboribus
575 3027 820 3095 credunt,
836 3030 934 3102 qui
952 3030 1023 3085 de
1041 3032 1266 3104 Scriptu
1276 3034 1355 3089 ris
1378 3034 1621 3094 diversis
1639 3039 1808 3094 utilia

166 3117 412 3185 quaedam
456 3122 795 3188 excerpunt,
828 3119 901 3173 ad
956 3119 1268 3177 utilitatem
1321 3123 1553 3180 illorum
1602 3128 1701 3200 qui
1733 3129 1802 3183 ad

1915 1872 2290 1931 multitudine
2319 1878 2582 1949 gentium
2616 1886 2996 1939 restaurator.

2478 2022 2776 2080 HOMILIA
2814 2026 2998 2083 LXIV.

2343 2135 2397 2173 IN
2438 2136 2530 2175 DIE
2567 2138 2777 2180 SANCTO
2818 2141 3133 2184 PALMARUM

1985 2231 2171 2286 Passio
2228 2232 2449 2289 Domini
2501 2238 2867 2318 nostrijlesu
2936 2242 3147 2300 Christi
3196 2249 3492 2318 secundum
3542 2228 3547 2235 ’

2562 2310 2905 2368 Mauhwum.
3584 2326 3591 2333 '

1980 2408 2229 2473 (MATTH.
2258 2426 2413 2475 xxv1,
2443 2415 2641 2481 xxvn.)
2661 2438 2687 2464 ι(
2717 2416 2779 2471 In
2803 2416 2902 2474 illo
2928 2423 3207 2494 tempore,
3227 2425 3372 2481 dixit
3391 2427 3563 2487 Jesus

1914 2518 1940 2546 ‹‹
1975 2496 2281 2569 discipulis
2320 2500 2483 2556 suis:
2511 2503 2685 2560 Scitis
2725 2506 2863 2577 quia
2897 2514 3026 2579 post
3072 2511 3317 2570 biduum
3343 2516 3566 2574 Pascha

1915 2585 2033 2652 tiet,
2068 2608 2093 2633 ››
2120 2591 2177 2641 et
2220 2587 2462 2659 reliqua.
2498 2591 2769 2663 Legimus
2796 2594 3109 2654 Dominum
3151 2608 3283 2657 ante
3310 2620 3411 2660 sex
3439 2606 3565 2662 dies

1916 2673 2145 2728 Paschze
2173 2676 2398 2731 venisse
2422 2678 2903 2753 Hierosolymam,
2930 2701 3063 2741 cum
3087 2688 3414 2761 frequentia
3436 2699 3566 2757 tur-

1914 2762 2123 2818 barum
2145 2768 2202 2819 et
2219 2781 2353 2820 cum
2378 2766 2555 2821 ramis
2576 2768 2928 2840 palmarum.
2949 2774 3031 2829 Ab
3054 2775 3153 2830 illo
3173 2793 3310 2851 ergo
3335 2781 3427 2836 die
3449 2799 3564 2853 quo

1915 2851 2373 2925 Hierosolymam
2399 2860 2598 2911 vectus
2626 2858 2789 2913 asino
2815 2860 3068 2929 intravit,
3100 2880 3284 2938 usque
3311 2869 3383 2924 ad
3410 2851 3566 2927 hunc

1915 2941 2069 2995 diem
2089 2958 2203 3012 quo
2221 2941 2339 2997 hac
2360 2943 2707 3016 praedicebat
2723 2949 3003 3019 apostolis
3025 2953 3566 3029 suis,intelligimus

1858 3106 1867 3115 ι
1915 3029 2281 3100 praecessisse
2303 3032 2696 3104 quadriduum
2714 3040 2771 3090 et
2786 3053 3091 3109 superesse
3109 3041 3356 3100 biduum
3381 3064 3567 3121 usque

1916 3116 1985 3171 ad
2018 3117 2258 3172 Pascha.
2304 3118 2620 3192 Allegorice
2668 3140 2801 3179 vero
2850 3126 3099 3184 biduum
3130 3131 3423 3205 significat
3451 3116 3567 3191 duo

166 3203 447 3261 ccelestem
480 3205 731 3278 patriam
758 3208 1025 3263 tendunt.
1046 3209 1238 3266 Potest
1257 3216 1313 3267 et
1342 3212 1509 3269 aliter
1538 3188 1803 3289 intelligi.

1982 3210 2309 3273 astamenta,
2329 3188 2506 3264 Vetus
2535 3215 2591 3264 et
2621 3211 2867 3284 Novum,
2893 3232 3018 3289 quae
3051 3188 3367 3279 sectatores
3389 3188 3571 3279 etob-

165 3290 258 3347 Per
282 3294 530 3350 arbores
560 3311 879 3366 possumus
914 3296 1232 3368 intelligere
1261 3317 1554 3373 paganos;
1584 3321 1687 3376 per
1717 3322 1809 3361 ra-

164 3397 275 3438 mos
298 3384 605 3452 arbornm,
626 3400 988 3457 paganorum
1019 3386 1191 3444 ﬁlios.
1214 3389 1428 3446 Ramos
1458 3409 1594 3465 ergo
1624 3394 1695 3449 de
1715 3412 1807 3450 ar-

162 3469 383 3529 boribus
412 3472 679 3528 abscidit
708 3474 982 3547 quisquis
1013 3476 1166 3533 filios
1217 3495 1581 3551 paganorum
1616 3500 1649 3537 a
1692 3484 1804 3539 ritu

160 3563 209 3613 et
235 3562 654 3634 superstitione
687 3568 921 3636 patrum
953 3582 1194 3621 suorum
1226 3568 1533 3627 abstrahit.

221 3672 244 3699 ‹‹
278 3651 484 3706 Turba
512 3657 709 3706 autem
737 3668 863 3723 quae
898 3655 1258 3725 praecedebat
1281 3661 1345 3715 et.
1367 3674 1495 3729 quae
1522 3661 1808 3732 sequeba-

162 3760 185 3784 ‹‹
213 3741 318 3793 tur.
354 3763 382 3789 »
416 3740 715 3796 Memores
745 3742 925 3797 turbae
956 3743 1317 3800 mirabilium
1359 3763 1487 3818 qua:
1521 3748 1806 3807 Dominus

162 3824 294 3883 inter
320 3846 426 3885 eos
462 3831 695 3900 fecerat,
730 3837 992 3886 mortuos
1017 3833 1377 3898 suscitando,
1410 3834 1670 3908 leprosos
1700 3855 1806 3894 cu-

165 3916 344 3984 rando,
362 3934 551 3989 super
576 3932 737 3972 mare
763 3935 878 3972 non
905 3919 1116 3975 infusis
1143 3922 1401 3994 vestigiis
1427 3924 1804 3994 ambulando,

164 4006 212 4056 et
238 4011 446 4061 caetera
477 4004 617 4061 talia
646 4005 939 4063 mirabilia
982 4008 1265 4075 faciendo,
1300 4014 1807 4087 appropinquante

168 4091 251 4146 illo
278 4097 344 4149 ad
383 4096 749 4167 passionem,
769 4095 969 4151 laudes
989 4102 1046 4152 et
1066 4098 1285 4170 gratias
1306 4100 1357 4155 ei
1386 4101 1591 4158 devota
1614 4110 1808 4161 mente

168 4182 357 4237 referre
389 4184 715 4238 studebant
744 4183 815 4239 de
847 4184 1148 4241 miraculis
1191 4192 1247 4243 et
1294 4189 1464 4245 bonis
1509 4194 1804 4263 operibus,

167 4284 281 4339 quae
308 4272 465 4327 inter
494 4288 594 4327 eos
625 4272 857 4341 fecerat,
890 4273 1150 4329 dicentes
1179 4293 1192 4331 :

227 4380 252 4406 ‹‹
283 4360 523 4415 Osanna
552 4360 671 4415 tilio
700 4362 896 4427 David,
921 4384 947 4409 n
970 4367 1078 4418 etc.
1099 4365 1210 4420 Sed
1238 4367 1621 4438 spiritualiter
1651 4372 1805 4444 quod

168 4447 320 4503 turba
348 4466 479 4521 quae
514 4450 824 4505 Dominum
862 4452 1239 4523 praecedebat,
1272 4461 1329 4510 et
1360 4474 1487 4528 quas
1521 4462 1807 4532 sequeba-

1919 3298 2240 3350 servatores
2293 3313 2431 3352 suos
2472 3298 2542 3352 ad
2574 3299 2897 3358 claritatem
2926 3305 3056 3377 vita:
3104 3312 3326 3364 aiternae
3357 3312 3569 3385 perdu-

1918 3388 2076 3438 cunt.
2103 3406 2129 3433 ‹‹
2164 3384 2301 3440 Post
2332 3386 2574 3442 biduum
2609 3411 2635 3438 »
2670 3406 2821 3457 vero,
2847 3391 2904 3446 id
2939 3398 3047 3464 est,
3071 3400 3205 3468 post
3230 3400 3570 3456 manifesta-

1918 3473 2134 3527 tionem
2166 3473 2417 3530 duorum
2447 3476 2974 3550 Testamentorum,
3007 3500 3208 3541 verum
3241 3487 3464 3544 Pascha
3506 3490 3565 3545 in

1918 3562 2137 3617 mundo
2166 3562 2520 3620 celebratum
2552 3572 2659 3623 est.
2680 3568 2901 3625 Pascha
2927 3577 3121 3629 autem
3148 3592 3265 3631 non
3296 3582 3386 3633 est
3412 3579 3572 3637 Grie-

1916 3666 2072 3719 cum,
2092 3656 2156 3705 ut
2186 3652 2426 3724 quidam
2461 3659 2789 3726 autumant,
2816 3659 2916 3715 sed
2950 3660 3272 3721 Hebrzeum.
3294 3666 3571 3724 Hebraice

1915 3740 2072 3794 enim
2126 3740 2345 3796 PESACH
2396 3742 2810 3816 interpretatur
2857 3752 3140 3807 ιναηδίηιδ.
3192 3753 3386 3810 Primo
3441 3756 3570 3814 ideo

1914 3828 2220 3895 transitus,
2257 3830 2395 3901 quia
2448 3832 2505 3886 in
2542 3832 2647 3888 hac
2679 3836 2771 3892 die
2804 3840 3014 3895 transit
3062 3840 3346 3901 Dominus
3394 3862 3574 3918 super

1915 3917 2247 4008 Egyptum.
2281 3920 2577 3992 [Egyptios
2608 3928 2844 3981 vastans
2873 3932 2929 3981 et
2971 3928 3350 3988 lsracliticum
3384 3917 3570 4008 popu-

1916 4004 2039 4058 lum
2070 4004 2345 4064 liberans.
2368 4008 2606 4077 Deinde,
2627 4012 2764 4083 quia
2785 4013 2910 4085 ipsa
2936 4015 3028 4071 die
3058 4020 3351 4076 transiens
3380 4004 3571 4079 exter-

1918 4093 2171 4149 minator
2200 4112 2302 4166 per
2332 4113 2577 4168 regnum
2608 4101 3028 4173 .Egyptiorum.
3065 4106 3451 4180 primogenita
3482 4128 3573 4168 eo-
3618 4118 3625 4127 '

1916 4198 2048 4237 rum
2092 4184 2396 4239 interfecit.
2428 4187 2645 4255 Tertio,
2679 4192 2955 4261 quoniam
3003 4193 3061 4248 in
3096 4194 3202 4249 hac
3232 4196 3570 4254 celebritate

1918 4270 2267 4338 festivitatis,
2290 4273 2642 4346 Redemptor
2664 4283 2859 4333 noster
2879 4281 2949 4334 de
2970 4281 3077 4336 hoc
3108 4285 3327 4339 mundo
3356 4288 3568 4341 transi-

1916 4360 1996 4415 vit
2024 4360 2095 4415 ad
2129 4361 2377 4427 Patrem,
2400 4362 2550 4417 sicut
2570 4364 2826 4422 Joannes
2846 4367 3077 4438 plenius
3101 4373 3454 4443 manifestat,
3475 4375 3569 4429 di-

1916 4466 2084 4504 cens:
2107 4472 2133 4500 ‹‹
2157 4450 2301 4505 Ante
2321 4451 2478 4506 diem
2501 4451 2710 4527 festum
2745 4455 2975 4512 Pascha:
3009 4459 3199 4515 sciens
3229 4460 3402 4517 Jesus
3430 4464 3572 4536 quia

169 4537 267 4602 tur,
299 4554 561 4594 consona
591 4555 726 4594 voce
774 4538 965 4596 laudis
1012 4541 1318 4600 dominum
1368 4546 1800 4617 collaudabant,
1839 4559 1882 4623 υ
1914 4538 2070 4593 venit
2090 4540 2218 4610 ejus
2240 4538 2382 4595 hora
2404 4544 2469 4596 ut
2491 4545 2749 4599 transeat
2772 4561 2840 4601 ex
2866 4544 2972 4602 hoc
2998 4549 3217 4628 mundo
3239 4551 3309 4606 ad
3340 4551 3567 4608 Patrem

170 4621 261 4679 hoc
289 4628 585 4700 signiﬁcat
610 4628 763 4700 quod
797 4628 1048 4701 populus
1077 4631 1436 4702 Judaeorum,
1464 4638 1564 4709 qui
1598 4636 1656 4692 in
1690 4638 1803 4695 fide

170 4717 472 4784 praecessit,
503 4721 561 4772 et
590 4722 793 4790 gentes
826 4734 953 4790 quae
997 4735 1099 4775 eos
1141 4726 1350 4778 secuta:
1401 4730 1557 4793 sunt,
1593 4726 1715 4799 pari
1750 4734 1807 4783 et

169 4804 358 4873 equali
386 4805 499 4861 fide
525 4810 584 4861 et
609 4806 878 4862 concordi
901 4807 1083 4863 Deum
1107 4811 1564 4892 omnipotentem
1589 4815 1804 4872 collau-

172 4888 315 4965 dant.
350 4894 564 4950 Eadem
596 4895 753 4951 enim
786 4896 929 4952 ﬁdes
960 4914 1088 4968 qua:
1120 4888 1229 4954 fuit
1268 4901 1327 4955 in
1374 4902 1723 4973 patriarchis
1751 4910 1808 4961 et

172 4980 455 5052 prophetis
486 4988 621 5039 ante
650 4984 965 5040 adventum
1012 4984 1348 5055 Salvatoris,
1382 4991 1582 5047 eadem
1632 4997 1720 5048 est
1746 4995 1806 5049 in

173 5069 432 5127 omnibus
447 5073 721 5145 gentibus
738 5078 870 5146 post
886 5076 1367 5133 resurrectionem
1386 5078 1566 5138 illius.
1581 5104 1608 5132 ‹‹
1629 5082 1809 5139 Osan-

176 5165 240 5207 na
269 5156 385 5213 filio
416 5160 616 5217 David.
640 5184 669 5212 »
696 5162 932 5219 Osanna
957 5166 1345 5236 compositum
1368 5172 1459 5224 est
1485 5186 1553 5224 ex
1577 5170 1808 5229 duobus

177 5248 529 5308 sermonibus
559 5250 837 5307 Hebraeis.
860 5252 997 5308 Osia
1025 5254 1181 5309 enim
1214 5256 1369 5327 apud
1401 5257 1533 5314 illos
1560 5260 1809 5333 salviﬁca

176 5330 253 5384 vel
280 5334 488 5393 salvum
516 5339 609 5410 fac
637 5345 826 5409 sonat,
858 5345 915 5397 et
957 5359 1031 5398 na
1080 5342 1403 5415 interjectio
1447 5330 1807 5404 obsecrantis

177 5423 272 5483 θεῖ,
302 5424 402 5477 sed
429 5428 749 5500 composito
780 5430 1014 5486 nomine
1044 5426 1109 5486 {lt
1137 5447 1349 5488 osanna
1372 5450 1476 5505 per
1503 5434 1806 5493 elisionem

178 5505 198 5557 i
222 5509 445 5579 vocalis,
475 5520 530 5572 et
559 5533 665 5589 per
693 5518 1146 5591 geminationem
1176 5538 1215 5576 η
1248 5524 1643 5591 consonantis,
1672 5542 1807 5582 cum

177 5598 377 5655 rectius
409 5602 692 5664 diceretur
716 5608 953 5666 Gaiana:
978 5608 1613 5685 interpretaturautem
1634 5616 1806 5689 salva,

1914 4628 2089 4700 (Joan.
2120 4631 2260 4696 XIX).
2297 4652 2325 4678 »
2358 4632 2573 4696 Quarto
2610 4634 2801 4701 modo,
2851 4639 2914 4690 ut
2958 4653 3065 4694 nos
3116 4641 3358 4712 mystice
3392 4642 3570 4697 infor-

1914 4734 2214 4773 maremur
2243 4719 2382 4790 quia
2412 4736 2515 4793 per
2546 4720 2759 4777 Christi
2785 4726 3120 4797 passionem
3154 4730 3468 4785 transitum
3496 4731 3570 4786 ab

1916 4805 2024 4861 hac
2056 4806 2407 4862 mortalitate
2436 4809 2505 4864 ad
2540 4826 2736 4866 veram
2768 4812 3269 4873 immortalitatem
3321 4820 3571 4876 transire

1916 4893 2251 4951 habuimus.
2277 4918 2304 4945 «
2330 4896 2396 4950 Et
2418 4896 2572 4953 filius
2595 4898 2854 4957 hominis
2874 4904 3137 4960 tradetur
3166 4911 3230 4962 ut
3258 4908 3567 4982 crucifiga-

1920 5006 1946 5034 α
1978 4988 2092 5041 tur.
2128 5006 2156 5034 »
2193 4985 2398 5041 Errant
2422 4987 2522 5059 qui
2554 4992 2763 5059 putant
2792 4991 3107 5049 Dominum
3153 4995 3453 5054 horruisse
3480 4998 3569 5054 vel

1916 5073 2185 5129 timuisse
2217 5075 2571 5146 passionem,
2615 5093 2749 5133 cum
2781 5097 2898 5135 non
2930 5081 3122 5139 solum
3156 5092 3288 5143 ante
3318 5086 3567 5144 biduum

1916 5162 2249 5233 passionem
2281 5180 2448 5219 suam
2482 5165 2764 5237 praedixit,
2795 5185 2999 5227 verum
3032 5174 3216 5231 multo
3247 5180 3379 5233 ante
3407 5194 3573 5234 eam-

1916 5249 2048 5305 dem
2098 5250 2426 5323 passionem
2460 5255 2819 5326 praedixerat.
2840 5260 2907 5315 Et
2936 5260 3191 5320 instante
3219 5264 3421 5322 eadem
3447 5284 3576 5338 pas-

1917 5338 2099 5403 sione,
2132 5339 2321 5395 noluit
2352 5341 2643 5400 declinare
2672 5344 2942 5418 insidias,
2977 5352 3078 5407 sed
3110 5354 3332 5410 caeteris
3361 5354 3441 5410 ire
3468 5372 3571 5411 no-

1918 5427 2195 5496 lentibus,
2214 5433 2421 5501 sponte
2441 5447 2502 5486 se
2524 5434 2593 5488 ad
2618 5436 2953 5505 passionem
2977 5439 3208 5498 obtulit.
3223 5441 3421 5497 Multis
3443 5458 3571 5496 mo-

1918 5516 2008 5575 dis
2024 5516 2276 5573 traditus
2293 5523 2381 5573 est
2398 5519 2682 5578 Dominus
2700 5540 2711 5578 :
2729 5524 2991 5584 Primum
3010 5529 3249 5585 tradidit
3265 5546 3399 5586 eum
3417 5530 3569 5584 Deus

1917 5607 2104 5678 Pater,
2139 5606 2288 5663 sicut
2319 5605 2535 5689 Paulus
2566 5613 2867 5685 apostolus
2897 5616 3037 5674 dicit
3063 5634 3075 5674 :
3102 5640 3131 5669 ‹‹
3165 5618 3400 5692 Proprio
3427 5612 3567 5670 Filio
