4012 6174
331 329 451 389 359

895 328 1302 391 HAYMONIS
1351 330 1885 390 HALBEIISTAT.
1937 326 2179 385 EPISC.
2229 326 2402 386 opp.
2452 278 2646 386 pAas
2692 326 2876 386 11.—
2906 323 3175 385 HUMIL.

3620 326 3738 385 360

322 477 437 516 suo
467 478 584 516 non
615 462 875 535 pepercit
896 461 1070 529 Deus,
1094 462 1193 518 sed
1215 479 1317 536 pro
1339 461 1616 517 omnibus
1635 459 1876 516 tradidit
1906 457 1977 513 il-
2008 464 2059 530 Α
2094 462 2292 513 narrat
2323 457 2460 530 quia
2502 473 2569 513 ex
2619 457 2798 530 spicis
2846 457 3011 513 nardi
3062 456 3240 512 fuerit
3271 455 3617 511 confectum.
3652 457 3738 512 Fit

328 548 453 605 lum
482 552 656 621 (Rom.
690 551 832 622 vm).
868 573 895 601 »
928 550 1147 607 Deinde
1169 552 1408 606 tradidit
1429 550 1550 622 ipse
1573 550 1754 605 Filius
1771 552 1982 605 semet-

326 639 546 712 ipsum,
578 639 733 695 sicut
778 639 933 696 idem
965 638 1183 695 Paulus
1215 639 1391 695 dicit:
1424 640 1581 713 «Qui
1613 637 1856 694 tradidit
1886 655 1979 694 se-

327 728 645 801 metipsum
698 746 800 802 pro
853 728 1024 784 nobis
1070 729 1278 802 (Ephes.
1309 731 1387 797 v).
1421 751 1451 780 »
1509 727 1703 784 Tertio
1742 726 1983 783 tradidit

324 806 467 883 eum
482 817 665 874 Judas
686 818 926 885 Judaeis,
948 817 1133 873 Judaei
1156 818 1525 874 tradiderunt
1546 833 1677 873 eum
1702 816 1881 872 Pilato
1908 816 1979 871 ad

316 905 728 977 judicandum,
754 906 974 964 Pilatus
998 906 1286 963 militibus
1316 907 1388 962 ad
1421 906 1905 979 cruciﬁgendum.

396 1018 423 1044 ‹‹
457 996 621 1051 Tunc
650 997 987 1070 congregati
1019 1000 1157 1052 sunt
1180 996 1477 1069 principes
1497 996 1888 1064 sacerdotum,
1923 998 1981 1050 et

323 1107 352 1133 «
387 1085 648 1142 seniores
676 1084 876 1158 populi
909 1086 969 1141 in
1000 1085 1216 1153 atrium
1248 1084 1532 1159 principis
1581 1085 1970 1141 sacerdotum.

324 1197 353 1223 ‹‹
387 1175 485 1246 qui
519 1174 737 1230 dicitur
765 1173 1035 1248 Caiphas.
1066 1196 1093 1224 »
1127 1173 1592 1247 Reprehenditur
1616 1174 1673 1229 in
1712 1174 1822 1229 hoc
1853 1173 1977 1228 loco

322 1263 604 1337 iniquitas
629 1263 1125 1320 alr-malevolentia
1151 1264 1508 1320 Judmorum.
1534 1263 1641 1329 Qui
1665 1263 1822 1319 enim
1843 1262 1977 1319 vici-

321 1371 396 1410 no
428 1352 655 1409 Pascha
684 1353 1010 1409 debuerant
1040 1369 1100 1408 se
1133 1350 1478 1426 praeparare,
1501 1352 1752 1426 parietes
1775 1352 1975 1424 templi

318 1441 589 1516 levigare,
625 1441 1022 1514 pavimentum
1054 1458 1301 1509 verrere,
1329 1445 1387 1495 et
1416 1440 1639 1496 hostias
1671 1445 1725 1495 et
1750 1441 1972 1496 sacriﬁ-

319 1533 424 1599 cia,
460 1548 586 1604 quae
640 1532 933 1586 offerenda
978 1536 1143 1584 erant
1193 1530 1252 1584 in
1297 1529 1665 1585 solemnitate
1714 1530 1968 1598 Paschac,

317 1637 664 1693 praeparare,
714 1625 773 1674 et
821 1620 1170 1691 semetipsos
1211 1620 1281 1674 ad
1316 1620 1526 1674 festum
1560 1619 1790 1674 Pascha
1825 1618 1970 1674 cele-

310 1710 608 1765 brandum
636 1725 984 1785 praeparare,
1020 1712 1451 1781 congregantur
1482 1708 1750 1764 ineuntes
1779 1708 1968 1764 consi-

316 1798 482 1867 lium,
516 1799 809 1869 quomodo
840 1797 1157 1853 Dominum
1190 1797 1362 1853 morti
1392 1798 1645 1852 tradant.

386 1912 413 1938 ‹‹
442 1887 727 1943 Dicebant
755 1890 949 1942 autem
981 1903 993 1941 :
1028 1886 1151 1942 Non
1182 1885 1244 1941 in
1273 1886 1364 1942 die
1394 1885 1561 1953 festo,
1600 1903 1670 1942 ne
1703 1887 1844 1942 forte
1872 1889 1964 1942 tu-

313 2000 341 2026 ‹‹
376 1974 599 2039 multus
629 1976 792 2031 ﬁeret
818 1974 1134 2049 invpopulo.
1163 1997 1184 2024 ι»
1211 1973 1304 2032 Sic
1325 1974 1555 2043 videtur
1578 1974 1823 2047 simplex
1844 1992 1965 2032 ser-

312 2082 409 2120 mo
436 2081 664 2131 sonare,
695 2064 863 2135 quasi
894 2063 965 2119 ob
995 2063 1338 2127 seditionem
1367 2065 1625 2122 caverint
1644 2064 1829 2120 Judaei
1863 2065 1965 2120 de-

309 2153 537 2209 minum
563 2153 619 2208 in
644 2153 735 2208 die
758 2153 903 2209 festo
921 2153 1429 2225 comprehendere,
1449 2153 1722 2209 timentes
1734 2153 1966 2210 seditio-

309 2259 443 2299 nem
474 2243 804 2298 turbarum.
850 2241 1012 2305 Quod
1063 2259 1178 2298 non
1210 2242 1489 2315 procedit,
1523 2243 1623 2297 sed
1658 2242 1853 2314 potius
1883 2241 1964 2297 ita

308 2331 752 2404 intelligendum
798 2334 906 2397 est,
940 2330 1080 2403 quia
1109 2330 1392 2386 timebant
1425 2347 1494 2386 ne
1520 2330 1734 2386 auxilio
1761 2330 1960 2403 pepuli

306 2422 378 2478 de
390 2412 665 2476 manibus
686 2418 922 2475 illorum
944 2419 1261 2485 tolleretur,
1282 2418 1419 2491 quia
1440 2420 1642 2474 omnes
1665 2418 1815 2474 sicut
1836 2436 1963 2491 pro-

306 2510 541 2583 phetam
572 2525 705 2565 eum
726 2508 1035 2564 habebant.
1069 2532 1095 2558 ι(
1119 2508 1200 2563 Ne
1224 2509 1371 2564 lerte
1400 2507 1711 2575 tumultus,
1738 2531 1764 2557 ››
1792 2507 1849 2563 id
1872 2513 1962 2564 est

306 2616 378 2654 ne
409 2599 586 2655 motio
619 2621 646 2647 ‹‹
681 2598 846 2653 ﬁeret
876 2597 934 2651 in
967 2595 1200 2669 populo.
1230 2619 1258 2647 ››

375 2711 403 2739 ‹‹
438 2690 583 2744 Cum
615 2691 812 2743 autem
844 2690 1001 2742 esset
1042 2686 1216 2742 Jesus
1246 2685 1306 2741 in
1338 2685 1636 2754 Bethania,
1692 2685 1751 2741 in
1783 2686 1957 2742 domo

303 2800 331 2828 ‹‹
366 2777 622 2833 Simonis
672 2775 904 2848 leprosi.
942 2798 969 2825 ››
998 2774 1176 2831 Recte
1224 2776 1666 2847 exsequendum
1714 2776 1959 2848 putabat

301 2865 658 2939 evangelista
671 2865 812 2938 quid
837 2863 1118 2920 Dominus
1134 2864 1319 2937 egerit
1333 2864 1388 2919 in
1414 2864 1693 2921 Bethania
1712 2868 1845 2921 ante
1859 2882 1958 2921 sex

301 2955 427 3011 dies
448 2953 704 3023 Paschze,
734 2953 919 3029 pridie
939 2957 1258 3026 antequam
1275 2952 1386 3009 iret
1402 2952 1726 3019 Jerusalem
1745 2954 1956 3010 sedens

301 3045 488 3100 asino.
547 3043 707 3115 Quod
760 3045 955 3098 autem
1014 3042 1173 3109 dicit,
1207 3068 1233 3093 ‹‹
1272 3043 1332 3098 in
1363 3043 1534 3100 deme
1591 3044 1850 3100 Simonis
1882 3043 1958 3101 le-

301 3133 481 3206 presi,
502 3155 522 3183 ι
549 3131 847 3189 Simonem
868 3132 1025 3188 hunc
1049 3148 1162 3188 non
1186 3132 1469 3189 debemus
1497 3138 1701 3205 putare
1718 3150 1784 3189 eo
1809 3138 1954 3189 tem-

2094 545 2331 617 quidem
2364 564 2431 603 ex
2464 547 2652 603 radice
2683 547 2991 619 optimum,
3012 546 3112 601 sed
3140 544 3452 618 pretiosius
3477 549 3558 601 ett
3584 546 3735 618 quod

2092 636 2159 690 ﬁt
2186 653 2255 690 ex
2284 636 2483 709 spicis.
2507 637 2765 709 Mystice,
2796 636 3023 692 devotio
3054 634 3245 690 Mariae
3272 633 3448 689 fidem
3478 632 3737 690 Ecclesia;

2092 724 2401 798 signiﬁcat,
2421 742 2548 797 qua:
2575 724 2804 781 Domini
2829 724 3064 797 quidem
3088 727 3263 795 caput
3288 724 3455 795 ungit
3480 738 3610 778 cum
3634 740 3735 796 po-

2086 814 2330 869 tentiam
2385 814 2704 871 divinitatis
2776 812 2936 870 illius
2993 814 3286 885 praedicat,
3345 812 3546 867 dicens
3601 828 3736 868 cum

2088 903 2307 959 Joanne
2337 904 2597 976 apostolo
2623 922 2636 959 :
2662 929 2687 953 ‹‹
2716 904 2778 959 In
2805 902 3090 977 principio
3120 908 3244 958 erat
3267 901 3522 957 Verbum
3542 905 3732 969 (Joan.

2089 996 2150 1061 ι).
2188 1015 2214 1040 »
2241 993 2423 1050 Pedes
2470 993 2656 1067 ungit,
2710 1010 2844 1049 cum
2896 993 3297 1048 infirmitatem
3351 991 3737 1048 humanitatis

2087 1082 2216 1152 ejus
2268 1083 2561 1154 praedicat,
2593 1083 2794 1139 dicens
2844 1099 2979 1138 cum
3029 1082 3232 1138 eodem
3288 1080 3556 1137 Joanne:
3595 1104 3613 1129 -
3669 1082 3738 1136 Et

2084 1168 2340 1227 Verbum
2373 1189 2505 1228 caro
2535 1172 2753 1228 factum
2776 1177 2866 1228 est
2898 1170 3101 1243 (Ιὸἰιι.).
3137 1192 3166 1220 ››

2162 1280 2188 1312 ι
2220 1260 2495 1317 Videntes
2525 1266 2720 1316 autem
2753 1259 3048 1334 discipuli,
3069 1258 3356 1333 indignati
3377 1262 3518 1315 sunt
3537 1259 3732 1316 dicen-

2086 1373 2113 1399 «
2145 1350 2511 1424 teszthuid
2537 1351 2780 1425 perditio
2802 1351 2966 1408 hmo?
2985 1374 3012 1400 »
3031 1350 3131 1406 Hic
3148 1350 3418 1407 videntur
3432 1349 3733 1406 dissonare

2083 1438 2389 1494 Matthmus
2402 1440 2744 1505 etJeannes,
2758 1457 2892 1495 cum
2911 1439 3186 1505 Joannes,
3201 1439 3569 1496 solummodo
3582 1439 3734 1495 hanc

2082 1528 2546 1602 indignationem
2577 1529 2740 1584 Juda:
2770 1530 3179 1602 designaverit,
3214 1529 3461 1584 reddens
3492 1546 3731 1584 causam

2080 1634 2261 1688 quare
2292 1618 2632 1691 indignatus
2664 1619 2740 1674 sit
2770 1619 2830 1673 in
2864 1618 3145 1674 effusione
3176 1619 3479 1690 unguenti,
3511 1618 3734 1674 scilicet

2079 1707 2218 1778 quia
2243 1707 2334 1761 fur
2353 1712 2495 1773 erat,
2516 1711 2571 1763 et
2591 1707 2813 1763 loculos
2840 1707 3061 1763 habens
3092 1724 3159 1763 ea
3192 1724 3318 1780 quae
3346 1707 3735 1763 mittebantur

2081 1796 2367 1866 portabat.
2401 1796 2515 1852 Sed
2575 1801 2779 1869 tropus
2829 1796 3069 1870 quidam
3114 1800 3220 1866 est,
3254 1797 3354 1869 qui
3405 1795 3734 1869 appellatur

2077 1885 2458 1956 synecdoche,
2478 1884 2825 1958 plerumque
2846 1885 3206 1959 singularem
3230 1903 3335 1959 pro
3363 1884 3593 1958 plurali,
3614 1885 3731 1942 fre-

2075 1977 2323 2045 quenter
2342 1990 2473 2030 vero
2492 1973 2775 2047 pluralem
2795 1992 2897 2048 pro
2916 1974 3199 2048 singulari
3220 1991 3462 2031 numero
3478 1990 3729 2049 ponens.

2076 2061 2192 2118 Hoc
2225 2080 2363 2137 ergo
2392 2080 2602 2135 genere
2633 2063 2942 2120 locutionis
2984 2081 3302 2137 possumus
3349 2063 3539 2119 dicere
3567 2063 3666 2119 hic
3698 2082 3731 2118 a

2075 2149 2343 2208 Mattlueo
2361 2151 2617 2223 positum
2635 2169 2762 2208 esse
2782 2151 3004 2224 plurale
3024 2168 3125 2225 pro
3148 2151 3453 2224 singulari,
3472 2151 3616 2207 disci
3625 2171 3732 2224 pu-

2073 2237 2160 2294 los
2189 2238 2455 2296 videlicet
2479 2240 2681 2296 dicens
2706 2239 3043 2314 indignatos
3067 2240 3267 2296 fuisse.
3294 2240 3613 2296 Dicendum
3637 2246 3732 2296 est

2073 2332 2267 2383 autem
2300 2328 2438 2401 quia
2468 2328 2517 2385 si
2548 2329 2646 2385 alii
2677 2330 2947 2402 discipuli
2998 2329 3286 2404 indignati
3317 2335 3488 2397 sunt;
3538 2331 3728 2387 Judas

2071 2423 2265 2473 autem
2298 2435 2413 2473 non
2444 2436 2625 2474 causa
2656 2435 3001 2492 pauperum,
3024 2420 3123 2474 sed
3146 2436 3324 2475 causa
3351 2419 3599 2485 invidiae,
3619 2420 3727 2475 do-

2070 2507 2196 2562 lens
2227 2505 2478 2563 sacculis
2510 2508 2635 2565 suis
2664 2508 2930 2563 subtrahi
2961 2509 3115 2580 quod
3149 2507 3209 2563 in
3257 2508 3486 2563 Domini
3532 2509 3727 2581 capite

2070 2594 2441 2652 fundebatur.
3334 2584 3349 2596 ’

2139 2707 2165 2735 ‹‹
2187 2686 2380 2740 Potuit
2399 2685 2555 2741 enim
2578 2685 2734 2742 istud
2758 2685 3080 2743 venundari
3103 2685 3307 2753 multo,
3327 2709 3352 2736 n
3370 2686 3728 2743 subauditur

2066 2774 2275 2847 pretio,
2306 2798 2334 2825 «
2368 2779 2425 2831 et
2453 2776 2579 2831 dari
2611 2776 2993 2849 pauperibus.
3033 2798 3061 2825 »

2142 2882 2170 2916 ι
2198 2864 2399 2920 Sciens
2431 2868 2625 2921 autem
2656 2865 2849 2933 Jesus,
2870 2864 2950 2921 ait
2973 2864 3088 2920 illis
3109 2881 3122 2920 :
3142 2865 3291 2928 Quid
3317 2865 3543 2921 molesti
3573 2866 3723 2922 estis

2067 2975 2096 3002 «
2128 2953 2267 3009 huic
2298 2952 2574 3010 mulieri?
2603 2955 2763 3026 Opus
2804 2955 3021 3010 bonum
3067 2959 3307 3027 operata
3335 2959 3421 3010 est
3446 2954 3505 3009 in
3537 2971 3649 3011 me.
3692 2979 3721 3005 ››

2064 3042 2221 3099 Mitis
2245 3048 2302 3099 et
2320 3042 2610 3116 benignus
2632 3044 2913 3116 magister
2937 3060 3051 3099 non
3081 3044 3273 3116 arguit
3297 3043 3617 3115 discipulos
3646 3045 3723 3100 de

2065 3130 2329 3188 mulieris
2356 3132 2775 3204 indignatione,
2798 3148 2911 3187 non
2934 3133 3096 3188 addit
3120 3133 3191 3188 ad
3217 3130 3487 3187 ultimum
3515 3132 3720 3205 ipsum

300 3239 439 3294 pore
467 3222 645 3280 fuisse
663 3221 980 3295 leprosum,
1001 3220 1100 3278 sed
1122 3220 1356 3293 quidem
1381 3219 1647 3293 leprosus
1669 3223 1877 3287 fuerat,
1896 3209 2025 3277 et'C
2064 3237 2238 3276 suum
2271 3221 2627 3294 proditorem
2655 3225 2713 3277 et
2742 3220 3081 3277 traditorem
3114 3220 3333 3277 invidia
3360 3237 3501 3294 erga
3532 3238 3594 3276 se
3626 3221 3721 3277 la-

304 3312 691 3369 mirab‘ilitera
707 3311 946 3368 Domine
959 3310 1471 3382 curatus,pristino
1484 3310 1706 3366 scilicet
1718 3310 1952 3366 nomine

300 3404 698 3471 permanente,
733 3401 803 3455 ad
837 3400 1180 3455 memoriam
1208 3399 1527 3453 curationis
1558 3398 1752 3454 illius:
1800 3399 1954 3454 sicut

300 3487 607 3543 Mattheus
626 3486 976 3559 publicanus
997 3487 1231 3554 dicitur,
1258 3504 1370 3541 non
1392 3486 1531 3559 quia
1556 3487 1748 3542 adhuc
1762 3486 1953 3558 publi-

300 3592 483 3633 canus
513 3580 687 3643 esset,
721 3576 821 3631 sed
854 3575 994 3647 quia
1021 3574 1162 3631 olim
1184 3574 1533 3647 publicanus
1554 3575 1856 3631 exstiterit.
1888 3576 1954 3631 Et

299 3663 542 3737 pulchre
568 3663 847 3719 Dominus
872 3668 1006 3718 ante
1027 3663 1359 3735 passionem
1386 3663 1445 3718 in
1468 3663 1748 3719 Bethania
1773 3664 1953 3721 fuisse

300 3751 532 3826 legitur.
547 3751 827 3808 Bethania
846 3753 1060 3823 quippe
1079 3749 1954 3822 interpretaturdomusobedien-

299 3843 414 3911 tiae,
436 3846 502 3896 ut
521 3845 720 3915 aperte
737 3840 1069 3896 ostenderet
1091 3840 1230 3912 quia
1252 3856 1355 3912 per
1375 3857 1671 3897 summam
1689 3842 1957 3898 obedien-

218 3936 229 3941 ‘
296 3931 444 3986 tiam
473 3932 543 3986 ad
576 3929 910 4002 passionem
939 3929 1179 3985 veniret.

369 4042 397 4069 ‹‹
430 4019 689 4075 Accessit
711 4018 782 4074 ad
810 4034 944 4074 eum
967 4017 1198 4090 mulier,
1221 4017 1442 4075 habens
1464 4018 1826 4076 alabastrum
1849 4038 1953 4076 un-

299 4130 328 4160 ‹‹
349 4107 548 4182 guenti
566 4106 828 4181 pretiosi.
850 4129 878 4156 ››
900 4108 1025 4164 llaec
1046 4107 1259 4163 mulier
1276 4106 1402 4181 ipsa
1422 4112 1510 4164 est
1527 4108 1709 4165 Maria
1724 4109 1955 4182 Magda-

295 4198 454 4265 lena,
480 4197 550 4253 de
580 4214 696 4269 qua
718 4195 1003 4253 Dominus
1034 4201 1259 4270 septem
1289 4197 1577 4253 dzemonia
1596 4198 1784 4269 ejecit.
1818 4202 1951 4269 Quae

297 4286 558 4359 primum
572 4286 808 4359 quidem
825 4286 896 4342 ad
917 4286 1224 4341 Dominum
1240 4287 1521 4342 accedens
1538 4287 1595 4341 in
1614 4287 1787 4343 domo
1810 4288 1953 4344 Pha.

298 4375 470 4444 risaei,
506 4373 781 4448 lacrymis
812 4375 988 4448 pedes
1020 4376 1148 4446 ejus
1196 4374 1382 4430 abluit
1426 4379 1482 4430 et
1511 4374 1737 4448 capillis
1767 4378 1953 4433 tersit.

298 4464 681 4521 Postmodum
696 4454 831 4520 vero
842 4463 1150 4519 familiaris
1162 4463 1644 4544 Deminoieﬂ‘ecta,
1664 4465 1737 4520 ad
1756 4465 1951 4538 ipsum

299 4556 477 4643 caput
509 4552 848 4626 ungendum
875 4553 1139 4617 accessit.
1173 4553 1244 4643 Et
1275 4552 1413 4625 quia
1445 4552 1699 4643 multum
1730 4553 1950 4643 dilexit,
1985 4577 2031 4643 Β

297 4641 620 4698 multorum
658 4646 1032 4714 peccatorum
1073 4640 1296 4697 veniam
1339 4641 1680 4713 promeruit.
1712 4641 1954 4699 Alabas-

293 4734 451 4787 trum
467 4747 653 4805 genus
675 4734 764 4787 est
785 4730 1095 4807 marmoris
1107 4729 1548 4802 pretiosi,variis
1560 4729 1852 4787 coloribus
1865 4732 1953 4789 in-

291 4819 549 4876 tertincti
566 4819 720 4894 quod
735 4820 931 4875 ferunt
942 4819 1151 4876 medici
1169 4819 1457 4892 optimum
1471 4836 1598 4881 esse
1610 4820 1682 4875 ad
1697 4835 1955 4893 unguen-

291 4913 351 4962 ta
380 4908 722 4981 incorrupta
766 4909 1070 4977 servanda.
1108 4930 1137 4959 «
1170 4907 1430 4964 Pretiosi.
1455 4931 1483 4959 ‹‹
1515 4906 1675 4965 Alius
1704 4925 1951 4982 evange-

291 4995 425 5051 lista
442 4997 583 5053 dicit
599 4999 892 5069 quomodo
905 4998 1014 5054 hec
1027 5002 1396 5070 unguentum
1409 4996 1591 5056 fuerit
1602 4997 1946 5070 pretiosum,

292 5100 540 5145 narrans
569 5084 714 5140 illud
736 5103 805 5141 ex
823 5087 1003 5143 nardo
1022 5087 1229 5159 pistica
1251 5087 1488 5142 factum.
1508 5086 1738 5143 Nardus
1754 5092 1949 5143 autem

289 5172 484 5227 frutex
504 5177 594 5229 est
617 5174 956 5243 aromatica,
981 5176 1184 5249 pingui
1216 5182 1271 5231 et
1300 5175 1460 5231 tenui
1494 5174 1707 5241 radice,
1742 5174 1950 5247 princi-

290 5265 495 5334 patum
523 5266 732 5317 tenens
764 5262 917 5318 inter
937 5280 1140 5319 omnes
1164 5263 1406 5337 species,
1435 5264 1506 5329 de
1532 5263 1748 5336 quibus
1772 5265 1949 5319 conﬁ-

288 5349 529 5406 ciuntur
561 5356 838 5424 uguenta.
872 5352 1105 5421 Pistica,
1152 5353 1212 5409 id
1264 5359 1354 5410 est
1392 5354 1603 5420 ﬁdelis,
1654 5371 1769 5410 non
1824 5370 1948 5410 cor-

287 5444 482 5513 rupta,
516 5439 671 5495 sicut
694 5440 881 5497 solent
908 5442 1118 5507 medici
1141 5442 1496 5515 quibusdam
1523 5442 1719 5499 herbis
1738 5445 1950 5509 verita-

283 5532 402 5595 tem
438 5533 877 5602 unguentorum
912 5546 1303 5605 corrumpere.
1327 5531 1491 5588 Alius
1511 5531 1866 5605 evangelista
1886 5537 1949 5589 ut

288 5618 620 5680 ostenderet
651 5618 759 5679 hoc
794 5624 1156 5696 unguentum
1199 5620 1693 5699 pretiosissimum
1743 5621 1947 5694 fuisse,

2062 3310 2386 3376 borantem,
2420 3310 2521 3366 sed
2554 3310 2734 3366 dixit:
2771 3333 2799 3360 ‹‹
2833 3311 2990 3384 Opus
3022 3310 3242 3367 bonum
3273 3315 3511 3382 operata
3540 3315 3629 3365 est
3654 3310 3718 3366 in

2064 3414 2177 3454 me.
2214 3420 2242 3448 ))

2136 3509 2164 3538 ‹‹
2195 3488 2340 3543 Nam
2372 3503 2604 3561 semper
2634 3504 2916 3561 pauperes
2947 3486 3239 3545 habebitis
3269 3488 3593 3556 vobiscum,
3624 3505 3721 3544 me

2061 3579 2257 3641 autem
2289 3593 2521 3650 semper
2548 3595 2665 3633 non
2710 3578 3020 3635 habebitis.
3058 3601 3086 3627 ››
3120 3579 3179 3633 Et
3214 3577 3325 3633 hoc
3356 3578 3721 3634 contrarium

2061 3682 2189 3722 esse
2217 3665 2445 3721 videtur
2472 3665 2558 3721 illi
2590 3668 2845 3723 sermoni
2877 3684 2992 3739 quo
3014 3668 3155 3722 dicit
3174 3667 3458 3722 Dominus
3481 3684 3494 3723 :
3519 3689 3547 3716 ‹‹
3578 3668 3723 3722 Ecce

2060 3769 2165 3825 ego
2195 3754 2496 3810 vobiscum
2529 3771 2662 3811 sum
2693 3755 2970 3811 omnibus
2999 3755 3211 3811 diebus
3249 3772 3435 3828 usque
3465 3756 3537 3810 ad
3571 3771 3720 3810 con—

2061 3844 2514 3899 summationem
2547 3844 2742 3899 sazculi
2773 3846 2981 3914 (Matth.
3012 3848 3230 3913 xxvm).
3270 3869 3291 3894 ι
3326 3844 3438 3900 Sed
3472 3843 3617 3899 illud
3648 3845 3725 3900 de

2061 3931 2361 4005 divinitate
2379 3933 2782 4005 accipiendum
2801 3933 3062 4000 est,illud
3079 3951 3209 3990 vero
3228 3935 3298 3990 de
3314 3932 3720 3990 humanitate:

2061 4038 2197 4077 nam
2226 4022 2551 4077 secundum
2583 4022 3012 4079 humanitatem
3046 4040 3160 4079 non
3194 4040 3428 4095 semper
3456 4039 3592 4078 cum
3631 4022 3725 4078 eis

2060 4115 2150 4167 est
2172 4115 2525 4166 moraturus.
2548 4135 2573 4161 υ
2594 4112 2764 4178 Nam,
2782 4112 2994 4184 inquit,
3015 4119 3247 4187 semper
3262 4111 3552 4168 habebitis
3575 4129 3724 4183 pau-

2062 4215 2248 4273 peres,
2282 4222 2309 4250 ››
2343 4204 2401 4256 et
2431 4200 2894 4257 misericordiam
2925 4201 3011 4257 eis
3043 4201 3304 4274 poteritis
3353 4200 3718 4273 impendere,

2065 4309 2094 4338 «
2124 4305 2217 4343 me
2247 4293 2446 4344 autem
2479 4305 2592 4342 non
2627 4305 2860 4361 semper
2888 4289 3200 4347 habebitis.
3238 4312 3266 4341 »

2133 4377 2428 4432 «Mittens
2459 4376 2613 4433 enim
2647 4377 2768 4434 haec
2814 4383 3182 4452 unguentum
3234 4379 3342 4434 hoc
3391 4378 3452 4434 in
3499 4395 3719 4451 corpus

2063 4488 2090 4517 «
2125 4482 2344 4534 meum,
2377 4466 2449 4521 ad
2483 4467 2882 4539 sepeliendum
2918 4485 3009 4523 me
3043 4468 3195 4524 fecit.
3231 4491 3259 4519 ››
3292 4469 3359 4524 Et
3383 4471 3472 4524 est
3501 4484 3718 4523 sensus

2062 4555 2309 4612 istorum
2340 4556 2650 4611 verberum
2686 4573 2699 4612 :
2735 4556 3108 4629 Unguentum
3153 4557 3309 4630 quod
3341 4573 3443 4613 vos
3490 4557 3719 4630 putatis

2062 4661 2190 4701 esse
2206 4661 2444 4701 causam
2463 4645 3094 4717 perditionis,ol‘ﬁeium
3112 4652 3201 4702 est
3216 4663 3360 4703 mea:
3375 4644 3715 4718 sepulturae.

2062 4756 2090 4783 «
2115 4734 2350 4791 Mittens
2363 4734 2517 4790 enim
2536 4733 2655 4790 hazc
2674 4740 3041 4808 unguentum
3058 4735 3243 4792 hocin
3260 4752 3472 4808 corpus
3488 4751 3714 4802 meum,

2061 4823 2132 4879 ad
2165 4822 2565 4896 sepeliendum
2616 4838 2720 4881 me.
2763 4825 2914 4880 fecit.
2950 4847 2979 4873 ››
3009 4824 3071 4879 Id
3103 4829 3210 4892 est,
3243 4840 3454 4898 corpus
3510 4839 3716 4879 meum

2061 4912 2336 4983 praevenit
2366 4928 2583 4986 ungere
2613 4914 2752 4969 dum
2788 4912 2978 4968 adhuc
3006 4913 3156 4980 vivo,
3181 4914 3337 4986 quod
3369 4912 3596 4969 factura
3626 4917 3717 4968 est

2061 5004 2311 5069 mortuo,
2328 5000 2376 5056 si
2405 4999 2637 5056 licuerit
2663 5002 2734 5057 ei.
2752 5002 3026 5075 Legimus
3058 5019 3313 5076 namque
3341 5000 3479 5074 quia
3504 5000 3713 5069 Maria,

2061 5089 2250 5161 posito
2268 5090 2512 5145 Domino
2528 5090 2587 5144 in
2613 5095 3011 5157 monumento,
3033 5107 3166 5146 cum
3190 5089 3320 5147 aliis
3340 5088 3560 5145 sanctis
3581 5106 3714 5144 mu-

2058 5177 2302 5234 lieribus
2331 5179 2472 5234 emit
2497 5184 2759 5235 aromata
2788 5183 2845 5234 et
2874 5179 2988 5249 alia
3019 5183 3321 5252 unguenta
3350 5179 3628 5252 pretiosa,
3648 5183 3716 5233 ut

2057 5268 2355 5323 venientes
2386 5273 2673 5341 ungerent
2694 5284 2905 5339 corpus
2924 5267 3175 5324 Domini.
3194 5267 3357 5334 Quod
3378 5272 3577 5322 tamen
3600 5266 3711 5320 mi-

2059 5358 2217 5411 nime
2244 5355 2488 5429 implere
2520 5356 2727 5428 potuit,
2763 5356 2900 5431 quia
2946 5363 3235 5430 praeventa
3286 5355 3396 5412 fuit
3444 5369 3713 5410 resurre-

2058 5445 2249 5501 ctione
2278 5443 2528 5501 Demini.
2550 5443 2666 5502 Hoc
2696 5442 2795 5500 ille
2822 5445 3074 5517 pertinet
3103 5444 3257 5518 quod
3288 5442 3574 5500 Dominus
3593 5443 3708 5497 ait:

2059 5557 2087 5584 ‹‹
2119 5534 2202 5588 Ad
2235 5532 2633 5606 sepeliendum
2666 5549 2759 5588 me
2790 5533 2946 5601 fecit,
2975 5556 3003 5584 »
3034 5535 3092 5590 id
3125 5537 3215 5590 est
3269 5533 3425 5607 quod
3476 5535 3710 5589 mortuo

2057 5624 2281 5681 factura
2310 5628 2416 5695 est,
2438 5622 2485 5678 si
2519 5621 2748 5679 licuerit
2767 5626 2839 5695 ei,
2858 5622 2984 5682 vive
3006 5623 3151 5682 mihi
3172 5622 3429 5682 exhiberi
3456 5619 3708 5681 studuit.
