4012 6174
276 339 371 396 Ilt‘il

341 494 366 521 ‹‹
394 471 577 525 Amen
608 468 737 525 dico
767 469 953 537 vobis,
975 469 1310 541 ubicunque
1331 470 1708 542 praedicatum
1734 469 1907 525 fuerit
1936 470 1989 536 Α

271 584 297 609 ‹‹
330 559 430 615 hoc
460 559 839 631 Evangelium
883 559 942 614 in
986 562 1103 615 toto
1136 560 1374 627 mundo,
1410 560 1633 615 dicetur
1664 564 1721 615 et
1750 560 1903 631 quod

271 670 299 697 ε(
327 648 428 703 hoc
460 648 592 702 fecit
627 647 684 701 in
715 646 1059 702 memoriam
1092 648 1241 718 ejus.
1261 670 1286 695 ››
1304 646 1633 702 Notandum
1659 652 1747 702 est
1768 646 1906 718 quia

263 737 561 801 Dominus,
592 740 724 808 post
756 736 1002 792 biduum
1035 753 1316 808 passurus
1369 739 1425 791 et
1471 737 1904 808 crucifigeudus

261 845 295 882 a
316 827 547 892 Judaeis,
563 825 939 899 Evangelium
963 844 1137 881 suum
1158 826 1420 898 praedicit
1440 843 1542 898 per
1562 825 1903 881 universum

258 917 453 971 orbem
497 933 626 972 esse
676 916 1133 987 praedicandum.
1170 916 1523 971 Praedicatur
1569 932 1705 987 ergo
1752 915 1905 971 inter

258 1005 369 1062 alia
398 1005 682 1061 miracula
712 1004 1030 1061 Salvatoris
1059 1005 1233 1061 etiam
1260 1006 1453 1061 Mariae
1479 1004 1899 1073 benevolentia,

255 1100 313 1151 et
340 1097 466 1166 ejus
497 1094 721 1150 devotio
753 1095 825 1149 ab
857 1093 1134 1150 omnibus
1163 1093 1457 1163 laudatur,
1493 1094 1716 1151 scilicet
1746 1094 1899 1166 quod

254 1191 429 1257 caput
462 1183 693 1238 Domini
724 1183 974 1250 unxerit,
1006 1184 1159 1255 quod
1192 1184 1369 1256 pedes
1418 1182 1578 1239 illius
1626 1181 1901 1256 lacrymis

250 1271 722 1343 infuderit,quod
754 1270 981 1343 capillis
1007 1270 1254 1327 terserit.
1276 1271 1345 1326 Et
1374 1288 1491 1327 non
1522 1275 1641 1326 tam
1675 1270 1899 1326 devotio

250 1361 440 1418 Mariae
469 1360 821 1433 praedicatur
850 1376 1030 1433 quam
1062 1360 1206 1416 ﬁdes
1232 1364 1289 1415 et
1312 1360 1537 1416 devotio
1564 1363 1777 1416 sanctae
1800 1361 1901 1416 Ec-

247 1451 457 1507 clesiae.
492 1474 519 1500 ‹‹
554 1449 789 1505 Dicetur
818 1452 875 1504 et
908 1450 1063 1521 quod
1096 1449 1211 1506 ho.
1233 1472 1262 1499 »
1297 1450 1686 1506 subaudiatur
1727 1467 1894 1522 opus,

245 1562 274 1590 ι(
308 1540 444 1595 fecit
470 1540 529 1594 in
561 1538 907 1595 memoriam
939 1539 1090 1610 ejus.
1132 1562 1158 1587 ››

315 1651 345 1679 ‹‹
376 1630 537 1685 Tunc
570 1627 712 1683 abiit
731 1644 886 1683 unus
908 1627 979 1682 de
1001 1626 1331 1709 duodeqim,
1352 1628 1453 1699 qui
1477 1628 1691 1683 dicitur
1713 1628 1897 1686 Judas

239 1743 265 1767 α
286 1718 576 1787 Scarioth,
594 1718 665 1772 ad
680 1715 974 1791 principes
989 1716 1380 1772 sacerdotum.
1400 1740 1426 1765 »
1440 1716 1693 1774 Dicendo
1707 1741 1735 1767 «
1754 1723 1895 1773 tunc

237 1809 457 1875 abiit,»
483 1807 740 1863 ostendit
768 1806 925 1861 hunc
956 1822 1072 1861 non
1093 1805 1339 1861 invitum
1362 1806 1675 1862 Dominum
1699 1807 1892 1863 Salva-

236 1902 426 1953 torem
457 1896 805 1969 prodidisse,
824 1896 925 1951 sed
949 1900 1154 1967 sponte
1184 1896 1254 1950 ad
1289 1896 1672 1967 perditionem
1698 1913 1892 1953 acces-

239 1987 412 2052 sisse,
426 1990 500 2049 et,
519 1983 839 2057 cupiditate
852 1985 1115 2052 ductum,
1132 1985 1260 2056 ejus
1272 1984 1657 2057 perditionem
1678 1985 1891 2059 promi-

244 2078 415 2131 sisse.

317 2190 343 2214 α
379 2163 524 2231 Quid
553 2161 732 2218 vultis
764 2161 908 2217 mihi
940 2163 1098 2230 dare,
1128 2167 1185 2218 et
1231 2178 1335 2235 ego
1384 2163 1549 2218 vobis
1593 2180 1726 2219 eum
1777 2166 1891 2218 tra-

248 2254 422 2310 dam?
450 2275 478 2304 »
509 2253 637 2308 Non
669 2251 977 2307 constituit
1007 2251 1090 2307 eis
1122 2252 1396 2324 pretium,
1431 2253 1531 2307 sed
1564 2252 1623 2307 in
1656 2252 1890 2308 illorum

252 2342 480 2399 arbitrio
510 2341 708 2414 posuit
737 2340 875 2413 quid
907 2340 958 2396 ei
1004 2341 1142 2395 dare
1180 2340 1413 2408 vellent,
1446 2344 1511 2396 ut
1542 2359 1656 2397 non
1689 2341 1891 2397 Domi-

258 2450 408 2499 nuru,
431 2433 529 2489 sed
562 2431 729 2504 quasi
759 2430 869 2485 vile
898 2430 1257 2502 mancipium
1289 2431 1534 2486 vendere
1565 2436 1889 2503 putaretur.

263 2548 286 2573 α
313 2526 378 2579 At
406 2522 486 2577 illi
518 2520 947 2577 constituerunt
977 2520 1027 2574 ei
1059 2520 1300 2593 triginta
1353 2523 1676 2592 argenteos.
1714 2543 1734 2569 η
1774 2520 1892 2576 Im-

263 2613 460 2686 pletum
492 2617 582 2668 est
611 2611 721 2666 hoc
754 2610 909 2682 quod
942 2608 1314 2682 omnipotens
1366 2615 1517 2664 Deus
1547 2626 1651 2683 per
1678 2610 1891 2665 Zacha-

263 2704 393 2758 riam
424 2704 667 2774 questus
700 2699 1122 2766 fuerat,dicens
1143 2716 1155 2754 :
1179 2698 1278 2753 «Si
1304 2699 1524 2754 bonum
1555 2703 1643 2755 est
1673 2700 1730 2754 in
1753 2716 1891 2754 ocu-

262 2792 324 2848 lis
375 2791 598 2855 vestris,
657 2789 856 2845 atferte
912 2787 1056 2844 mihi
1117 2789 1442 2844 mercedem
1479 2806 1491 2844 :
1527 2789 1619 2844 sin
1673 2793 1890 2856 autem,

263 2880 543 2952 quiescite,
562 2883 618 2935 et
642 2878 1048 2952 appenderunt
1068 2878 1395 2934 mercedem
1428 2894 1618 2933 meam
1652 2877 1895 2950 triginta

263 2973 569 3043 argenteos,
598 2968 873 3023 decorum
906 2966 1182 3040 pretium,
1217 2984 1333 3039 quo
1365 2967 1726 3039 appretiatus
1758 2982 1891 3022 sum

265 3059 328 3114 ab
356 3060 433 3115 eis
461 3059 641 3129 (Zach.
662 3057 765 3128 x1).
788 3078 814 3105 »
838 3057 945 3111 Pro
976 3055 1265 3113 universis
1296 3055 1593 3112 beneﬁciis
1626 3072 1752 3128 qua:
1775 3056 1889 3111 Do-

264 3149 444 3204 minus
473 3150 743 3219 operatus
774 3146 963 3202 fuerat
995 3145 1055 3200 in
1082 3146 1185 3214 eis,
1210 3146 1451 3219 triginta
1480 3148 1889 3219 argenteorum

1470 338 1846 398 ἸἸΟΜΙΙᾸᾸΕ
1890 338 1991 397 Ι)ῐέ
2035 339 2434 399 TEMPORE.

2093 493 2121 519 «
2154 473 2225 525 At
2252 471 2425 527 Jesus
2456 471 2603 527 dixit
2633 488 2645 527 :
2682 472 2764 528 Ite
2793 472 2853 527 in
2899 473 3189 530 civitatem
3222 475 3292 529 ad
3327 478 3662 547 quemdam,

2015 584 2041 609 «
2079 564 2131 615 et
2164 560 2337 616 dicite
2369 561 2419 616 ei
2445 580 2456 616 :
2485 561 2762 634 Magister
2792 562 2951 629 dicit,
2980 564 3239 635 Tempus
3269 581 3465 619 meum
3488 576 3665 643 prepe

2015 675 2041 698 ‹‹
2078 653 2183 715 est,
2219 650 2371 721 apud
2403 656 2457 705 te
2489 650 2635 706 facio
2666 650 2890 707 Pascha
2918 670 3051 708 cum
3093 651 3399 726 discipulis
3431 653 3595 710 meis.
3629 675 3658 704 »

2014 738 2235 795 Idiema
2268 739 2557 795 Hebraica)
2610 740 2822 814 linguae
2870 745 2977 803 est.
3010 741 3133 798 sine
3183 742 3660 799 denominatione

2013 832 2301 884 certarum
2330 845 2711 901 personarum
2758 830 2941 903 loqui,
2976 831 3131 904 quod
3182 832 3240 887 in
3283 831 3391 887 hac
3441 831 3663 888 ratione

2013 921 2306 973 servatum
2329 923 2437 974 est.
2458 920 2526 974 Et
2546 918 2786 991 pulchre
2816 920 3098 976 Dominus
3131 938 3245 977 non
3272 921 3543 995 exprimit
3564 934 3664 982 no-

2012 1023 2145 1063 men
2178 1007 2518 1081 illius,apud
2552 1026 2723 1081 quem
2756 1008 3155 1066 celebraturus
3187 1010 3265 1066 sit
3294 1011 3535 1075 Pascha,
3569 1027 3662 1067 os-

2011 1098 2256 1152 tendens
2288 1097 2428 1169 quia
2456 1115 2626 1154 nemo
2657 1098 2943 1171 excipitur
2961 1117 2994 1154 a
3023 1098 3357 1155 celebritate
3378 1099 3660 1172 paschali,

2010 1185 2345 1259 quicunque
2376 1204 2508 1241 eum
2542 1187 2786 1244 Domino
2815 1187 3066 1245 voluerit
3095 1205 3164 1245 ea
3186 1188 3496 1245 celebrare.
3532 1211 3559 1238 «
3592 1187 3663 1244 Et

2008 1275 2185 1330 dicite
2218 1274 2267 1331 ei
2302 1293 2313 1331 :
2349 1275 2626 1348 Magister
2671 1276 2830 1346 dicit,
2865 1280 3097 1349 tempus
3145 1294 3363 1343 meum,
3401 1300 3421 1329 ω
3468 1277 3527 1333 id
3573 1282 3663 1333 est

2006 1368 2240 1437 tempus
2273 1364 2564 1436 passionis
2596 1381 2758 1433 meae,
2793 1389 2820 1415 (ι
2852 1383 3034 1440 prope
3080 1371 3187 1437 est,
3222 1367 3377 1439 apud
3424 1370 3480 1423 te
3511 1366 3657 1423 facio

2006 1452 2231 1509 Pascha
2260 1469 2393 1509 cum
2425 1452 2737 1526 discipulis
2768 1454 2936 1511 meis.
2973 1478 3000 1505 ››
3242 1450 3249 1463 “

2077 1566 2104 1592 ‹‹
2142 1543 2207 1597 Et
2236 1541 2499 1598 fecerunt
2530 1541 2803 1615 discipuli
2827 1543 2979 1599 sicut
3001 1544 3308 1601 constituit
3326 1542 3442 1600 illis
3462 1544 3654 1614 Jesus,

2011 1655 2031 1681 α
2068 1635 2125 1687 et
2154 1636 2508 1704 paraverunt
2548 1632 2787 1705 pascha.
2822 1654 2850 1683 ››
2882 1633 3045 1690 Alius
3093 1632 3446 1707 evangelista
3492 1633 3653 1703 dicit,

2004 1721 2143 1794 quia
2171 1726 2377 1778 euntes
2409 1720 2685 1794 discipuli
2732 1720 3081 1778 invenerunt
3125 1722 3485 1779 caenaculum
3512 1738 3655 1779 ‘ma-

2004 1827 2185 1883 gnum
2214 1814 2487 1880 stratum,
2516 1814 2574 1867 et
2605 1810 2683 1866 ibi
2715 1814 3088 1883 paraverunt.
3122 1810 3247 1867 Non
3291 1812 3447 1867 enim
3491 1815 3658 1868 vacat

2002 1917 2036 1954 a
2067 1916 2277 1972 magno
2309 1898 2608 1973 mysterio,
2639 1901 2793 1972 quod
2826 1900 3108 1957 Dominus
3139 1900 3199 1955 in
3229 1899 3524 1956 caenaculo
3553 1901 3657 1957 Pa-

2004 1992 2144 2044 scha
2173 1988 2563 2045 celebraverit.
2599 1988 2901 2062 Significat
2930 1990 3087 2046 enim
3129 1988 3495 2045 ccenacul‘urn
3527 1988 3657 2045 alti-

2003 2077 2266 2133 tudinem
2296 2078 2621 2151 spiritualis
2650 2077 3068 2151 intelligentiaz.
3103 2078 3489 2135 Transcensis
3520 2093 3657 2151 ergo

2003 2166 2255 2222 carnalis
2276 2166 2481 2223 litterze
2502 2167 2936 2236 instrumentis,
2951 2168 3011 2223 in
3030 2167 3329 2223 ccenaculo
3348 2165 3661 2223 celebravit

2003 2256 2245 2325 Pascha,
2268 2256 2375 2312 hoc
2406 2261 2496 2313 est
2528 2256 2585 2311 in
2610 2257 2916 2312 altitudine
2937 2256 3079 2312 Novi
3104 2256 3486 2325 Testamenti,
3511 2255 3658 2310 dans

2002 2346 2172 2402 nobis
2204 2346 2560 2419 exemplum,
2594 2349 2659 2401 ut
2688 2346 2735 2401 si
2771 2345 2994 2402 Pascha
3033 2362 3167 2401 cum
3218 2346 3465 2401 Domino
3493 2343 3657 2400 volu-

2004 2453 2138 2490 mus
2171 2435 2483 2502 celebrare,
2505 2435 2625 2490 ima
2654 2438 2710 2491 et
2741 2435 2946 2491 infima
2978 2436 3484 2502 transcendamds,
3509 2437 3565 2489 et
3597 2433 3657 2488 in

2003 2524 2319 2593 cmuaculo,
2348 2525 2457 2579 hoc
2486 2529 2574 2580 est
2604 2525 2662 2579 in
2697 2524 2903 2580 divinae
2935 2524 3441 2597 contemplationis
3463 2523 3658 2580 altitu-

2002 2614 2158 2681 dine,
2192 2614 2415 2670 Pascha
2448 2630 2582 2669 cum
2614 2614 2860 2669 Domino
2891 2615 3275 2670 celebremus.

2074 2726 2101 2753 ‹‹
2136 2704 2386 2774 Vespere
2416 2708 2611 2759 autem
2646 2703 2814 2771 facto,
2840 2703 3247 2759 discumbebat
3275 2719 3409 2759 cum
3441 2701 3655 2758 duode-

2006 2814 2034 2844 ‹‹
2065 2791 2177 2847 cim
2211 2790 2517 2863 discipulis
2547 2791 2692 2847 suis.
2731 2814 2759 2841 ››
2790 2793 3010 2865 Vesper
3040 2791 3334 2864 signiﬁcat
3382 2790 3652 2855 ultimam

2002 2885 2253 2949 aetatem,
2277 2880 2334 2959 in
2359 2897 2475 2952 qua
2498 2896 2669 2937 verus
2691 2881 2787 2937 Sol
2811 2880 3085 2936 occubuit
3104 2880 3377 2954 patiendo
3399 2896 3651 2948 crucem,
3694 2950 3701 2953 ⁴

2001 2988 2179 3045 quam
2203 2987 2307 3042 pro
2330 2968 2517 3025 salute
2539 2971 2769 3043 generis
2792 2971 3036 3026 humani
3057 2969 3359 3026 sustinuit.
3379 2969 3496 3025 Hoc
3517 2982 3654 3042 ergo

2000 3076 2237 3132 vespere
2269 3058 2567 3114 discubuit
2608 3076 2743 3114 cum
2792 3058 3102 3115 duodecim
3151 3058 3459 3132 discipulis
3505 3058 3653 3127 suis,

2001 3150 2113 3206 hoc
2143 3153 2249 3215 est,
2268 3147 2524 3219 quietem
2546 3152 2824 3204 aeternam
2847 3164 2949 3220 per
2977 3147 3283 3221 sanguinis
3314 3146 3406 3205 sui
3427 3146 3658 3204 effusio-

264 3237 430 3310 pretio
452 3236 921 3310 appretiavcrunt
943 3252 1097 3291 eum.
1113 3234 1427 3291 Sciendum
1448 3253 1581 3292 vero
1603 3239 1711 3303 est,
1734 3236 1889 3308 quod
1923 3213 1966 3280 C
2005 3256 2137 3295 nem
2170 3237 2253 3293 eis
2283 3237 2645 3309 praeparavit.

263 3327 460 3399 Joseph
490 3344 602 3382 non
633 3325 841 3398 viginti
872 3326 1066 3381 aureis
1093 3325 1364 3381 venditus
1404 3330 1493 3381 est
1541 3325 1627 3397 (ut
1654 3326 1892 3397 quidam

264 3422 479 3488 putant,
508 3416 832 3472 secundum
868 3408 1222 3486 quodeditio
1273 3415 1657 3488 Septuaginta
1705 3415 1894 3471 decla-

266 3507 383 3579 rat),
415 3507 511 3562 sed
542 3504 739 3578 potius
768 3504 973 3577 viginti
1004 3505 1315 3577 argenteis,
1348 3522 1421 3560 ne
1469 3522 1669 3561 servus
1712 3505 1896 3577 pretio

264 3595 496 3652 chariori
527 3596 775 3652 Domino
804 3595 1168 3651 venderetur.

331 3710 355 3735 α
387 3686 449 3740 Et
478 3686 684 3741 exinde
709 3685 1005 3758 quaerebat
1029 3685 1524 3756 opportunitatem
1548 3689 1613 3740 ut
1633 3702 1763 3741 eum
1790 3688 1901 3741 tra-

268 3798 293 3822 «
324 3775 491 3831 deret.
525 3796 554 3825 »
592 3775 652 3830 Id
686 3778 793 3842 est,
819 3777 1215 3846 opportunum
1248 3773 1461 3840 locum,
1490 3790 1602 3846 quo
1633 3790 1767 3829 eum
1789 3779 1904 3829 tra-

268 3864 391 3920 dere
421 3867 635 3937 posset,
667 3862 982 3935 quzerebat.
1013 3862 1194 3926 Quam
1226 3862 1720 3935 opportunitatem
1753 3879 1904 3935 qua:-

268 3954 439 4022 rebat,
485 3952 636 4010 alius
691 3951 1046 4024 evangelista
1093 3953 1451 4019 manifestat,
1500 3952 1790 4022 videlicet,
1840 3956 1905 4009 ut

268 4043 507 4099 traderet
538 4059 674 4098 eum
705 4040 832 4097 sine
862 4041 1074 4110 turbis,
1107 4041 1166 4097 id
1199 4046 1289 4098 est
1331 4041 1455 4098 sine
1489 4041 1768 4115 suffragio
1798 4059 1903 4115 po-

267 4132 379 4203 puli
406 4149 419 4188 :
448 4131 589 4205 quia
616 4130 862 4187 timebat
892 4147 1026 4188 eum
1058 4131 1130 4186 de
1158 4130 1430 4187 manibus
1462 4131 1587 4187 suis
1618 4131 1906 4205 adjutorio

266 4219 457 4293 populi
486 4219 743 4277 liberari.

331 4334 355 4358 α
390 4310 584 4366 Prima
613 4313 806 4365 autem
840 4309 933 4365 die
964 4310 1309 4382 Azymorum
1342 4313 1714 4366 accesserunt
1734 4310 1908 4365 disci-

265 4422 292 4449 ς(
320 4399 442 4472 puli
497 4401 569 4456 ad
624 4400 846 4455 Jesum.
884 4422 911 4448 ››
944 4398 1199 4453 Primam
1260 4399 1607 4470 Azymorum
1656 4398 1910 4471 appellat

264 4496 529 4561 quartam
562 4488 851 4545 decimam
902 4487 1055 4543 diem
1088 4486 1264 4560 primi
1296 4487 1539 4556 mensis,
1573 4488 1805 4560 quando
1838 4489 1909 4543 ad

2075 3351 2103 3379 «
2136 3328 2319 3382 Amen
2352 3326 2480 3382 dico
2511 3325 2693 3395 vobis,
2729 3326 2867 3398 quia
2899 3344 3053 3382 unus
3082 3328 3343 3382 vestrum
3389 3342 3482 3382 me
3530 3327 3653 3381 tra-

2006 3441 2035 3467 «
2068 3417 2299 3472 diturUS
2330 3417 2437 3471 est.
2474 3436 2501 3463 »
2533 3416 2765 3470 Poterat
2811 3413 3047 3486 quidem
3091 3414 3377 3471 Dominus
3407 3413 3653 3470 tradito-

2005 3524 2127 3563 rcm
2174 3503 2522 3561 nominatim
2566 3504 2907 3576 exprimere,
2941 3505 3041 3559 sed
3091 3503 3300 3570 noluit,
3334 3520 3425 3572 ne,
3458 3503 3654 3576 impu-

2008 3595 2208 3651 dentia
2235 3593 2485 3662 vinctus,
2519 3592 2581 3648 in
2610 3593 2953 3649 barathrum
2998 3592 3325 3666 negationis
3354 3586 3654 3648 incideret‘.

2008 3685 2297 3741 Admonet
2326 3699 2462 3755 ergo
2492 3681 2656 3737 illum
2684 3680 3035 3754 generaliter
3060 3682 3132 3737 ad
3162 3681 3435 3751 salutem,
3470 3684 3535 3737 ut
3565 3680 3662 3736 ad-

2010 3772 2331 3830 monitione
2362 3775 2658 3828 correctus
2688 3770 3093 3844 paenitentiam
3125 3774 3339 3844 ageret.

2084 3886 2111 3912 ‹‹
2145 3863 2215 3917 Et
2244 3860 2570 3917 contristati
2601 3860 2788 3928 valde,
2822 3862 3121 3934 coeperunt
3176 3859 3395 3934 singuli
3425 3859 3614 3916 dicere
3645 3875 3661 3916 :

2017 3974 2044 4003 «
2077 3950 2353 4021 Nunquid
2388 3965 2492 4023 ego
2524 3966 2677 4019 sum,
2712 3949 3054 4005 Domine?»
3082 3950 3151 4005 Et
3180 3966 3312 4006 vere
3340 3949 3507 4006 valde
3529 3951 3669 4006 sunt

2015 4038 2363 4106 contristati,
2397 4037 2536 4110 quia
2564 4055 2679 4093 non
2713 4037 2905 4094 solum
2958 4042 3231 4111 poterant
3275 4042 3525 4096 mortem
3557 4038 3668 4094 Do-

2015 4128 2163 4187 mini
2191 4127 2481 4193 meditari,
2517 4128 2616 4183 sed
2649 4126 2822 4183 etiam
2855 4144 2960 4182 nec
3012 4127 3237 4183 audire.
3271 4128 3434 4183 Unde
3463 4128 3670 4182 Petrus

2019 4214 2319 4292 apostolus
2337 4215 2583 4271 audiens
2599 4214 2917 4271 Dominum
2937 4216 3008 4270 de
3023 4214 3291 4287 passione
3309 4233 3416 4271 sua
3434 4214 3672 4287 loquen-

2016 4312 2134 4363 tem
2184 4305 2328 4361 dixit
2356 4322 2369 4359 :
2402 4326 2429 4352 «
2462 4304 2631 4358 Absit
2688 4303 2797 4359 hoc
2825 4320 2859 4357 a
2890 4306 2964 4372 te,
3000 4321 3116 4359 non
3166 4303 3434 4359 morieris
3464 4298 3668 4375 (Matth.

2017 4399 2155 4466 xvx).
2192 4417 2219 4445 ››
2253 4393 2525 4450 Sciebant
2568 4393 2805 4465 quidem
2848 4409 3053 4449 omnes
3100 4391 3370 4466 apostoli,
3401 4393 3555 4466 quod
3586 4390 3688 4447 nil-
3731 4409 3737 4413 -

2020 4485 2133 4541 tale
2162 4484 2222 4539 in
2255 4482 2568 4538 Dominum
2602 4481 3019 4555 cogitaverunt,
3040 4482 3141 4538 sed
3169 4481 3385 4538 conscii
3417 4498 3536 4538 sua;
3560 4482 3672 4538 fra-

261 4592 558 4651 ves‘peram
591 4595 780 4652 agnus
808 4576 1247 4632 immolabatur.
1281 4577 1497 4649 Azyma
1526 4581 1723 4632 autem
1751 4576 1910 4632 dice-
1939 4589 1987 4653 D
2020 4573 2284 4649 gilitatis,
2310 4571 2442 4644 plus
2466 4570 2743 4644 magistro
2767 4588 2944 4642 quam
2969 4588 3086 4627 suae
3118 4570 3417 4644 fragilitati
3438 4572 3672 4627 creden-

260 4667 474 4725 bantur
504 4668 714 4741 reliqui
736 4667 874 4723 dies
906 4670 1132 4739 septem
1166 4670 1495 4737 sequentes,
1516 4682 1581 4721 eo
1604 4666 1757 4737 quod
1790 4665 1915 4722 sine

256 4756 490 4829 Azyma,
520 4756 575 4811 id
609 4759 698 4811 est
726 4755 852 4812 sine
884 4755 1170 4810 fermento
1202 4758 1414 4809 essent.
1447 4754 1570 4809 Non
1593 4753 1748 4809 enim
1773 4753 1915 4809 lice-

258 4844 355 4900 bat
386 4847 446 4901 in
478 4843 838 4901 illis'diebus
872 4845 1287 4899 fermentatum
1319 4842 1542 4915 aliquid
1591 4843 1913 4899 comedere.

259 4933 504 4991 Ponitur
532 4939 730 4990 tamen
761 4936 819 4989 et
846 4935 1063 5006 Azyma
1091 4948 1195 5004 pro
1227 4931 1467 4997 Pascha,
1490 4936 1545 4987 et
1564 4932 1787 4989 Pascha
1814 4948 1916 5004 pro

258 5025 493 5096 Azyma,
529 5023 685 5080 sicut
713 5022 827 5090 hic,
848 5022 947 5077 ubi
974 5022 1166 5093 ipsam
1190 5020 1558 5076 festivitatem
1582 5020 1916 5094 paschalem

258 5113 474 5185 Azyma
504 5110 781 5185 appellat.
824 5131 846 5159 α
878 5110 983 5166 Ubi
1015 5110 1104 5165 vis
1143 5126 1421 5182 paremus
1464 5108 1567 5164 tibi
1619 5110 1920 5165 comedere

261 5201 529 5271 pascha?
565 5224 595 5250 υ
632 5198 1022 5273 Intelligimus
1055 5198 1111 5254 in
1143 5198 1253 5253 hoc
1285 5197 1408 5253 loco
1440 5198 1596 5269 quod
1628 5198 1810 5254 Judas
1840 5197 1917 5254 si-

266 5290 385 5345 mul
415 5307 551 5346 cum
576 5289 709 5345 aliis
730 5288 1039 5360 discipulis
1066 5287 1378 5344 accesserit
1397 5288 1469 5343 ad
1490 5304 1646 5342 eum.
1672 5288 1916 5359 Pauper,

266 5374 562 5450 inquiunt,
598 5394 680 5446 es,
716 5380 772 5433 et
802 5393 1117 5450 pauperem
1161 5380 1219 5432 te
1256 5393 1363 5431 nos
1394 5393 1681 5448 pauperes
1712 5392 1919 5431 sumus

277 5466 468 5536 secuti,
485 5483 665 5522 causa
688 5466 771 5521 tui
796 5465 1032 5535 amoris,
1049 5466 1336 5538 quidquid
1359 5464 1573 5521 habere
1595 5464 1916 5537 potuimus,

280 5551 712 5633 dereliqujmus,
733 5578 759 5607 «
784 5556 891 5612 Ubi
914 5556 999 5611 vis
1022 5573 1158 5629 ergo
1177 5572 1455 5629 paremus
1489 5555 1595 5611 tibi
1618 5554 1920 5613 comedere

282 5643 534 5713 pascha?
569 5668 592 5701 ι

592 5773 854 5836 ΡΑΤιωῐ..
902 5772 1163 5838 CXVIII.

2024 4669 2132 4733 tes,
2166 4662 2437 4718 dicebant
2471 4678 2483 4717 :
2518 4684 2546 4712 «
2579 4660 2856 4732 Nunquid
2888 4676 2992 4735 ego
3023 4676 3177 4728 sum,
3211 4659 3503 4716 Domine?
3534 4683 3562 4709 »

2096 4776 2123 4804 ‹‹
2152 4754 2223 4807 At
2252 4751 2377 4824 ipse
2429 4750 2787 4822 respondens
2835 4750 2918 4804 ait
2951 4766 2963 4803 :
2999 4749 3105 4816 Qui
3151 4748 3389 4823 intingit
3437 4746 3671 4804 mecum

2026 4866 2053 4894 ‹‹
2086 4857 2328 4897 manum
2360 4839 2420 4894 in
2451 4837 2893 4912 paropside,hic
2925 4854 3017 4893 me
3046 4838 3255 4893 tradet.
3284 4860 3310 4887 ››
3341 4837 3472 4893 Jam
3505 4853 3675 4909 supe-

2026 4932 2151 4988 rius
2182 4930 2440 4986 dixerat:
2474 4952 2501 4978 «
2538 4928 2698 4983 Unus
2729 4931 2988 4983 vestrum
3021 4943 3115 4983 me
3144 4927 3469 4982 traditurus
3500 4928 3611 4995 est,
3644 4948 3673 4975 »

2026 5021 2125 5078 sed
2151 5018 2288 5092 quia
2309 5016 2404 5072 ille
2421 5016 2759 5071 admonitus
2778 5033 2891 5070 non
2913 5021 3109 5089 egerat
3129 5016 3676 5088 prenitentiam,jam

2028 5107 2286 5181 apertius
2302 5106 2469 5161 illum
2487 5105 2776 5178 designat,
2790 5104 2989 5159 dicens
3005 5121 3017 5159 :
3034 5128 3061 5155 ‹‹
3077 5104 3183 5167 Qui
3199 5103 3677 5178 intingitmecum

2027 5213 2269 5252 manum
2302 5196 2359 5250 in
2393 5192 2724 5267 paropside,
2756 5191 2849 5247 hic
2881 5210 2973 5248 me
3002 5193 3258 5249 tradet.»
3282 5194 3555 5268 Paropsis
3577 5211 3678 5251 vas

2028 5289 2117 5342 est
2148 5286 2520 5357 quadratum,
2544 5282 2764 5337 dictum
2797 5280 2952 5353 quod
2983 5280 3060 5337 sit
3089 5281 3329 5355 paribus
3351 5280 3677 5353 absidibus,

2028 5374 2083 5430 id
2118 5378 2206 5429 est
2235 5373 2417 5445 aequis
2438 5370 2741 5427 lateribus.
2761 5370 2863 5427 Est
2884 5374 3079 5426 autem
3096 5388 3197 5428 vas
3219 5389 3507 5441 escarum,
3523 5370 3678 5446 quod

2029 5464 2258 5520 Marcus
2289 5460 2643 5534 evangelista
2673 5459 2932 5515 catinum
2963 5461 3237 5535 appellat,
3271 5462 3427 5535 quod
3461 5466 3549 5518 est
3576 5476 3679 5517 vas

2028 5551 2223 5610 ﬁctile.
2244 5549 2596 5624 Intelligitur
2613 5565 2750 5623 ergo
2783 5548 2843 5604 in
2874 5566 3079 5606 mensa
3102 5550 3334 5607 Domini
3362 5550 3545 5606 fuisse
3573 5546 3681 5604 ali-'-

2032 5642 2187 5721 quod
2216 5657 2319 5703 vas
2349 5655 2641 5710 escarum,
2672 5640 2829 5716 quod
2878 5639 3201 5699 contineret
3247 5639 3566 5713 liquameu,
3615 5633 3676 5691 id

3288 5763 3362 5825 12
