4012 6174
401 336 519 418 363

961 332 1365 396 HAYMONIS
1410 329 1951 393 IIALBERSTAT.
2001 326 2248 388 EPISC.
2295 326 2468 388 OPP.
2514 327 2715 388 PARS
2759 325 2939 387 II.—
2969 324 3240 386 HOMIL.

3682 323 3814 383 304

400 486 516 543 quo
547 468 731 524 Judas
757 485 996 523 manum
1022 484 1154 522 cum
1179 466 1460 539 magistro
1482 463 2044 527 intinxit,utbonam
2079 462 2131 527 Α
2164 477 2276 515 non
2312 465 2670 531 poteramus.
2702 459 2757 513 Si
2805 458 2959 514 enim
3016 456 3204 513 solum
3235 456 3433 510 vinum
3469 455 3593 510 sine
3640 472 3812 526 aqua:

400 557 821 615 conscientiam
855 557 1221 613 mentiretur.

472 666 507 698 ‹‹
536 645 717 702 Filius
746 645 985 718 quidem
1016 644 1274 701 hominis
1298 644 1477 709 vadit,
1504 665 1530 692 ››
1560 641 1950 697 subaudiatur
1979 640 2051 696 ad

401 734 758 809 passionem,
781 735 979 791 «sicut
1005 735 1287 806 scriptum
1320 738 1408 789 est
1438 733 1509 787 de
1539 731 1659 785 illo.
1686 755 1713 781 ››
1736 731 1831 785 νω
1856 734 2051 785 autem

405 847 434 875 «
466 824 692 880 homini
722 823 831 891 illi,
865 840 969 895 per
997 840 1173 895 quem
1205 823 1384 877 Filius
1414 822 1672 877 hominis
1702 821 1984 876 tradetur.
2025 841 2047 870 ι

406 914 516 970 Sed
549 929 738 985 usque
766 912 938 968 hodie
969 930 1049 967 va:
1079 910 1301 967 homini
1334 911 1415 965 illi
1450 910 1547 982 qui
1580 926 1788 982 corpus
1821 908 1913 963 sui
1944 910 2053 963 Re-

404 990 727 1074 demptoris
756 1018 873 1057 non
902 1000 1141 1068 Judmis,
1173 1000 1273 1055 sed
1317 998 1597 1055 membris
1629 999 1754 1054 suis
1785 1003 2054 1070 peceato-

408 1090 573 1145 ribus
628 1090 829 1156 tradit,
879 1089 1272 1159 integritatem
1333 1088 1463 1142 fidei
1521 1087 2050 1158 corrumpentibus.

409 1178 576 1233 Multi
611 1181 751 1233 sunt
780 1177 879 1249 qui
903 1176 1093 1233 scelus
1112 1176 1277 1232 Judae
1298 1177 1680 1243 detestantur,
1701 1177 1854 1248 quod
1880 1174 2057 1246 impie

409 1266 614 1338 egerit,
665 1267 820 1337 quod
869 1267 1223 1339 magistrum
1274 1282 1446 1321 suum
1501 1265 1853 1319 tradiderit:
1889 1264 2056 1319 illum

409 1359 607 1411 autem
666 1354 1174 1427 reprehendentes,
1208 1354 1317 1426 ipsi
1374 1353 1882 1425 reprehensionem
1943 1353 2058 1406 mi-

410 1444 568 1499 nime
600 1443 659 1498 in
691 1443 1023 1515 semetipsis
1071 1448 1292 1497 cavent.
1346 1443 1496 1497 Dum
1550 1442 1704 1497 enim
1754 1443 2057 1496 veritatem

409 1549 514 1606 pro
544 1548 792 1605 pecuma
818 1533 1186 1598 subvertant,
1206 1532 1346 1603 quid
1371 1531 1526 1586 aliud
1554 1548 1731 1603 quam
1762 1530 2059 1586 Christum

409 1619 695 1677 tradunt?
725 1621 854 1693 Ipse
885 1621 1042 1676 enim
1074 1620 1218 1675 dixit
1242 1637 1254 1674 :
1283 1642 1309 1669 ί(
1337 1621 1452 1692 Ego
1475 1636 1607 1675 sum
1636 1620 1847 1675 veritas
1872 1620 2058 1686 (Jonn.

409 1710 548 1782 xxx).
582 1731 610 1761 »
645 1710 794 1766 Dum
825 1712 1143 1764 fraternam
1174 1709 1515 1765 charitatcm
1551 1708 1751 1781 aliqua
1780 1710 2063 1765 fractione

2159 548 2541 620 permistione
2558 549 2876 614 oiferretur,
2893 551 3091 618 posset
3106 543 3238 599 talis
3254 562 3383 599 esse
3404 543 3810 615 intelligentia,

2160 638 2317 709 quod
2349 653 2456 692 nos
2488 637 2708 707 absque
2736 634 3029 706 adjutorio
3061 632 3272 689 Christi
3304 636 3362 688 et
3392 631 3662 705 passione
3692 631 3815 687 sal-

2160 726 2281 781 vari
2312 742 2641 797 possemus.
2693 724 2803 779 Sed
2845 723 3119 795 jungitur
3163 739 3319 794 aqua
3365 722 3519 790 vino,
3552 727 3609 777 et
3637 719 3817 793 panis

2162 812 2470 869 coniicitur
2499 828 2634 867 cum
2667 827 2837 883 aqua,
2861 816 2927 865 ut
2956 814 3152 882 aperte
3183 809 3354 865 detur
3384 809 3629 882 intelligi
3651 810 3816 882 quod

2163 918 2352 973 neque
2385 901 2579 972 passio
2611 900 2823 955 Christi
2856 899 2981 955 sine
3009 898 3197 954 salute
3227 902 3426 954 nostra
3456 898 3641 971 possit
3661 898 3814 964 ﬁeri,

2164 1007 2352 1062 neque
2382 995 2585 1045 nostra
2634 989 2794 1045 salus
2826 988 2952 1044 sine
2980 987 3139 1043 illius
3171 988 3461 1058 adjutorio
3490 988 3817 1044 consistere

2163 1079 2369 1135 valeat.
2391 1101 2418 1129 «
2452 1077 2687 1149 Accepit
2719 1093 2950 1149 panem,
2977 1101 3000 1129 ι
3039 1077 3192 1148 quod
3226 1080 3351 1132 erat
3377 1094 3588 1148 corpus
3611 1093 3815 1144 suum,

2168 1192 2193 1216 ‹‹
2230 1167 2523 1221 benedixit
2551 1170 2608 1221 et
2641 1167 2828 1237 fregit,
2864 1187 2891 1214 ››
2925 1170 2988 1219 ut
3017 1166 3346 1220 ostenderet
3399 1182 3611 1237 corpus
3639 1183 3817 1220 suum

2168 1257 2325 1311 omni
2360 1255 2763 1310 benedictione
2792 1271 2919 1309 esse
2953 1253 3256 1325 repletum,
3280 1258 3338 1309 et
3363 1253 3443 1311 ita
3465 1270 3568 1325 pcr
3598 1255 3822 1327 passio-

2169 1362 2302 1401 nem
2332 1362 2459 1401 esse
2483 1344 2892 1416 frangendum,
2912 1349 2974 1398 ut
3001 1348 3194 1397 tamen
3224 1342 3553 1398 Divinitatis
3572 1343 3822 1415 plenitu-

2169 1436 2302 1490 dine
2333 1439 2483 1491 esset
2518 1434 2824 1505 repletum.
2846 1455 2895 1505 ο
2932 1431 3216 1503 Deditque
3248 1431 3552 1503 discipulis
3582 1433 3734 1499 suis,
3765 1438 3824 1487 et

2170 1525 2253 1579 ait
2286 1540 2297 1580 :
2332 1522 2588 1594 Accipite
2616 1527 2673 1578 et
2702 1520 3007 1576 comedite.
3042 1542 3070 1569 »
3103 1520 3219 1574 Hoc
3266 1520 3416 1576 valet
3467 1526 3673 1576 contra
3723 1537 3822 1577 eos

2171 1614 2270 1687 qui
2304 1612 2551 1668 mortuis
2608 1610 2949 1683 hominibus
2997 1608 3412 1665 eucharistiam
3465 1609 3822 1682 largiuntur.

2171 1706 2314 1758 Cum
2346 1702 2502 1758 enim
2535 1691 3010 1766 Dominus'dicit,
3043 1721 3070 1748 «
3104 1698 3346 1771 accipite
3377 1722 3404 1749 ››
3438 1701 3641 1755 statim
3684 1701 3825 1756 sub-

410 1798 651 1866 violant,
685 1798 824 1870 quid
858 1798 1013 1854 aliud
1044 1816 1223 1870 quam
1256 1798 1551 1854 Christum
1582 1799 1869 1852 tradunt?
1899 1799 2063 1855 Unde
2092 1832 2142 1897 Β
2166 1792 2384 1863 junxit.
2410 1815 2437 1842 α
2471 1789 2881 1897 Θιιοοηιθάίξθε
2910 1810 2937 1837 ι)
2962 1787 3109 1897 imit?
3140 1804 3255 1842 non
3289 1788 3508 1843 sufficit
3538 1789 3824 1888 accipere,

411 1887 698 1959 scriptum
750 1890 880 1942 est:
915 1910 942 1936 ‹‹
978 1888 1132 1943 Deus
1184 1887 1439 1941 cbaritas
1488 1890 1576 1942 est
1623 1888 1667 1954 (l
1695 1889 1852 1942 Joan.
1900 1890 1999 1956 1v).
2035 1910 2063 1938 »

410 2006 481 2018 --
512 1998 539 2026 ‹‹
575 1976 801 2031 Bonum
835 1980 960 2031 erat
987 1976 1038 2031 ei
1060 1975 1109 2031 si
1131 1980 1307 2031 natus
1331 1993 1445 2030 non
1472 1976 1677 2031 fuisset
1698 1976 1870 2032 homo
1892 1976 2008 2031 ille.
2039 2000 2059 2027 ι

411 2065 532 2121 Non
568 2064 649 2120 ita
681 2069 770 2120 est
792 2063 1239 2137 intelligendum
1261 2065 1417 2136 quod
1439 2064 1622 2121 Judas
1640 2071 1815 2121 antea
1836 2066 2063 2135 fuisset,

338 2216 341 2221 ,
410 2152 501 2209 vel
533 2169 661 2209 esse
690 2156 906 2225 posset,
942 2169 1116 2226 quam
1141 2157 1496 2220 nasceretur,
1522 2154 1620 2225 qui
1654 2171 1759 2211 nec
1790 2155 1934 2210 bene
1963 2172 2068 2211 nec

413 2240 567 2298 male
612 2257 782 2315 agere
830 2246 1073 2314 posset:
1112 2243 1213 2299 sed
1266 2242 1616 2315 simpliciter
1662 2243 2068 2316 accipiendum

412 2334 521 2399 est,
536 2330 676 2403 quia
705 2327 917 2387 melius
946 2336 1035 2388 est
1066 2348 1176 2388 non
1213 2330 1532 2388 subsistere
1555 2348 1731 2404 quam
1757 2332 1909 2388 male
1932 2334 2071 2389 sub-

421 2419 649 2478 sistere.

493 2533 520 2560 ‹‹
556 2510 935 2581 Respondeas
964 2513 1158 2565 autem
1188 2510 1391 2576 Judas,
1413 2510 1511 2582 qui
1541 2510 1782 2565 tradidit
1812 2527 1967 2578 eum,
1989 2511 2073 2566 di-

425 2622 447 2649 ι
483 2599 601 2653 xit:
628 2599 903 2669 Nunquid
935 2614 1040 2670 ego
1071 2615 1227 2665 sum,
1248 2599 1497 2654 rabbi?»
1520 2600 1680 2664 Quod
1712 2599 2066 2668 dicitrabbi,

419 2687 656 2759 signum
685 2692 776 2743 est
803 2685 1185 2753 inﬁdelitatis,
1211 2687 1295 2741 vel
1328 2687 1505 2743 etiam
1539 2692 1951 2760 argumentum
1983 2694 2072 2744 est

416 2775 830 2845 excusationis,
862 2776 1018 2848 quod
1050 2793 1168 2831 non
1200 2776 1540 2843 Dominum,
1574 2777 1673 2831 sed
1717 2778 2067 2849 magistrum

416 2881 550 2921 eum
581 2867 746 2921 vocat
777 2881 791 2920 :
827 2863 997 2936 quasi
1028 2862 1287 2936 aliquam
1310 2864 1741 2921 excusationem
1767 2865 2070 2934 habeat,ut

419 2971 532 3010 non
566 2952 901 3020 Dominum,
934 2953 1035 3008 sed
1071 2952 1416 3024 magistrum
1453 2952 1659 3009 saltem
1693 2954 2016 3011 tr'adiderit.

491 3065 519 3091 «
553 3040 930 3098 Cmnantibus
962 3044 1156 3098 autem
1204 3041 1311 3110 eis,
1344 3041 1566 3115 accepit
1613 3042 1784 3099 Jesus
1833 3060 2069 3116 panem,

423 3151 454 3183 κ
483 3134 541 3186 et
568 3130 884 3199 benedixit,
913 3146 978 3186 ac
1020 3130 1209 3203 fregit,
1246 3152 1274 3179 »
1320 3138 1428 3186 etc.
1464 3131 1720 3203 Expletis
1767 3132 2070 3188 solemniis

2176 1880 2288 1935 nisi
2320 1877 2592 1951 quisquis
2622 1877 2888 1932 comedat
2917 1877 2989 1930 ad
3022 1875 3270 1931 salutem
3296 1893 3484 1945 suam,
3505 1877 3646 1949 quia
3666 1879 3825 1949 quod

2176 1970 2234 2024 in
2265 1970 2383 2025 vita
2415 1985 2525 2025 sua
2576 1967 2835 2038 accipere
2881 1981 2995 2021 non
3041 1969 3380 2036 potuerunt,
3412 1971 3543 2038 post
3572 1973 3829 2024 mortem

2177 2057 2436 2129 accipere
2466 2073 2581 2112 non
2613 2058 2905 2128 poterunt.

2248 2170 2275 2197 ‹‹
2310 2145 2589 2201 Similiter
2618 2142 2910 2217 accipiens
2940 2142 3201 2208 calicem,
3234 2144 3450 2216 gratias
3479 2146 3615 2219 egit,
3642 2151 3704 2202 et
3734 2149 3831 2203 de-

2179 2260 2205 2287 «
2241 2236 2327 2290 dit
2357 2234 2493 2303 illis,
2527 2234 2727 2289 dicens
2760 2251 2773 2287 :
2809 2232 2993 2288 Bibite
3025 2249 3094 2288 ex
3123 2233 3231 2289 hoc
3262 2251 3483 2290 omnes.
3520 2257 3548 2285 ››
3582 2235 3658 2291 Ut
3690 2236 3835 2294 scia-

2182 2342 2313 2381 mus
2346 2324 2488 2396 quia
2512 2323 2847 2395 quicunque
2877 2322 3109 2394 accipit,
3144 2322 3339 2378 bibere
3368 2324 3557 2379 debet.

2252 2436 2279 2465 ‹‹
2313 2414 2415 2469 Hic
2446 2416 2537 2468 est
2565 2412 2721 2468 enim
2753 2411 2993 2485 sanguis
3025 2428 3192 2468 meus
3222 2412 3361 2467 Novi
3394 2414 3784 2472 Testamenti.
3806 2439 3834 2466 »

2179 2504 2339 2568 Quod
2364 2501 2520 2557 enim
2543 2501 2701 2567 dicit,
2719 2524 2745 2549 ‹‹
2768 2501 2863 2556 hic
2880 2504 2970 2555 est
2986 2500 3126 2555 Novi
3144 2501 3497 2557 Testamenti
3515 2506 3787 2577 sanguis,
3807 2528 3835 2556 ι)

2180 2593 2251 2647 ad
2282 2588 2668 2644 differentiam
2698 2587 2921 2643 Veteris
2953 2588 3313 2643 Testamenti
3359 2587 3516 2643 dicit.
3549 2590 3610 2644 In
3638 2590 3836 2646 Veteri

2180 2682 2550 2736 Testamento
2575 2677 2817 2750 sanguis
2840 2676 3135 2731 hircorum
3159 2680 3216 2731 et
3232 2675 3551 2732 vitulorum
3574 2680 3838 2735 effunde-

2180 2770 2372 2833 batur,
2406 2772 2463 2823 et
2493 2767 2627 2821 inde
2660 2765 3123 2837 aspergebantur
3153 2766 3252 2836 qui
3282 2766 3605 2821 mandandi
3643 2770 3833 2823 erant.

2180 2882 2207 2909 ‹‹
2242 2857 2349 2923 Qui
2382 2873 2484 2929 pro
2517 2854 2722 2910 multis
2750 2854 3083 2909 elfundetur
3104 2853 3165 2907 in
3198 2854 3599 2910 remissionem
3633 2872 3838 2929 pecca-

2178 2953 2394 3003 torum.
2428 2966 2455 2995 ››
2489 2945 2595 2999 Pro
2628 2942 2907 2999 omnibus
2938 2943 3160 2998 etl‘usus
3201 2947 3290 2998 est
3318 2941 3531 2999 Christi
3562 2946 3834 3019 sanguis,

2179 3037 2282 3093 sed
2313 3052 2427 3091 non
2459 3032 2734 3090 omnibus
2766 3032 3025 3104 prodest,
3048 3032 3149 3087 sed
3178 3030 3296 3087 illis
3327 3032 3707 3090 solummodo
3738 3035 3837 3108 qui

2181 3126 2425 3181 credunt
2454 3124 2512 3178 in
2546 3122 2878 3195 passionem
2911 3137 3080 3175 suam
3103 3136 3115 3175 :
3135 3124 3190 3175 et
3210 3120 3326 3176 illis
3349 3120 3450 3192 qui
3480 3123 3696 3178 eodem
3718 3123 3844 3195 Spi-

420 3218 900 3287 Pasehte,transit
915 3200 1199 3275 Domin‘us
1216 3220 1286 3274 ad
1306 3200 1671 3276 sacramenta
1688 3221 1814 3275 novi
1835 3221 2068 3278 Pascha:
2100 3200 2142 3267 (ἶ
2182 3215 2294 3270 ritu
2332 3216 2534 3269 sancto
2564 3213 2981 3284 regenerantur
3010 3226 3124 3282 quo
3155 3208 3423 3265 Christus
3445 3211 3504 3265 in
3530 3215 3705 3267 utero
3728 3212 3843 3267 Ma-

421 3308 899 3364 demonstranda.
918 3308 1237 3377 Postquam
1268 3308 1535 3375 coenavit,
1556 3309 1716 3364 dedit
1744 3309 1827 3364 eis
1860 3327 2068 3381 panem

420 3401 479 3453 et
501 3397 724 3465 vinum,
742 3396 800 3451 in
828 3396 1102 3468 mysterio
1123 3395 1387 3450 videlicet
1407 3398 1668 3468 corporis
1688 3402 1744 3451 et
1764 3398 2071 3469 sanguinis

420 3484 533 3539 sui.
565 3485 711 3551 Quia
740 3484 899 3540 enim
929 3484 1096 3555 panis
1128 3484 1435 3538 confirmat
1464 3501 1563 3539 cor
1592 3484 1872 3552 hominis,
1903 3491 1959 3540 et
1988 3486 2070 3541 vi-

419 3586 562 3626 num
585 3573 756 3641 auget
778 3569 1125 3641 sanguinem
1146 3567 1204 3622 in
1224 3567 1479 3636 homine,
1496 3569 1702 3624 merito
1725 3570 1876 3625 idem
1902 3573 2070 3644 panis

416 3655 478 3715 in
510 3674 745 3713 carnem
778 3658 1009 3713 Domini
1042 3660 1327 3722 mutatur,
1351 3661 1408 3713 et
1439 3657 1590 3713 idem
1622 3659 1821 3714 vinum
1854 3659 1911 3714 in
1941 3678 2072 3717 san-

416 3747 655 3821 guinem
687 3745 916 3801 Domini
940 3746 1322 3801 transfertur:
1349 3763 1462 3801 non
1488 3763 1589 3819 per
1612 3748 1859 3819 ﬁguram
1883 3767 2070 3822 neque

414 3853 520 3910 per
577 3836 870 3906 umbram,
904 3835 1005 3890 sed
1056 3852 1157 3906 per
1202 3834 1524 3890 veritatem.
1559 3836 1863 3892 Credimus
1912 3839 2068 3895 enim

416 3924 554 3998 quia
574 3924 632 3979 in
652 3924 892 3981 veritate
914 3940 1047 3980 caro
1068 3928 1158 3979 est
1178 3922 1411 3990 Christi,
1433 3924 1611 3981 simili
1625 3931 1708 3981 ter
1728 3930 1785 3981 et
1805 3929 2066 4001 sanguis.

416 4014 530 4071 Sed
556 4013 696 4085 quia
723 4013 986 4068 humana
1013 4011 1296 4084 fragilitas
1322 4030 1438 4068 non
1466 4013 1763 4081 consuevit
1793 4017 2069 4072 carnibus

416 4100 618 4160 crudis
647 4101 823 4169 vesci,
842 4106 898 4158 et
928 4101 1276 4174 sanguinem
1308 4106 1526 4174 potare,
1551 4102 1834 4159 translata
1863 4111 1953 4161 est
1982 4122 2073 4161 ea~

418 4192 552 4249 dem
582 4208 715 4249 caro
748 4191 806 4245 in
839 4208 1070 4263 panem,
1090 4193 1147 4247 et
1166 4189 1321 4246 idem
1355 4191 1595 4265 sanguis
1627 4192 1686 4246 in
1715 4192 1935 4249 vinum.
1956 4195 2069 4251 Sed

418 4280 626 4338 merito
658 4279 937 4353 qumritur
966 4297 1069 4335 cur
1098 4296 1205 4335 nos
1226 4279 1417 4351 jejuni
1466 4284 1697 4336 tantum
1737 4299 2068 4339 sacramen-

408 4373 545 4426 ‘tum
577 4368 835 4443 quotidie
865 4369 1181 4435 sumimus,
1202 4384 1336 4423 eum
1364 4370 1670 4436 Dominus,
1697 4370 1858 4425 ﬁnito
1882 4372 2072 4427 convi-

416 4458 530 4524 vio,
550 4474 761 4529 panem
793 4457 1051 4529 corporis
1082 4456 1173 4513 sui
1198 4461 1255 4511 et
1284 4456 1523 4512 calicem
1557 4458 1862 4531 sanguinis
1895 4459 1985 4514 sui
2009 4460 2067 4515 in

417 4546 695 4619 mysterio
726 4545 1032 4618 discipulis
1062 4544 1186 4601 suis
1225 4545 1640 4617 propinaverit.
1672 4547 1755 4600 Ad
1786 4549 1941 4619 quod
1975 4548 2066 4602 di-
2102 4570 2149 4635 D
2184 4566 2293 4603 nea
2321 4548 2478 4603 enim
2516 4544 2742 4602 Domini
2773 4544 3051 4612 Sabaoth,
3083 4544 3295 4599 domus
3346 4544 3521 4599 Israel
3565 4549 3660 4598 est

417 4636 668 4693 cendum
702 4639 790 4690 est
842 4634 980 4706 quia
1020 4633 1279 4707 primum
1327 4634 1568 4689 decebat
1617 4634 2069 4707 signiﬁcativum
2126 4658 2129 4659 ν
2182 4638 2256 4707 v).
2292 4660 2318 4684 ››
2351 4636 2497 4691 Dicit
2529 4651 2665 4707 ergo
2699 4651 2711 4688 :
2745 4658 2770 4683 α
2807 4633 2931 4689 Non
2979 4633 3175 4687 bibam
3208 4633 3280 4686 de
3310 4630 3417 4686 hoc
3447 4630 3667 4704 genimi

2126 4658 2129 4659 ⁷
2182 4647 2256 4707 ν).
2292 4660 2318 4684 υ
2351 4647 2497 4691 υιοιῐ
2529 4651 2665 4707 CI‘gO
2699 4651 2711 4688 ἰ
2745 4658 2770 4683 α
2809 4647 2931 4689 Non
2979 4647 3175 4687 DlDam
3208 4647 3280 4686 (16
3310 4647 3417 4686 [100
3447 4647 3773 4704 genimine,
3806 4653 3835 4682 »

417 4636 668 4693 cendum
702 4639 790 4690 est
842 4634 980 4706 quia
1020 4633 1279 4707 primum
1327 4634 1568 4689 decebat
1617 4634 2069 4707 signiﬁcativum

416 4724 638 4781 Pascha
666 4723 1085 4790 consummari,
1111 4739 1175 4777 ac
1206 4721 1480 4793 deinceps
1510 4723 1732 4779 Pascha
1758 4741 1960 4780 verum
1985 4725 2068 4779 in-

416 4814 570 4869 duci.
604 4812 983 4870 Postmodum
1014 4826 1148 4867 vero
1181 4816 1374 4883 patres
1406 4810 1545 4865 Novi
1577 4811 1956 4877 Testamenti.
1983 4814 2067 4867 vi-

416 4903 623 4958 delicet
653 4900 898 4974 apostoli
920 4905 977 4957 et
996 4916 1276 4974 sequaces
1300 4898 1557 4970 illorum,
1578 4904 1907 4957 statuerunt
1924 4907 1986 4956 ut
2008 4902 2067 4956 in

416 4990 783 5046 veneratione
815 4990 963 5045 tanti
995 4987 1344 5045 sacramenti
1376 5004 1410 5042 a
1432 4987 1655 5058 jejunis
1687 4989 1945 5060 quotidie
1968 5008 2066 5046 su-

419 5082 692 5132 meretur.
727 5077 873 5131 lllud
905 5095 1036 5132 vero
1066 5077 1544 5149 perpendendum
1577 5084 1684 5144 est,
1704 5078 1858 5149 quod
1881 5094 1915 5132 a
1943 5079 2068 5134 nul-

418 5163 492 5219 lis
524 5166 693 5236 panis
723 5165 1107 5237 solus,neque
1128 5167 1327 5219 vinum
1350 5167 1475 5221 sine
1496 5182 1657 5237 aquae
1688 5165 2065 5238 permistione

417 5253 675 5308 otl'ertur.
710 5252 857 5319 Quia
904 5254 1081 5320 enim,
1116 5254 1340 5308 dicente
1384 5254 1626 5324 Joanne,
1659 5271 1821 5325 aquae
1866 5255 2065 5327 populi

415 5346 577 5409 sunt,
596 5340 876 5398 miscetur
904 5358 1058 5413 aqua
1086 5343 1241 5409 vino,
1264 5349 1329 5399 ut
1360 5344 1623 5400 videlicet
1653 5362 1759 5401 nos
1782 5344 2064 5417 intelliga-

415 5447 549 5487 mus
580 5430 718 5503 quia
744 5429 940 5503 passio
970 5430 1183 5487 Christi
1216 5449 1318 5504 pro
1373 5433 1540 5487 nobis
1594 5439 1923 5506 perpetrata
1951 5439 2059 5490 est.

411 5518 611 5592 Neque
625 5517 821 5594 passio
839 5519 1051 5577 Christi
1071 5521 1291 5594 absque
1308 5520 1556 5576 utilitate
1572 5522 1802 5593 generis
1815 5522 2061 5579 humani

408 5600 701 5715 pelebrata
727 5613 833 5684 est,
866 5612 924 5668 et
956 5625 1063 5669 nos
1092 5608 1220 5669 sine
1269 5608 1481 5668 Christi
1529 5610 1800 5684 passione
1849 5610 2060 5671 salvari

2183 3303 2278 3357 riae
2311 3307 2400 3357 est
2428 3304 2764 3372 conceptus.

2253 3413 2281 3441 ‹‹
2314 3391 2451 3445 Dico
2483 3393 2679 3445 autem
2708 3388 2896 3457 vobis,
2917 3404 3030 3442 non
3053 3387 3249 3443 bibam
3273 3389 3481 3444 amodo
3503 3390 3575 3444 de
3606 3389 3725 3445 hoc
3752 3406 3845 3462 ge-

2183 3503 2211 3529 ‹‹
2245 3478 2465 3534 nimine
2496 3477 2651 3546 vitis,
2677 3494 2867 3549 usque
2896 3477 2956 3532 in
2989 3478 3145 3532 diem
3177 3476 3366 3544 illum,
3403 3493 3535 3532 cum
3570 3477 3726 3534 illud
3758 3479 3844 3534 bi-

2182 3594 2210 3621 ‹‹
2242 3570 2377 3624 bam
2398 3569 2701 3625 vobiscum
2726 3583 2937 3623 novum
2960 3566 3020 3621 in
3044 3583 3219 3640 regno
3242 3567 3429 3622 Patris
3452 3568 3585 3623 mei.
3608 3590 3636 3617 ››
3664 3569 3845 3625 Juxta

2180 3658 2432 3714 litteram
2466 3658 2757 3730 promittit
2787 3674 2848 3712 se
2879 3672 3186 3729 nunquam
3235 3673 3365 3713 esse
3408 3656 3741 3713 bibiturum
3774 3658 3845 3713 de

2180 3746 2475 3822 genimine
2492 3746 2646 3811 vitis,
2661 3746 2842 3801 donec
2858 3749 3229 3817 resurgereta
3244 3745 3842 3823 mortuis.Postquam

2182 3841 2376 3893 autem
2410 3834 2743 3905 resurrexit,
2764 3851 2879 3889 non
2903 3832 3093 3889 solum
3119 3834 3393 3899 comedit,
3416 3835 3517 3889 sed
3539 3834 3727 3890 etiam
3756 3835 3845 3890 bi-

2181 3927 2264 3983 bit
2295 3943 2428 3981 cum
2460 3923 2769 3997 discipulis
2803 3923 2948 3990 suis,
2983 3923 3135 3978 sicut
3168 3923 3372 3978 Petrus
3402 3925 3716 3996 apostolus
3748 3924 3845 3979 de-

2182 4016 2608 4084 clarat,dicens
2635 4029 2648 4067 :
2684 4036 2711 4063 ‹‹
2747 4011 2928 4067 Nobis
2957 4012 3061 4085 qui
3096 4011 3582 4068 manducavimus
3609 4016 3673 4067 et
3704 4012 3845 4067 bibi-

2181 4122 2315 4160 mus
2345 4120 2479 4160 cum
2509 4102 2630 4168 illo,
2664 4106 2975 4174 postquam
3014 4101 3331 4156 resurrexit
3361 4116 3395 4154 a
3425 4100 3684 4157 mortuis
3708 4101 3840 4168 (Act.

2178 4198 2255 4262 x).
2279 4216 2305 4241 ››
2326 4194 2433 4249 Sed
2460 4191 2557 4263 qui
2586 4191 2761 4246 altius
2793 4189 3145 4261 intelligunt,
3162 4187 3465 4261 spirituale
3486 4190 3840 4260 mysterium

2179 4283 2257 4338 ibi
2292 4282 2613 4353 requirunt.
2650 4279 2795 4334 Vitis
2825 4277 2981 4334 enim
3015 4279 3249 4333 nomine
3279 4277 3652 4349 signiﬁcatur
3672 4278 3839 4350 plebs

2180 4370 2519 4435 Israelitica,
2554 4373 2619 4423 ut
2668 4369 2727 4421 in
2777 4367 3010 4422 Psalmo
3044 4384 3057 4423 :
3093 4390 3121 4417 «
3176 4366 3418 4422 Vineam
3465 4366 3536 4421 de
3585 4368 3837 4441 rEgypto

2180 4459 2531 4514 transtulisti
2558 4458 2728 4529 (Psal.
2765 4458 2967 4527 LXXIX).
2996 4478 3023 4505 ››
3047 4456 3115 4510 Et
3145 4456 3355 4509 iterum
3388 4454 3447 4509 in
3473 4455 3626 4510 lsaia
3651 4472 3665 4510 :
3695 4478 3723 4505 ‹‹
3746 4454 3840 4510 Vi-

2184 4566 2293 4603 nea
2321 4548 2478 4603 enim
2516 4544 2742 4602 Domini
2773 4544 3051 4612 Sabaoth,
3083 4544 3295 4599 domus
3346 4542 3521 4599 Israel
3565 4549 3660 4598 est
3704 4543 3834 4613 (15a.

2176 4726 2234 4781 id
2254 4726 2427 4789 estde
2443 4723 2817 4796 generatione
2832 4721 3010 4792 hujus
3025 4720 3182 4786 vitis,
3205 4743 3231 4770 «
3258 4722 3441 4775 donec
3465 4719 3663 4775 bibam
3689 4719 3837 4775 illud

2180 4831 2391 4869 novum
2426 4813 2483 4867 in
2527 4828 2703 4885 regno
2754 4811 2939 4866 Patris
2989 4808 3123 4864 mei.
3159 4830 3187 4857 ››
3222 4809 3484 4881 Regnum
3518 4808 3711 4863 Patris
3744 4806 3839 4863 sui

2178 4902 2432 4975 appellat
2461 4901 2555 4955 hic
2587 4901 2761 4954 fidem
2793 4898 3177 4955 credentium.
3211 4897 3305 4952 Ait
3334 4913 3507 4970 ergo:
3533 4896 3660 4952 Non
3696 4896 3840 4952 reci-

2178 4992 2333 5063 piam
2365 4990 2437 5046 ab
2468 4989 2576 5043 hac
2608 4987 2751 5042 hera
2780 5004 2919 5042 mete
2951 4985 3241 5058 passionis
3271 4984 3536 5041 carnales
3558 4985 3835 5041 victimas

2178 5097 2243 5135 ac
2266 5077 2660 5143 cazremonias,
2677 5068 2858 5130 donec
2875 5075 3076 5129 vinum
3094 5074 3501 5131 dulcissimum
3523 5074 3751 5139 bibam,
3772 5072 3831 5128 id

2174 5173 2263 5225 est
2280 5169 2451 5223 fidem
2472 5165 2704 5221 illorum
2723 5164 3023 5220 vobiscum
3044 5164 3102 5219 in
3126 5181 3303 5236 regno
3324 5163 3511 5219 Patris
3534 5162 3829 5219 mei.Nam

2177 5260 2308 5330 post
2339 5253 2820 5312 resurrectionem
2850 5250 2993 5307 illud
3045 5254 3246 5308 vinum
3297 5252 3463 5308 bibit.
3497 5251 3622 5305 Bibi
3664 5251 3829 5306 enim

2174 5344 2584 5401 dulcissimum
2607 5343 2807 5397 vinum
2826 5342 2896 5396 de
2915 5342 3210 5413 genimine
3230 5341 3401 5397 istius
3421 5340 3576 5408 vitis,
3610 5356 3627 5393 1
3648 5357 3681 5394 a
3708 5339 3828 5394 illis

2171 5434 2439 5491 videlicet
2477 5432 2577 5504 qui
2617 5435 2747 5503 post
2777 5424 3260 5486 resurrectionem
3282 5429 3655 5486 crediderunt
3677 5446 3828 5501 prte-

2172 5522 2506 5578 dicantibus
2538 5519 2835 5591 apostolis,
2870 5520 3023 5574 sicut
3051 5518 3109 5574 in
3144 5517 3386 5575 Actibus
3418 5516 3825 5591 apostolorum

2170 5611 2441 5687 legimus,
2461 5608 2809 5683 praedicante
2835 5608 3025 5685 Petro,
3046 5624 3167 5668 una
3195 5607 3288 5666 die
3318 5606 3637 5667 credidisse
3650 5606 3829 5685 quin-
