3872 6170
132 380 225 436 3ὃό

1314 377 1669 439 liUMlLlAZ
1716 378 1811 438 DE
1857 378 2256 440 'l‘EMPOltlﬁ.

3388 395 3506 455 366

130 526 220 583 que
247 508 443 576 millia,
476 507 592 565 alia
621 510 713 563 die
757 509 865 564 tria
910 510 1113 574 millia,
1147 516 1203 565 et
1234 510 1509 583 deinceps
1560 509 1747 564 multa
1772 513 1828 576 Α
1858 514 1924 566 ut
1954 515 2213 584 tempore
2244 512 2522 569 orationis
2544 520 2755 570 nostrze
2778 516 3189 585 humilitatem,-
3214 526 3271 573 et
3301 528 3510 580 contri-

130 597 320 655 millia:
354 598 413 652 in
447 597 564 653 illis
587 598 734 654 bibit
754 597 954 654 vinum
982 598 1392 654 dulcissimum
1417 602 1549 670 post
1577 615 1745 654 suam

127 686 595 743 resurrectionem.

177 801 201 826 ‹‹
230 778 315 839 Et,
347 775 564 848 hymno
593 776 769 839 dicto,
793 776 1054 831 exierunt
1079 776 1138 831 in
1162 781 1420 832 montem
1453 776 1675 832 Oliveti.
1714 798 1742 826 »

121 867 213 923 Hoc
241 869 344 932 est,
378 865 535 936 quod
566 863 879 938 Psalmista
905 866 1014 921 ait:
1069 889 1096 915 «
1123 867 1304 922 Edent
1351 882 1655 938 pauperes,
1690 870 1747 921 et

120 955 540 1010 saturabuntur:
561 936 617 1008 et
632 953 959 1009 laudabunt
979 954 1315 1019 Dominum,
1335 936 1434 1026 qui
1448 936 1747 1025 requirent

120 1060 227 1100 eum
273 1044 443 1111 (Psal.
476 1048 594 1110 xx).
626 1065 651 1090 υ
708 1042 853 1098 Hinc
883 1043 1096 1099 etenim
1140 1043 1502 1098 consuetudo
1550 1046 1747 1097 exorta

119 1138 206 1203 est,
233 1138 293 1188 ut
322 1132 559 1203 quando
582 1130 802 1187 caelesti
837 1148 985 1203 pane
1018 1132 1335 1203 pascimur,
1364 1132 1483 1187 sive
1516 1137 1745 1186 terreno

118 1223 219 1277 cibo
264 1221 582 1285 reﬁcimur,
615 1220 901 1293 hymnum
951 1222 1061 1277 Deo
1093 1221 1379 1275 dicamus.
1412 1218 1513 1273 Vel
1565 1218 1743 1273 etiam

119 1312 372 1383 hymnum
404 1326 722 1381 possumus
745 1308 1066 1380 intelligere
1098 1307 1258 1363 illam
1290 1307 1611 1363 orationem
1643 1323 1746 1377 per

119 1416 267 1472 quam
289 1398 443 1453 Patri
465 1396 787 1470 discipulos
813 1396 1265 1460 commendavit,
1292 1413 1469 1469 quam
1490 1395 1743 1451 Joannes

119 1490 170 1543 ad
197 1487 429 1559 plenum
465 1492 773 1542 exsecutus
795 1491 901 1550 est,
929 1502 1053 1557 qua:
1086 1486 1166 1540 ita
1196 1485 1540 1540 inchoatur:
1575 1507 1603 1534 «
1639 1484 1743 1539 Pa-

118 1585 198 1641 ter,
229 1576 381 1632 venit
400 1576 564 1638 hora,
589 1574 842 1630 clarilica
864 1573 1074 1629 Filium
1092 1579 1284 1644 tuum,
1313 1578 1376 1628 ut
1399 1573 1578 1628 Filius
1607 1578 1744 1628 tuus

116 1665 363 1725 clarificet
389 1670 448 1719 te
478 1667 657 1733 (Jama.
693 1664 857 1721 xvu):
893 1685 919 1712 »
953 1661 1013 1716 in
1060 1679 1176 1734 qua
1226 1679 1341 1717 non
1397 1660 1588 1717 solum
1640 1677 1742 1732 pro

114 1744 363 1827 apostolis
393 1753 596 1817 oravit,
622 1752 721 1809 sed
745 1750 919 1806 etiam
952 1767 1055 1823 pro
1095 1750 1371 1805 omnibus
1421 1748 1521 1820 qui
1554 1749 1744 1804 credi-

110 1844 197 1898 turi
232 1846 399 1898 erant
431 1858 533 1915 per
561 1840 800 1896 verbum
834 1840 1068 1894 illorum
1097 1839 1156 1893 in
1188 1838 1404 1909 ipsum.
1441 1838 1602 1903 Quod
1637 1854 1741 1892 au-

112 1940 198 1986 tem
231 1924 516 1986 Dominus
544 1936 675 2001 post
704 1945 926 1983 orenam
954 1928 1013 1981 in
1040 1931 1301 1983 montem
1333 1926 1537 1981 Oliveti
1578 1926 1734 1993 exiit,

112 2026 283 2092 aperte
313 2020 473 2075 dedit
503 2018 670 2074 nobis
698 2016 1051 2088 exemplum,
1085 2022 1169 2081 ut,
1199 2019 1511 2086 postquam
1542 2013 1738 2068 divino

110 2108 295 2180 pabulo
328 2107 649 2181 pascimur,
702 2106 775 2162 ad
808 2103 1040 2161 culmen
1071 2105 1355 2158 virtutum
1387 2102 1737 2174 quantocius

106 2214 481 2270 properemus.

160 2310 181 2335 ι‹
211 2287 377 2342 Tunc
409 2282 1124 2340 dixitillisJesuszOmnes
1145 2297 1246 2336 vos
1268 2278 1612 2335 scandalum
1640 2296 1738 2350 pa,-

102 2400 122 2423 «ε
150 2375 365 2430 tiemini
385 2374 446 2429 in
470 2391 563 2429 me
578 2374 635 2428 in
652 2373 766 2427 ista
783 2377 970 2428 nocte.
992 2395 1018 2420 ››
1043 2378 1330 2444 Σχάνὸαλον
1347 2368 1501 2424 enim
1520 2369 1733 2436 Graece,

108 2464 290 2519 Latine
320 2463 537 2519 dicitur
565 2462 826 2528 oll'ensio,
859 2462 979 2516 sive
1009 2459 1283 2532 impactio
1315 2459 1549 2530 pedum.
1588 2458 1736 2512 Prae-

104 2552 679 2609 dicitenimDominus
694 2552 845 2623 quod
862 2550 1204 2605 scandalum
1221 2547 1451 2621 passuri
1470 2546 1733 2602 essentia

105 2626 233 2709 eum,
271 2646 336 2697 ut
389 2640 655 2698 veniente
703 2639 847 2695 hora
904 2638 1165 2694 scandali
1197 2654 1311 2691 non
1357 2637 1736 2707 desperarent

106 2737 311 2804 propter
337 2728 706 2796 scandalum,
727 2729 827 2784 sed
854 2728 1050 2800 potius
1076 2727 1145 2781 ad
1174 2724 1573 2798 pcenitentiam
1602 2740 1739 2778 con-

104 2824 463 2876 verterentur.
496 2819 567 2873 Et
596 2816 838 2891 pulchre
886 2816 986 2883 ait,
1015 2840 1040 2865 «
1072 2817 1131 2870 in
1164 2815 1277 2870 ista
1309 2820 1494 2881 nocte,
1528 2836 1555 2863 ››
1590 2830 1733 2884 quo-

105 2908 235 2963 niam
278 2908 439 2964 sicut
485 2908 585 2980 qui
619 2906 1009 2976 inebriantur,
1064 2909 1232 2960 nocte
1258 2904 1621 2969 inebrantur,
1654 2902 1736 2956 ita

103 2999 181 3068 qui
206 2997 552 3053 scandalum
577 2995 900 3067 patiuntur,
930 2993 987 3047 in
1010 2998 1197 3060 nocte,
1228 2992 1335 3046 hoc
1356 2996 1463 3059 est,
1496 2991 1554 3045 in
1578 2996 1732 3046 tene-

103 3074 199 3142 bris
228 3084 660 3142 incredulitatis
683 3086 741 3138 et
770 3083 1128 3156 ignorantiae,
1164 3081 1489 3153 patiuntur.
1523 3102 1550 3129 «
1587 3078 1735 3134 Scri-

102 3199 122 3222 ‹‹
138 3181 285 3247 ptum
300 3180 400 3232 est
411 3173 590 3230 enim:
606 3173 931 3227 Percutiam
947 3175 1235 3242 pastorem
1255 3169 1734 3239 etdispergentur

1854 598 2074 657 tionem
2120 601 2313 656 cordis
2363 618 2471 658 nos
2525 603 2736 661 habere
2777 606 3000 662 doceat.
3036 607 3102 662 Et
3130 608 3239 664 hoc
3275 611 3334 665 iu
3367 613 3512 670 valle

1855 687 2165 759 pinguium
2189 689 2309 744 sive
2321 689 2769 763 pinguedinum,
2784 698 2849 749 ut
2866 694 3089 751 scilicet
3107 697 3293 753 oratio
3311 704 3514 759 nostra

1856 776 2091 832 condita
2107 777 2183 832 sit
2196 776 2547 851 pinguedine
2560 780 2885 838 charitatis.
2908 784 3011 840 Vel
3034 784 3219 855 aliter,
3235 785 3293 843 in
3316 793 3514 846 monte

1855 867 2268 938 unusquisque
2300 872 2447 933 orat,
2498 870 2596 941 qui
2630 870 2882 929 ccelestis
2911 876 3109 945 patria
3141 878 3383 947 praemia
3411 895 3514 949 po-

1855 954 1983 1009 scit.
2014 955 2077 1009 In
2106 955 2255 1011 valle
2289 961 2485 1012 autem
2517 957 2903 1017 nihilominus
2944 967 3091 1029 orat,
3125 964 3225 1036 qui
3257 966 3515 1023 carnalia

1855 1059 1889 1097 a
1909 1047 2019 1097 Deo
2046 1044 2209 1115 petit,
2237 1049 2485 1101 mortem
2512 1046 2779 1104 videlicet
2802 1048 3199 1116 inimicorum,
3228 1052 3511 1111 ultionem

1856 1130 2134 1199 hostium,
2159 1133 2581 1190 abundantiam
2611 1137 3024 1208 temporalium
3058 1140 3425 1198 facultatum.

1924 1243 1951 1269 ‹‹
1988 1221 2054 1275 Et
2074 1229 2377 1294 assumpto
2396 1224 2583 1288 Petro,
2606 1230 2665 1280 et
2686 1226 2916 1283 duobus
2938 1227 3074 1281 ﬁliis
3098 1229 3376 1298 Zebedaei,
3402 1249 3513 1287 crn-

1852 1331 1880 1357 ‹‹
1916 1309 2001 1380 pit
2026 1310 2358 1366 contristari
2398 1316 2455 1366 et
2485 1318 2735 1369 moestus
2758 1330 2904 1371 esse.
2939 1337 2968 1366 »
3019 1316 3507 1388 Contristabatur,

1852 1414 1969 1452 non
1997 1398 2203 1454 timore
2224 1399 2422 1455 vicina:
2445 1401 2757 1472 passionis,
2785 1408 3019 1476 propter
3035 1421 3211 1476 quam
3233 1408 3509 1464 sufferen-

1852 1486 1987 1542 dam
2018 1494 2274 1555 venerat,
2299 1490 2396 1545 sed
2428 1495 2662 1561 propter
2680 1492 3066 1561 perditionem
3087 1495 3268 1562 Judaa,
3290 1499 3348 1551 et
3372 1514 3505 1569 pro-

1852 1580 1980 1646 pter
2009 1576 2435 1647 dispersionem
2468 1576 2666 1648 populi
2691 1578 3051 1650 Judaeorum,
3074 1587 3130 1637 et
3160 1584 3505 1640 scandalum

1852 1663 2301 1735 discipulorum,
2328 1671 2385 1719 et
2410 1667 2768 1723 eversionem
2789 1668 3011 1725 miserae
3037 1670 3384 1741 Jerusalem,
3415 1673 3507 1731 his

1852 1751 2047 1807 causis
2077 1754 2462 1808 contristatur
2495 1754 2797 1812 Dominus.

1924 1862 1950 1888 ‹‹
1981 1840 2144 1894 Tunc
2170 1840 2252 1895 ait
2280 1840 2433 1896 illis:
2472 1843 2682 1899 Tristis
2706 1850 2795 1900 est
2827 1846 3025 1902 anima
3063 1864 3194 1904 mea
3214 1866 3400 1922 usque
3431 1852 3505 1907 ad

1850 1950 1876 1975 ‹‹
1913 1933 2182 1983 mortem.
2219 1952 2245 1977 ››
2277 1930 2487 1986 Errant
2518 1931 2614 2003 qui
2648 1938 2858 2004 putant
2909 1934 3218 1991 Dominum
3261 1954 3375 1993 non
3407 1955 3506 1993 ve-

1848 2032 1974 2070 ram
1992 2016 2249 2072 animam
2275 2019 2488 2075 habere
2509 2037 2521 2074 :
2543 2020 2589 2076 si
2610 2021 2768 2076 enim
2796 2039 2910 2099 non
2937 2023 3142 2079 habuit
3162 2041 3358 2082 veram
3386 2028 3507 2083 ani-

1848 2120 2027 2171 mam,
2059 2122 2240 2177 quare
2271 2107 2448 2164 dicit:
2492 2132 2519 2157 ‹‹
2556 2109 2765 2166 Tristis
2795 2116 2883 2167 est
2914 2114 3113 2168 anima
3141 2131 3273 2169 mea
3317 2133 3507 2188 usque

1846 2193 1916 2248 ad
1952 2198 2199 2249 mortem
2227 2194 2255 2250 ?
2288 2217 2314 2243 »
2347 2197 2414 2251 Et
2434 2197 2758 2253 notandum
2785 2202 2891 2264 est,
2922 2200 3059 2271 quia
3079 2218 3194 2257 non
3215 2202 3356 2258 dicit
3376 2221 3505 2277 pro-

1846 2286 1973 2352 pter
2002 2287 2274 2348 mortem,
2297 2285 2396 2349 sed
2426 2302 2615 2357 usque
2648 2287 2719 2341 ad
2748 2293 3017 2355 mortem,
3046 2288 3155 2345 hoc
3179 2295 3287 2359 est,
3317 2293 3501 2349 donec

1845 2369 2139 2441 apostolos
2183 2388 2346 2429 meos
2376 2377 2432 2429 et
2480 2390 2684 2430 omnes
2714 2377 3017 2433 credentes
3047 2378 3330 2437 effusione
3361 2399 3501 2439 san-

1845 2458 2041 2529 guinis
2074 2460 2186 2514 mei
2212 2461 2516 2518 redimam.
2543 2486 2568 2511 ‹‹
2599 2464 2891 2521 Sustinete
2913 2466 3028 2533 hic,
3054 2471 3112 2522 et
3126 2468 3361 2542 vigilate
3378 2487 3500 2526 me-

1846 2570 1872 2595 ‹‹
1898 2564 2052 2602 cum.
2078 2571 2105 2596 υ
2122 2549 2249 2604 Non
2269 2550 2541 2606 admonet
2558 2568 2693 2624 ergo
2716 2553 3001 2610 Dominus
3022 2556 3282 2629 vigiliam
3302 2574 3502 2632 corpo-

1844 2634 1945 2703 ris,
1980 2654 2107 2708 quae
2141 2641 2279 2693 tunc
2308 2639 2589 2710 temporis
2621 2658 2736 2696 non
2771 2647 2914 2706 erat,
2966 2644 3066 2698 sed
3099 2646 3294 2716 potius
3323 2648 3498 2720 spiri-

1843 2723 2059 2779 tualem
2092 2724 2349 2797 vigiliam
2383 2728 2617 2795 mentis,
2669 2746 2740 2784 ne
2769 2730 3037 2786 videlicet
3064 2748 3232 2788 mens
3263 2740 3497 2806 aposto-

1842 2811 2032 2868 lorum
2064 2813 2181 2869 sive
2208 2812 2468 2870 ﬁdelium
2502 2832 2709 2888 sopore
2740 2816 3102 2875 inﬁdelitatis
3132 2825 3402 2895 torperet.

1916 2924 1944 2951 «
1972 2902 2042 2957 Et
2095 2920 2442 2975 progressus
2496 2903 2803 2976 pusillum,
2862 2906 3113 2976 procidit
3169 2898 3249 2963 in-
3286 2909 3494 2967 faciem

1844 3013 1871 3039 ι(
1902 3006 2090 3045 suam.
2111 3012 2139 3041 »
2155 2991 2406 3047 Procidit
2419 2992 2612 3047 autem
2632 2993 2917 3050 Dominus
2934 2994 2991 3049 in
3007 2995 3211 3052 faciem
3226 3014 3416 3064 suam,
3432 3004 3497 3054 ut

1842 3078 2176 3134 humilitate
2206 3079 2464 3151 corporis
2482 3080 2873 3138 humilitatem
2896 3084 3111 3141 mentis
3132 3086 3495 3142 demonstra-

1844 3172 1950 3222 ret.
1988 3190 2015 3216 «
2043 3166 2121 3222 Mi
2147 3169 2332 3233 Pater,
2364 3190 2391 3217 ››
2424 3168 2783 3225 Blandientis
2813 3172 3019 3227 affectu
3048 3171 3327 3245 loquitur.
3373 3198 3399 3225 ‹‹
3432 3176 3494 3232 Si

102 3240 257 3321 «oves
279 3263 504 3339 gregis.
532 3286 560 3311 ››
592 3262 709 3317 Hoc
737 3260 796 3315 in
827 3240 1105 3315 Zacharia
1130 3258 1412 3330 propheta
1442 3256 1724 3327 scriptum
1760 3240 1802 3306 (ἶ
1843 3278 1870 3305 ‹‹
1906 3254 2181 3327 possibile
2212 3259 2320 3324 est,
2354 3259 2615 3313 transeat
2639 3275 2673 3313 a
2702 3274 2794 3315 me
2816 3258 2966 3314 calix
2986 3240 3170 3316 istoin
3195 3262 3333 3318 Orat
3359 3268 3421 3318 ut
3442 3265 3493 3319 si

99 3357 184 3417 est,
214 3353 347 3409 aliis
372 3351 611 3423 quidem
642 3348 851 3414 verbis,
884 3352 942 3402 et
971 3362 1039 3402 ex
1070 3345 1309 3401 alterius
1341 3360 1608 3416 persona.
1646 3344 1731 3398 lbi

101 3443 229 3497 enim
248 3441 556 3514 prophetae
574 3453 821 3511 persona
842 3436 1102 3508 loquitur
1126 3436 1193 3489 ad
1212 3433 1524 3490 Dominum
1548 3434 1728 3505 (Zach.

98 3546 199 3600 xu):
226 3554 251 3580 «
276 3532 529 3586 Percute
560 3531 872 3599 pastorem,
899 3548 928 3573 »
958 3525 1015 3580 id
1048 3528 1137 3580 est
1160 3523 1477 3591 Christum,
1512 3522 1611 3594 qui
1643 3522 1732 3575 di-

100 3619 185 3672 cit:
210 3640 235 3667 ‹‹
264 3620 391 3692 Ego
425 3633 559 3673 sum
586 3618 784 3688 pastor
805 3615 993 3669 bonus
1022 3614 1199 3682 (Joan.
1231 3612 1309 3683 x),
1347 3635 1367 3659 ο
1398 3643 1466 3651 —-
1499 3634 1526 3659 ‹‹
1559 3614 1614 3666 et
1644 3609 1729 3664 di-

96 3714 426 3780 spergentur
445 3722 582 3761 oves
607 3702 821 3777 gregis,
842 3726 863 3751 »
898 3701 955 3756 id
986 3706 1074 3758 est
1103 3700 1371 3773 apostoli,
1396 3700 1516 3773 qui,
1535 3698 1731 3755 relicto

98 3811 165 3857 eo,
193 3813 400 3854 omnes
436 3795 731 3868 fugerunt.

156 3909 173 3932 ι
206 3887 529 3958 Postquam
563 3885 761 3938 autem
807 3896 1193 3943 resurrexero,
1254 3878 1574 3950 praecedam
1630 3894 1732 3933 vos

102 3994 122 4019 ιι
148 3973 197 4028 in
223 3975 597 4031 Galilaeam.»
633 3968 944 4042 Impletum
977 3976 1063 4024 est
1089 3968 1218 4033 hoc,
1253 3967 1487 4040 quando
1517 3967 1734 4022 duode-

99 4060 188 4116 cim
213 4062 464 4136 apostoli
517 4065 651 4134 post
680 4057 1163 4114 resurrectionem
1197 4057 1465 4112 abierunt
1490 4055 1549 4109 in
1577 4054 1731 4110 Gali-

103 4147 257 4217 leam,
288 4152 348 4206 in
378 4154 647 4206 montem
671 4148 769 4203 ubi
791 4146 1171 4202 constituerat
1190 4143 1307 4201 illis
1336 4145 1526 4200 Jesus.
1558 4144 1627 4198 Et
1650 4144 1731 4200 vi-

100 4235 273 4295 dentes
301 4256 445 4295 eum
483 4238 889 4293 adoravesunt.

156 4352 180 4374 κ
210 4327 596 4400 Hespondens
628 4328 822 4381 autem
850 4325 1074 4391 Petrus,
1108 4323 1189 4378 ait
1213 4321 1327 4376 illi:
1352 4322 1420 4376 Et
1450 4320 1498 4376 si
1529 4338 1733 4377 omnes

104 4436 123 4461 α
149 4415 521 4473 scandalizati
548 4414 762 4470 fuerint
790 4413 848 4467 in
885 4417 961 4479 te,
993 4428 1098 4484 ego
1123 4427 1425 4482 nunquam
1450 4409 1735 4465 scandali-

104 4524 122 4545 σι
151 4505 327 4561 zabor.
357 4530 379 4557 ι
420 4505 551 4561 Non
582 4500 927 4558 temeritatis
953 4499 1190 4572 quidem
1218 4498 1341 4554 haec
1370 4502 1509 4553 sunt
1536 4498 1731 4566 verba,

102 4591 180 4645 sed
201 4595 392 4665 potius
417 4590 650 4648 ardoris
675 4588 890 4662 magni,
915 4606 1090 4661 quem
1114 4588 1173 4643 in
1194 4587 1507 4643 Dominum
1530 4588 1734 4642 Petrus

100 4676 340 4739 habebat.
366 4682 593 4739 Eodem
620 4683 817 4735 autem
840 4679 1062 4744 ardore,
1086 4693 1203 4749 quo
1225 4680 1283 4731 et
1307 4681 1512 4731 cetera
1530 4678 1736 4748 loque-

102 4765 265 4841 batur,
296 4778 354 4828 et
383 4771 662 4836 faciebat,
712 4768 887 4824 etiam
920 4767 1040 4822 hae
1084 4765 1449 4836 loquebatur.
1486 4766 1595 4820 Sed
1628 4765 1737 4819 Pe-

100 4861 223 4929 trus,
253 4861 353 4933 qui
376 4859 659 4915 infirmus
680 4861 820 4924 erat,
841 4857 911 4912 de
934 4856 1273 4910 infirmitate
1295 4870 1403 4909 sua
1420 4870 1733 4925 praesume-

101 4942 199 5009 bat,
220 4949 510 5005 Dominus
536 4951 754 5012 autem,
782 4945 1047 5002 omnium
1074 4942 1364 5011 conscius,
1390 4943 1546 5015 quod
1579 4944 1735 4997 futu-

99 5049 207 5091 rum
236 5041 360 5093 erat
391 5036 768 5112 praedicebat.

96 5156 111 5173 .
156 5145 179 5169 ιι
209 5125 373 5182 Tunc
401 5126 565 5182 venit
592 5125 767 5182 Jesus
797 5140 931 5179 cum
964 5122 1078 5179 illis
1110 5123 1169 5177 in
1200 5121 1399 5177 villam
1433 5139 1561 5193 quae
1592 5120 1737 5175 dici-

104 5232 126 5257 u
153 5216 238 5267 tur
264 5214 672 5271 Gethsemani.
698 5236 727 5265 n
759 5212 1131 5269 Getbsemani
1156 5210 1323 5266 vallis
1350 5214 1440 5267 est
1453 5212 1623 5281 juxta
1645 5210 1736 5266 Je-

101 5301 353 5370 rusalem,
390 5305 453 5359 in
486 5320 605 5376 qua
634 5307 998 5358 monstratur
1017 5317 1203 5372 usque
1234 5300 1407 5355 hodie
1437 5298 1599 5354 locus
1633 5299 1735 5354 ubi

99 5383 362 5447 Dominus
419 5393 626 5459 oravit,
661 5408 790 5447 cum
843 5390 1085 5446 ecclesia
1115 5392 1608 5462 superexstructa.
1643 5388 1734 5442 ln-

101 5479 436 5548 terpretatur
468 5486 661 5537 autem
691 5479 1065 5536 Gethsemani
1100 5480 1261 5534 vallis
1289 5479 1614 5550 pinguium,
1648 5475 1735 5531 vel

94 5568 630 5636 pingwdinum.Non
659 5574 857 5626 autem
884 5569 1100 5624 frustra
1122 5568 1181 5623 in
1199 5573 1395 5622 monte
1421 5564 1735 5637 aliquando

101 5658 302 5729 orabat,
337 5664 399 5718 et
432 5658 745 5738 aliquando
764 5660 826 5725 in
846 5658 1013 5720 valle.
1042 5659 1105 5717 1n
1130 5663 1324 5717 monte
1345 5656 1562 5716 etenim
1588 5659 1735 5732 orat,

1842 3344 1964 3399 ﬁeri
1997 3344 2198 3416 possit,
2226 3350 2516 3416 quatenus
2541 3362 2727 3418 genus
2748 3347 3074 3403 humanum
3093 3349 3349 3406 salvetur
3368 3351 3495 3409 sine

1840 3432 2111 3503 passione
2143 3451 2272 3501 sua,
2302 3438 2561 3490 transeat
2590 3436 2662 3491 ab
2686 3452 2751 3492 eo
2773 3436 2919 3491 calix
2942 3438 3256 3509 passionis,
3283 3457 3398 3495 non
3427 3441 3495 3496 ti-

1842 3536 2009 3575 mens
2022 3523 2286 3578 eamdem
2300 3524 2635 3596 passionem
2655 3526 2918 3592 sufferre,
2934 3527 3034 3582 sed
3049 3526 3494 3587 dolensJudaeos

1842 3611 2070 3665 tantum
2095 3611 2287 3668 scelus
2312 3613 2619 3668 admittere
2641 3614 2698 3669 in
2721 3615 2994 3687 passione
3015 3634 3143 3673 sua.
3174 3617 3275 3673 Vel
3308 3623 3498 3691 potest

1842 3697 2010 3753 aliter
2029 3699 2309 3772 intelligi:
2339 3724 2367 3751 ‹‹
2393 3700 2453 3758 Si
2481 3703 2758 3774 possibile
2789 3708 2898 3773 est,
2930 3710 3192 3761 transeat
3223 3724 3258 3762 a
3279 3723 3371 3763 me
3401 3724 3497 3764 ca-

1840 3784 1920 3842 lix
1946 3787 2072 3853 iste,
2107 3812 2134 3839 ››
2170 3789 2226 3844 id
2262 3794 2371 3858 est,
2408 3790 2455 3845 si
2488 3791 2766 3862 possibile
2795 3796 2883 3848 est
2904 3798 2969 3849 ut
2999 3794 3199 3852 Ninive
3220 3795 3494 3867 salvetur,

1842 3875 1955 3932 nisi
1982 3877 2284 3933 cucurbita
2309 3880 2545 3948 aruerit,
2570 3879 2678 3935 hoc
2696 3885 2803 3951 est,
2837 3882 2887 3937 si
2918 3882 3041 3938 fieri
3071 3888 3259 3955 potest
3279 3889 3345 3940 ut
3365 3902 3502 3959 gen-

1842 3964 2025 4020 tilitas
2048 3982 2150 4037 per
2173 3966 2509 4024 universum
2530 3969 2817 4024 mundum
2836 3969 3116 4027 liberetur
3134 3971 3260 4029 sine
3276 3973 3503 4031 ,Ιυὰωο-

1843 4069 1973 4107 rum
2006 4053 2329 4124 perditione
2358 4060 2416 4110 et
2448 4055 2706 4124 interitu,
2736 4061 2996 4114 transeat
3024 4076 3059 4114 a
3088 4076 3179 4116 me
3201 4061 3350 4115 calix
3370 4079 3501 4134 pas-

1843 4142 2046 4198 sionis.
2071 4143 2181 4197 Sed
2202 4143 2341 4214 quia
2363 4160 2429 4198 ex
2451 4144 2791 4201 infirmitate
2809 4147 3002 4201 carnis
3025 4148 3179 4202 Patri
3197 4148 3316 4205 haec
3338 4151 3499 4205 dixe-

1844 4233 1951 4297 rat,
1982 4230 2130 4285 redit
2148 4231 2220 4286 ad
2252 4231 2635 4303 semetipsum
2661 4249 2673 4286 :
2709 4238 2766 4288 et
2796 4234 2950 4303 quod
2973 4235 3497 4305 perinfirmitatem

1843 4318 2247 4391 abnegaverat,
2288 4336 2356 4374 ex
2404 4319 2735 4375 Divinitatis
2768 4338 3017 4393 persona
3047 4324 3376 4391 confirmat,
3410 4323 3498 4379 di-

1844 4424 2019 4463 cens:
2054 4431 2081 4458 ‹‹
2114 4408 2525 4464 Verumtamen
2567 4425 2681 4464 non
2713 4410 2873 4465 sicut
2897 4426 3002 4484 ego
3031 4411 3181 4478 volo,
3212 4412 3314 4468 sed
3347 4412 3501 4469 sicut

1846 4521 1872 4548 ‹‹
1908 4502 1994 4563 tu,
2020 4519 2048 4545 »
2078 4496 2136 4551 id
2168 4501 2256 4552 est
2283 4500 2345 4552 ut
2374 4513 2489 4552 non
2512 4496 2621 4552 hoc
2640 4498 2765 4565 ﬁat,
2790 4498 2945 4571 quod
2973 4515 3079 4572 ego
3100 4517 3169 4555 ex
3190 4504 3353 4573 parte
3383 4501 3499 4557 hu—

1846 4584 2147 4641 manitatis
2176 4585 2401 4657 loquor,
2450 4585 2551 4641 sed
2581 4589 2820 4659 propter
2862 4587 3018 4659 quod
3050 4588 3121 4643 ad
3150 4591 3366 4645 terram
3397 4593 3501 4645 tua

1842 4674 2140 4731 voluntate
2170 4672 2463 4730 descendi.

1916 4765 1986 4819 Et
2016 4763 2169 4819 venit
2198 4763 2270 4818 ad
2288 4761 2610 4835 discipulos
2638 4768 2694 4820 et
2717 4763 2938 4821 invenit
2955 4781 3052 4821 eos
3072 4764 3496 4821 dormientes.»

1844 4852 1990 4916 Quia
2013 4852 2281 4908 videlicet
2318 4852 2539 4925 gravati
2569 4859 2736 4909 erant
2754 4858 2874 4909 tam
2897 4854 3154 4922 tristitia,
3188 4871 3367 4926 quam
3392 4859 3503 4910 Do-

1846 4942 1991 4997 mini
2025 4941 2316 5014 passione.
2355 4963 2382 4992 ‹‹
2414 4942 2483 4997 Et
2514 4942 2657 4998 dicit
2682 4943 2848 4998 Petro
2875 4959 2888 4998 :
2941 4942 3037 4997 Sic
3068 4960 3180 4998 non
3228 4943 3505 5015 potuistis

1846 5055 1873 5082 «
1911 5048 2029 5086 una
2060 5031 2205 5086 hora
2233 5029 2474 5103 vigilare
2505 5046 2734 5086 mecum
2754 5030 2783 5085 ‘2
2812 5053 2840 5080 »
2871 5033 2951 5085 Ac
2976 5030 3025 5085 si
3056 5028 3274 5087 diceret
3301 5048 3315 5087 :
3345 5034 3505 5099 Quo-

1849 5120 2021 5176 modo
2042 5137 2145 5192 pro
2173 5136 2265 5176 me
2296 5119 2443 5174 mori
2476 5118 2760 5191 poteritis,
2797 5119 2897 5191 qui
2930 5137 3034 5193 pro
3069 5135 3163 5176 me
3210 5138 3329 5177 una
3360 5121 3507 5180 hora

1842 5209 2086 5282 vigilare
2112 5225 2228 5264 non
2256 5207 2573 5281 potuistis?

1916 5323 1944 5350 ‹‹
1972 5297 2222 5371 Vigilate
2264 5303 2320 5353 et
2370 5303 2549 5363 orate,
2584 5301 2647 5353 ut
2678 5314 2793 5353 non
2854 5297 3087 5354 intretis
3116 5298 3179 5355 in
3231 5301 3507 5359 tentatio-

1844 5412 1870 5438 «
1896 5406 2049 5444 nem.
2073 5386 3183 5459 nImpossibileesthominem,quandiu
3196 5388 3256 5443 in
3269 5389 3379 5446 hac
3391 5389 3508 5445 vita

1845 5477 2040 5542 fuerit,
2055 5493 2169 5531 non
2182 5474 2415 5531 tentari:
2434 5476 2588 5531 unde
2603 5491 2809 5531 omnes
2821 5480 2938 5532 tam
2946 5477 3099 5548 justi
3113 5493 3291 5549 quam
3306 5493 3506 5549 pecca-

1844 5571 2021 5633 tores,
2045 5565 2308 5639 quotidie
2322 5564 2381 5619 in
2394 5565 2653 5621 oratione
2669 5564 2890 5622 dicunt:
2908 5588 2934 5616 «
2961 5566 3043 5623 Ne
3060 5583 3168 5621 nos
3184 5565 3428 5622 inducas
3446 5566 3505 5621 in

1844 5655 2226 5716 teutationem
2245 5653 2451 5732 (Matth.
2465 5658 2564 5722 VI).
2584 5675 2611 5705 »
2635 5654 2762 5720 Non
2779 5671 2916 5734 ergo
2937 5653 3197 5733 pracipit
3220 5652 3506 5718 Dominus
