3872 6170
330 377 449 437 367
893 375 1300 437 HAYMONIS
1345 374 1883 434 HALBERS’I‘AT.
1931 374 2174 434 EPISC.
2223 375 2396 434 OPP.
2444 376 2641 435 PARS
2690 377 2765 435 ll.
2801 412 2874 419 —
2910 376 3170 436 llOMlL.
3569 381 3664 444 368

329 511 641 577 orandum,
675 511 742 565 ut
772 525 888 565 non
919 512 1237 576 tentemur,
1281 508 1381 563 sed
1415 523 1486 563 ne
1516 506 1576 561 in
1608 504 1987 561 tentationem
2018 508 2075 573 Α
2103 506 2465 563 vulttradere
2479 508 2949 579 persecutoribus
2962 507 3482 581 suis.Adimpletum
3502 514 3673 570 esthoc

326 601 682 658 inducamur
711 598 885 655 Aliud
910 602 999 655 est
1027 598 1186 654 enim
1224 596 1458 664 tentari,
1494 600 1551 651 et
1582 594 1740 651 aliud
1771 596 1831 651 in
1863 599 1988 652 ten-
2100 596 2224 652 loco
2255 598 2411 669 quod
2443 615 2546 670 per
2574 597 2949 655 Psalmistam
2972 597 3209 654 dicitur:
3229 622 3255 647 «
3279 598 3376 664 Qui
3399 601 3577 658 edebat
3600 622 3675 676 pa-

329 686 1142 745 tationeminduci.Tentatur
1159 684 1776 759 quilibet,quandovel
1792 685 1988 741 animo
2099 703 2232 743 nem
2264 704 2483 756 meum,
2518 687 2819 760 ampliavit
2848 689 3154 744 adversum
3202 705 3289 745 me
3316 688 3674 762 supplantatio-

328 777 416 835 vel
445 794 683 850 corpore
713 777 773 833 in
804 775 1183 833 delectatione
1214 775 1466 846 alicujus
1508 774 1629 830 vitii
1676 774 1985 831 titillatur:
2098 793 2233 831 nem
2259 778 2432 845 (Psal.
2464 776 2576 848 XL).
2612 800 2639 829 ››

330 867 630 924 inducitur
654 883 787 923 vero
819 866 879 921 in
923 865 1328 934 tentationem,
1379 864 1427 920 si
1462 881 1578 920 sua:
1618 864 1988 920 delectationi
2172 888 2200 914 ‹‹
2232 865 2449 933 Amice,
2475 866 2548 921 ad
2573 867 2729 938 quod
2752 866 3008 923 venisti?
3029 890 3055 915 ››
3081 867 3309 923 Duobus
3334 868 3505 924 modis
3523 868 3675 925 estin-

331 956 570 1031 coeperit
594 956 944 1013 consentire.
967 955 1141 1011 Verbi
1167 955 1377 1028 gratia,
1398 957 1660 1010 tentatus
1679 958 1767 1010 est
1792 957 1986 1009 autem
2100 952 2481 1026 telligendum
2500 954 3050 1029 etdistinguendum
3065 956 3282 1012 est.Sed
3297 956 3373 1011 ita
3385 956 3680 1031 distinguen-

332 1044 574 1119 quiuam
607 1049 847 1118 martyr,
882 1061 1016 1100 cum
1048 1048 1353 1117 cogeretur
1382 1043 1699 1099 Dominum
1752 1059 1985 1115 negare,
2103 1042 2242 1097 dum
2277 1047 2387 1110 est,
2412 1049 2476 1099 ut
2505 1043 2808 1101 dicamus:
2835 1069 2864 1093 «
2891 1044 3111 1115 Amice,
3141 1046 3211 1100 ad
3250 1046 3395 1117 quod
3423 1047 3677 1102 venisti?»

333 1136 438 1192 sed
467 1153 580 1191 non
603 1135 879 1191 inductus
899 1139 988 1191 est
1007 1134 1067 1189 in
1093 1134 1499 1190 tentationem.
1525 1134 1584 1189 Si
1608 1132 1765 1189 enim
1791 1148 1997 1205 negas-
2102 1135 2167 1185 ut
2196 1131 2612 1205 interrogantis
2644 1135 2815 1190 modo
2838 1133 3084 1207 legatur,
3102 1152 3209 1190 vox
3225 1134 3439 1190 Domini
3462 1140 3536 1191 est
3556 1137 3686 1193 mise-

335 1227 426 1282 set
452 1224 789 1293 Dominum,
815 1224 1018 1296 utique
1049 1224 1107 1279 in
1138 1223 1520 1280 tentationem
1552 1223 1944 1278 induceretur.
1965 1244 1991 1269 »
2104 1239 2235 1277 rum
2265 1220 2647 1295 increpantis,
2685 1228 2741 1279 et
2772 1224 3021 1279 dolentis
3051 1224 3206 1296 quod
3233 1241 3266 1278 a
3306 1241 3516 1280 summo
3542 1226 3683 1297 gradu

335 1314 455 1371 Hoc
484 1330 620 1387 ergo
642 1314 918 1387 prmeepit
942 1312 1251 1382 Dominus,
1282 1316 1349 1367 ut
1373 1316 1558 1377 orent,
1588 1328 1659 1366 ne
1684 1311 1902 1366 intrent
1933 1309 1991 1364 in
2104 1310 2463 1382 apostolatus
2489 1314 2559 1367 ad
2588 1314 2947 1385 apostasiam
2969 1313 3271 1369 devolutus
3295 1317 3492 1381 erat,ut
3517 1313 3580 1369 sit
3593 1331 3688 1371 sen-

333 1403 739 1470 tentationem,
764 1403 822 1457 id
856 1405 965 1470 est,
990 1419 1063 1458 ne
1085 1405 1243 1458 metu
1264 1404 1704 1474 persecutorum
1723 1400 1995 1455 recedant
2105 1406 2250 1457 sus?
2281 1424 2309 1450 ‹‹
2337 1403 2555 1469 Amice,
2586 1404 2655 1457 ad
2676 1404 2828 1473 quod
2848 1403 3095 1459 venisti?
3120 1427 3147 1451 ››
3167 1403 3222 1458 id
3245 1406 3347 1471 est,
3370 1404 3434 1457 ad
3457 1409 3685 1475 quantum

337 1510 377 1549 a'
400 1494 513 1549 ﬁde
535 1492 771 1561 Christi,
806 1496 873 1547 ut
906 1495 1192 1563 cogantur
1222 1490 1387 1546 illum
1422 1506 1654 1562 negare.
1691 1489 1994 1562 «Spiritus
2106 1490 2328 1546 malum
2348 1492 2607 1562 dejectus
2633 1510 2715 1559 es,
2742 1498 2807 1547 ut
2827 1494 2897 1548 de
2919 1492 3184 1564 apostolo
3202 1494 3363 1547 lieres
3387 1496 3628 1565 apostata,
3648 1498 3688 1548 et

337 1606 365 1634 «
401 1583 638 1654 quidem
670 1585 981 1655 promptus
1022 1584 1134 1649 est,
1169 1602 1196 1628 ››
1228 1581 1301 1635 ad
1335 1579 1667 1651 passionem
1714 1578 1994 1632 suiferen-
2106 1580 2175 1634 de
2201 1580 2436 1635 doctore
2452 1580 2731 1649 veritatis,
2768 1583 2935 1637 lieres
2960 1581 3242 1654 magister
3260 1581 3498 1637 erroris?
3523 1582 3570 1636 Si
3590 1599 3689 1638 vero

337 1672 495 1741 dam,
525 1694 554 1722 ‹‹
578 1687 711 1727 caro
762 1674 957 1725 autem
992 1669 1246 1724 inﬁrma.
1274 1691 1301 1717 »
1334 1667 1583 1741 Exponit
1614 1683 1792 1740 quare
1821 1682 1998 1738 supe—
2105 1667 2339 1739 plenam
2384 1669 2819 1725 distinctionem
2865 1671 2944 1725 ibi
2994 1670 3323 1739 fecerimus,
3356 1675 3417 1724 ut
3442 1670 3689 1724 dicamus:

338 1761 462 1817 rius
495 1759 721 1828 dixerit,
758 1782 785 1809 «
818 1757 1006 1814 tristis
1035 1761 1125 1814 est
1150 1758 1348 1812 anima
1376 1774 1505 1813 mea
1526 1772 1713 1829 usque
1744 1756 1813 1811 ad
1837 1771 1995 1810 mor-
2111 1779 2137 1807 «
2167 1757 2383 1826 Amice,
2418 1760 2487 1814 ad
2520 1761 2675 1831 quod
2705 1759 2939 1828 venisti,
2961 1782 2988 1809 »
3008 1763 3073 1814 ut
3093 1759 3488 1826 subaudiatur,
3510 1759 3691 1831 perﬁce,

337 1855 479 1917 tem,
506 1872 533 1898 ››
565 1848 721 1920 quod
745 1845 968 1902 scilicet
996 1847 1240 1919 spiritus
1261 1845 1419 1902 illius
1441 1851 1749 1919 promptus
1770 1848 1895 1899 erat
1924 1844 1995 1899 ad
2028 1893 2075 1922 η
2108 1863 2174 1902 ac
2205 1847 2253 1901 si
2286 1848 2529 1903 diceret:
2583 1848 2864 1921 Relinque
2906 1850 3178 1905 osculum
3235 1848 3409 1922 pacis,
3466 1852 3515 1903 et
3559 1846 3695 1921 imple

342 1893 479 1917 νν¹¹⁵⁶ἳ
506 1893 530 1898 ⁷⁷
567 1893 721 1920 ’1“¹¹“¹“⁴“
746 1893 967 1902 """'"""'
996 1893 1240 1919 ¹“Ὶ“”““““““’
1261 1893 1418 1902 “’”⁵“¹¹¹’
1442 1893 1748 1919 ι’·νκ-ιυν--’
1773 1893 1894 1899 ""'
1926 1893 1995 1899 ""
2109 1893 2172 1902 ""
2205 1893 2253 1901 "‘
2289 1893 2529 1903 “⁵⁶νν⁴ν“”
2583 1893 2716 1904 """‘

340 1938 677 2010 passionem
709 1936 1124 2003 suﬂ‘erendam,
1158 1960 1185 1986 ‹‹
1221 1953 1353 1993 caro
1384 1940 1582 1993 autem
1611 1936 1845 1991 inﬁrma
1866 1957 1894 1983 »
1925 1933 1996 1989 ad
2028 1893 2076 1958 B
2106 1935 2403 1993 traditoris
2432 1936 2716 1992 ofﬁcium.

340 2026 633 2101 supplicia
661 2025 983 2082 toleranda.
2178 2048 2204 2074 «
2240 2026 2310 2081 Et
2341 2042 2470 2081 ecce
2502 2044 2656 2083 unus
2678 2044 2746 2082 ex
2773 2026 2863 2082 his
2892 2027 3188 2099 quierant
3212 2044 3341 2083 cum
3371 2028 3515 2093 Jesu,
3543 2028 3695 2080 cxten-

414 2139 442 2165 α
470 2117 688 2172 Iterum
719 2117 975 2172 secundo
1015 2115 1179 2185 abiit,
1203 2118 1260 2171 et
1284 2114 1487 2181 oravit,
1520 2114 1747 2170 dicens:
1782 2113 1857 2168 Mi
1890 2113 1996 2167 Pa-
2107 2138 2133 2163 ‹‹
2168 2114 2313 2170 dens
2333 2132 2597 2182 manum,
2622 2115 3114 2189 exemitgladium
3140 2134 3336 2186 suum,
3355 2121 3409 2172 et
3426 2114 3697 2188 percutiens

345 2209 502 2274 «ter,
535 2204 584 2261 si
635 2223 772 2261 non:
794 2208 985 2277 potest
1030 2205 1122 2260 hic
1170 2203 1320 2261 calix
1348 2205 1619 2271 transire,
1652 2202 1765 2258 nisi
1797 2202 1991 2257 bibam
2108 2226 2135 2253 «
2168 2221 2398 2259 servum
2431 2205 2715 2278 principis
2745 2207 3143 2274 sacerdotum,
3179 2205 3488 2278 amputavit
3513 2204 3697 2260 auricu-

343 2319 372 2347 ‹‹
402 2294 590 2364 illum,
625 2296 729 2351 ﬁat
756 2294 1026 2350 voluntas
1048 2298 1169 2351 tua.
1201 2317 1221 2345 η
1258 2295 1318 2348 Id
1350 2298 1458 2362 est,
1482 2292 1665 2348 sinon
1689 2295 1881 2364 potest
1905 2307 1997 2363 gc-
2105 2317 2131 2342 ‹‹
2167 2293 2285 2349 lam
2316 2296 2460 2367 ejus.
2498 2317 2525 2347 »
2568 2296 2685 2351 Iloc
2718 2300 2922 2351 Petrus
2966 2297 3271 2368 apostolus
3319 2295 3510 2353 fecisse
3535 2293 3700 2367 legitur

343 2402 457 2442 nus
486 2384 818 2441 humanum
842 2383 968 2439 sine
986 2383 1259 2459 passione
1284 2398 1415 2438 mea
1436 2381 1668 2448 salvari,
1690 2380 1775 2435 vel
1806 2379 1854 2435 si
1880 2396 1994 2435 non
2105 2383 2431 2438 secundum
2460 2387 2748 2440 Joannem
2767 2400 2832 2441 eo
2860 2385 3064 2441 ardore
3086 2385 3327 2453 mentis,
3351 2402 3458 2458 quo
3475 2388 3525 2439 et
3539 2388 3700 2439 caetera

342 2478 534 2549 potest
549 2473 859 2530 universus
877 2473 1036 2529 orbis
1069 2472 1317 2528 salutem
1341 2470 1639 2542 consequi,
1673 2470 1787 2526 nisi
1821 2486 2000 2541 popu-
2105 2471 2372 2527 faciebat.
2418 2473 2565 2528 Nam
2599 2490 2801 2530 servus
2832 2474 3118 2547 principis
3153 2475 3526 2539 sacerdotum,
3570 2473 3701 2544 cujus

340 2565 435 2621 lus
456 2565 791 2621 Judaeorum
811 2563 868 2618 in
891 2562 1277 2635 perditionem
1297 2565 1447 2629 ruat,
1466 2561 1565 2616 fiat
1580 2559 1852 2615 voluntas
1871 2562 1992 2613 tua.
2105 2559 2367 2616 auricula
2398 2566 2703 2634 amputata
2729 2568 2837 2628 est,
2865 2562 3133 2619 Malehus
3164 2565 3492 2632 vocabatur,
3523 2563 3609 2634 qui
3634 2561 3701 2615 in-

342 2654 469 2709 Non
500 2653 824 2710 secundum
853 2652 964 2708 hoc
1004 2653 1108 2707 ﬁat
1138 2652 1293 2723 quod
1320 2667 1387 2706 ex
1418 2654 1580 2723 parte
1612 2646 1997 2704 humanitatis
2104 2652 2461 2720 terpretatur
2491 2668 2608 2706 rex.
2642 2656 2705 2705 In
2741 2669 2855 2723 quo
2885 2669 3050 2707 servo
3082 2652 3231 2707 nihil
3264 2651 3414 2708 aliud
3447 2666 3599 2723 quam
3625 2648 3702 2703 Ju-

341 2742 570 2816 loquor,
602 2742 705 2798 sed
746 2746 985 2815 prepter
1014 2741 1168 2814 quod
1218 2741 1287 2795 ad
1322 2744 1537 2796 terram
1571 2743 1672 2794 tua
1698 2736 1997 2794 voluntate
2105 2739 2363 2794 daeorum
2395 2741 2647 2814 populus
2669 2741 3028 2813 designatur,
3054 2743 3232 2813 cujus
3254 2743 3477 2797 dextera
3495 2738 3706 2795 auricula

343 2832 637 2890 descendi.
2106 2833 2409 2904 amputata
2421 2835 2527 2900 est,
2545 2831 2702 2903 quia,
2719 2830 2915 2887 ablata
2926 2831 3225 2904 spirituali
3241 2820 3710 2905 intelligentia,sbla

414 2946 442 2972 ‹‹
478 2922 547 2976 Et
575 2918 795 2976 relictis
850 2919 969 2975 illis
1022 2920 1236 2976 iterum
1297 2919 1461 2984 abiit,
1514 2923 1571 2974 et
1600 2915 1783 2973 oravit
1829 2913 1996 2969 tertio
2104 2917 2164 2972 in
2197 2918 2281 2974 eis
2312 2919 2553 2976 ariditas
2583 2920 2788 2976 litterae
2822 2920 3123 2989 remansit,
3171 2926 3457 2994 tanquam
3494 2916 3709 2974 videlicet

344 3034 371 3062 ‹‹
405 3010 679 3067 eumdem
711 3025 1042 3065 sermonem
1075 3009 1294 3065 dicens.
1333 3031 1360 3058 ››
1392 3007 1587 3064 Oravit
1616 3006 1810 3074 tertio,
1844 3010 1908 3059 ut
1935 3003 1995 3057 in
2105 3007 2343 3065 sinistra
2360 3008 2639 3066 auricula.
2665 3011 2774 3065 Sed
2792 3010 3078 3066 Dominus
3095 3010 3444 3067 restauravit
3464 3012 3599 3065 tactu
3618 3022 3711 3061 ma-

343 3118 441 3158 orc
471 3100 722 3156 duorum
750 3098 839 3157 vel
870 3098 1049 3155 trium
1068 3103 1180 3155 stet
1201 3116 1372 3155 omne
1390 3098 1630 3155 verbum
1654 3100 1833 3168 (Deut.
1855 3095 1992 3161 XIX).
2107 3114 2219 3151 nus
2241 3114 2359 3152 suae
2377 3098 2703 3154 auriculam
2730 3100 3025 3155 dexteram
3050 3099 3237 3171 illius,
3263 3100 3399 3172 quia
3418 3099 3472 3153 in
3494 3096 3611 3164 illis,
3634 3094 3705 3167 qui

343 3190 539 3253 Oravit
567 3191 763 3245 autem
796 3206 910 3245 non
943 3205 1047 3261 pro
1080 3205 1163 3255 se,
1196 3189 1295 3243 sed
1328 3204 1432 3260 pro
1461 3185 1651 3254 nobis,
1686 3183 1903 3239 scilicet
1934 3184 1998 3237 ut
2107 3187 2382 3241 credituri
2411 3192 2551 3244 sunt
2580 3188 2731 3244 circa
2747 3188 2896 3244 diem
2910 3188 3142 3261 judicii,
3166 3186 3526 3261 spiritualcm
3547 3181 3713 3240 intelli.

345 3280 445 3336 illa
472 3279 655 3337 oratio
685 3283 841 3337 esset
870 3276 1292 3351 discipulorum
1325 3275 1710 3332 confirmatio.
2028 3266 2071 3334 C
2109 3276 2366 3349 gentiam
2390 3277 2701 3350 reparabit.
2732 3277 2894 3333 Unde
2926 3279 3101 3347 idem,
3136 3295 3245 3334 rex
3268 3283 3324 3335 et
3342 3295 3529 3334 servus
3546 3270 3714 3348 princi-

416 3393 444 3419 ‹‹
478 3370 642 3425 Tunc
672 3368 832 3424 venit
852 3369 924 3422 ad
943 3366 1264 3439 discipulos
1291 3383 1449 3422 suos.
1473 3388 1499 3414 »
1532 3366 1848 3434 Postquam
1879 3378 2003 3414 ora-
2108 3365 2199 3437 pis
2222 3366 2590 3422 sacerdotum
2608 3367 2839 3422 dicitur.
2856 3367 3154 3432 Quomodo
3178 3368 3341 3424 enim
3356 3385 3448 3422 rex
3464 3371 3513 3421 et
3527 3364 3713 3420 servus?

345 3458 426 3513 vit
456 3458 528 3512 ad
558 3458 809 3524 Patrem,
844 3459 901 3512 et
930 3455 1266 3528 impetravit
1294 3455 1546 3511 salutem
1578 3450 1998 3524 discipulorum
2109 3455 2167 3510 Si
2202 3472 2322 3523 rex,
2351 3458 2644 3528 quomodo
2675 3460 2922 3513 servus?
2952 3458 3064 3513 Sed
3094 3474 3203 3513 rex
3222 3458 3282 3513 in
3312 3457 3445 3523 illis,
3466 3456 3558 3528 qui
3578 3450 3713 3507 ﬁdem

347 3560 614 3616 suorum,
640 3546 799 3601 venit
829 3545 901 3600 ad
931 3561 1031 3600 eos
1060 3549 1118 3599 et
1147 3542 1322 3599 dixit:
2108 3544 2321 3601 Christi
2354 3546 2647 3619 accepturi
2678 3551 2847 3603 sunt:
2885 3565 3085 3604 servus
3108 3547 3167 3602 in
3200 3548 3339 3617 illis,
3375 3547 3470 3619 qui
3494 3545 3546 3600 in
3576 3538 3713 3597 servi-

418 3657 447 3685 ‹‹
482 3633 736 3690 Dormite
755 3635 883 3705 jam
912 3637 968 3689 et
998 3632 1363 3705 requiescite.
1392 3634 1535 3689 Ecce
1566 3628 1998 3705 appropinqua-
2107 3638 2231 3689 tute
2259 3635 2479 3707 peccati
2508 3637 2835 3692 remansuri
2869 3641 3027 3692 sunt.

344 3745 373 3775 «
405 3723 488 3780 vit
517 3723 683 3789 hora,
705 3725 761 3779 et
782 3721 961 3778 Filius
991 3719 1248 3778 hominis
1268 3723 1531 3778 tradetur
1554 3721 1613 3776 in
1637 3737 1848 3775 manus
1866 3735 1996 3791 pec-
2180 3748 2207 3773 «
2236 3725 2398 3780 Tunc
2429 3726 2509 3780 ait
2537 3725 2623 3779 illi
2653 3725 2825 3781 Jesus
2855 3744 2867 3781 :
2903 3725 3182 3783 Converte
3211 3727 3466 3801 gladium
3502 3728 3646 3779 tuum
3670 3719 3714 3773 in

342 3835 371 3863 «
399 3816 686 3870 catorum.
707 3812 958 3885 Surgite,
977 3828 1203 3868 eamus.
1219 3813 1361 3868 Ecce
1382 3809 1874 3884 appropinquabit
1899 3809 1996 3880 qui
2107 3836 2134 3863 ‹‹
2168 3813 2361 3870 locum
2385 3832 2580 3871 suurn.
2604 3816 2819 3871 Omnes
2843 3815 2999 3871 enim
3021 3816 3122 3888 qui
3147 3816 3480 3890 acceperint
3498 3810 3716 3887 gladium

342 3923 370 3951 «
403 3918 497 3957 me
525 3902 732 3958 tradet.
766 3923 794 3952 »
840 3900 1230 3975 Intelligimus
1262 3901 1418 3974 quia,
1461 3917 1595 3957 cum
1640 3898 1883 3955 dixisset
1934 3901 1999 3953 ut
2107 3928 2133 3952 ‹‹
2168 3903 2360 3977 gladio
2391 3906 2684 3977 peribunt.
2714 3928 2740 3955 »
2771 3905 2947 3961 Juxta
2983 3904 3245 3963 litteram
3288 3924 3403 3962 non
3435 3918 3619 3960 omnes
3645 3914 3718 3954 ac-

338 3989 665 4046 dormirent
694 3989 966 4063 discipuli
999 3996 1056 4047 et
1076 3991 1524 4063 requiescerent,
1560 3989 1995 4063 aliquantulum
2105 3993 2387 4065 cipientcs
2420 3994 2702 4067 gladium,
2747 3994 2939 4067 gladio
2992 3999 3264 4067 pereunt.
3319 3997 3462 4052 Nam
3491 3998 3544 4050 et
3581 3986 3720 4045 multi

336 4078 611 4147 tacuisse,
641 4083 708 4136 ut
737 4079 1081 4153 impleretur
1110 4082 1264 4153 quod
1298 4081 1459 4150 dixit,
1493 4083 1550 4136 et
1579 4079 1715 4136 inde
1747 4079 1991 4135 diceret:
2105 4082 2761 4152 homicidiisinsistunt,
2783 4088 2841 4140 et
2861 4086 3055 4140 tamen
3078 4084 3277 4157 gladio
3300 4102 3415 4141 non
3434 4082 3715 4139 caeduntur.

334 4193 364 4221 «
398 4170 653 4244 Surgite,
688 4186 913 4228 eamus.
944 4193 971 4221 ››
2105 4173 2214 4229 Sed
2242 4172 2420 4229 altius
2443 4174 2697 4229 ostendit
2721 4190 2849 4229 esse
2869 4173 3431 4247 intelligendum,ac
3447 4168 3718 4229 sidiceret:

407 4282 437 4312 «
461 4260 671 4317 Adhuc
702 4261 829 4334 ipso
859 4259 1156 4333 loquente,
1189 4278 1319 4317 ecce
1348 4261 1535 4317 Judas
1565 4277 1720 4316 unus
1747 4259 1817 4315 de
1849 4258 1992 4313 duo-
2101 4264 2182 4318 Ea
2202 4263 2547 4331 temeritate,
2573 4281 2690 4335 qua
2710 4262 2892 4319 alium
2913 4264 3090 4335 punis
3115 4264 3206 4319 vel
3233 4264 3489 4337 judicas,
3521 4269 3718 4316 necesse

334 4374 365 4405 ‹‹
397 4350 655 4408 decim.»
678 4350 841 4407 Unus
865 4368 981 4406 non
1005 4350 1231 4419 merito,
1253 4352 1351 4407 sed
1370 4349 1806 4415 numero,sicut
1826 4363 1994 4419 supe-
2101 4357 2210 4419 est,
2245 4356 2310 4408 ut
2338 4353 2541 4408 eadem
2570 4352 2895 4409 temeritate
2916 4370 2949 4408 a
2982 4353 3230 4409 Domino
3265 4352 3547 4427 puniaris.

334 4438 459 4496 rius
487 4440 774 4497 Dominus
805 4440 980 4496 dixit:
1015 4440 1263 4496 «Nonne
1282 4457 1384 4496 vos
1405 4439 1711 4496 duodecim
1738 4436 1881 4510 elegi
1894 4478 1907 4503 ,
1935 4441 1994 4493 et
2176 4464 2204 4493 ‹‹
2218 4443 2303 4496 An
2316 4446 2508 4514 putas,
2527 4444 2665 4514 quia
2682 4460 2796 4499 non
2809 4459 3054 4515 possum
3071 4459 3282 4516 rogare
3296 4444 3521 4499 Patrem
3536 4450 3716 4497 meum,

335 4546 491 4586 unus
520 4545 590 4584 ex
616 4529 783 4586 vobis
815 4529 1084 4586 diabolus
1118 4534 1207 4587 est
1226 4530 1254 4585 ?
1281 4551 1309 4580 »
1343 4530 1518 4600 (Joan.
1550 4528 1652 4601 vi.)
2104 4554 2131 4582 ‹‹
2163 4530 2690 4587 etexhibebitmihi
2710 4531 3026 4605 plusquam
3043 4532 3360 4589 duodecim
3384 4531 3626 4605 legiones
3643 4539 3720 4579 an-

406 4640 435 4669 ‹‹
469 4617 576 4684 Qui
590 4622 786 4674 autem
802 4618 1208 4685 tradiditeum,
1229 4618 1485 4673 dediteis
1499 4617 1754 4691 signum,
1769 4616 1989 4672 dicens:
2023 4644 2070 4710 D
2102 4644 2130 4672 ‹‹
2163 4620 2428 4693 gelorum
2448 4620 2475 4674 ?
2491 4643 2517 4673 »
2537 4622 2615 4676 Ac
2632 4620 2683 4677 si
2700 4621 2916 4678 diceret
2944 4639 2957 4676 :
2981 4623 3104 4677 Non
3129 4621 3370 4695 indigeo
3389 4619 3591 4677 auxilio
3610 4616 3721 4670 duo-

336 4729 365 4757 “
392 4708 809 4780 Quemcunque
826 4707 1127 4764 osculatus
1142 4707 1454 4779 fuero,ipse
1465 4710 1571 4776 est,
1589 4710 1776 4761 tenete
1787 4722 1941 4761 eum.
1963 4728 1989 4755 »
2025 4707 2056 4710 ⁷
2101 4710 2288 4765 decim
2302 4709 3004 4783 apostolorum,quoniam
3018 4710 3545 4766 sivolueroPatrcm
3557 4716 3721 4761 meum

332 4795 537 4852 Infelix
557 4797 742 4853 Judas
756 4797 1054 4853 aestimans
1069 4795 1383 4853 Dominum
1398 4795 1825 4867 signamagicis
1847 4795 1987 4849 arti-
2098 4816 2322 4871 rogare,
2355 4816 2597 4871 possum
2620 4801 2692 4855 ab
2724 4817 2789 4855 eo
2814 4801 3126 4872 impetrare
3157 4800 3469 4856 duodecim
3501 4796 3721 4868 legiones

332 4884 444 4940 bus
476 4890 757 4955 patrassc,
778 4886 1036 4942 recolens
1053 4903 1189 4942 cum
1216 4886 1699 4955 transfiguratum
1718 4884 1899 4939 fuisse
1926 4883 1985 4938 in
2096 4888 2459 4960 angelorum.
2510 4888 2684 4959 Legio
2728 4888 2884 4943 enim
2912 4889 3067 4960 apud
3098 4891 3324 4944 veteres
3357 4905 3458 4944 sex
3488 4881 3714 4940 millibus

332 4978 531 5027 monte
550 4991 741 5041 coram
768 4976 956 5032 tribus
981 4975 1307 5048 discipulis,
1332 4975 1629 5030 aestimans
1653 4974 1827 5029 etiam
1850 4990 1981 5029 eum
2096 4977 2420 5034 constabat.
2455 4977 2771 5032 Duodecim
2802 4981 2998 5032 autem
3048 4977 3332 5050 legiones,
3386 4970 3722 5048 septuaginta

332 5060 393 5114 in
407 5059 984 5132 horapassionissuac
1000 5064 1520 5121 similitudinemin
1536 5063 1710 5120 aliam
1733 5067 1981 5131 mutare,
2094 5067 2210 5122 duo
2244 5065 2429 5121 millia
2457 5065 2741 5121 efﬁciunt.
2777 5067 2886 5121 Tot
2916 5070 3113 5121 autem
3140 5070 3349 5139 gentes
3380 5066 3638 5139 leguntur
3661 5053 3719 5110 ad
3740 5120 3757 5143 .

331 5148 461 5204 ideo
491 5148 591 5204 dat
621 5150 856 5223 signum
886 5156 1356 5225 persecutoribus
1386 5155 1531 5221 suis,
1565 5159 1630 5211 ut
1662 5169 1981 5226 quemcun-
2090 5156 2301 5212 turrim
2323 5155 2497 5211 Babel
2521 5156 2580 5210 in
2605 5155 3001 5212 diversitatem
3023 5156 3363 5229 linguarum
3389 5153 3578 5211 divisa:
3596 5161 3719 5205 esse.

330 5254 443 5310 que
464 5237 844 5308 oscularetur,
864 5241 1058 5313 ipsum
1077 5245 1658 5317 comprehenderent,
1682 5243 1978 5299 :estimans
2089 5248 2158 5301 Et
2182 5250 2271 5301 est
2287 5262 2526 5302 sensus:
2553 5245 2677 5301 Non
2701 5261 2840 5318 egeo
2863 5244 3078 5301 auxilio
3101 5250 3157 5302 et
3179 5246 3518 5303 defensione
3534 5234 3721 5296 duode-

327 5327 645 5384 Dominum
695 5334 1093 5400 persecutores
1144 5350 1281 5390 suos
1335 5335 1586 5401 eludere,
1626 5335 1772 5389 etin
1802 5332 1977 5389 aliam
2090 5335 2635 5408 cimapostolorum,
2661 5334 2941 5407 quoniam
2957 5334 3527 5392 sitotusmundusin
3550 5339 3719 5385 necem

325 5417 579 5474 formam
608 5433 671 5474 se
699 5418 1137 5491 transfigurare.
2087 5442 2278 5481 meam
2313 5425 2755 5498 conspiraverit,
2778 5442 3022 5496 possum
3046 5441 3247 5498 rogare
3270 5425 3504 5480 Patrem
3527 5429 3717 5478 meum.

397 5528 427 5557 (ί
459 5506 528 5562 Et
556 5505 862 5563 confestim
911 5509 1191 5565 accedens
1243 5511 1315 5566 ad
1343 5512 1566 5579 Jesum,
1619 5512 1761 5567 dixit
1794 5529 1806 5567 :
1840 5514 1972 5580 Ave,
2085 5518 2139 5570 et
2170 5514 2462 5569 exhibebit
2512 5514 2658 5570 mihi
2720 5518 2923 5570 contra
2982 5529 3467 5586 unamquamque
3513 5510 3717 5583 gentem

325 5618 355 5648 «
388 5594 574 5652 rabbi.
606 5596 677 5665 Et
705 5596 1005 5654 osculatus
1035 5602 1124 5654 est
1153 5614 1308 5655 eum.
1344 5623 1373 5649 »
1405 5601 1649 5657 Summa
1681 5601 1975 5657 dementia
2086 5604 2245 5659 mille
2278 5603 2538 5676 angelos.

322 5683 572 5771 infelicis
591 5686 785 5750 Juda!
813 5687 960 5749 Nam
977 5687 1243 5750 osculum
1266 5689 1428 5764 pacis
1449 5689 1694 5765 porrigit
1724 5692 1773 5748 ei
1797 5709 1971 5768 quem
2153 5718 2180 5746 ‹‹
2215 5694 2518 5769 Tanquam
2550 5695 2621 5752 ad
2652 5694 2943 5756 latronem
2973 5692 3172 5755 existis
3214 5706 3357 5750 cum
3422 5685 3623 5765 gladiis
3669 5681 3717 5740 et
