3872 6170
172 298 261 364 369
1332 288 1685 350 HOMIleE
1728 287 1830 350 DE
1871 287 2271 351 TEMPORE.
3377 288 3499 353 370

167 457 189 487 «
210 427 434 496 fustibus,
466 445 491 475 υ
521 426 579 481 et
606 421 886 491 tumultu,
920 444 948 475 «
981 423 1053 479 ad
1108 438 1200 480 me
1232 422 1735 496 eomprehenden-
1765 422 1820 490 Α
1848 425 1945 478 tur
1963 422 2025 477 7»
2050 423 2326 480 Provocat
2354 420 2626 498 princeps
2643 422 3011 482 sacerdotum
3042 424 3113 482 ad
3145 427 3497 498 responden-

163 524 343 587 «dum,
373 540 396 568 »
424 520 473 572 et
494 515 554 570 in
587 518 775 582 nocte,
807 537 835 564 «
869 513 969 586 qui
1019 512 1328 569 manifeste
1356 512 1519 569 vobis
1550 512 1609 567 in
1643 512 1734 568 die
1845 513 1987 568 dum
2020 512 2182 570 falsis
2214 515 2484 584 testibus,
2517 519 2582 571 ut
2610 532 2786 589 quem
2825 514 2955 572 falsi
3004 518 3181 571 testes
3212 517 3420 572 damna
3437 533 3497 572 re

158 637 180 665 ‹‹
204 607 424 683 apparui,
454 608 507 661 et
534 603 595 658 in
624 602 842 676 templo
893 602 1152 675 quotidie
1185 602 1378 658 docui.
1417 624 1443 651 ››
1476 602 1733 657 Stultum
1845 620 1962 658 non
1994 608 2284 675 poterant,
2316 622 2384 660 ex
2412 606 2792 679 responsione
2836 622 2944 662 sua
2996 622 3131 661 eum
3165 622 3453 679 arguere.

154 719 260 775 ergo
286 714 399 755 cum
424 693 628 768 gladiis
670 709 763 748 me
807 709 1082 765 quaerere,
1118 692 1219 764 qui
1251 695 1456 765 sponte
1489 708 1580 748 me
1609 709 1735 750 ves-
1846 692 1957 748 Sed
1990 692 2274 749 Dominus
2303 694 2648 766 praevidens,
2684 695 2823 768 quia
2854 694 3141 767 quidquid
3169 694 3409 767 diceret,

151 797 230 848 tre
254 784 492 862 potestati
525 784 712 839 trado.
1846 782 2204 839 calumniam
2254 782 2493 850 diceret,
2540 784 2791 857 principi
2841 785 3080 858 quidem
3133 784 3499 842 sacerdotum

205 904 227 930 «
256 878 353 933 Hoc
377 877 558 930 autem
593 875 778 927 totum
811 871 1031 927 factum
1064 875 1245 939 est,ut
1278 871 1737 943 adimplerentur
1846 871 2008 928 nulla
2039 872 2360 945 respondit,
2392 873 2575 929 Pilato
2603 890 2737 930 vero
2767 891 2972 947 pauca.

149 994 169 1020 «
196 967 463 1037 Scripturae
493 961 933 1035 prophetarum.
969 966 996 1011 ›“›
1022 962 1079 1017 Id
1116 965 1223 1029 est,
1258 966 1322 1017 ut
1353 961 1739 1033 implerentur
1919 985 1945 1009 ‹‹
1981 961 2129 1017 Dicit
2156 961 2239 1016 illi
2265 962 2474 1018 Jesus:
2510 964 2596 1018 Tu
2637 962 2856 1030 dixisti,
2892 987 2921 1014 »
2953 962 3326 1033 subauditur,
3359 964 3502 1037 quia

148 1054 372 1114 vaticinia
395 1052 957 1125 prophetarum,quze
989 1051 1058 1106 de
1074 1050 1287 1105 Christi
1307 1050 1578 1123 passione
1599 1068 1739 1122 praa-
1845 1066 1950 1123 ego
1983 1068 2137 1106 sum.
2170 1052 2239 1107 Et
2268 1049 2457 1113 Pilato
2483 1054 2540 1107 et
2582 1052 2833 1125 principi
2883 1054 3253 1110 sacerdotum
3284 1053 3495 1111 iisdem

147 1149 270 1204 dicta
294 1146 460 1210 erant,
493 1159 618 1213 quae
652 1141 894 1212 longum
935 1143 1024 1196 est
1052 1156 1412 1196 enumerare.
1448 1140 1487 1194 E
1521 1140 1736 1211 quibus
1843 1139 2035 1197 verbis
2082 1141 2366 1196 Dominus
2417 1142 2736 1212 respondit,
2788 1146 2852 1196 ut
2900 1146 3217 1214 utrumque
3260 1143 3459 1215 propri

147 1253 293 1294 unum
320 1235 427 1288 est:
462 1254 489 1280 «
524 1230 819 1286 Foderunt
850 1247 1061 1286 manus
1091 1246 1251 1285 meas
1283 1232 1339 1285 et
1368 1229 1545 1302 pedes
1576 1246 1737 1285 meos
1847 1230 2138 1286 sententia
2164 1231 2598 1287 condemnaret.
2634 1254 2662 1281 «
2696 1230 3113 1287 Verumtamen
3144 1232 3274 1287 dico
3303 1232 3472 1289 vobis

145 1327 279 1399 (Paul.
307 1325 433 1393 xm),
466 1344 493 1371 »
527 1324 634 1376 etc.
667 1322 773 1376 Et:
809 1344 836 1370 ‹‹
889 1319 1053 1375 Sicut
1102 1319 1225 1376 ovis
1283 1320 1354 1375 ad
1386 1318 1735 1375 occisionem
1847 1320 2103 1375 «amodo
2120 1318 2390 1375 videbitis
2410 1318 2621 1375 Filium
2641 1319 2898 1377 hominis
2912 1321 3477 1377 sedentemadextri'

143 1418 344 1472 ducetur
371 1414 498 1484 (15a.
531 1411 673 1479 LIII).
712 1432 739 1459 »
762 1410 831 1464 Et
860 1409 1108 1465 iterum:
1150 1429 1178 1459 «
1206 1410 1291 1464 Ab
1324 1408 1735 1481 iniquitatibus
1851 1431 1871 1458 α
1907 1407 2140 1464 virtutis
2164 1408 2282 1476 Dei,
2317 1412 2374 1463 et
2401 1409 2727 1466 venientem
2756 1409 2815 1465 in
2849 1410 3106 1467 nubibus
3134 1409 3284 1467 cmli.
3318 1432 3346 1460 »
3369 1409 3452 1465 Ill

142 1502 304 1579 populi
331 1501 437 1557 mei
466 1500 682 1563 ductus
712 1516 847 1554 sum
880 1499 951 1554 ad
985 1502 1252 1573 mortem.
1289 1521 1317 1549 ‹‹
1844 1498 2065 1554 Judaais
2091 1496 2250 1567 dicit,
2275 1515 2423 1570 quos
2452 1504 2584 1571 post
2607 1515 2775 1555 suam
2808 1500 3291 1557 resurrectionem
3314 1499 3497 1556 credi-

193 1618 215 1644 ιι
237 1595 299 1649 At
325 1591 423 1659 illi,
456 1594 722 1646 tenentes
754 1589 977 1658 Jesum,
1013 1590 1307 1645 duxerunt
1351 1589 1421 1644 ad
1455 1587 1735 1661 Caipham
1846 1592 2010 1645 turos
2070 1604 2198 1644 esse
2256 1587 2514 1644 sciebat:
2562 1610 2589 1637 «
2644 1589 3061 1645 Verumtamen
3120 1589 3248 1645 dico
3305 1589 3471 1646 vobis

136 1709 159 1736 (ι
182 1682 469 1757 principem
533 1680 924 1748 sacerdotum,
968 1678 1067 1734 ubi
1117 1678 1318 1734 scribae
1358 1682 1417 1734 et
1462 1677 1737 1734 Pharisaei
1848 1678 2078 1743 amodo,
2101 1699 2129 1728 »
2162 1676 2221 1732 id
2247 1682 2334 1734 est
2364 1678 2435 1733 ab
2466 1677 2577 1733 hac
2605 1677 2751 1734 hora
2773 1677 2893 1734 sive
2910 1681 3172 1752 tempore
3194 1694 3334 1734 mere
3365 1695 3497 1750 pas-

136 1774 549 1829 «convenerant.
588 1791 615 1818 »
639 1769 996 1841 Przeceperat
1034 1768 1409 1841 omnipotens
1451 1769 1606 1824 Deus
1636 1786 1739 1842 per
1768 1805 1814 1871 Β
1848 1767 2054 1834 siouis,
2086 1790 2115 1817 «
2146 1766 2440 1833 videbitis,
2476 1787 2505 1816 »
2539 1767 2596 1821 id
2630 1771 2720 1823 est
2751 1766 3087 1840 intelligetis
3117 1771 3177 1824 et
3205 1768 3492 1826 credetis:

136 1864 347 1936 Moysen,
379 1865 439 1915 ut
468 1859 735 1932 legitima
751 1857 1044 1914 successio
1067 1859 1436 1914 sacerdotum
1463 1857 1519 1912 in
1544 1874 1741 1931 perpe-
1768 1855 1814 1871 ⁸¹
1847 1882 1874 1908 ‹‹
1907 1857 2116 1913 Filium
2148 1855 2404 1912 hominis
2438 1857 2735 1912 sedentem
2765 1855 2827 1912 in
2859 1856 3077 1913 dextris
3109 1855 3343 1912 virtutis
3372 1857 3492 1926 Dei,

133 1957 210 2008 tuo
234 1954 605 2026 permaneret.
631 1949 891 2004 Instante
922 1951 1119 2003 autem
1143 1952 1401 2020 tempore
1425 1947 1737 2003 Dominicae
1846 1952 1902 2003 et
1925 1947 2252 2003 venientem
2284 1946 2345 2001 in
2378 1946 2637 2002 nubibus
2667 1945 2817 2015 coeli,
2846 1968 2872 1995 »
2903 1947 2977 2002 ad
2999 1944 3390 2018 judicandum
3417 1946 3498 2001 vi-

134 2040 397 2114 passionis,
420 2039 724 2095 destructa
743 2041 868 2092 erat
889 2035 1269 2092 sacerdotalis
1302 2035 1738 2108 dignitas.Adeo
1847 2038 2080 2094 delicet.

129 2136 225 2186 erat
242 2128 697 2203 praevaricatamt
718 2126 1056 2198 quicunque
1078 2124 1467 2181 sacerdotium
1491 2124 1740 2197 pecunia
1920 2151 1947 2178 «
1983 2129 2147 2183 Tunc
2189 2126 2463 2198 princeps
2510 2126 2882 2182 sacerdotum
2929 2125 3102 2183 scidit
3148 2126 3498 2182 vestimenta

129 2220 368 2275 redimere
396 2216 902 2290 posset,sacerdos
927 2215 1271 2271 efﬁceretur.
1292 2215 1415 2269 Non
1437 2215 1595 2269 enim
1614 2230 1740 2270 ser-
1848 2241 1876 2269 «
1910 2235 2037 2285 sua,
2071 2215 2307 2272 dicens:
2339 2215 2789 2287 Blasphemavit.
2837 2215 2987 2282 Quid
3027 2216 3221 2272 adhuc
3257 2232 3498 2289 egemus

124 2306 418 2364 vabaturibi
443 2307 582 2378 jam
612 2303 905 2361 successio
936 2303 1185 2377 generis,
1207 2304 1309 2359 sed
1341 2304 1534 2375 potius
1566 2303 1741 2359 intui-
1849 2330 1875 2357 ‹‹
1908 2306 2159 2363 testibus
2179 2306 2206 2360 ?
2238 2328 2266 2355 ››
2298 2306 2427 2378 Ipse
2457 2306 2639 2373 furor,
2664 2305 2764 2378 qui
2795 2322 2930 2361 eum
2964 2305 3241 2379 superius
3265 2306 3337 2361 de
3353 2304 3497 2362 solio

125 2396 680 2471 tusjcupiditatistte
699 2411 834 2467 ergo
860 2392 1288 2466 Caiphas(sicut
1306 2392 1597 2464 Josephus
1617 2410 1742 2449 nar-
1850 2414 1956 2453 suo
1987 2400 2341 2464 excusserat,
2373 2394 2498 2467 ipse
2530 2394 2707 2450 etiam
2746 2396 2909 2452 furor
2957 2398 3232 2467 provocat
3259 2412 3395 2452 eum
3425 2395 3498 2452 ad

122 2489 209 2558 rat)
237 2487 561 2543 redemerat
590 2483 702 2540 sibi
733 2482 910 2539 unius
943 2483 1082 2538 anni
1125 2482 1532 2555 pontiﬁcatum
1564 2499 1599 2537 a
1630 2482 1739 2538 Ro-
1847 2487 2197 2543 vestimenta
2227 2485 2567 2540 scindenda.
2619 2485 2756 2541 Erat
2804 2488 2998 2540 autem
3049 2486 3409 2541 consuetudo
3435 2484 3498 2540 in

123 2577 295 2632 manis.
327 2576 550 2632 Mirum
575 2578 771 2630 autem
816 2589 933 2628 non
963 2578 1053 2629 est
1083 2572 1132 2628 si
1181 2573 1438 2644 injustus
1470 2573 1740 2628 sacerdos
1848 2575 2063 2648 populo
2089 2575 2519 2640 Judazorummt
2549 2574 3016 2646 quotiescunque
3036 2574 3259 2646 aliquid
3281 2575 3498 2630 durum

123 2666 358 2738 injustam
390 2662 757 2722 sententiam
789 2663 860 2717 de
890 2661 1136 2718 Domino
1169 2663 1441 2734 proferat.
1847 2668 1934 2721 vel
1967 2663 2343 2735 blasphemiae
2390 2666 2592 2718 contra
2627 2662 2943 2718 Dominum
2991 2662 3281 2728 audirent,
3325 2663 3499 2719 vesti-

176 2757 407 2811 «Petrus
456 2757 667 2810 autem
719 2752 1078 2824 sequebatur
1136 2768 1169 2806 a
1230 2751 1420 2822 longe,
1462 2767 1649 2822 usque
1682 2751 1739 2806 in
1849 2756 2171 2809 mentasua
2194 2752 2618 2817 scinderent,ut
2638 2750 3498 2808 exscissionevestimentorum

124 2866 143 2890 ιι
166 2845 353 2899 atrium
382 2843 515 2916 prin
532 2841 685 2914 cipis
736 2841 1126 2897 sacerdotum.
1164 2864 1190 2889 ››
1226 2839 1427 2895 Divina
1451 2841 1628 2894 verba
1658 2840 1741 2896 sic
1850 2841 2111 2898 dolorem
2140 2841 2334 2897 cordis
2366 2841 2942 2905 ostenderent.Quod
2972 2840 3224 2913 legimus
3249 2839 3498 2896 Paulum

119 2932 243 2987 aliud
272 2933 486 3000 dicunt,
528 2934 601 2986 ut
633 2935 828 2986 tamen
861 2928 1020 2985 aliud
1054 2928 1497 3001 intelligendum
1521 2928 1743 3000 signifi-
1851 2936 1908 2988 et
1936 2931 2259 2987 Barnabam
2284 2929 2491 2986 fecisse
2521 2930 2580 2985 in
2604 2930 2859 3001 quadam
2889 2929 3295 2998 civitate,cnm
3322 2945 3501 3002 popu-

121 3020 934 3087 cent.Juxtalittaeram,Petrus
956 3036 990 3074 a
1018 3018 1187 3090 longe
1209 3034 1341 3073 eum
1365 3018 1738 3089 sequebatur,
1851 3021 1944 3077 lus
1975 3020 2060 3077 eis
2088 3018 2259 3075 vellet
2286 3019 2590 3074 immolare
2618 3018 2884 3075 victimas
2904 3027 2960 3075 et
2990 3018 3298 3088 sacrificia,
3330 3018 3498 3091 quasi

122 3111 231 3182 quia
251 3112 488 3167 timebat
518 3127 601 3166 ne
632 3107 852 3182 pariter
880 3124 1014 3163 cum
1046 3107 1144 3179 illo
1176 3111 1487 3162 teneretur.
1511 3106 1741 3179 Allego-
1787 3178 1812 3182 ,Δ
1852 3112 1990 3167 deos
2021 3107 2773 3179 adorantes.Spiritualiter,
2791 3108 2999 3165 scissio
3013 3108 3497 3165 vestimentorum

126 3178 541 3274 rice,longeeum
568 3178 1368 3270 sequebatur,quiavidclicet
1392 3195 1453 3250 in
1476 3178 1738 3268 proximo
1770 3178 1812 3246 α
1851 3198 2130 3273 principis
2161 3178 2527 3254 sacerdotum
2560 3198 2928 3271 significabat
2966 3198 3347 3254 seindendam
3368 3212 3499 3254 esse

124 3296 223 3345 erat
246 3307 370 3346 eum
404 3294 754 3363 negaturus.
787 3310 816 3337 ‹‹
850 3288 921 3342 Et
948 3286 1248 3359 ingressus
1298 3286 1468 3354 intro,
1504 3285 1743 3341 sedebat
1850 3289 2193 3362 dignitatem
2226 3286 2531 3343 sacerdotii
2556 3286 2616 3342 in
2664 3286 2880 3360 populo
2911 3288 3270 3344 Judaeorum.
3304 3286 3367 3342 In
3399 3301 3494 3342 ex-

131 3399 150 3426 ει
173 3396 287 3434 cum
314 3379 633 3444 ministris,
666 3381 733 3432 ut
759 3378 935 3432 finem
959 3375 1200 3431 videret.
1236 3397 1263 3424 »
1293 3375 1397 3430 Vel
1431 3380 1743 3431 amoreDo-
1851 3378 2122 3435 eussione
2153 3376 2470 3433 sacerdotis
2500 3377 2570 3432 de
2595 3375 2739 3432 solio
2771 3394 2899 3445 suo,
2933 3376 3375 3450 signiﬁcabatur
3396 3392 3494 3433 va-

126 3467 240 3522 mini
268 3469 570 3541 ingressus
604 3470 694 3522 est
720 3468 852 3539 post
890 3464 1059 3520 illum
1104 3464 1165 3519 in
1213 3463 1430 3520 atrium
1461 3464 1744 3537 principis
1852 3485 2023 3525 cnam
2054 3483 2182 3524 esse
2213 3483 2619 3523 remansuram
2648 3466 2845 3522 sedem
2868 3465 3162 3538 pontiﬁcis
3191 3465 3252 3521 in
3280 3463 3497 3539 populo

128 3558 478 3623 sacerdotum,
509 3555 606 3612 vel
640 3555 815 3610 etiam
856 3553 1191 3609 curiositate
1238 3554 1646 3621 humanitatis,
1679 3556 1746 3610 ut
1852 3558 2210 3615 Judaeorum.

125 3645 306 3701 videret
334 3646 514 3702 ﬁnem
548 3644 736 3712 illius,
772 3661 846 3699 an
878 3643 928 3699 si
971 3642 1022 3698 ei
1052 3647 1375 3715 parcerent,
1410 3648 1466 3698 et
1497 3643 1745 3715 castiga-
1928 3671 1955 3697 ‹‹
1988 3649 2059 3701 At
2086 3646 2167 3700 illi
2192 3645 2912 3717 respondentes,dixerunt
2935 3645 3110 3702 :Reus
3131 3647 3221 3700 est
3237 3642 3501 3700 mortis.»

131 3736 227 3787 tum
254 3751 378 3789 eum
413 3734 807 3799 dimitterent,
825 3749 898 3786 an
928 3730 1104 3786 etiam
1135 3729 1304 3785 morti
1324 3731 1743 3801 adjudicarent.
1858 3735 2173 3809 Impletum
2204 3739 2297 3790 est
2319 3734 2474 3807 quod
2502 3733 2643 3790 olim
2673 3733 2985 3791 Psalmista
3017 3751 3087 3790 ex
3114 3749 3366 3806 persona
3394 3738 3505 3789 Do-

182 3824 552 3880 «Novissime
590 3826 789 3877 autem
820 3823 1105 3876 venerunt
1133 3820 1248 3875 duo
1301 3819 1431 3875 falsi
1462 3823 1658 3890 testes,
1694 3824 1751 3875 et
1860 3824 2007 3881 mini
2038 3825 2296 3880 dixerat;
2333 3847 2360 3873 ‹‹
2405 3823 2930 3880 Circumdederunt
2987 3840 3084 3879 me
3134 3840 3308 3879 canes
3339 3820 3509 3880 multi

129 3912 458 3968 «dixerunt:
497 3914 609 3969 Hic
644 3910 822 3966 dixit:
859 3910 1103 3966 Possum
1136 3910 1434 3965 destruere
1466 3909 1750 3982 templum
1861 3915 2032 3988 (Psal.
2064 3912 2201 3974 xm).
2234 3932 2260 3964 η

130 4022 148 4047 α
177 4000 280 4072 Dei,
305 4007 359 4059 et
388 4006 530 4075 post
560 4000 831 4057 triduum
881 3999 1230 4054 reaediﬁcare
1274 3997 1438 4053 illud.
1476 4020 1502 4047 ››
1538 3998 1750 4053 Mirum
1935 4027 1963 4055 «
1995 4004 2159 4058 Tunc
2176 4006 2532 4074 exspuerunt
2550 4001 2611 4056 in
2643 4001 2850 4057 faciem
2864 4002 3076 4073 ejus,et
3099 4000 3361 4072 colaphis
3376 4017 3511 4058 eum

128 4088 261 4146 valde
287 4098 391 4159 est,
426 4108 536 4147 cur
569 4090 849 4145 dicantur
875 4104 1003 4144 esse
1035 4086 1165 4143 falsi
1188 4090 1527 4156 testes,eum
1558 4087 1657 4143 illa
1673 4088 1756 4143 di-
1865 4115 1892 4143 «
1927 4091 2278 4147 ceciderunt.
2317 4113 2344 4141 ››
2376 4089 2449 4145 Ut
2479 4088 2821 4161 impleretur
2844 4091 3002 4161 quod
3026 4088 3371 4161 praedictum
3391 4092 3516 4145 erat

131 4184 377 4253 cant,quae
410 4181 741 4237 Dominum
764 4177 901 4233 alibi
923 4177 1173 4249 legimus
1197 4176 1551 4233 dixisse.Scd
1573 4177 1756 4233 falsus
1866 4197 1969 4254 per
2000 4178 2345 4252 prophetam
2372 4195 2384 4232 :
2422 4200 2449 4227 «
2485 4176 2713 4233 Faciem
2745 4193 2937 4233 meam
2968 4194 3084 4232 non
3115 4176 3294 4232 averti
3326 4176 3398 4231 ab
3429 4175 3516 4231 in-

132 4268 264 4324 testis
290 4275 398 4337 est,
432 4270 541 4343 qui
574 4268 756 4323 verba
778 4266 891 4323 alio
924 4282 1099 4321 sensu
1134 4266 1756 4338 interpretatur,quam
1867 4267 2262 4342 crepantibus,
2293 4271 2351 4322 et
2378 4266 2841 4338 eonspuentibus
2871 4265 2930 4321 in
2962 4282 3055 4321 me
3086 4266 3215 4337 (Isa.
3249 4266 3377 4333 LVI).
3413 4286 3443 4313 »

132 4353 207 4412 ille
224 4358 314 4429 qui
337 4357 757 4426 dixerat,sicut
777 4354 1007 4427 isti,qui
1029 4372 1144 4410 non
1171 4354 1362 4411 solum
1389 4357 1757 4426 sensum,sed
1940 4382 1967 4408 ‹‹
2000 4357 2109 4413 Alii
2141 4359 2335 4412 autem
2368 4354 2595 4428 palmas
2620 4355 2677 4410 in
2702 4353 2910 4410 faciem
2941 4353 2992 4410 ei
3012 4352 3515 4421 dederunt,dicen-

133 4446 275 4501 etiam
298 4449 475 4504 verba
507 4440 1013 4521 permutayerant.
1041 4445 1200 4510 Quod
1232 4443 1507 4500 enimille
1536 4444 1762 4500 dixerat
1871 4472 1898 4499 «
1931 4452 2057 4504 tes:
2094 4443 2433 4517 Prophetiza
2479 4443 2670 4510 nobis,
2721 4442 2968 4512 Christe,
3015 4442 3149 4514 quis
3196 4444 3286 4498 est
3325 4439 3427 4512 qui
3459 4443 3517 4496 te

135 4532 189 4588 de
214 4537 420 4608 templo
450 4535 723 4609 corporis
754 4533 983 4601 sui,hoc
1013 4532 1110 4588 isti
1140 4532 1501 4605 interpretati
1535 4538 1672 4588 sunt
1691 4535 1762 4590 de
1794 4554 1842 4620 Β
1872 4562 1901 4589 ι(
1934 4534 2276 4610 percussit?
2310 4557 2335 4583 ››
2384 4534 2456 4589 Ut
2498 4532 2837 4606 impleretur
2882 4531 3027 4588 illud
3074 4529 3513 4620 propheticum:

135 4625 318 4696 templo
340 4623 829 4695 materiali,quod
860 4626 983 4677 erat
1010 4621 1069 4677 in
1089 4621 1435 4677 Jerusalem.
1457 4621 1567 4677 Sed
1592 4622 1651 4677 in
1672 4623 1765 4678 his
1794 4618 1827 4620 θ
1881 4652 1901 4678 ι
1940 4626 2082 4682 Dedi
2114 4641 2292 4697 genas
2325 4640 2485 4679 meas
2539 4622 2908 4691 vellentibus,
2939 4625 2998 4678 et
3040 4618 3307 4677 maxillas
3358 4634 3520 4675 meas

135 4712 295 4768 verbis
324 4714 658 4787 quamdam
691 4711 1050 4768 calumniam
1082 4714 1321 4766 struunt
1349 4715 1552 4766 contra
1570 4712 1766 4766 Domi-
1878 4713 2338 4789 percutientibus
2370 4712 2574 4785 (lbid.).
2610 4733 2638 4763 »

136 4816 273 4856 num.
303 4803 391 4858 llli
417 4804 742 4859 dixerunt:
778 4824 805 4850 «
842 4801 1085 4856 Possum
1136 4801 1434 4855 destruere
1481 4799 1767 4873 templum
1954 4828 1979 4854 ((
2014 4806 2085 4860 Et
2114 4801 2359 4859 accessit
2388 4802 2460 4857 ad
2490 4817 2624 4857 eum
2670 4817 2789 4856 una
2834 4799 3065 4865 ancilla,
3099 4797 3330 4853 dicens:
3365 4796 3435 4851 Et
3460 4797 3527 4851 tu

138 4886 235 4944 ῧθί-
267 4913 292 4937 η
324 4892 454 4965 Ipse
483 4896 692 4947 autem
723 4890 948 4946 dixerat
978 4893 1163 4955 (Ιοίιηο
1198 4892 1289 4958 II):
1327 4912 1355 4939 «
1390 4889 1603 4945 Solvite
1632 4893 1773 4945 tem-
1885 4917 1911 4944 ‹‹
1947 4911 2081 4949 cum
2113 4892 2251 4949 Jesu
2285 4889 2518 4947 Galilan
2550 4905 2699 4946 eras.
2736 4911 2764 4938 ››
2798 4888 2947 4957 Quid
2994 4886 3107 4943 sibi
3130 4884 3253 4943 vult
3283 4884 3446 4958 quod
3467 4884 3531 4941 in

137 4977 274 5048 illum
304 4981 545 5049 hoe,»id
578 4984 802 5048 est,vos
833 4978 1055 5050 solvite,
1081 4997 1194 5033 non
1227 4996 1332 5051 ego
1359 4979 1479 5050 :qui
1502 4978 1772 5035 illicitum
1884 4981 2121 5040 Domini
2152 4979 2444 5052 passione,
2479 4995 2595 5034 non
2636 4977 2743 5045 vir,
2777 4978 2877 5034 sed
2929 4975 3145 5033 femina
3192 4976 3429 5031 Petrum
3461 4972 3536 5031 ad

140 5070 230 5131 est,
258 5074 319 5124 ut
349 5068 805 5142 nobismetipsis
862 5084 1074 5124 manus
1123 5068 1465 5124 inferamus.
1500 5067 1585 5123 Illi
1618 5069 1774 5124 dixe-
1889 5072 2225 5146 negandum
2255 5067 2581 5140 compulit?
2612 5065 2906 5122 Divinitus
2937 5066 3046 5122 hoc
3094 5067 3292 5122 actum
3324 5066 3434 5135 est,
3465 5077 3540 5118 ne

140 5160 284 5212 funt:
316 5181 345 5209 α
376 5160 449 5214 Et
479 5160 625 5231 post
653 5156 916 5213 triduum
957 5155 1317 5212 remdiﬁcabo
1350 5155 1513 5224 illud,
1552 5179 1578 5204 »
1613 5161 1677 5211 ut
1709 5157 1778 5213 de
1888 5160 2155 5217 videlicet
2184 5159 2295 5214 iste
2325 5174 2497 5213 sexus
2529 5156 2586 5210 in
2638 5155 2870 5211 Domini
2919 5154 3192 5228 passione
3246 5153 3543 5209 videretur

142 5244 332 5315 templo
353 5245 655 5303 materiali
675 5244 1169 5301 dieerevideretur
1194 5244 1312 5299 :ille
1334 5249 1531 5300 autem
1556 5245 1780 5301 dixerat
1892 5268 2019 5307 esse
2050 5247 2352 5314 immunis,
2387 5246 2486 5301 sed
2519 5244 2603 5299 sic
2635 5247 2880 5316 uterque
2903 5260 3075 5300 sexus
3103 5243 3544 5314 videreturpec-

145 5328 202 5385 de
227 5334 468 5406 spiranti
521 5339 589 5392 et
641 5333 923 5389 animanti
976 5349 1248 5405 corpore:
1281 5357 1307 5383 «
1341 5334 1409 5388 Et
1468 5334 1527 5388 in
1586 5335 1780 5391 triduo
1895 5356 2060 5395 casse
2088 5338 2149 5392 in
2181 5335 2414 5392 Domini
2446 5333 2739 5406 passione,
2774 5337 2832 5389 et
2864 5350 3125 5407 congrua
3154 5329 3546 5389 similitudine

146 5421 378 5478 excitabo
406 5422 588 5489 illud,
630 5444 651 5470 ι»
686 5424 854 5493 quasi
884 5422 1269 5477 dormientem
1302 5440 1335 5477 a
1365 5439 1589 5478 somno.
1895 5429 2054 5484 Sicut
2086 5426 2241 5483 enim
2275 5423 2487 5479 mulier
2518 5422 2775 5495 primum
2803 5426 3107 5495 parentem
3140 5422 3213 5477 ad
3242 5422 3546 5494 peccatum

205 5533 229 5558 α
258 5510 324 5566 Et
351 5528 618 5584 surgens
648 5510 915 5582 princeps
947 5511 1339 5580 sacerdotum,
1375 5510 1454 5567 ait
1483 5510 1567 5565 illi
1592 5528 1604 5565 :
1630 5512 1786 5568 Nihil
1898 5516 2114 5581 allexit,
2148 5517 2229 5571 ita
2260 5514 2436 5570 etiam
2458 5512 2670 5569 mulier
2699 5512 2945 5570 ostiaria
2974 5515 3212 5569 Petrum
3235 5510 3307 5565 ad
3339 5523 3551 5580 negan-

154 5616 176 5641 α
202 5601 511 5670 respondes
545 5600 625 5655 ad
656 5615 720 5655 ea
750 5616 879 5671 qua:
911 5599 1006 5656 isti
1030 5599 1342 5655 adversum
1375 5604 1432 5656 te
1462 5600 1788 5658 testiﬁcan-
1902 5605 2045 5659 dum
2077 5599 2478 5674 compellebat.
2513 5624 2541 5651 ‹‹
2566 5600 2634 5655 Et
2656 5600 2872 5657 iterum
2897 5599 3127 5672 negavit
3145 5613 3279 5655 eum
3309 5609 3442 5651 cum
3458 5593 3552 5660 ju-
