3872 6170
366 292 479 359 3⁸71

927 289 1337 354 HAYMONIS
1382 287 1915 351 HALBERSTAT.
1960 284 2204 348 EPISC.
2253 286 2425 348 OPP.
2475 286 2674 349 PARS
2719 287 2798 349 II.
2833 321 2906 332 -
2936 284 3204 349 IIOMIL.

3634 290 3735 353 372

367 451 396 480 ‹‹
431 426 713 494 ramento,
760 423 898 498 quia
943 437 1060 481 non
1109 421 1241 480 novi
1284 421 1604 480 hominem.
1641 445 1669 473 ››
1714 423 2008 479 Excusant
2035 419 2089 486 Α
2117 427 2423 495 propterea
2452 422 2605 496 quod
2639 421 2945 480 tradiderit
2974 420 3289 478 Dominum
3310 420 3369 477 et
3394 418 3731 495 magistrum,

368 517 610 589 quidam
669 516 902 571 Petrum
963 512 1314 587 apostolum,
1360 514 1513 585 quod
1560 529 1675 568 non
1722 512 2015 585 negaverit

366 604 662 662 Christum
695 603 1028 670 Dominum,
1052 604 1153 660 sed
1182 603 1377 675 potius
1408 602 1906 673 bominem,quasi
1928 601 2015 656 di-

366 699 559 750 ceret:
594 693 779 749 Deum
813 692 954 759 scio,
988 692 1288 748 hominem
1321 691 1537 758 nescio,
1571 690 1740 763 quasi
1772 691 2015 747 minoris

365 784 548 855 culpae
582 782 659 838 sit
689 781 987 837 hominem
1020 796 1229 853 negare
1259 798 1436 853 quam
1474 786 1679 848 Deum,
1712 797 1845 835 cum
1878 798 2015 836 con-

364 877 480 929 stat
510 889 637 928 esse
668 888 869 927 verum
900 871 1081 926 Deum
1116 874 1172 924 et
1204 869 1635 926 hominem.Sed
1659 870 1755 942 qui
1784 871 2015 925 Petrum

361 962 567 1019 volunt
590 961 919 1026 defendere,
953 958 1250 1015 Christum
1282 964 1577 1032 coguntur
1608 960 1895 1014 mendacii
1924 976 2013 1014 ar-

365 1068 561 1126 guere,
594 1049 695 1121 qui
724 1049 905 1105 dixit:
940 1072 967 1098 ‹‹
1000 1050 1328 1120 Antequam
1357 1047 1551 1121 gallus
1583 1052 1893 1115 cantet,ter
1924 1066 2016 1104 me

366 1141 626 1214 negabis.
663 1164 685 1192 ι
725 1171 791 1180 -
823 1162 850 1189 (ι
885 1139 1030 1194 Nam
1062 1144 1118 1193 et
1148 1138 1382 1210 loquela
1421 1143 1522 1194 tua
1554 1138 1930 1195 manifestum
1964 1143 2017 1193 te

368 1231 522 1286 facit.
560 1222 587 1277 ὑ
622 1229 746 1284 Una
776 1229 1013 1300 quidem
1036 1232 1160 1284 erat
1189 1227 1415 1299 loquela
1444 1234 1500 1283 et
1532 1227 1765 1283 illorum
1799 1228 1897 1301 qui
1929 1246 2014 1283 ar-

365 1319 639 1393 guebant,
673 1322 730 1374 et
762 1317 993 1371 illorum
1027 1317 1127 1388 qui
1159 1317 1574 1388 arguebantur,
1606 1322 1670 1370 ut
1701 1333 1804 1372 nec
1835 1317 2016 1373 dissi-

367 1406 524 1464 milis
554 1412 680 1462 erat
710 1405 947 1471 locutio,
979 1406 1118 1476 quia
1160 1421 1363 1460 omnes
1412 1405 1633 1459 Hebraei
1684 1410 1870 1461 erant.
1906 1407 2016 1462 Sed

366 1498 507 1570 quia
538 1512 904 1568 unaquaeque
938 1493 1232 1565 provincia
1277 1492 1365 1549 vel
1400 1493 1606 1548 civitas
1636 1495 2016 1550 vernaculum

366 1586 681 1643 locutionis
713 1601 922 1642 sonum
956 1583 1151 1648 habet,
1184 1598 1359 1653 quem
1411 1599 1523 1637 non
1576 1586 1766 1653 potest
1813 1584 2017 1648 vitare,

368 1676 495 1731 ideo
526 1676 766 1731 dicunt:
802 1696 827 1722 α
858 1672 1002 1727 Nam
1033 1675 1091 1728 ct
1145 1670 1377 1743 loquela
1424 1675 1525 1725 tua
1556 1671 1933 1727 manifestum
1966 1677 2019 1728 te

2125 512 2468 585 pcenitentia
2496 514 2729 581 ductus,
2760 509 2959 568 retulit
2986 511 3226 583 triginta
3268 516 3578 584 argenteos,
3609 531 3736 585 quos

2127 608 2427 674 acceperat
2455 621 2489 659 a
2516 601 2881 675 principibus
2911 602 3280 657 sacerdotum
3312 617 3325 653 :
3359 601 3517 672 quasi
3547 601 3601 657 in
3629 604 3736 675 ejus

2126 696 2411 762 potestate
2423 696 2577 747 esset
2591 696 3030 763 persecutorum
3054 688 3404 745 sententiam
3421 696 3734 761 permutare.

2127 783 2233 839 Sed
2268 782 2403 837 licet
2452 780 2763 837 mutaverit
2810 778 3171 835 voluntatem
3221 795 3410 845 suam,
3444 784 3574 836 tunc
3615 782 3736 837 nihil

2125 872 2364 944 profuit,
2400 871 2540 943 quia
2570 871 2822 943 priorem
2871 870 3093 925 exitum
3138 885 3253 923 non
3287 866 3621 924 immutavit.
3648 873 3737 926 Sed

2126 962 2175 1017 si
2208 962 2393 1017 Judas
2427 960 2700 1031 peccavit,
2730 959 2883 1015 sicut
2932 959 3057 1030 ipse
3088 958 3275 1013 dixit:
3313 980 3341 1008 «
3370 958 3610 1025 Peccavi,
3637 964 3737 1015 tra-

2125 1051 2270 1107 dens
2301 1050 2647 1123 sanguinem
2672 1051 2927 1121 justum,
2963 1072 2989 1097 n
3021 1048 3162 1120 quid
3197 1053 3533 1104 meruerunt
3561 1048 3647 1121 qui
3666 1049 3737 1103 di-

2125 1139 2419 1213 scipulum
2446 1141 2515 1194 ad
2553 1139 2921 1194 traditionem
2944 1138 3251 1211 sanguinis
3282 1136 3545 1209 magistri
3570 1155 3738 1209 provo-

2126 1230 2448 1284 caverunt?
2480 1252 2506 1278 ‹‹
2539 1228 2687 1293 Quid
2711 1229 2783 1282 ad
2838 1244 2944 1283 nos
2965 1229 2992 1281 ?
3023 1252 3049 1276 ››
3103 1228 3461 1282 subauditur
3506 1227 3736 1299 pertinet.

2128 1342 2155 1366 ‹‹
2188 1319 2276 1372 'I‘u
2306 1316 2541 1373 videris.
2580 1340 2606 1364 ››
2645 1318 2753 1384 Τυ,
2806 1315 3105 1388 inquiunt,
3139 1315 3283 1371 illud
3333 1315 3606 1388 probasti
3631 1333 3737 1372 cum

2126 1406 2422 1478 accepisti,
2459 1410 2519 1460 tu
2553 1405 2765 1461 videris
2797 1405 2937 1479 quid
2963 1410 3201 1460 acturus
3232 1405 3335 1460 sis.

2201 1520 2227 1545 ‹‹
2262 1497 2328 1551 Et
2374 1495 2645 1567 projcctis
2693 1495 2983 1567 argenteis
3031 1494 3090 1548 in
3137 1494 3377 1567 templo,
3436 1494 3677 1560 recessit,
3701 1496 3743 1548 et

2129 1610 2156 1634 ‹‹
2192 1585 2394 1640 abiens
2426 1584 2633 1656 laqueo
2666 1602 2728 1641 se
2759 1583 3084 1655 suspendit.
3124 1606 3151 1633 »
3178 1584 3452 1641 Avaritiae
3502 1582 3745 1655 magnitu-

2127 1674 2324 1729 dinem
2357 1673 2677 1745 impietatis
2708 1674 2940 1745 pondus
2971 1671 3411 1728 excludit.Nibil
3438 1670 3645 1743 profuit
3662 1672 3744 1728 Ju-

367 1788 394 1814 ιι
432 1765 586 1820 facit.
625 1788 646 1813 υ
696 1762 861 1817 Sicut
917 1759 1181 1855 legimus.
1218 1759 1287 1855 in
1348 1759 1495 1855 libro
1535 1759 1830 1825 Judicum,
1864 1763 2017 1832 quod
2049 1790 2097 1855 B
2129 1761 2381 1832 daaquod
2397 1761 2798 1833 paenitentiam
2814 1759 2932 1832 egit
2949 1759 3745 1855 deDomini-proditioneque-

366 1851 655 1923 prratcei
677 1852 1046 1906 transeuntes
1074 1847 1223 1903 vada
1253 1848 1547 1917 Jordanis,
1581 1866 1715 1904 cum
1747 1866 2019 1923 cogeren-

367 1944 465 1995 tur
488 1941 561 1995 ab
592 1937 861 1994 hostibus
911 1941 975 1991 ut
1019 1936 1238 1993 diceret
1291 1936 1622 2006 cheboleth,
1654 1939 1808 2010 quod
1841 1939 2021 1996 inter-

368 2031 634 2100 pretatur
659 2027 827 2098 spica,
860 2042 995 2081 cum
1027 2042 1141 2081 non
1191 2029 1460 2098 poterant
1489 2027 1832 2098 exprimere,
1868 2026 2020 2082 dice-

368 2117 513 2172 bant
543 2114 828 2173 seboleth.

439 2255 468 2282 ‹‹
500 2232 571 2286 Et
599 2232 935 2287 recordatus
965 2235 1056 2287 est
1082 2231 1285 2287 Petrus
1308 2231 1465 2287 verbi
1496 2232 1657 2297 Jesu,
1677 2232 1830 2303 quod
1863 2231 2020 2286 dixe-

369 2342 399 2372 «
433 2326 559 2377 rat:
593 2319 937 2393 Priusquam
971 2320 1162 2393 gallus
1194 2325 1407 2387 cantet,
1431 2325 1519 2376 ter
1540 2336 1631 2376 me
1666 2320 1924 2394 negabis.
1953 2322 2023 2376 Et

367 2433 397 2459 «
429 2426 701 2479 egressus
732 2409 907 2475 foras,
942 2408 1098 2464 ﬁevit
1147 2425 1361 2463 amare.
1401 2433 1422 2459 ι
1462 2409 1624 2463 Sicut
1667 2408 1819 2464 alius
1848 2427 2019 2465 evan-

366 2497 579 2569 gelista
606 2497 766 2564 dicit,
796 2497 1049 2569 respexit
1080 2498 1361 2553 Dominus
1407 2498 1642 2553 Petrum
1675 2499 1825 2569 (Luc.
1859 2499 2017 2570 xxn).

368 2586 688 2657 Respectus
707 2585 937 2641 Domini
952 2584 1589 2641 misericordiamillius
1610 2586 2022 2659 designat,qua

366 2675 605 2730 Petrum
627 2674 995 2730 dubitantem
1021 2674 1355 2745 respexit,et
1374 2675 1433 2730 in
1462 2676 1573 2730 ﬁde
1595 2676 2014 2732 conﬁrmabat.

363 2763 506 2836 quia
531 2768 862 2835 peccatores
888 2763 1069 2818 etiam
1118 2779 1385 2835 quosque
1426 2762 1685 2834 respicit,
1736 2768 1793 2818 et
1842 2765 2020 2820 corda

364 2852 598 2909 illorum
631 2852 703 2908 ad
731 2850 1130 2924 paenitentiam
1152 2852 1532 2907 convertit.Et
1559 2852 1669 2908 hoc
1693 2854 2016 2908 notandum

364 2946 456 2997 est
485 2942 626 3013 quia
646 2941 798 3013 gallo
817 2940 1090 2997 cantante
1102 2941 1306 2996 Petrus
1331 2941 1400 2995 ad
1427 2942 1826 3011 paenitentiam
1844 2943 2015 3011 redit,

366 3029 506 3101 quia
535 3029 801 3086 videlicet
842 3030 1078 3102 quando
1128 3046 1231 3101 per
1286 3029 1701 3101 negligentiam
1756 3032 2015 3104 corporis

365 3118 785 3192 delinquimus,
820 3136 924 3191 per
951 3118 1397 3189 praedicatorum
1448 3119 1907 3176 admonitionem
1941 3122 2009 3176 ad

364 3207 765 3281 pmnitentiam
788 3208 975 3263 redire
1006 3207 1311 3263 debemus.
1344 3209 1503 3279 Saepe
1534 3208 1690 3264 enim
1723 3209 2012 3281 gallorum

365 3296 601 3354 nomine
630 3296 1038 3369 praedicatores
1067 3296 1258 3352 solent
1287 3295 1629 3368 signiﬁcari.

440 3435 469 3461 ‹‹
503 3412 671 3467 Mane
696 3415 890 3466 autem
922 3412 1095 3477 facto,
1144 3410 1454 3466 consilium
1503 3411 1761 3467 inierunt
1812 3430 2015 3471 omnes
2124 3410 2352 3505 δξίξξηξξ

2132 1849 2288 1904 niam
2322 1849 2553 1921 culpam
2587 1866 2764 1921 quam
2798 1848 3415 1917 contraxerat,solvere
3437 1866 3555 1904 non
3574 1847 3742 1921 potuit.

2131 1939 2226 1995 Sic
2281 1939 2618 2010 quicunque
2677 1938 2736 1992 in
2788 1938 3027 1993 fratrem
3082 1955 3257 1993 suum
3309 1942 3535 2010 peccat,
3565 1944 3621 1993 ut
3661 1938 3745 1993 hoc

2131 2029 2287 2100 quod
2318 2028 2377 2082 in
2407 2045 2473 2084 eo
2503 2027 2763 2094 offendit,
2795 2027 3107 2083 emendare
3139 2026 3402 2095 valeat,ei
3433 2028 3643 2084 dimitti
3671 2044 3745 2099 po-

2130 2121 2280 2173 test:
2315 2116 2415 2188 qui
2446 2121 2643 2172 autem
2676 2116 2756 2172 ita
2786 2120 3089 2188 peccat,ut
3118 2116 3227 2172 hoc
3247 2116 3404 2188 quod
3437 2116 3744 2188 peccaverit,

2133 2222 2247 2261 non
2278 2204 2466 2260 valeat
2495 2205 2827 2273 emendare,
2850 2222 2966 2260 non
3011 2205 3340 2261 dimittetur
3377 2206 3450 2261 ei.
3488 2206 3627 2272 Quia
3652 2206 3744 2260 fru-

2132 2300 2255 2351 stra
2282 2294 2607 2350 assumitur
2634 2294 2693 2349 in
2726 2310 2862 2349 voce
2894 2293 3251 2366 pmnitentia,
3286 2294 3556 2367 quandiu
3586 2296 3747 2350 manet

2130 2383 2321 2455 culpa.
2359 2388 2434 2439 De
2458 2383 2611 2438 Juda
2631 2388 2827 2439 autem
2858 2388 2916 2439 et
2938 2384 3008 2439 de
3036 2382 3333 2439 similibus
3353 2385 3487 2454 ejus
3512 2382 3751 2455 perPsal-

2132 2473 2367 2528 mistam
2392 2470 2641 2528 dicitur:
2680 2496 2706 2522 ‹‹
2738 2473 2808 2528 Et
2838 2471 3020 2527 oratio
3052 2473 3180 2543 ejus
3220 2472 3321 2528 ﬁet
3368 2473 3428 2527 in
3480 2477 3754 2545 peccatum

2129 2563 2299 2631 (Psul.
2335 2567 2515 2630 cvm).
2528 2585 2553 2611 ››
2570 2564 2633 2617 ln
2664 2564 2966 2633 peccatum
2984 2577 3120 2633 ergo
3142 2562 3503 2617 oratioJudze
3517 2566 3756 2633 reputate
3780 2550 3785 2555 ’

2128 2655 2235 2716 est,
2272 2650 2412 2722 quia
2442 2668 2556 2706 non
2595 2649 2786 2705 solum
2837 2650 3001 2722 prius
3051 2653 3352 2722 peccatum
3405 2649 3628 2706 solvere
3659 2666 3752 2704 non

2127 2738 2337 2811 potuit,
2372 2740 2473 2795 sed
2498 2737 2674 2795 etiam
2729 2738 3112 2795 homicidium
3171 2737 3493 2811 proditioni
3556 2736 3752 2795 Domini

2129 2828 2442 2901 copulavit.

2202 2940 2229 2965 ››
2261 2917 2386 2972 Non
2420 2916 2664 2973 liceteos
2678 2918 2905 2973 mittere
2928 2916 2984 2973 in
3008 2918 3493 2990 corbonam,quia
3522 2918 3748 2991 pretium

2131 3028 2157 3055 ι(
2193 3006 2497 3079 sanguinis
2528 3012 2635 3062 est.
2673 3030 2701 3057 ››
2732 3008 2996 3063 Corbona
3036 3007 3335 3075 Hebraice,
3369 3007 3577 3063 Latine
3604 3008 3748 3062 inter-

2128 3099 2391 3166 pretatur
2418 3095 2639 3151 donum.
2663 3096 2786 3160 Quo
2818 3095 3053 3151 nomine
3073 3095 3559 3169 gazophylacium
3591 3094 3751 3168 appel-

2044 3156 2087 3223 Ο
2126 3156 2298 3251 latur,
2334 3183 2496 3240 locus
2527 3156 2748 3240 scilicet
2779 3185 2874 3240 ubi
2912 3156 3279 3241 thesaurusa
3300 3156 3513 3257 populo
3545 3156 3751 3241 oblatus

2127 3275 2486 3329 servabatur.
2512 3274 2581 3329 Et
2612 3273 2919 3345 impletum
2951 3278 3039 3330 est
3067 3274 3347 3346 hic,quod
3379 3272 3752 3329 Dominusiin-

2126 3367 2397 3434 properat
2425 3362 2648 3418 Scribis
2667 3369 2725 3418 et
2740 3361 3047 3419 Pharisazis
3066 3367 3200 3419 ante
3223 3363 3558 3436 passionem
3586 3378 3748 3424 suam,

2388 3474 2413 3500 «
2449 3450 2704 3507 Culicem
2739 3450 3089 3519 excolantes,
3123 3458 3180 3507 et
3209 3452 3499 3507 camelum
3528 3452 3753 3525 glutien-

498 3498 511 3511 .
596 3499 606 3509 .
1330 3498 1342 3511 .
1690 3502 1701 3513 .
2392 3498 2413 3500 π.
2454 3498 2704 3507 __..-----
2741 3498 3089 3519 μην-..πη
3125 3498 3180 3507 ν-
3211 3498 3499 3507 -..-..-..._
3528 3498 3732 3525 οφ.--

362 3522 392 3613 ff
426 3500 2014 3613 ξ’,ἷῖῗῖἷρθῗιδῗῗίῗῖάῗξῗῗὶεθῖῗῗῖἷῗῖῗῗΡῗῗρῗὲἷὲῗῖἰίῖνδξῗῗ
2122 3543 2212 3594 tes
2243 3541 2460 3609 (Matth.
2494 3545 2677 3609 χχιιι).
2731 3541 2791 3597 Si
2840 3540 2996 3597 enim
3045 3540 3105 3596 in
3152 3543 3469 3598 corbonam
3518 3540 3746 3613 pretium

362 3609 392 3637 ‹‹
424 3586 647 3652 Jesum,
682 3590 749 3640 ut
783 3602 917 3641 eum
968 3585 1141 3641 morti
1193 3587 1508 3642 traderent.
1547 3610 1573 3636 ››

348 4296 621 4364 Pilatum,
658 4294 973 4352 novissime
1004 4297 1073 4352 ad
1134 4297 1439 4355 Herodem.
1491 4301 1560 4354 Et
1590 4301 1767 4370 (sicut
1811 4303 1996 4360 Lucas

347 4385 703 4459 evangelista
734 4384 894 4452 dicit)
923 4386 1141 4457 sprevit
1169 4385 1337 4442 illum
1390 4387 1642 4445 Herodes
1669 4407 1802 4446 cum
1836 4393 1995 4448 omni

347 4474 597 4530 exercitu
630 4489 757 4542 suo,
789 4477 849 4529 et
878 4474 1148 4529 indutum
1181 4479 1338 4530 veste
1387 4475 1538 4539 alba,
1574 4478 1799 4534 remisit
1826 4479 1989 4536 illum

346 4562 417 4616 ad
450 4560 721 4616 Pilatum.
756 4562 837 4616 Ad
865 4578 1070 4618 omnes
1121 4562 1340 4619 missus
1386 4570 1494 4632 est,
1528 4569 1592 4620 ut
1622 4583 1825 4623 omnes
1856 4586 1991 4624 eum

343 4648 676 4715 illuderent,
735 4654 790 4705 et
847 4667 1017 4706 nemo
1075 4651 1361 4707 immunis
1420 4658 1575 4709 esset
1627 4672 1661 4710 a
1720 4658 1990 4729 passione

341 4737 575 4794 Christi.

412 4868 437 4895 ‹‹
471 4846 540 4900 Et
568 4846 828 4902 vinctum
861 4846 1151 4902 duxerunt
1182 4864 1337 4916 eum,
1357 4852 1413 4904 et
1444 4850 1809 4906 tradiderunt
1838 4853 1983 4909 Pon-

341 4954 368 4980 ‹‹
403 4933 483 4988 tio
513 4933 696 4993 Pilato
731 4936 984 5007 praesidi.
1024 4959 1050 4985 η
1085 4938 1455 4993 Consuetudo
1509 4943 1703 4994 autem
1747 4945 1887 5010 erat,
1923 4947 1987 4998 ut

338 5035 745 5094 quemcunque
777 5023 948 5079 morti
986 5025 1297 5098 traderent,
1333 5026 1589 5083 vinctum
1636 5026 1801 5084 illum
1833 5048 1984 5103 prae-

340 5106 449 5163 sidi
486 5108 858 5167 adducerent.

410 5238 437 5265 ‹‹
471 5215 634 5270 Tunc
666 5216 866 5274 videns
913 5219 1116 5287 Judas,
1154 5222 1253 5293 qui
1314 5239 1448 5278 eum
1506 5223 1763 5292 tradidit,
1824 5227 1978 5298 quod

338 5324 366 5352 «
402 5303 714 5357 damnatus
744 5306 1265 5377 esset,pmnitentia
1282 5311 1719 5380 ductus,retulit
1739 5314 1981 5387 triginta

336 5414 363 5439 ‹‹
400 5394 707 5463 argenteos
728 5391 1091 5465 principibus
1114 5399 1505 5465 sacerdotum,
1537 5406 1594 5456 et
1622 5404 1975 5474 senioribus,

331 5500 360 5529 ‹‹
395 5479 638 5534 dicens:
675 5479 930 5549 Peccavi,
976 5484 1209 5539 tradens
1262 5489 1608 5560 sanguinem
1656 5492 1907 5561 justum.
1948 5518 1973 5542 »

328 5567 547 5625 Videas
575 5569 760 5627 Judas
795 5570 1104 5627 Dominum
1147 5576 1316 5629 morti
1371 5577 1796 5649 adiudicatum,
1827 5588 1885 5636 et
1914 5601 1974 5639 se

330 5673 562 5731 quoque
596 5659 764 5716 morti
790 5661 1015 5715 alterum
1040 5659 1094 5714 in
1115 5661 1374 5733 proximo
1391 5681 1518 5721 esse
1545 5667 1967 5740 damnandum,

1631 3590 1896 3647 Notanda
1924 3596 2013 3649 est

359 3673 692 3732 sollicitudo
708 3674 1174 3747 Judazorum,qui
1200 3678 1322 3731 tota
1342 3681 1508 3731 nocte
1530 3676 1587 3731 in
1611 3678 1831 3733 malum
1854 3680 2010 3737 labo-

356 3767 652 3826 raverunt.
680 3765 747 3818 ut
776 3762 1143 3818 effunderent
1172 3764 1521 3836 sanguinem
1556 3765 2009 3839 innocentem,et

354 3869 527 3908 mane
542 3852 691 3907 facto
707 3850 1020 3907 consilium
1046 3851 1386 3922 inierunt,et
1413 3853 1784 3912 tradiderunt
1800 3857 2005 3916 Jesum

352 3939 555 3996 Pilato.
589 3941 657 3995 Et
688 3957 801 3996 non
835 3940 1025 3996 solum
1059 3940 1241 3998 Pilato
1269 3941 1519 3999 traditus
1551 3948 1657 4013 est,
1692 3947 1792 4001 sed
1825 3947 2006 4016 (sicut

346 4029 600 4085 Joannes
631 4027 845 4084 clarius
870 4028 1488 4103 manifestat)primum
1511 4032 1797 4090 deductus
1819 4042 1907 4091 est
1929 4038 1999 4093 ad

346 4119 599 4184 Annam,
632 4117 841 4173 deinde
866 4118 937 4173 ad
971 4117 1272 4191 Caipham,
1309 4120 1407 4192 qui
1429 4121 1824 4196 principatum
1851 4125 2002 4182 inter

348 4206 655 4281 pontiﬁces
674 4207 955 4280 gerebant
986 4225 1051 4264 eo
1075 4212 1335 4281 tempore
1355 4210 1548 4265 :tertio
1579 4211 1792 4268 ductus
1816 4220 1901 4269 est
1926 4217 1997 4270 ad

2122 3628 2429 3699 sanguinis
2463 3628 2690 3684 mittere
2735 3645 2850 3684 non
2898 3628 3084 3696 licuit,
3120 3629 3305 3685 multo
3337 3630 3526 3702 magis
3574 3630 3747 3702 ipsum

2119 3716 2468 3789 sanguinem
2502 3717 2892 3786 innocentem,
2926 3718 3223 3773 eﬁundere
3255 3735 3373 3773 non
3402 3717 3588 3773 licuit.

2190 3828 2217 3855 ‹‹
2253 3806 2319 3861 Et
2347 3805 2591 3862 consilio
2624 3805 2786 3873 inito,
2820 3812 3090 3862 emerunt
3117 3822 3187 3861 ex
3215 3806 3333 3862 iliis
3364 3824 3572 3879 agrum
3604 3803 3743 3877 ﬁguli

2122 3917 2142 3944 α
2178 3893 2239 3950 in
2273 3894 2635 3967 sepulturam
2684 3893 3145 3968 peregrinorum.
3178 3917 3207 3945 »
3257 3894 3349 3951 llli
3389 3895 3624 3968 quidem
3653 3894 3744 3949 hoc

2113 3981 2230 4038 alia
2260 3986 2453 4039 mente
2485 3985 2766 4049 fecerunt,
2800 3989 2996 4040 tamen
3028 3984 3208 4040 etiam
3240 3984 3523 4041 facientes
3555 3988 3741 4039 nostra

2112 4069 2289 4127 saluti
2322 4072 2717 4143 providerunt.
2740 4074 2893 4145 Ager
2915 4089 3170 4145 namque
3200 4072 3445 4129 Domino
3479 4074 3742 4145 interpre-

2108 4162 2288 4227 tante,
2324 4160 2418 4216 hic
2442 4160 2698 4215 mundus
2718 4160 3088 4233 intelligitur,
3110 4161 3327 4235 ﬁgulus
3357 4178 3490 4218 vero
3516 4162 3631 4233 ipse
3652 4160 3741 4215 Do-

2109 4248 2308 4304 minus
2338 4253 2446 4314 est,
2479 4248 2580 4319 qui
2627 4249 2796 4305 ﬁnxit
2834 4267 2996 4306 mare
3025 4254 3083 4305 et
3131 4250 3443 4317 mundum,
3480 4254 3537 4306 et
3562 4245 3741 4304 omnia

2106 4353 2234 4409 quae
2266 4337 2323 4392 in
2355 4337 2439 4393 eis
2470 4343 2627 4393 sunt.
2661 4338 2742 4393 De
2784 4338 2971 4410 pretio
3016 4354 3153 4411 ergo
3212 4338 3519 4412 sanguinis
3546 4335 3737 4395 Christi

2106 4431 2342 4497 emptus
2372 4431 2461 4482 est
2489 4444 2646 4500 ager,
2681 4427 2820 4497 quia
2869 4444 2975 4484 nos
3007 4426 3107 4499 qui
3139 4428 3431 4499 peregrini
3463 4442 3683 4484 eramus
3708 4440 3739 4477 a

2021 4521 2071 4590 ι)
2105 4518 2453 4571 testamento
2484 4514 2607 4581 Dei,
2642 4516 2901 4587 requiem
2934 4515 3141 4571 anima:
3163 4521 3222 4572 et
3250 4516 3586 4589 corporisin
3615 4530 3733 4569 san-

2103 4603 2281 4676 guine
2312 4602 2527 4657 Christi
2560 4602 2773 4660 habere
2805 4604 3113 4677 coepimus.

2171 4714 2199 4741 ‹‹
2233 4693 2397 4747 Tunc
2425 4690 2733 4763 impletum
2763 4696 2874 4759 est,
2905 4693 3063 4765 quod
3114 4694 3340 4749 dictum
3374 4698 3465 4750 est
3496 4710 3588 4765 per
3614 4706 3731 4762 pro-

2099 4804 2126 4830 ‹‹
2163 4780 2399 4851 phetam
2431 4778 2767 4847 Jeremiam,
2800 4780 3132 4838 dicentem:
3167 4783 3238 4837 Et
3265 4786 3610 4855 acceperunt
3636 4778 3729 4833 tri-

2098 4892 2126 4919 ‹‹
2157 4869 2323 4941 ginta
2354 4870 2958 4940 argenteos,»etc.Hoc
2977 4869 3442 4942 exemplumnon
3461 4868 3728 4927 invenitur

2095 4956 2381 5029 scriptum
2413 4955 2471 5010 in
2500 4955 2774 5023 Jeremia,
2810 4957 3003 5014 simile
3047 4963 3243 5015 autem
3287 4958 3511 5031 aliquid
3565 4957 3618 5012 in
3641 4955 3730 5010 Za-

2093 5044 2291 5100 charia
2316 5043 2669 5101 invenimus.
2702 5045 2951 5102 Proinde
3003 5064 3119 5102 non
3168 5047 3396 5103 curavit
3443 5046 3723 5104 Mattheus

2091 5132 2446 5207 evangelista
2474 5133 2559 5188 vel
2591 5135 2850 5206 primum
2872 5152 3086 5207 ponere
3099 5136 3554 5205 Zachariam,vel
3568 5134 3722 5191 etiam

2089 5226 2289 5294 postea
2318 5222 2652 5290 emendare,
2684 5224 2825 5294 quia
2847 5222 3118 5281 videlicet
3151 5225 3430 5283 universa
3459 5242 3583 5297 qua:
3609 5218 3719 5291 Spi-

2088 5312 2236 5367 ritus
2266 5316 2505 5366 sanctus
2537 5327 2638 5381 per
2667 5327 2770 5367 ora
2816 5311 3237 5385 prophetarum
3286 5313 3519 5370 locutus
3546 5318 3644 5377 est,
3670 5310 3721 5362 et

2084 5398 2422 5455 communia
2474 5403 2613 5453 sunt
2656 5400 2944 5468 omnium,
2980 5406 3038 5455 et
3068 5401 3309 5473 propria
3351 5400 3715 5474 singulorum.

2083 5487 2378 5559 Quidquid
2411 5486 2567 5541 enim
2600 5486 2746 5541 dixit
2772 5486 3079 5557 Jeremias,
3112 5492 3505 5562 reputandum
3535 5493 3619 5545 est
3634 5485 3718 5541 Za-

2082 5577 2310 5639 chariae,
2336 5581 2393 5630 et
2422 5575 2577 5646 quod
2608 5575 2892 5632 Jcremias
2925 5578 3096 5645 dixit,
3125 5584 3182 5635 ct
3212 5581 3409 5636 caateri
3446 5577 3715 5657 prophetiae

2083 5667 2256 5723 locuti
2293 5667 2454 5732 sunt,
2501 5662 2703 5734 utique
2744 5664 2987 5722 fuerunt
3038 5667 3347 5724 Zachariae.
3391 5668 3533 5732 Quia
3563 5660 3713 5735 (sicut
