3872 6170
130 356 224 420 373
1267 330 1621 397 HOMILIIE
1661 326 1766 390 DE
1806 325 1972 391 TEM
1983 328 2206 392 PORE.
2353 333 2359 340 ”
3325 322 3446 392 374

127 490 234 563 dixi)
260 483 491 543 universa
516 491 637 550 quae
688 471 942 549 Spiritus
990 468 1230 529 sanetus
1276 487 1379 543 per
1418 486 1519 525 ora
1550 486 1681 542 pro-
1713 460 1768 529 Α
1799 458 1958 523 mino
1991 465 2321 540 suscepturi
2354 456 2673 536 sunt,sicut
2692 464 2977 525 Dominus
3008 462 3092 525 eis
3115 465 3442 543 dicit:«Ego

121 560 371 657 phetarum
398 569 610 626 locutus
658 569 767 630 est.
812 567 870 619 οἱ
914 560 1255 619 communia
1304 560 1542 617 fuerunt
1571 575 1689 615 0m-
1799 567 1859 623 in
1893 567 2131 623 nomine
2159 566 2347 623 Patris
2376 567 2490 624 mei
2521 567 2671 635 veni,
2705 570 2763 623 et
2793 584 2908 623 non
2956 565 3300 639 suscepistis
3330 584 3445 623 me.

121 652 267 728 nium,
290 667 338 720 et
365 656 574 734 propria
602 652 992 727 singulorum.
1797 655 1963 712 Alius
1994 656 2184 712 veniet
2212 657 2268 711 in
2303 657 2542 713 nomino
2576 656 2868 721 suo,hunc
2901 654 3232 728 suscipietis
3265 659 3447 725 (Joan.

172 780 193 805 τι
219 756 277 811 Ei
303 744 647 818 inieri‘ogaVii
674 759 809 799 eum
842 757 1077 814 Ρνωεθεν
1103 741 1304 796 dicens
1330 756 1343 796 ε
1379 740 1467 795 Τυ
1497 755 1559 795 ΘΒ
1590 755 1690 794 P8X
1799 746 1874 817 v).
1915 747 2091 801 nBenc
2113 744 2268 801 ﬁlius
2300 745 2483 818 patris
2506 745 2796 813 eorum,id
2815 748 2905 801 est
2925 744 3083 801 {ilius
3105 743 3448 816 diaboli,qui

117 871 137 897 ι(
160 836 492 903 Judazorum?
522 831 770 890 Dicitilli
801 832 1005 887 Jesus:
1038 831 1125 885 Tu
1175 828 1341 885 dicis.
1402 852 1426 877 ››
1458 829 1688 884 Subau-
1798 839 1888 891 est
1920 839 2082 907 pater
2112 835 2498 903 corum,sicut
2529 834 2812 890 Dominus
2843 835 2926 891 eis
2957 833 3334 907 improperat,
3358 833 3448 889 di-

114 935 252 996 ditur,
281 928 403 1001 quia
428 940 525 997 ego
555 939 706 978 sum.
741 921 1073 976 Notandum
1105 922 1194 974 est
1224 919 1364 990 quia
1393 918 1501 972 hoc
1534 917 1686 989 quod
1798 941 1935 980 cens
1960 924 2130 979 :«Vos
2152 941 2219 979 ex
2250 927 2413 995 patre
2443 923 2673 979 diabolo
2705 922 3041 990 estionan,
3064 923 3205 995 VIII),
3243 946 3269 971 ››
3300 938 3445 995 quo-

113 1023 149 1078 ei
173 1021 425 1091 objectum
455 1013 634 1068 fuerat
664 1028 698 1065 a
727 1008 937 1065 scribis
967 1012 1023 1063 et
1052 1006 1496 1079 Pharismis,hoc
1512 1005 1686 1061 etiam
1798 1013 1955 1069 niam
1984 1015 2155 1084 cujus
2186 1030 2360 1086 opera
2390 1011 2522 1085 quis
2541 1012 2813 1086 agit,ejus
2834 1011 2989 1067 filius
3010 1011 3441 1078 est,Barabbas,

113 1110 288 1167 Pilatus
314 1104 628 1172 interrogat,
652 1101 851 1153 utrum
876 1096 1143 1153 videlicet
1164 1113 1224 1152 se
1252 1112 1447 1168 regem
1468 1095 1689 1151 Judaeo-
1798 1103 1846 1158 si
1877 1103 2089 1176 legitur
2117 1120 2218 1175 per
2249 1104 2363 1158 duo
2392 1120 2474 1168 φτ,
2507 1101 2926 1173 interpretatur
2970 1100 3126 1171 filius
3162 1103 3442 1172 magistri,

111 1215 207 1255 run
233 1210 344 1251 esse
369 1192 593 1256 diceret,
626 1187 775 1243 sicut
807 1186 1009 1242 scribae
1039 1189 1095 1241 et
1126 1184 1399 1240 Pharisaei
1430 1201 1563 1239 eum
1596 1201 1688 1239 ac-
1797 1192 1933 1265 quia
1965 1192 2127 1247 rabbi
2159 1190 2372 1246 dicitur
2404 1189 2701 1263 magister.
2737 1189 2797 1245 Si
2841 1192 3035 1244 autem
3084 1187 3314 1262 legatur
3340 1206 3446 1261 per

112 1284 417 1344 cusaverunt.
448 1279 557 1335 Sed
587 1276 873 1333 Dominus
905 1275 986 1330 ita
1018 1292 1194 1330 suum
1226 1273 1571 1345 temperavit
1594 1290 1685 1328 re<
1797 1299 1982 1337 unum
2035 1299 2080 1347 ν,
2132 1285 2191 1335 et
2240 1298 2340 1352 per
2396 1281 2511 1335 duo
2561 1279 2647 1345 Μ),
2681 1278 2790 1333 erit
2840 1278 3238 1350 interpretatio
3290 1279 3444 1350 ﬁlius

108 1389 352 1448 sponsum,
385 1374 446 1424 ut
466 1367 766 1424 veritatem
812 1366 1048 1431 diceret,
1082 1368 1140 1419 et
1170 1366 1365 1418 tamen
1398 1380 1589 1418 Sermo
1616 1361 1683 1416 il-
1789 1373 1967 1443 patris
1998 1387 2205 1434 eorum,
2240 1369 2376 1442 quia
2417 1369 2568 1423 abba
2626 1367 2925 1436 Hebraice,
2981 1366 3181 1423 Latine
3229 1367 3445 1422 dicitur

108 1465 191 1519 lius
213 1457 491 1517 calumniae
525 1472 639 1511 non
674 1458 917 1526 pateret.
1795 1465 1977 1533 pater,
3460 1506 3467 1511 ,

155 1576 175 1601 (ι
200 1552 255 1606 Et
282 1564 406 1605 cum
434 1547 807 1602 accusaretur
835 1560 869 1597 a
899 1540 1264 1614 principibus
1314 1541 1685 1595 sacerdotum
1870 1574 1895 1600 α
1922 1549 2140 1605 Videas
2171 1552 2368 1604 autem
2402 1547 2625 1604 Pilatus
2658 1547 2796 1619 quia
2828 1546 2969 1603 nihil
3002 1546 3323 1619 proficeret,
3340 1547 3441 1603 sed

106 1667 123 1691 ιι
144 1647 185 1697 et
208 1636 529 1702 senioribus,
566 1632 712 1689 nihil
757 1631 1079 1705 respondit.
1132 1653 1158 1679 ››
1210 1630 1564 1686 Intuendum
1598 1635 1686 1684 cst
1799 1662 1825 1688 ((
1860 1639 2048 1709 magis
2079 1637 2371 1693 tumultus
2404 1637 2584 1699 ﬁeret,
2617 1640 2853 1707 accepta
2882 1652 3275 1707 aquanmanus
3306 1634 3445 1690 lavit

102 1729 214 1803 quod
240 1726 508 1784 Dominus
527 1722 714 1779 Pilato
738 1720 1333 1793 interroganti,pauca
1356 1719 1681 1791 respondit:
1796 1752 1823 1779 ‹‹
1857 1744 2052 1784 coram
2084 1725 2319 1799 populo,
2354 1725 2556 1780 dicens
2583 1741 2597 1779 :
2634 1725 2917 1780 lnnocens
2947 1741 3051 1797 ego
3082 1740 3215 1779 sum
3246 1742 3280 1779 a
3307 1741 3441 1780 san-

102 1820 209 1887 ideo,
237 1815 359 1891 quia
387 1831 498 1871 non
528 1828 638 1869 suo
669 1810 931 1876 arbitrio,
954 1810 1055 1866 sed
1085 1808 1283 1881 populi
1316 1809 1684 1864 accusatione
1718 1836 1761 1899 Β
1798 1840 1824 1868 ‹‹
1858 1817 2034 1889 guine
2044 1814 2193 1887 justi
2218 1815 2416 1885 hujus,
2441 1830 2542 1869 vos
2566 1812 2882 1868 videritis.»
2914 1813 3153 1885 Legerat
3174 1812 3443 1869 fortassis

99 1923 195 1963 eum
214 1905 363 1961 morti
383 1901 780 1975 adjudicahat.
806 1898 1174 1971 Principibus
1214 1902 1409 1954 autem
1435 1897 1679 1953 interro-
1721 1897 1751 1899 “
1794 1904 2011 1961 Pilatus
2042 1903 2327 1974 scriptum
2360 1903 2419 1956 in
2453 1902 2720 1959 Psalmo:
2756 1926 2782 1952 ‹‹
2815 1901 3040 1957 Lavabo
3088 1901 3241 1956 inter
3282 1902 3444 1957 inno-

98 1995 332 2069 gimiibusi
366 1991 507 2048 nihii
537 1989 862 2063 respondit:
886 2005 1034 2060 quos
1059 2005 1169 2043 sua
1197 1986 1577 2059 Γοδροηδίοῐιϐ
1601 1987 1685 2041 ίη’
1792 1999 1987 2050 centes
2018 2010 2230 2049 manus
2260 2008 2423 2048 meas
2454 1992 2621 2065 (Paul.
2646 1994 2794 2060 xxv).
2822 2014 2847 2041 ››
2862 1992 2933 2046 Et
2952 1990 3080 2046 ideo
3103 1988 3289 2047 abluit
3319 2008 3444 2046 ma-

97 2084 257 2157 dignos
283 2099 401 2139 esse
420 2077 859 2153 judicabat.Vel
882 2082 1035 2133 certe
1060 2076 1189 2132 ideo
1214 2092 1328 2131 11011
1360 2074 1680 2149 respondit,
1791 2100 1924 2151 nus,
1961 2087 2025 2137 ut
2055 2098 2254 2139 exsors
2284 2080 2551 2136 videatur
2603 2098 2733 2136 esse
2783 2098 2817 2135 θ,
2866 2079 3081 2136 scelere
3131 2079 3443 2151 Dominicm

98 2191 146 2228 ne
168 2171 208 2228 Si
230 2170 600 2243 semetipsum
620 2168 800 2240 ἀίειιθ
819 2166 1197 2238 Υθεροηδίοηθ
1218 2164 1681 2238 Purgai‘ei,Uiiii-
1791 2171 2107 2245 passionis,
2142 2187 2207 2226 ac
2235 2170 2282 2225 si
2316 2169 2533 2225 diceret
2560 2171 2679 2241 Ego
2713 2168 2945 2241 (inquit)
2967 2168 3268 2225 voluieum
3299 2168 3443 2224 libe-

94 2266 156 2317 tas
178 2258 439 2333 passionis
470 2258 829 2323 diﬁ‘erretur,
863 2258 919 2310 et
964 2271 1152 2328 genus
1199 2254 1526 2310 humanum
1559 2253 1683 2311 sine
1791 2279 1919 2317 rare
1951 2265 2009 2316 et
2040 2260 2411 2315 innocentem
2446 2259 2772 2323 ostendere,
2806 2258 2907 2313 sed
2938 2258 3081 2330 quia
3110 2256 3444 2313 rebellionis

93 2350 313 2422 passione
341 2366 445 2405 sua
473 2345 692 2403 salvari
724 2361 838 2401 non
869 2347 1111 2417 poterat.
1792 2349 2012 2406 crimen
2045 2348 2189 2403 mihi
2222 2351 2422 2403 contra
2450 2348 2736 2403 Caesarem
2770 2346 3137 2419 impingitur,
3160 2363 3262 2403 vos
3290 2347 3444 2402 vide-

138 2462 158 2486 α
184 2438 274 2493 Per
294 2436 440 2492 diem
471 2440 675 2491 autem
705 2431 1028 2491 solemnem
1056 2435 1432 2488 consueverat
1470 2448 1684 2503 praeses
1791 2438 1941 2494 ritis.
1972 2440 2089 2510 Ego
2139 2437 2334 2509 legum
2392 2436 2666 2493 minister
2714 2454 2867 2505 sum,
2905 2453 3011 2492 vox
3067 2435 3196 2510 ipsa
3252 2441 3446 2492 vestra

92 2545 281 2582 «unum
333 2526 632 2581 dimittere
690 2540 758 2578 ex
803 2521 1015 2577 vinctis
1058 2537 1232 2593 quem
1276 2520 1618 2576 voluissent.
1654 2545 1676 2573 ι
1791 2527 2142 2599 sanguinem
2174 2527 2342 2581 fudit.
3382 2536 3388 2545 ·

96 2614 372 2671 Memoriam
390 2614 546 2670 enim
568 2612 763 2670 Judaei
789 2609 1153 2666 liberationis
1175 2625 1291 2665 sua:
1317 2610 1389 2664 de
1418 2610 1683 2681 rEgyptO,
1862 2639 1889 2666 ‹‹
1920 2617 1991 2671 Et
2023 2616 2381 2688 respondens
2430 2615 2739 2671 universus
2790 2614 3064 2687 populus,
3099 2614 3270 2671 dixit:
3304 2616 3445 2672 San-

94 2703 203 2760 hanc
226 2704 505 2761 habebant
535 2699 1119 2766 consuetudinem,ut
1140 2698 1199 2753 in
1220 2698 1310 2753 die
1332 2698 1474 2754 festo
1499 2714 1683 2753 unum
1794 2729 1822 2756 ‹‹
1855 2705 1987 2778 guis
2018 2706 2146 2775 ejus
2178 2720 2354 2775 super
2385 2720 2490 2758 nos
2523 2708 2579 2759 et
2608 2719 2785 2775 super
2813 2703 2964 2759 ﬁlios
2994 2707 3246 2758 nostros.
3283 2704 3446 2758 »Ηεεο

95 2790 298 2847 Vinctum
328 2810 360 2848 ἃ
388 2796 573 2848 morte
610 2787 999 2863 ei'ipel‘ent.in
1034 2788 1377 2843 memoriam
1411 2787 1687 2844 sumlibc-
1796 2793 2126 2850 maledictio
2172 2796 2502 2865 perseverat
2548 2793 2608 2847 in
2664 2791 2883 2848 Judaeis
2932 2807 3120 2864 usque
3166 2790 3357 2858 hodie,
3389 2794 3447 2845 et

93 2880 300 2949 rationis,
327 2882 560 2954 quando
595 2880 670 2935 de
698 2880 937 2951 Egypto
968 2876 1198 2933 liberati
1230 2880 1386 2933 sunt.
1797 2899 1983 2956 usque
2017 2882 2076 2937 in
2108 2882 2263 2937 diem
2286 2880 2496 2952 judicii
2526 2880 2932 2954 perseverabit.
2965 2881 3092 2937 Non
3134 2880 3291 2936 enim
3322 2879 3443 2936 suf-

144 2970 470 3026 «'liabebant
490 2973 855 3025 autemtunc
884 2983 1067 3022 unum
1090 2966 1349 3022 vinctum
1374 2966 1686 3039 insignem,
1797 2972 1918 3028 ﬁcit
1948 2972 2033 3027 eis
2063 2976 2130 3026 ut
2176 2971 2547 3043 semetipsos,
2602 2970 2703 3041 qui
2742 2974 2882 3026 tunc
2928 2968 3211 3042 temporis
3258 2972 3442 3036 erant,

97 3058 215 3129 «qui
244 3059 538 3115 dicebatur
571 3057 893 3114 Barabbas.
927 3078 955 3107 ››
1006 3056 1302 3111 Barabbas
1333 3060 1528 3111 autem
1552 3073 1689 3128 pro-
1799 3062 2167 3127 damnarent,
2216 3060 2316 3115 sed
2368 3057 2544 3115 etiam
2605 3075 2838 3114 omnem
2895 3058 3254 3133 progeniem,
3316 3074 3445 3129 quae

94 3149 185 3215 pter
203 3148 531 3204 seditionem
564 3151 632 3204 et
658 3144 1041 3202 homicidium
1074 3144 1251 3216 (sicut
1299 3144 1486 3201 Lucas
1516 3149 1692 3201 testa—
1730 3206 1764 3216 Α
1801 3151 2046 3206 necdum
2081 3153 2219 3205 nata
2239 3148 2506 3215 erat,sub
2530 3147 2637 3202 hac
2658 3146 3084 3204 maledictionis
3117 3164 3265 3203 noxa
3284 3162 3449 3203 cons-

93 3234 173 3306 ili"?
199 3235 492 3294 CODCiUSUB
524 3236 839 3293 tenebatur
865 3232 925 3289 in
958 3250 1205 3290 081‘081‘8-
1546 3306 1555 3315 υ
1724 3206 1765 3273 C
1800 3240 2139 3312 tringerent.
2175 3239 2369 3294 Manet
2398 3237 2554 3293 enim
2586 3236 2828 3310 sanguis
2858 3235 3108 3303 Domini,
3132 3237 3189 3292 id
3221 3240 3310 3293 est
3328 3235 3449 3291 vin-

143 3346 159 3371 ι
185 3325 408 3382 Sedente
458 3331 668 3383 autem
716 3323 817 3380 illa
860 3341 966 3396 pro
1012 3322 1311 3380 tribunali.
1348 3347 1376 3373 »
1408 3323 1690 3380 Tribunal
1801 3328 1957 3384 dicta
1988 3324 2235 3393 Domini,
2270 3342 2444 3398 super
2472 3326 2726 3393 Judaeos,
2760 3330 2817 3381 et
2846 3343 3023 3399 super
3052 3342 3285 3382 omnem
3314 3341 3446 3398 pro-

91 3414 150 3466 est
174 3414 320 3471 sedes
342 3414 756 3488 judicis,sicut
787 3411 1001 3470 solium
1026 3412 1195 3468 sedes
1225 3412 1397 3486 regis,
1418 3413 1694 3469 cathedra
1802 3416 2031 3490 geniem
2061 3430 2264 3470 eorum
2296 3432 2483 3485 usque
2515 3414 2572 3469 in
2605 3415 2779 3470 linem
2810 3414 3030 3470 saeculi.

92 3505 240 3557 autem
267 3505 425 3561 sedes
456 3501 757 3577 magistri.
781 3525 809 3552 «
834 3501 995 3557 Misit
1013 3503 1085 3557 ad
1116 3518 1251 3558 eum
1279 3519 1424 3557 uxor
1451 3503 1580 3573 ejus
1602 3502 1694 3557 di-
1876 3529 1903 3556 «
1937 3505 2136 3560 Jcsum
2169 3507 2362 3559 autem
2386 3502 2740 3577 ﬂagellatum
2762 3503 3001 3559 tradidit
3034 3502 3118 3559 eis
3136 3505 3203 3558 ut
3230 3502 3455 3560 cruciﬁ-

93 3611 111 3637 ει
134 3606 277 3648 cens:
306 3593 460 3649 Nihil
492 3593 609 3650 tibi
643 3596 700 3648 et
721 3592 885 3663 justo
923 3590 1041 3646 illi.
1078 3613 1107 3640 »
1137 3591 1296 3647 Tunc
1328 3591 1585 3663 primum
1612 3591 1697 3646 in-
1805 3618 1833 3645 «
1868 3598 2117 3667 geretur.
2156 3616 2182 3642 »
2216 3593 2648 3666 Inconsequens
2679 3609 2806 3649 esse
2852 3592 3100 3663 videtur,
3133 3596 3199 3648 ut
3226 3591 3324 3648 ille
3353 3591 3454 3665 qui

92 3677 260 3736 tellexit
286 3682 555 3739 diabolus
586 3699 697 3756 per
716 3680 1050 3754 passionem
1065 3680 1295 3735 Domini
1314 3696 1374 3735 se
1390 3685 1692 3752 potestate,
1807 3682 2079 3757 superius
2127 3682 2443 3738 Dominum
2496 3681 2756 3738 voluerat
2814 3681 3081 3749 liberare,
3114 3681 3288 3737 modo
3317 3692 3477 3737 eum‘

96 3782 229 3837 quam
254 3770 499 3828 habebat
520 3772 582 3827 in
610 3770 856 3836 mundo,
876 3770 1245 3842 privandum,
1268 3774 1324 3825 et
1340 3769 1697 3843 spoliis,quze
1806 3771 2205 3845 ﬁ'agellavcrit,
2240 3775 2295 3827 et
2326 3770 2684 3845 flagellatam
2734 3773 3007 3844 potestati
3045 3786 3249 3826 eorum
3273 3769 3452 3825 tradi-

96 3859 209 3926 apud
231 3860 436 3917 inferos
454 3866 513 3917 et
543 3875 732 3931 super
751 3876 852 3915 eos
870 3857 1273 3927 habebat,esse
1291 3859 1696 3932 spoliandum:
1808 3861 1975 3919 derit.
2011 3860 2172 3927 Quod
2198 3860 2429 3915 duobus
2449 3859 2640 3916 modis
2671 3858 3015 3916 solvendum
3045 3861 3162 3915 est:
3196 3858 3326 3914 ideo
3350 3859 3453 3915 ﬂa-

98 3947 265 4005 et‘ideo
294 3954 557 4024 satagere
612 3951 861 4005 conatus
909 3952 1016 4013 est,
1057 3952 1123 4002 ut
1168 3948 1376 4005 saltem
1424 3966 1529 4021 per
1566 3966 1697 4022 pas-
1808 3950 2077 4024 gellasse,
2112 3952 2175 4002 ut
2206 3947 2570 4003 satisfaceret
2600 3947 2828 4021 legibus
2860 3949 3281 4015 Romanorum,
3315 3964 3456 4019 quo-

96 4034 269 4093 sionem
298 4039 494 4096 uxoris
524 4037 704 4095 Pilati
733 4036 1046 4093 Dominum
1078 4054 1111 4092 a
1143 4041 1328 4093 morte
1358 4038 1696 4095 retraheret.
1809 4057 1941 4096 rum
1972 4037 2330 4093 consuetudo
2362 4044 2505 4107 erat,
2541 4041 2605 4092 ut
2634 4037 2685 4093 is
2716 4037 2815 4109 qui
2865 4037 3040 4093 morti
3067 4040 3223 4093 esset
3251 4036 3454 4091 addic-

99 4144 118 4171 α
141 4123 294 4181 Multa
320 4128 475 4184 enim
509 4144 701 4201 passa
729 4142 862 4182 sum
896 4124 1067 4181 hodie
1112 4142 1216 4198 per
1243 4125 1435 4181 visum
1467 4134 1702 4200 propter
1809 4135 1926 4196 tus,
1960 4126 2217 4199 primum
2250 4122 2661 4196 ﬂagellaretur,
2684 4130 2740 4180 et
2767 4126 3146 4197 postmodum
3171 4124 3457 4180 occidere-

97 4233 117 4257 ιι
138 4230 265 4271 eum.
297 4240 323 4265 ››
354 4218 704 4274 Notandum
736 4218 844 4283 est,
876 4213 1016 4286 quia
1056 4214 1374 4286 gentilibus
1422 4233 1573 4288 saepe
1603 4235 1701 4275 so-
1811 4222 1927 4273 tur.
1962 4213 2092 4271 Sive
2111 4212 2240 4268 ideo
2272 4211 2586 4284 ﬂagellavit
2616 4229 2772 4281 eum,
2808 4216 2873 4267 ut
2925 4212 3195 4268 videlicet
3239 4210 3324 4266 illi
3357 4228 3456 4268 sa-

98 4302 219 4359 mnia
245 4306 572 4364 revelantur
604 4324 642 4363 a
674 4310 808 4374 Deo,
843 4321 959 4361 non
989 4304 1064 4360 ob
1106 4321 1308 4360 eorum
1340 4306 1568 4372 merita,
1601 4308 1702 4363 sed
1811 4305 1939 4363 tiati
1980 4302 2166 4377 poenis
2221 4301 2400 4370 illius,
2461 4304 2758 4358 cessarent
2815 4300 2969 4358 ultra
3024 4303 3273 4357 mortem
3332 4300 3462 4373 ejus

97 4396 171 4447 aut
190 4412 277 4466 pro
307 4396 673 4465 futurorum,
706 4394 793 4451 vel
824 4394 1000 4450 etiam
1034 4410 1137 4465 pro
1178 4393 1403 4450 cautela
1430 4394 1702 4464 aliorum,
1813 4397 2026 4468 petere,
2061 4398 2126 4447 ut
2153 4391 2631 4465 crucifigeretur..

100 4478 213 4536 sicut
235 4483 479 4558 legimus
510 4484 1062 4542 Nabuchodonosor
1091 4483 1563 4540 distributionem
1587 4503 1705 4542 om-
1886 4507 1913 4533 ‹‹
1949 4483 2255 4539 Cohortem
2316 4482 2650 4536 universam
2709 4485 3224 4554 congregaverunt.
3270 4504 3299 4530 ››
3360 4481 3466 4537 Co-

98 4568 224 4627 niurn
252 4592 567 4647 regnorum
604 4578 774 4629 terrae
802 4571 1020 4628 vidisse
1051 4573 1211 4640 (Dan.
1245 4572 1305 4643 ιι)
1332 4588 1344 4628 :
1378 4575 1436 4628 et
1463 4573 1547 4629 sic
1573 4574 1711 4646 legi-
1748 4585 1789 4648 D
1820 4574 1959 4629 hors
1985 4577 2105 4627 erat
2139 4571 2293 4642 apud
2329 4572 2620 4625 Romanos
2652 4568 2870 4626 milites
2898 4570 3160 4643 triginta.

102 4671 201 4713 mus
232 4662 596 4722 Pharaonem
645 4660 944 4720 somnium
1001 4660 1236 4728 vidisse,
1291 4662 1446 4733 quod
1496 4662 1714 4735 Joseph
1897 4687 1923 4711 ‹‹
1961 4662 2028 4716 Et
2059 4664 2336 4715 exuentes
2369 4676 2501 4714 eum
2534 4658 2899 4715 vestimentis
2919 4658 3191 4731 propriis,
3214 4658 3473 4732 chlamy-

100 4759 202 4803 cum
230 4752 545 4821 prudenter
575 4751 978 4818 disseruisset,
1030 4748 1307 4806 dominus
1357 4752 1713 4809 constitutus
1820 4752 1953 4806 dem
1970 4749 2300 4805 coccineam
2319 4746 3476 4820 circumdederuntei.»Opprobriicausa

101 4840 167 4889 est
189 4838 240 4894 in
267 4847 415 4897 terra
442 4841 685 4915 Egypti
718 4840 870 4910 (Gen.
903 4842 1036 4905 xu).
1822 4839 2067 4896 Domino
2085 4836 2453 4909 chlamydem
2485 4838 2814 4894 coccineam
2842 4837 3353 4893 circumdederunt
3368 4852 3472 4909 pro

152 4949 173 4974 α
198 4927 484 5004 Principes
515 4934 723 4986 autem
749 4929 1115 4985 sacerdotum
1140 4933 1198 4985 et
1230 4929 1488 4987 seniores
1514 4931 1712 5003 populi
1824 4945 2085 5003 purpura
2116 4926 2296 4999 rogali
2332 4944 2343 4982 :
2379 4931 2437 4981 et
2466 4944 2568 4998 pro
2599 4943 2811 4982 corona
2861 4942 3062 4995 aurea,
3095 4942 3370 4981 coronam
3401 4927 3474 4981 de

103 5036 121 5059 ει
148 5026 544 5086 persuaserunt
576 5018 835 5092 populis,
871 5023 935 5073 ut
964 5023 1226 5090 peterent
1256 5020 1604 5087 Barabbam,
1629 5021 1718 5077 Je-
1825 5019 2010 5092 spinis
2042 5018 2449 5087 imposuerunt
2478 5014 2651 5086 capiti
2684 5013 2864 5081 illius,
2892 5018 2949 5069 et
2978 5031 3081 5086 pro
3114 5018 3340 5088 sceptro
3363 5015 3471 5070 im-

102 5124 124 5149 υ
147 5121 255 5163 sum
286 5127 412 5167 vero
471 5110 810 5184 perderent.
861 5128 890 5158 >›
952 5108 1076 5162 Non
1135 5110 1226 5162 est
1275 5109 1491 5164 mirum
1529 5111 1715 5165 Judaei
1826 5106 2048 5181 periali,
2082 5103 2429 5160 arundinem
2461 5103 2515 5158 in
2549 5121 2725 5159 manu
2756 5104 2957 5159 dextra
2984 5103 3064 5159 illi
3097 5105 3476 5161 dederuhtJn

106 5194 259 5262 quiete
284 5205 339 5254 et
367 5217 513 5273 pace
548 5202 778 5265 carent,
800 5198 900 5268 qui
934 5196 1257 5270 principem
1282 5198 1587 5254 seditionis
1607 5198 1718 5254 ele-
1825 5197 1918 5251 his
1945 5200 2138 5250 autem
2171 5193 2447 5249 omnibus
2480 5198 2687 5249 nostrae
2711 5192 2921 5249 salutis
2942 5193 3271 5251 celebratur
3293 5210 3480 5250 sacra-

104 5290 292 5357 gerunt,
323 5294 381 5345 et
410 5292 721 5345 auctorem
753 5286 937 5358 pacis,
972 5286 1029 5341 id
1080 5290 1169 5342 est
1196 5286 1509 5341 Dominum
1544 5287 1717 5341 morti
1828 5288 2113 5340 mentum.
2149 5282 2310 5347 Quod
2341 5281 2497 5336 enim
2520 5282 2803 5338 Dominus
2829 5282 3101 5340 coccinea
3126 5283 3370 5353 veste,id
3392 5288 3482 5339 est

106 5369 453 5433 tradiderunt.
1830 5376 2007 5430 rubro
2038 5371 2404 5437 vestimento,
2438 5371 2720 5440 induitur,
2747 5372 3119 5445 signiﬁcatur
3148 5378 3480 5430 nostrorum

161 5480 182 5503 ιι
208 5463 271 5517 At
299 5463 381 5519 illi
428 5466 747 5519 dixerunt:
803 5462 1148 5517 Barabbam.
1198 5484 1225 5510 »
1286 5461 1580 5517 Barabbas
1619 5465 1720 5535 qui
1831 5467 2201 5537 peccatorum
2230 5461 2558 5531 susceptio:
2594 5461 2895 5532 quoniam,
2931 5478 3066 5517 cum
3100 5461 3227 5517 sine
3248 5465 3480 5533 peccato

104 5542 488 5623 interpretatur
517 5553 675 5625 ﬁlius
689 5554 962 5620 magistri,
978 5551 1065 5607 vel
1082 5553 1257 5623 patris
1285 5568 1493 5617 corum,
1518 5556 1721 5624 typum
1831 5557 2005 5619 esset,
2041 5555 2241 5606 nostra
2272 5555 2507 5621 peccata
2538 5550 2595 5604 in
2642 5551 2956 5623 semetipso
3004 5550 3284 5622 suscepit.
3318 5548 3477 5611 Quod

106 5633 410 5699 Antichristi
438 5646 810 5713 tenet,quem
831 5640 1014 5696 Judaei
1037 5640 1096 5696 in
1128 5642 1241 5697 {ine
1266 5640 1459 5699 saeculi
1484 5658 1586 5712 pro
1620 5646 1722 5698 Do-
1835 5646 2029 5701 autem
2064 5640 2328 5712 spineam
2356 5655 2631 5696 coronam
2665 5640 2723 5696 in
2774 5639 2957 5711 capite
2989 5638 3231 5710 accepit,
3262 5636 3368 5691 hoc
3397 5633 3503 5687 si-o
