4012 6174
354 314 379 329 "
410 336 529 401 875

974 329 1380 391 HAYMONIS
1416 327 1969 425 VllALBlCllS'l‘A'l‘.
2018 325 2262 386 EPISC'.
2311 325 2481 385 OPP.
2528 327 2728 386 PARS
2774 326 2948 386 ll.—-
2981 324 3249 386 HOMIL.

3692 326 3813 385 376

409 465 821 542 gniﬁcabatur,
855 462 1009 534 quod
1041 464 1278 534 peccata
1306 463 1506 516 nostra
1536 474 1662 531 qua:
1696 474 1798 530 per
1823 456 2059 530 spineas
2089 458 2142 525 Α
2172 456 2279 514 hoc
2310 461 2419 525 est,
2454 456 2704 513 calvaria
2735 457 2943 530 ipsius,
2976 457 3179 515 eodem
3222 455 3346 512 loco
3393 454 3471 512 sit
3502 456 3810 515 tumulata.

410 554 837 627 intelliguntur,
873 552 997 625 ipse
1027 554 1181 607 esset
1212 549 1513 605 ablaturus
1544 566 1579 603 a
1608 547 1774 603 nobis
1800 562 1813 600 :
1848 552 1903 601 et
1935 564 2059 603 ma-

409 630 688 702 ledictum
722 641 877 714 quod
908 641 1096 714 primo
1140 639 1365 695 homini
1414 639 1637 693 dictum
1670 640 1791 692 est:
1826 659 1851 684 ‹‹
1885 637 2060 692 Terra

406 735 509 788 tua
541 730 741 809 spinas
771 733 829 786 et
857 729 1105 784 tribulos
1137 726 1489 801 germinabit
1517 725 1621 780 tibi
1650 727 2062 797 (Gen.lll),lpel‘

406 837 578 879 suam
610 820 943 893 passionem
978 818 1246 874 solveret.
1280 817 1442 882 Quod
1485 819 1682 870 autem
1710 814 2060 870 arundinem

405 910 465 977 in
497 911 699 966 dextra
729 926 907 965 manu
942 907 1181 971 ferebat,
1213 905 1561 977 designabat
1591 922 1653 960 se
1686 903 2059 976 sacrilegium

404 1000 740 1056 Judaorum
772 998 1044 1053 scribere.
1079 997 1206 1050 Sive
1237 994 1411 1050 etiam
1445 995 1553 1049 hoc
1598 993 2059 1067 signiﬁcabatur,

409 1089 564 1165 quod
597 1087 656 1142 in
686 1104 794 1143 sua
824 1084 1095 1158 passione
1118 1083 1390 1140 vaticinia
1414 1082 1831 1156 prophetarum
1864 1082 2064 1155 imple-

410 1178 641 1233 bantur.
676 1174 946 1232 Solemus
975 1174 1132 1229 enim
1163 1172 1384 1229 calamo
1407 1172 1754 1245 plerumque
1783 1172 2057 1228 scribere.

410 1267 479 1322 Et
509 1265 567 1322 in
602 1264 826 1320 calamo
856 1267 1138 1319 venenata
1167 1262 1447 1320 animalia
1474 1262 1703 1318 occidit.

491 1376 518 1409 α
547 1355 684 1422 Ave,
721 1371 819 1411 rex
842 1354 1200 1419 Judzsorum,
1236 1374 1265 1401 ››
1307 1351 1476 1423 quasi
1526 1351 1805 1417 dicerent,
1856 1349 1957 1422 qui
2006 1354 2064 1405 te

414 1444 611 1500 dixisti
641 1460 837 1517 regem
870 1459 998 1499 esse
1026 1442 1384 1496 Judzeorum.

486 1558 515 1584 «
545 1535 616 1590 Et
646 1535 993 1605 exspuentes
1023 1531 1082 1586 in
1115 1546 1270 1596 eum,
1305 1533 1653 1602 acceperunt
1689 1528 2060 1598 arundinem,

416 1647 445 1677 α
476 1620 967 1696 etpereutiebant
997 1624 1174 1693 caput
1202 1621 1384 1692 ejus.u
1397 1618 1585 1675 Semel
1609 1619 1716 1675 hoc
1741 1620 1959 1675 factum
1977 1624 2066 1674 est

411 1712 660 1771 Domino
692 1709 1089 1783 corporaliter,
1126 1708 1649 1782 quotidiehaeretici
1681 1708 1789 1765 hoc
1820 1708 2061 1777 faciunt,

412 1802 514 1877 qui
545 1798 888 1875 spiritaliter
908 1802 1084 1871 caput
1102 1799 1231 1871 ejus
1258 1796 1749 1871 percutiunt,etin
1768 1797 1973 1853 faciem
1996 1797 2062 1851 il-

412 1892 528 1950 lius
558 1893 800 1964 spuunt.
839 1912 868 1940 «
894 1889 1084 1962 Caput
1113 1887 1269 1943 enim
1299 1886 1515 1943 Christi
1549 1893 1700 1943 Deus
1731 1892 1838 1954 est,
1875 1891 2067 1942 ntestc

412 1982 589 2045 Paulo
620 1979 882 2054 apostolo
911 1979 957 2047 (l
985 1982 1113 2037 Cor.
1144 1979 1244 2051 χι).
1274 1981 1469 2050 Caput
1508 1994 1643 2050 ergo
1693 1976 1906 2033 Christi
1937 1994 2065 2049 per-

412 2068 840 2143 cutitquisquis
859 2069 917 2124 in
932 2067 1033 2123 illo
1051 2066 1417 2122 Divinitatem
1433 2065 1590 2123 illius
1601 2066 1851 2139 abnegat
1864 2066 2063 2135 fuisse,

406 2161 569 2218 sicut
596 2158 790 2226 Arius,
825 2157 925 2231 qui
959 2156 1101 2211 dicit
1131 2156 1344 2212 Filium
1401 2155 1690 2212 minorem
1718 2172 1846 2212 esse
1878 2156 2064 2211 Patre.

413 2250 474 2307 in
505 2249 712 2307 faciem
743 2248 922 2321 spuit,
947 2246 1220 2319 quisquis
1242 2249 1587 2319 praesentem
1612 2244 1778 2299 illum
1812 2246 1871 2299 in
1894 2262 2066 2301 carne

412 2340 741 2397 venientem
773 2336 1161 2409 denegaverit,
1194 2334 1348 2391 sicut
1387 2334 1761 2402 Manichaus,
1796 2334 1894 2406 qui
1926 2334 2070 2389 dicit

412 2446 611 2487 veram
643 2428 702 2483 in
735 2427 961 2483 Christo
992 2443 1107 2481 non
1132 2425 1313 2481 fuisse
1345 2441 1602 2481 carnem.

490 2540 519 2569 ‹‹
549 2520 619 2574 Et
648 2520 958 2590 postquam
988 2514 1301 2571 illuserunt
1321 2514 1683 2583 ei,exuerunt
1712 2512 1881 2568 illum
1908 2512 2066 2567 chla-

420 2631 447 2661 «
481 2608 672 2682 myde,
705 2610 764 2663 et
792 2605 1111 2661 induerunt
1139 2621 1275 2661 eum
1305 2602 1669 2659 vestimentis
1692 2602 2068 2671 suis,»Quan-

416 2698 517 2755 diu
548 2695 830 2753 Dominus
859 2694 1192 2752 illusionem
1224 2710 1435 2766 passus
1466 2696 1573 2759 est,
1605 2696 1662 2748 et
1688 2696 1863 2763 sputa
1890 2691 2067 2749 susti-

416 2787 565 2856 nuit,
600 2790 658 2844 et
700 2802 976 2843 coronam
1030 2784 1295 2857 spineam
1346 2784 1404 2837 in
1455 2782 1642 2854 capite
1689 2780 1915 2848 habuit,
1949 2798 2065 2837 non

417 2876 653 2951 propria
682 2875 1031 2933 vestimenta
1058 2872 1267 2929 habuit
1296 2871 1521 2940 induta,
1556 2870 1656 2926 sed
1689 2869 1900 2926 aliena.
1935 2870 2067 2926 Mox

417 2971 614 3025 autem
646 2969 711 3039 ut
739 2965 885 3022 hora
911 2960 1303 3035 despectionis
1340 2960 1596 3028 transiit,
1628 2958 1864 3033 propria
1890 2958 2065 3015 vesti-

419 3059 619 3112 menta
650 3052 987 3126 resumpsit.
1011 3050 1156 3116 Quia
1172 3051 1327 3123 quod
1356 3066 1565 3123 passus
1588 3052 1760 3115 est,et
1790 3049 1945 3121 quod
1971 3049 2067 3105 ﬂa-

414 3144 665 3219 gellatus
695 3147 804 3209 est,
837 3159 952 3200 non
995 3141 1105 3196 fuit
1155 3138 1455 3212 proprium
1506 3136 1832 3193 Divinitatis
1881 3136 2062 3193 illius.

2170 548 2330 613 Quod
2364 546 2666 620 perspicue
2701 546 2915 603 falsum
2946 550 3055 614 est,
3092 546 3230 618 quia
3257 545 3541 614 videlicet,
3567 545 3719 601 sicut
3746 547 3814 602 li-

2169 638 2272 692 bcr
2300 637 2439 692 Jesu
2472 638 2624 692 Nave
2659 638 3162 708 refert,nonjuxta
3189 635 3639 702 Jerusalem,sed
3668 636 3818 692 inter

2169 727 2400 782 Hebron
2434 732 2491 781 et
2520 726 2895 782 Cariatbarbe
2944 726 3267 782 tumulatus
3298 729 3406 781 est.
3437 724 3639 781 Verior
3681 743 3814 799 ergo

2171 833 2382 871 sensus
2412 820 2517 882 est,
2544 816 2697 888 quod
2731 816 3039 873 calvariam
3071 814 3325 871 dicimus
3346 813 3538 871 locum
3560 813 3725 870 illum
3751 831 3818 870 ex

2172 905 2596 962 consuetudine
2627 906 2907 978 antiqua:
2942 905 3231 977 siquidem
3264 908 3425 959 extra
3455 920 3659 960 omnes
3689 904 3819 959 civi-

2170 999 2319 1051 tates
2340 995 2503 1051 locus
2532 996 2864 1067 deputatur,
2897 995 2995 1050 ubi
3028 1011 3255 1051 reorum
3287 993 3479 1066 capita
3510 994 3817 1049 detrunca-

2172 1086 2404 1141 bantur.
2441 1085 2503 1140 In
2534 1085 2784 1142 calvaria
2814 1102 2949 1156 ergo
2971 1084 3050 1141 ibi
3074 1084 3493 1139 truncabantur
3520 1083 3715 1155 capita
3734 1100 3818 1139 eo-

2172 1192 2324 1243 rum,
2359 1178 2415 1230 et
2442 1178 2594 1231 recte
2626 1174 2779 1230 idem
2810 1174 2973 1230 locus
3005 1172 3263 1228 calvariae
3288 1173 3815 1244 nuncupabatur,id

2171 1268 2261 1320 est
2293 1281 2327 1320 a
2357 1263 2647 1336 capitibus
2679 1263 3189 1319 damnatorum.Et
3211 1260 3422 1317 merito‘
3444 1260 3818 1318 ibiUominus

2173 1354 2485 1409 cruciﬁxus
2514 1357 2622 1421 est,
2659 1355 2723 1407 ut
2751 1352 2830 1407 ibi
2847 1351 3011 1425 prius
3037 1350 3409 1424 erigebantur
3438 1362 3551 1406 ares
3585 1351 3821 1406 damna-

2172 1446 2387 1507 torum,
2422 1442 2500 1497 ibi
2547 1442 2909 1515 erigerentur
2955 1439 3166 1497 vexilla
3213 1439 3497 1512 martyrii.
3544 1440 3670 1508 Vel,
3723 1441 3819 1496 ubi

2174 1531 2492 1589 abundavit
2520 1530 2822 1601 delictum,
2846 1528 3344 1602 superabundavit
3373 1529 3819 1602 gratia(Rom.v).

2247 1644 2273 1671 ‹‹
2308 1622 2374 1677 Et
2407 1621 2691 1677 dederunt
2710 1619 2757 1675 ei
2775 1618 2971 1675 bibere
2992 1618 3194 1674 vinum
3217 1635 3351 1674 cum
3373 1618 3504 1675 felle
3520 1618 3819 1674 mistum.»

2174 1710 2483 1783 Impletum
2515 1713 2603 1765 est
2633 1709 2727 1765 hic
2758 1709 2912 1781 quod
2942 1725 3043 1780 per
3076 1708 3424 1781 Prophetam
3455 1708 3702 1764 dicitur:
3726 1709 3823 1764 «Et

2174 1802 2461 1856 dederunt
2490 1799 2549 1854 in
2574 1814 2767 1855 escam
2801 1814 2993 1854 meam
3026 1797 3193 1867 fel,et
3222 1798 3283 1853 in
3305 1797 3404 1853 siti
3433 1815 3565 1854 mea
3592 1803 3821 1870 potave-

2176 1894 2314 1945 runt
2344 1904 2434 1944 me
2465 1892 2623 1944 aceto
2653 1888 2829 1959 (Psal.
2884 1887 3093 1959 vam).
3129 1909 3158 1937 »
3204 1888 3368 1954 Quod
3412 1892 3598 1955 erant,
3632 1887 3744 1943 hoc
3772 1888 3822 1944 ei

2176 1979 2478 2035 dederunt.
2514 1976 2630 2049 Ipsi
2661 1976 2815 2032 enim
2846 1979 3013 2033 erant
3053 1980 3307 2043 acetum,
3340 1977 3762 2049 degenerantes
3791 1994 3824 2031 a

2172 2068 2307 2124 vino
2339 2066 2803 2140 patriarcharum
2833 2071 2890 2122 et
2920 2066 3357 2139 prophetarum,
3376 2070 3433 2121 et
3450 2083 3821 2139 nequaquam

2175 2159 2333 2216 aliud
2354 2158 2405 2214 ei
2429 2161 2695 2231 poterant
2725 2158 2862 2213 dare
2893 2174 3071 2230 quam
3106 2157 3261 2228 quod
3305 2160 3491 2212 erant.
3520 2156 3695 2219 Quod
3726 2174 3823 2212 au-

2173 2254 2293 2305 tem
2326 2247 2570 2304 dicitur:
2607 2270 2634 2297 ‹‹
2670 2248 2737 2301 Et
2765 2264 2898 2301 cum
2930 2250 3249 2318 gustasset,
3283 2245 3469 2301 noluit
3498 2245 3826 2301 bibere.»Et

2176 2356 2290 2393 non
2323 2337 2581 2409 accepit:
2616 2336 2816 2391 vinum
2849 2336 3099 2391 fellitum
3147 2336 3384 2407 quidem
3414 2335 3697 2407 gustavit,
3729 2336 3822 2391 sed

2176 2445 2290 2483 non
2322 2426 2490 2493 bibit,
2514 2430 2709 2498 aperte
2727 2426 3045 2498 designans
3068 2426 3219 2497 quod
3246 2425 3578 2497 passionem
3602 2430 3669 2480 et
3686 2442 3826 2480 mor-

2174 2522 2293 2573 tem
2323 2518 2394 2572 ad
2438 2520 2672 2588 tempus
2720 2514 2999 2588 suscepit,
3031 2514 3133 2570 sed
3174 2514 3231 2570 in
3286 2518 3569 2570 aeternum
3623 2513 3823 2570 eadem

2176 2610 2362 2662 morte
2393 2604 2577 2661 teneri
2607 2604 2815 2662 noluit.

2247 2719 2274 2746 ‹‹
2308 2697 2624 2768 Postquam
2657 2699 2852 2751 autem
2876 2692 3289 2749 cruciﬁxerunt
3318 2708 3476 2759 eum,
3502 2692 3826 2749 diviserunt

2175 2810 2203 2836 «
2235 2785 2582 2841 vestimenta
2609 2786 2757 2856 ejus,
2784 2787 3000 2840 sortem
3051 2783 3369 2839 mittentes.
3405 2805 3434 2832 »
3464 2782 3824 2838 Vestimenta

2175 2876 2412 2948 quidem
2447 2874 2673 2930 Domini
2693 2872 3230 2945 diviserunt,super
3254 2872 3516 2927 tunicam
3547 2889 3688 2929 vero
3704 2889 3822 2945 qua:

2174 2962 2543 3021 inconsutilis
2572 2966 2714 3031 erat,
2740 2967 2796 3017 et
2824 2961 3002 3017 dividi
3026 2979 3139 3017 non
3164 2965 3632 3034 poterat,sortem
3660 2963 3822 3018 mise-

2175 3057 2330 3109 runt.
2362 3052 2723 3108 Vestimenta
2744 3051 2962 3107 etenim
2990 3050 3221 3105 Domini
3255 3049 3593 3122 signiﬁcant
3613 3050 3821 3107 electos

2176 3142 2355 3198 illius.
2383 3141 2817 3213 Quadripartita
2838 3141 2995 3196 enim
3019 3140 3200 3195 vestis
3222 3139 3381 3195 illius
3403 3139 3724 3196 Ecclesiam
3739 3141 3825 3195 de-

414 3213 576 3299 ῥαοά
608 3236 805 3290 autem
838 3230 930 3287 die
962 3230 1133 3285 tertia
1181 3227 1517 3294 resurrexit,
1546 3227 1714 3298 quasi
1763 3226 2063 3297 proprium
2096 3213 2139 3279 (ἶ
2178 3232 2371 3305 signat
2401 3248 2505 3302 per
2533 3230 3026 3302 quadripertitum
3060 3229 3260 3284 orbem
3300 3227 3569 3284 divisam.
3604 3229 3823 3284 Tunica

414 3325 828 3381 vestimentum
860 3317 1202 3391 resumpsit,
1252 3334 1354 3389 per
1392 3316 1546 3388 quod
1602 3314 2064 3386 signiﬁcabatur,

417 3412 574 3483 quod
603 3411 810 3465 horam
842 3412 1090 3464 mortem
1121 3410 1247 3462 erat
1275 3408 1641 3477 gustaturus,
1664 3406 1720 3457 et
1750 3402 1961 3457 iterum
1993 3402 2064 3457 ad

417 3503 649 3571 tempus
671 3500 905 3569 peracta
922 3493 1192 3567 passione
1220 3494 1291 3548 dc
1317 3490 1583 3563 sepulcro
1606 3493 2062 3546 resurrecturus.

416 3585 664 3659 Impleta
693 3589 783 3641 est
813 3583 871 3639 in
903 3600 968 3639 eo
1000 3580 1300 3654 prophetia
1348 3597 1474 3652 qua:
1519 3578 1696 3634 dicit:
1735 3601 1762 3629 «
1799 3580 1865 3635 Ut
1895 3580 2068 3635 faciat

415 3692 564 3747 opus
596 3671 1059 3741 suum,alienum
1077 3674 1167 3725 est
1195 3687 1344 3741 opus
1365 3669 1495 3739 ejus
1520 3672 1606 3724 :ut
1634 3672 2065 3741 opercturopus

414 3781 611 3832 suum,
646 3760 1017 3836 peregrinum
1049 3762 1140 3815 est
1169 3776 1316 3831 opus
1332 3759 1460 3829 ejus
1474 3759 1544 3813 ab
1568 3775 1633 3813 eo
1664 3758 1785 3817 (Isa.
1808 3759 2063 3830 xxvm).»

412 3853 487 3909 Ut
515 3853 675 3909 enim
692 3854 1031 3925 operaretur
1051 3865 1199 3920 opus
1225 3846 1485 3915 suum,id
1511 3851 1598 3902 est
1617 3845 1865 3903 salutem
1889 3864 2062 3920 gene-

411 3943 493 3999 ris
524 3940 790 4009 humani,
824 3956 971 4013 opus
1003 3937 1159 3995 illius
1200 3936 1457 3993 alienum
1511 3935 1637 4003 fuit,
1671 3936 1810 4007 quia
1839 3938 2062 4008 passio-

411 4048 547 4089 nem
578 4046 756 4103 quam
789 4027 1044 4102 pertulit,
1076 4028 1205 4099 ejus
1238 4025 1533 4081 Divinitati
1566 4023 1756 4081 aliena
1787 4025 1915 4081 fuit.

484 4143 514 4173 «
545 4120 831 4177 Exeuntes
881 4122 1097 4186 autem,
1152 4117 1500 4172 invenerunt
1545 4114 1843 4171 hominem
1889 4115 2060 4188 Cyre-

409 4234 439 4261 α
472 4227 663 4268 naaum
696 4208 933 4266 nomine
963 4207 1287 4272 Simonem,
1319 4205 1477 4261 hunc
1514 4204 1965 4277 angariaverunt
1994 4210 2061 4261 ut

408 4324 436 4351 «
468 4300 696 4357 tolleret
723 4314 956 4357 crucem
989 4298 1136 4368 ejus.
1192 4319 1219 4345 ››
1252 4296 1376 4351 Νοιι
1408 4297 1497 4351 est
1550 4294 1879 4350 contrarius
1912 4296 2056 4350 Mat-

406 4388 595 4445 thazus
632 4388 843 4444 Joanni
893 4385 1257 4459 evangelista:
1310 4384 1411 4456 qui
1461 4381 1697 4455 scripsit
1734 4383 2055 4459 'Dominum

407 4494 641 4535 crucem
672 4475 781 4532 sibi
814 4474 1237 4547 bajulassesed
1270 4472 1717 4546 intelligendum
1749 4474 1905 4543 quod
1933 4474 2054 4545 pri-

2177 3325 2372 3377 autem
2403 3319 2561 3374 illius
2611 3318 2983 3374 inconsutilis
3032 3318 3285 3389 desuper
3332 3321 3505 3385 texta,
3540 3317 3822 3374 unitatem

2178 3409 2363 3481 ipsius
2393 3406 2660 3464 Ecclesiae
2684 3408 2972 3479 designat,
2989 3407 3127 3479 quia
3151 3405 3343 3462 omnis
3365 3406 3557 3461 unitas
3582 3407 3747 3480 regni
3768 3406 3823 3461 in

2176 3514 2411 3570 corpore
2445 3501 2658 3553 sanctae
2691 3496 2959 3552 Ecclesiae
2991 3495 3279 3552 consistit.
3314 3498 3447 3562 Quae
3496 3496 3699 3552 unitas
3715 3513 3823 3552 non

2174 3587 2434 3643 humano
2469 3584 2729 3653 arbitrio,
2757 3586 2857 3641 sed
2889 3585 3085 3640 divina
3113 3584 3550 3657 dispensatione
3583 3585 3819 3658 regitur,

2174 3695 2277 3749 per
2306 3676 2649 3731 charitatem
2697 3675 2798 3731 Dei
2846 3675 3284 3747 omnipotentis,
3328 3676 3398 3729 de
3440 3691 3558 3746 qua
3608 3674 3823 3730 Paulus

2173 3766 2472 3839 apostolus
2502 3764 2641 3821 dicit
2666 3781 2678 3819 :
2707 3788 2734 3815 «
2760 3765 2966 3820 Adhuc
2997 3763 3460 3821 excellentiorem
3484 3763 3639 3819 viam
3668 3763 3821 3819 vobis

2173 3856 2509 3912 demonstro
2543 3856 2587 3927 (I
2617 3855 2741 3911 Cor.
2777 3857 2895 3923 xu).
2930 3876 2958 3904 »
3012 3853 3146 3909 Ideo
3183 3855 3317 3925 jure
3373 3854 3576 3909 eadem
3624 3854 3821 3910 tunica

2172 3945 2424 4017 desuper
2452 3947 2722 3999 contexta
2750 3942 3109 4014 perhibetur.

2243 4055 2271 4083 «
2306 4033 2374 4087 Et
2404 4033 2810 4103 imposuerunt
2832 4048 3007 4103 super
3022 4036 3199 4104 caput
3219 4032 3347 4104 ejus
3368 4048 3608 4087 causam
3632 4031 3821 4106 ipsius

2171 4146 2197 4171 ‹‹
2229 4122 2532 4194 scriptam.
2567 4144 2594 4171 ››
2627 4123 2873 4177 Causam
2904 4119 3174 4176 videlicet
3204 4121 3410 4177 mortis
3436 4120 3612 4194 capiti
3667 4121 3820 4176 illius

2168 4210 2748 4284 superscripserunt:
2786 4234 2811 4257 ‹‹
2866 4210 2967 4264 Hic
3015 4213 3104 4265 est
3153 4226 3252 4265 rex
3297 4210 3665 4267 Judaeorum.
3704 4234 3731 4259 ››
3761 4209 3821 4265 Et

2167 4300 2528 4373 scripserunt
2556 4298 2665 4353 hoc
2692 4298 2989 4355 Hebraicis
3016 4298 3463 4367 litteris,Grzecis
3492 4302 3549 4354 et
3573 4298 3817 4363 Latinis,

2168 4394 2232 4445 ut
2261 4390 2514 4445 Joannes
2543 4386 2901 4460 evangelista
2947 4387 3089 4443 dicit
3117 4390 3295 4457 (Joan.
3328 4387 3474 4458 xxx),
3507 4387 3651 4460 quia
3688 4393 3820 4444 tunc

2164 4477 2443 4549 temporis
2475 4477 2560 4531 hac
2578 4481 2692 4532 tres
2716 4476 2925 4549 linguae
2953 4476 3349 4549 principatum
3370 4477 3643 4532 tenebant
3676 4478 3819 4532 inter

409 4582 573 4621 mum
605 4564 804 4622 exiens
835 4566 907 4622 de
954 4564 1222 4637 praetorio
1254 4579 1486 4620 erucem
1546 4561 1657 4616 sibi
1700 4562 2049 4633 portaverit:
2085 4585 2132 4650 D
2165 4567 2419 4638 reliquas
2450 4563 2701 4638 linguas.
2736 4566 3017 4621 llebraica
3046 4570 3283 4639 propter
3311 4566 3543 4622 Judazos
3571 4566 3816 4638 glorian-

409 4654 617 4713 deinde
644 4671 797 4723 vero,
833 4653 1099 4710 obviante
1147 4653 1404 4720 Simone,
1439 4650 1887 4724 angariaverunt
1918 4667 2053 4707 eum

407 4748 475 4803 ut
503 4744 730 4802 tolleret
753 4760 983 4802 crucem
1017 4742 1245 4800 Domini
1295 4756 1483 4813 usque
1514 4740 1582 4795 ad
1617 4738 1808 4794 locum
1838 4756 1954 4812 quo
1987 4742 2052 4795 ﬁ-

404 4837 597 4909 genda
625 4838 766 4903 erat,
800 4834 954 4908 quod
983 4851 1016 4890 a
1041 4848 1256 4905 magno
1288 4829 1562 4903 mysterio
1593 4845 1708 4884 non
1741 4832 1925 4885 vacat.
1962 4829 2053 4885 Si-

405 4925 645 4998 quidem
678 4925 900 4992 Simon,
932 4923 1031 4996 qui
1065 4922 1479 4994 interpretatur
1500 4917 2054 4991 obcdiens,gentilem

404 5014 685 5088 populum
717 5014 1003 5085 designat.
1030 5012 1193 5068 Unde
1220 5012 1365 5066 bene
1393 5012 1698 5082 Cyrenaeus
1725 5008 1906 5065 fuisse
1919 5008 2056 5073 dici-

402 5109 520 5168 tur,
554 5101 655 5174 qui
687 5100 871 5157 haeres
900 5099 1489 5173 interpretatur.Nam
1513 5098 1583 5153 de
1612 5097 1814 5169 gentili
1836 5097 2053 5169 populo

401 5210 437 5247 a
466 5194 579 5245 Deo
610 5193 779 5243 Patre
809 5189 951 5245 li‘ilio
984 5188 1445 5262 repromittitur:
1475 5210 1502 5237 ‹‹
1533 5187 1689 5243 Dabo
1722 5187 1825 5242 tibi
1849 5191 2050 5259 gentes

402 5277 799 5333 hereditatem
832 5282 1014 5344 tuam,
1040 5282 1098 5333 et
1116 5278 1549 5351 possessionem
1576 5281 1736 5332 tuam
1770 5276 2050 5332 terminos

402 5370 567 5423 terra:
601 5366 770 5437 (Psal.
801 5369 883 5436 ιι).
922 5389 949 5415 ››

478 5478 499 5505 α
533 5459 599 5510 In
630 5454 824 5511 locum
857 5455 955 5527 qui
1012 5454 1226 5511 dicitur
1252 5455 1558 5529 Golgotba,
1592 5455 1746 5527 quod
1799 5458 1888 5509 est
1917 5454 2047 5510 Cal-

404 5567 432 5595 ‹‹
460 5543 628 5601 variae
659 5543 880 5601 locus.»
903 5544 1149 5608 Quidam
1180 5545 1372 5602 locum
1404 5543 1673 5601 Calvaria:
1701 5543 1922 5599 dictum
1950 5561 2050 5600 au-

398 5638 634 5697 tumant
664 5652 696 5691 a
726 5631 1027 5707 sepultura
1056 5632 1229 5706 primi
1261 5633 1542 5707 parentis,
1570 5648 1636 5688 eo
1668 5632 1820 5703 quod
1853 5638 2043 5705 caput,

2163 4660 2251 4711 tes
2284 4655 2342 4709 in
2375 4655 2518 4727 lege.
2552 4658 2748 4711 Graeca
2779 4660 2976 4711 autem
3012 4659 3252 4727 propter
3280 4654 3587 4727 gentilium
3623 4655 3812 4724 philo-

2163 4743 2401 4816 sophos,
2434 4743 2642 4799 Latina
2674 4748 2868 4799 autem
2908 4748 3147 4816 propter
3196 4744 3515 4812 Romanos,
3546 4745 3648 4816 qui
3679 4750 3813 4800 tunc

2163 4832 2443 4906 temporis
2474 4833 2749 4889 omnibus
2779 4833 3053 4906 gentibus
3084 4832 3472 4906 imperabant.
3498 4833 3693 4895 Velint
3722 4849 3812 4888 no-

2164 4921 2271 4978 lint
2300 4921 2509 4988 Judaei,
2540 4922 2733 4978 omnis
2762 4921 2965 4994 lingua
2989 4926 3047 4978 et
3092 4922 3286 4978 omnis
3318 4922 3475 4977 natio
3507 4924 3846 4979 conﬁtetur.

2165 5012 2319 5083 quod
2351 5010 2524 5067 Jesus
2554 5015 2643 5066 est
2672 5027 2771 5066 rex
2798 5010 3158 5079 Judaaorum,
3181 5010 3290 5068 hoc
3319 5014 3429 5082 est,
3463 5010 3729 5067 omnium
3754 5010 3808 5063 in

2164 5117 2226 5157 se
2257 5099 2620 5156 credentium
2650 5103 2707 5155 et
2736 5116 2797 5156 se
2830 5100 3257 5155 conﬁtentium.

2230 5214 2257 5241 ‹‹
2292 5191 2453 5245 Tunc
2486 5188 2744 5245 cruciﬁxi
2778 5193 2919 5245 sunt
2949 5206 3083 5245 cum
3114 5207 3180 5246 eo
3210 5190 3326 5247 duo
3356 5188 3631 5257 latrones,
3657 5204 3808 5245 unus

2160 5304 2187 5331 «
2222 5296 2255 5334 a
2286 5278 2524 5345 dextris,
2548 5282 2605 5334 et
2631 5294 2786 5333 unus
2816 5296 2850 5333 a
2884 5278 3162 5334 sinistris.
3182 5280 3397 5335 »Juxta
3425 5278 3680 5335 litteram
3704 5278 3809 5332 im-

2158 5365 2377 5437 pletum
2413 5369 2501 5420 est
2530 5364 2696 5434 illud,
2731 5366 2884 5437 quod
2918 5382 3017 5437 per
3048 5366 3392 5438 prophetam
3426 5365 3715 5422 diciturm
3746 5365 3807 5419 Et

2158 5472 2293 5511 cum
2325 5453 2545 5525 iniquis
2593 5454 2907 5525 deputatus
2960 5458 3049 5509 est
3094 5455 3221 5523 (Isa.
3258 5458 3399 5527 Lm).
3437 5478 3465 5505 ››
3496 5451 3807 5525 Allcgorice

2158 5548 2352 5600 autem
2383 5543 2497 5598 duo
2517 5541 2791 5611 latrones,
2817 5544 3072 5616 quicum
3098 5543 3345 5600 Domino
3365 5542 3621 5600 cruciﬁxi
3644 5544 3804 5605 sunt,

2171 5632 2504 5705 signiﬁcant
2537 5631 2651 5689 duo
2682 5649 2893 5703 genera
2931 5632 3257 5702 hominum,
3293 5634 3393 5706 qui
3445 5634 3557 5691 sub
3587 5630 3806 5688 confes-
