4012 6174
256 343 364 403 377

1492 338 1846 399 {lOMlLUE
1880 338 1990 399 DE
2033 339 2429 399 TEMPORE.

3543 340 3660 402 378

259 476 415 534 sione
446 472 704 533 nominis
760 472 995 541 Christi,
1039 472 1125 530 vel
1174 489 1418 547 agonem
1465 473 1748 547 martyrii,
1809 472 1895 529 vel
1925 472 1981 542 Α
2010 472 2175 530 nium
2203 472 2404 529 fuisse.
2434 473 2514 528 Ne
2544 474 2741 529 autem
2772 471 2887 530 ista
2917 470 3399 530 solisobscuritas
3420 478 3657 547 repente

260 566 517 623 arctioris
546 564 674 620 vita:
707 563 975 619 instituta
1005 564 1278 619 subeunt.
1313 562 1399 618 Illi
1432 563 1588 618 enim
1631 562 1731 635 qui
1773 562 1896 619 solo

259 655 471 712 intuitu
520 652 1011 710 remunerationis
1062 669 1240 725 super
1278 669 1340 709 se
1372 651 1515 708 talia
1562 657 1894 721 assumunt,

259 746 424 803 laude
452 749 509 800 et
538 743 745 800 merito
777 744 978 798 dextro
1008 742 1219 815 latroni
1243 747 1639 815 comquantur.
1676 742 1760 797 Illi
1795 759 1896 797 au-

259 840 369 891 tem
400 835 503 907 qui
537 832 797 906 qualibet
827 830 940 888 alia
965 848 1161 899 causa,
1195 831 1284 886 vel
1317 848 1563 904 agonem
1614 830 1896 903 martyrii,

256 923 338 982 vel
367 922 632 981 arctioris
663 921 789 999 vita:
820 921 1090 977 instituta
1123 920 1364 988 ducunt,
1397 920 1624 977 sinistri
1652 920 1900 975 latronis

257 1013 498 1089 perﬁdia
529 1012 934 1084 designantur,
967 1010 1067 1082 qui
1099 1012 1209 1066 sub
1240 1010 1605 1066 confessione
1643 1009 1900 1065 nominis

257 1103 486 1173 Christi,
519 1102 621 1159 sed
654 1119 769 1157 non
801 1100 1168 1157 amoreillius
1183 1098 1901 1157 arctiorisvitminstitutta

260 1195 528 1251 subeunt.

325 1306 353 1334 «
386 1284 809 1339 Praetereuntes
839 1284 1035 1336 autem
1074 1279 1632 1353 blasphemaverunt
1681 1296 1835 1334 eum.
1868 1300 1896 1330 ››

262 1374 673 1430 Praetereuntes
705 1371 1004 1437 dicuntur,
1034 1370 1174 1442 quia
1204 1369 1608 1442 praeterierunt
1623 1368 1821 1436 vitam,
1842 1369 1899 1423 id

263 1466 342 1519 est
370 1461 692 1532 Christum,
722 1464 1020 1516 moventes
1069 1458 1259 1530 capita
1311 1476 1418 1514 sua
1456 1463 1659 1514 contra
1702 1458 1900 1514 Domi-

263 1570 418 1619 num,
451 1551 553 1624 qui
585 1550 751 1623 prius
782 1552 1086 1605 moverant
1122 1549 1298 1620 pedes
1328 1565 1362 1604 a
1413 1547 1759 1605 rectitudine
1798 1547 1900 1604 vite

256 1638 510 1712 justitiae.

329 1728 515 1785 «Alios
527 1728 719 1785 salvos
729 1728 883 1797 fecit,
899 1727 1159 1801 seipsum
1174 1745 1288 1784 non
1302 1730 1495 1801 potest
1514 1726 1742 1783 salvum
1756 1728 1903 1783 face-

263 1843 289 1869 ‹‹
318 1836 394 1876 re.
432 1841 459 1868 »
478 1817 1902 1915 VelintnolintJudaeiconﬁtenturqupdDominus
1930 1852 1978 1915 Β

259 1908 598 1966 Jesusalios
626 1907 818 1963 salvos
849 1908 1000 1975 fecit,
1033 1907 1141 1963 Sed
1174 1907 1313 1979 quia
1342 1907 1488 1963 alios
1520 1906 1655 1962 fecit
1684 1906 1894 1974 salvos,

262 2014 623 2069 consequens
654 2001 819 2053 estut
832 1996 1006 2052 etiam
1021 1995 1403 2067 semetipsum
1417 1995 1643 2051 salvum
1669 1995 1839 2051 faciat
1851 1996 1901 2053 si

260 2087 516 2143 vult.Sed
540 2086 591 2143 si
623 2086 910 2143 Dominus
937 2089 1076 2141 tunc
1109 2084 1902 2158 temporisinilloruminsul-

258 2177 469 2233 tatione
499 2177 571 2231 de
601 2176 1177 2243 crucedescenderet,
1202 2174 1381 2231 etiam
1396 2175 1628 2231 illorum
1660 2175 1904 2232 insulta-

262 2266 522 2323 tionibus
552 2266 785 2336 cedens,
800 2265 1076 2321 virtutem
1092 2264 1381 2336 patientiae
1410 2265 1580 2322 nobis
1606 2285 1720 2324 non
1735 2283 1901 2323 mon-

260 2359 482 2412 straret.
517 2354 630 2411 Sed
662 2353 945 2411 sustinuit
974 2353 1262 2409 Dominus
1291 2354 1903 2426 probra,etirrisiones

259 2444 513 2518 pertulit.
547 2443 685 2500 Plus
716 2445 873 2500 enim
905 2443 1059 2511 fecit,
1094 2443 1195 2515 qui
1230 2443 1299 2499 de
1329 2461 1500 2500 cruce
1531 2446 1718 2502 noluit
1738 2447 1903 2503 vivus

258 2533 624 2599 descendere,
658 2534 729 2589 de
758 2532 1026 2605 sepulcro
1065 2532 1317 2588 surrexit
1365 2536 1652 2602 mortuus,
1702 2540 1759 2591 et
1788 2554 1902 2592 non

258 2624 627 2680 crediderunt
656 2622 729 2678 ei.
763 2623 900 2677 Plus
933 2622 1088 2678 enim
1121 2621 1231 2676 fuit
1263 2623 1331 2677 de
1363 2628 1547 2679 morte
1574 2641 1898 2699 resurgere,

258 2730 428 2785 quam
465 2713 537 2768 de
568 2728 738 2768 cruce
769 2710 964 2768 vivens
989 2711 1361 2767 descendere.

323 2826 351 2853 ‹‹
388 2803 655 2874 Idipsum
687 2805 885 2858 autem
915 2805 972 2857 et
997 2800 1388 2874 latronesqui
1437 2803 1696 2860 cruciﬁxi
1739 2811 1906 2863 erant

259 2915 285 2943 α
322 2908 458 2947 011111
490 2907 579 2959 00,
612 2890 1092 2963 improperabant
1119 2891 1193 2946 ei.
1230 2872 1406 2946 »Ἠοο
1454 2894 1904 2965 synecdochicos

256 2980 703 3052 intelligendum
726 2982 832 3035 est.
866 2978 990 3034 Non
1017 2979 1174 3034 enim
1204 2983 1451 3053 uterque
1482 2981 1628 3038 latro
1659 2983 1904 3041 Domino

257 3067 574 3136 insultavit,
608 3069 710 3125 sed
740 3067 1089 3125 sicutLucas
1102 3068 1694 3143 distinctiusloquens
1719 3073 1906 3129 mani-

264 3158 451 3224 festat,
487 3174 605 3213 uno
648 3157 707 3213 in
752 3157 1121 3230 blasphemia
1167 3164 1589 3230 perseverante,
1643 3160 1787 3218 alter
1834 3164 1905 3219 de

2007 566 2065 619 et
2093 562 2289 619 subita
2320 562 2500 618 fuisse
2531 562 2784 630 dicatur,
2820 581 2935 618 non
2964 562 3158 619 solum
3191 580 3308 619 una
3356 563 3519 632 hera,
3554 566 3657 621 sed

2007 652 2183 709 etiam
2214 652 2402 708 tribus
2432 652 2592 709 horis
2623 652 2909 725 protelata
2938 656 3047 720 est,
3082 654 3138 708 id
3171 657 3259 709 est
3287 656 3495 709 asexta
3515 654 3659 710 hora

2008 758 2195 813 usque
2225 743 2298 797 ad
2330 758 2547 797 nonam
2576 741 2803 797 horam.
2837 743 3202 798 Credendum
3231 758 3364 798 vero
3391 746 3479 799 est
3501 744 3657 815 quod

2009 830 2160 886 sicut
2191 830 2276 886 sol
2310 848 2486 903 super
2514 835 2700 888 terras
2731 831 3149 888 obscuritatem
3178 848 3388 903 passus
3421 837 3531 901 est,
3574 832 3659 889 ita

2008 920 2181 977 etiam
2216 920 2355 975 luna
2384 920 2494 975 sub
2518 920 2688 976 terris
2702 919 3060 976 radioslucis
3091 938 3209 977 51133
3224 921 3660 977 abstraxit.Im-

2008 1009 2165 1081 pleta
2197 1014 2287 1065 est
2319 1008 2417 1067 hic
2450 1007 2759 1081 prophetia
2786 1008 2964 1065 Joelis
2996 1010 3272 1066 dicentis:
3321 1034 3349 1061 ‹‹
3382 1011 3476 1066 Sol
3523 1028 3661 1068 con-

2008 1104 2265 1155 vertetur
2294 1098 2354 1153 in
2384 1099 2701 1167 tenebras,
2727 1102 2783 1155 et
2831 1098 2973 1154 luna
3022 1099 3080 1154 in
3119 1100 3466 1173 sanguinem
3498 1102 3657 1174 (Joel.

2009 1189 2089 1260 11).
2127 1188 2476 1245 »Subtraxit
2504 1191 2699 1244 autem
2731 1188 2926 1244 radios
2965 1206 3125 1259 suos,
3172 1206 3243 1245 ne
3267 1189 3356 1245 vel
3407 1190 3661 1247 morien-

2008 1282 2126 1335 tem
2149 1278 2463 1334 Dominum
2497 1294 2673 1333 suum
2704 1277 2763 1333 in
2795 1295 2967 1334 cruce
2996 1278 3248 1334 videret:
3302 1279 3422 1336 sive
3462 1279 3660 1351 etiam,

2009 1372 2074 1424 ut
2099 1367 2284 1424 Judaei
2316 1367 2569 1423 ministri
2602 1366 3168 1438 iniquitatislumine
3194 1366 3354 1424 illius
3372 1386 3488 1425 non
3510 1370 3663 1425 frue-

2010 1463 2231 1514 rentur.

2083 1571 2110 1598 ‹‹
2143 1549 2213 1603 Et
2259 1546 2414 1602 circa
2461 1545 2665 1601 heram
2716 1562 2933 1601 nonam
2978 1546 3253 1603 clamavit
3299 1548 3471 1604 Jesus
3524 1566 3664 1605 voce

2011 1661 2039 1689 ‹‹
2074 1653 2305 1710 magna,
2358 1636 2586 1692 dicens:
2638 1634 2748 1705 Eli,
2799 1635 2910 1705 Eli,
2960 1634 3181 1692 lamma
3219 1637 3601 1694 sabachtani?
3634 1661 3661 1688 »

2011 1728 2170 1785 Sicut
2200 1726 2382 1795 sitire,
2416 1724 2714 1791 etlassari,
2745 1725 3069 1781 ctdormire
3095 1743 3211 1782 non
3243 1730 3332 1783 est
3352 1727 3655 1799 proprium

2012 1816 2362 1881 Divinitatis,
2395 1816 2496 1872 sed
2527 1815 2915 1871 humanitatis
2955 1815 3037 1871 ita
3067 1815 3243 1871 etiam
3294 1814 3417 1871 hac
3446 1833 3552 1872 vox
3596 1834 3665 1873 ex

2008 1910 2173 1979 parte
2193 1905 2583 1961 humanitatis
2596 1905 2901 1977 processit,
2917 1921 3033 1960 non
3047 1921 3115 1959 ex
3129 1908 3292 1977 parte
3306 1905 3661 1962 Divinitatis.

2010 1998 2155 2052 Nam
2188 1996 2516 2051 secundum
2547 1994 2919 2050 Divinitatem
2961 2011 3265 2066 nunquam
3314 1993 3667 2067 relinquitur

2011 2103 2045 2141 a
2074 2087 2260 2154 Patre,
2294 2084 2620 2140 secundum
2650 2100 2782 2139 vero
2795 2083 3227 2139 humanitatem
3245 2085 3315 2139 ad
3336 2087 3570 2156 tempus
3588 2084 3667 2139 vi-

2011 2193 2115 2231 sus
2142 2178 2232 2231 est
2261 2173 2586 2245 derelinqui
2620 2191 2654 2228 a
2685 2175 2872 2239 Patre,
2915 2173 3150 2245 quando
3199 2173 3527 2245 permissus
3576 2178 3667 2231 est

2012 2264 2169 2320 cruci
2201 2264 2381 2336 afﬁgi.
2416 2265 2484 2319 Et
2513 2262 2670 2318 enim
2702 2261 2918 2317 dicitur
2947 2263 3109 2331 Deus,
3142 2280 3180 2330 l,
3212 2279 3395 2319 meus:
3424 2262 3663 2332 lamma,

2012 2363 2072 2410 ut
2099 2354 2267 2428 quid?
2297 2351 2659 2420 sabachtani,
2692 2350 3020 2425 ἀρνειηοδεὶ
3046 2368 3151 2408 me.

2085 2467 2112 2493 ‹‹
2146 2443 2330 2499 Ε110111
2360 2446 2527 2499 vocat
2547 2442 2676 2498 iste.
2714 2464 2740 2491 »
2774 2442 2890 2497 Hoc
2910 2442 3289 2510 noandaaos,
3322 2443 3423 2498 sed
3451 2443 3663 2499 Roma-

2014 2552 2121 2591 nos
2151 2532 2545 2590 intelleximus
2577 2531 2793 2588 dixisse
2815 2531 3052 2600 milites,
3073 2522 3213 2603 quia
3234 2548 3350 2587 non
3381 2531 3667 2607 intellige-

2013 2625 2155 2679 bant
2167 2623 2508 2680 Hebraicam
2525 2622 2963 2694 proprietatem.
2996 2622 3103 2675 Sed
3120 2622 3169 2676 si
3186 2620 3319 2692 quis
3350 2623 3670 2678 contentio-

2015 2732 2118 2771 sus
2147 2713 2449 2779 exstiterit,
2492 2716 2549 2766 et
2578 2710 2788 2766 dixerit
2834 2727 2948 2765 non
2976 2727 3011 2765 a
3063 2710 3370 2779 Romanis;
3411 2712 3513 2767 sed
3562 2729 3667 2783 po-

2013 2803 2132 2859 tius
2163 2819 2197 2858 a
2222 2801 2441 2857 Judaais
2469 2800 2693 2855 dictum
2707 2798 2909 2864 fuisse,
2925 2815 3040 2857 non
3054 2799 3287 2854 aberrat
3318 2799 3663 2870 aﬁdezquo-

2016 2892 2175 2948 niam
2210 2907 2370 2947 more
2402 2888 2572 2946 solito
2602 2887 2889 2961 quidquid
2923 2888 3141 2944 diceret
3170 2887 3475 2955 Dominus,
3492 2889 3665 2945 adin-

2018 2980 2255 3037 famiam
2283 2979 2730 3051 detorquebant.

2088 3092 2116 3119 «
2153 3070 2220 3124 Et
2258 3068 2532 3124 continuo
2583 3083 2825 3122 currens
2876 3083 3029 3121 unus
3087 3082 3156 3121 ex
3210 3066 3315 3135 eis,
3364 3069 3664 3139 acceptam

2019 3182 2046 3210 ‹‹
2077 3156 2382 3231 spongiam
2411 3155 2672 3228 implevit
2699 3160 2885 3224 aceto,
2918 3155 3578 3227 etimposuitarundini,
3608 3159 3667 3212 et

266 3262 426 3301 cruce
454 3244 777 3317 increpavit
804 3226 1203 3311 eum,dieens—:
1238 3226 1628 3319 «Nunquidet
1658 3249 1907 3307 tutimes
1938 3226 1980 3293 (ἶ
2024 3268 2051 3301 α
2082 3226 2259 3303 dabat
2289 3246 2339 3301 ei
2370 3226 2588 3302 bibe—re.
2626 3269 2647 3297 ι
2698 3245 2861 3309 Quod
2907 3226 3093 3312 erant,
3145 3243 3256 3300 hoc
3306 3244 3355 3300 ei
3387 3245 3666 3317 propina-

268 3335 463 3398 Deum,
500 3335 655 3407 quod
690 3334 747 3389 in
783 3335 985 3391 eadem
1018 3334 1395 3391 damnatione
1416 3336 1517 3391 es?
1536 3341 1651 3394 Nos
1670 3337 1906 3411 quidem

271 3424 437 3497 digna
466 3424 633 3480 factis
666 3425 1013 3497 recepimus,
1049 3423 1143 3479 hic
1174 3428 1367 3481 autem
1401 3426 1539 3497 quid
1575 3427 1745 3484 fecit?
1779 3451 1806 3478 »
1837 3430 1908 3485 Et

272 3530 573 3571 conversus
603 3514 675 3569 ad
699 3514 923 3583 Jesum,
948 3513 1169 3569 dixit:«
1184 3514 1473 3571 Memento
1489 3517 1621 3585 mei,
1638 3517 1903 3588 Domine,

272 3602 402 3659 dum
428 3602 656 3659 veneris
688 3602 746 3657 in
779 3618 1025 3674 regnum
1058 3607 1225 3658 tuum
1254 3605 1389 3673 (Luc
1416 3605 1597 3675 xxm).
1630 3625 1656 3657 »
1693 3607 1905 3664 Possu-

270 3707 392 3747 mus
420 3697 616 3748 autem
651 3692 865 3759 dicere,
882 3692 1038 3763 quod
1052 3692 1309 3763 primum
1321 3692 1559 3765 quidem
1574 3699 1816 3768 uterque
1829 3697 1908 3753 la-

272 3784 351 3836 tro
362 3782 670 3837 Dominum
684 3780 1210 3853 blasphemaverat,
1227 3783 1349 3850 sed,
1364 3783 1488 3839 visa
1501 3784 1906 3857 magnitudine

272 3868 583 3943 signorum,
596 3871 1008 3927 obscuratione
1019 3870 1439 3928 videlicetsolis
1450 3876 1905 3937 etcemmotione

276 3960 442 4028 terrae,
473 3964 530 4015 et
566 3960 869 4032 apertionc
918 3959 1343 4032 sepulcrorum,
1395 3979 1551 4019 unus
1597 3965 1904 4021 confestim

276 4048 659 4118 paenitentiam
691 4048 894 4122 egerit,
927 4049 1074 4105 alter
1101 4066 1234 4106 vero
1251 4049 1309 4105 in
1328 4050 1696 4124 blasphemia
1717 4071 1905 4126 perse-

274 4139 486 4193 verarit.

339 4250 362 4274 u
393 4229 437 4282 A
465 4231 627 4283 sexta
657 4231 857 4283 autem
889 4227 1032 4284 hora
1062 4228 1314 4284 tenebrae
1346 4228 1507 4285 facta:
1561 4234 1700 4286 sunt
1730 4249 1906 4306 super

274 4335 299 4361 (ι
332 4316 650 4373 universam
708 4320 948 4381 terram,
1004 4333 1191 4388 usque
1242 4317 1314 4372 ad
1345 4316 1550 4374 horam
1602 4337 1836 4377 nonam.
1872 4344 1900 4374 »

274 4401 431 4459 Sexta
457 4404 602 4461 hora
629 4404 915 4461 Dominus
944 4405 1258 4461 cruciﬁxus
1287 4410 1397 4474 est,
1429 4410 1755 4463 secundum
1785 4414 1902 4466 tres

274 4493 661 4565 evangelistas.
696 4494 843 4549 Nam
875 4494 1031 4566 quod
1064 4492 1613 4552 Mareusconﬁrmat
1632 4513 1767 4552 eum
1793 4502 1903 4554 ter-

2018 3339 2178 3409 bant,
2212 3336 2354 3409 quia
2374 3336 2500 3407 jam
2533 3352 2567 3391 a
2596 3334 2730 3390 vino
2761 3335 3275 3408 degeneraverunt,
3308 3332 3368 3389 id
3396 3337 3487 3390 est
3516 3351 3551 3390 a
3570 3334 3669 3391 bo-

2018 3427 2111 3483 nis
2142 3426 2417 3499 operibus
2447 3423 2914 3497 patriarcharum
2944 3426 3001 3480 et
3015 3422 3455 3496 prophetarum.
3488 3423 3668 3495 Spon-

2019 3516 2116 3591 gia
2144 3531 2457 3572 cavernesa
2487 3513 2779 3586 significat
2827 3529 2926 3569 cor
2970 3512 3309 3569 Judeorum
3357 3511 3668 3567 malitiosis

2019 3605 2327 3663 fraudibus
2357 3603 2617 3676 plenum.
2653 3603 2952 3675 HysSOpus
2986 3605 3182 3658 autem
3215 3600 3398 3657 herba
3425 3599 3671 3656 humilis

2018 3699 2074 3751 et
2103 3696 2307 3767 pectus
2338 3710 2615 3766 purgans,
2668 3691 3060 3748 humilitatem
3113 3688 3328 3746 Christi
3378 3689 3666 3762 designat.

2018 3784 2279 3857 Hyssope
2297 3782 2810 3837 circumdederunt
2827 3781 3156 3853 spongiam,
3180 3780 3460 3853 quoniam
3482 3777 3671 3835 humi-

2016 3871 2240 3928 litatem
2282 3870 2495 3927 Christi
2536 3870 3074 3931 circumdederunt:
3108 3874 3164 3926 et
3213 3869 3669 3926 circumvenisse

2016 3964 2385 4035 putaverunt,
2419 3959 2787 4031 quamvariis
2812 3959 3665 4016 fraudibuscircumdederunt.

2017 4051 2290 4107 Calamus
2322 4053 2518 4104 autem
2550 4049 2610 4104 in
2642 4065 2758 4120 quo
2772 4048 2963 4120 posita
2978 4052 3068 4104 est
3080 4048 3347 4120 spongia,
3373 4046 3670 4119 signiﬁcat

2015 4140 2375 4212 Scripturam
2403 4155 2528 4209 quae
2559 4138 2669 4193 hoc
2703 4138 2852 4194 facto
2884 4136 3257 4208 implebatur.

2087 4253 2115 4279 ‹‹
2148 4230 2319 4285 Jesus
2351 4232 2545 4282 autem
2576 4226 2789 4281 iterum
2822 4225 3081 4281 clamans
3101 4239 3240 4280 voce
3269 4238 3505 4295 magna,
3529 4224 3669 4278 emi-

2017 4340 2044 4368 ‹‹
2078 4318 2155 4373 sit
2185 4316 2484 4389 spiritum.
2523 4337 2550 4364 ››
2583 4314 2801 4369 Divina:
2828 4314 3133 4385 potestatis
3172 4310 3666 4382 indicium,spiri-

2014 4411 2139 4461 tum
2170 4402 2454 4461 emisisse.
2487 4403 2667 4458 Nemo
2691 4402 2849 4457 enim
2882 4406 3071 4473 potest
3105 4401 3379 4473 spiritum
3405 4398 3670 4455 emittere

2014 4495 2126 4551 nisi
2144 4494 2378 4550 Greater
2392 4492 2654 4549 omnium
2676 4490 3010 4563 spirituum.
3035 4489 3317 4561 Spiritum
3350 4491 3546 4545 autem
3559 4504 3663 4560 pro

270 4578 346 4636 tia
372 4581 509 4639 hora
537 4599 666 4639 esse
695 4581 1058 4652 cruciﬁxum,
1091 4584 1165 4639 ad
1194 4600 1363 4640 voces
1382 4585 1716 4643 Judmorum
1732 4587 1903 4644 debe-
1938 4598 1984 4662 D
2016 4584 2213 4641 anima
2241 4582 2452 4655 posuit,
2487 4580 2626 4652 quia
2656 4580 2853 4637 anima
2881 4579 3082 4652 utique
3114 4576 3438 4651 spiritualis
3454 4582 3668 4633 natura

270 4685 395 4727 mus
422 4672 731 4745 respicere,
760 4690 1013 4746 quorum
1042 4673 1284 4731 vocibus
1311 4674 1482 4729 tertia
1526 4675 1671 4731 hora
1716 4678 1903 4733 cruci-

272 4759 409 4816 ﬁxus
435 4766 542 4818 est.
574 4763 725 4819 Bene
754 4766 951 4819 autem
999 4763 1282 4819 Dominus
1314 4767 1477 4818 sexta
1523 4764 1668 4821 hora
1716 4768 1907 4823 cruci-

271 4847 409 4904 ﬁxus
433 4849 667 4923 legitur,
711 4849 992 4923 quoniam
1043 4852 1247 4907 eadem
1293 4850 1437 4907 hora
1482 4852 1733 4926 legimus
1781 4856 1905 4928 pri-

272 4952 423 4992 mum
451 4937 752 4995 hominem
796 4939 857 4994 in
887 4940 1158 5013 paradiso
1207 4956 1506 5011 peccasse:
1556 4947 1614 4998 et
1657 4943 1903 5016 dignum

272 5029 384 5079 erat
410 5031 472 5081 ut
501 5043 605 5100 per
623 5028 960 5100 passionem
984 5026 1112 5083 Filii
1134 5026 1235 5083 Dei
1266 5029 1469 5085 eadem
1492 5030 1637 5087 hora
1658 5032 1907 5090 redime-

274 5116 435 5169 retur.
467 5116 715 5182 Quidam
733 5117 1259 5189 autem,contraria
1284 5118 1509 5174 veritati
1527 5121 1907 5179 sanctiEvan-

272 5200 395 5271 gelii
422 5204 833 5279 intelligentes,
867 5206 1071 5263 dicunt
1107 5206 1371 5264 naturale
1402 5208 1543 5265 solis
1573 5209 1899 5282 deliquium

275 5293 598 5366 contigisse,
630 5297 785 5368 quod
818 5312 934 5353 non
966 5294 1357 5369 intelligentes
1404 5298 1673 5368 apostoli,
1725 5317 1904 5373 super

275 5376 487 5437 Domini
518 5385 854 5456 passionem
868 5384 1230 5457 interpretati
1244 5389 1402 5441 sunt.
1418 5385 1639 5450 Quibus
1662 5404 1902 5461 respon-

274 5467 514 5528 dendum
543 5477 654 5540 est,
686 5475 839 5546 quod
892 5473 1216 5546 deliquium
1247 5474 1388 5530 solis
1433 5493 1734 5548 nunquam
1788 5479 1902 5535 nisi

274 5556 452 5625 prima
476 5560 620 5618 luna
648 5563 772 5618 ﬁeri
805 5566 1014 5636 potest.
1063 5562 1299 5619 Constat
1347 5567 1541 5620 autem
1591 5567 1901 5623 festivitate

277 5647 540 5720 paschali,
574 5652 807 5723 quando
839 5651 1151 5710 cruciﬁxus
1178 5655 1268 5710 est
1295 5652 1602 5725 Dominus,
1650 5656 1898 5729 plenilu-

2016 4677 2125 4742 est,
2158 4673 2309 4729 sicut
2338 4671 2394 4727 in
2430 4669 2660 4727 Psalmo
2707 4670 2987 4743 legimus:
3043 4689 3071 4718 «
3102 4668 3351 4723 Auferes
3392 4666 3664 4738 spiritum

2017 4779 2219 4819 eorum
2250 4764 2305 4817 et
2328 4760 2601 4816 deﬁcient
2629 4760 2827 4829 (Psal..
2860 4761 3000 4825 cm).
3038 4780 3066 4809 »

2091 4875 2118 4902 ‹‹
2149 4853 2221 4908 Et
2243 4867 2373 4907 ecce
2402 4848 2598 4906 velum
2630 4847 2833 4921 templi
2859 4845 3113 4904 scissum
3142 4849 3232 4902 est
3262 4845 3322 4900 in
3350 4845 3499 4899 duas
3528 4858 3667 4915 par-

2017 4964 2046 4994 ‹‹
2077 4947 2185 5011 tes,
2219 4958 2253 4997 a
2281 4956 2514 4997 summo
2549 4954 2734 5011 usque
2759 4939 3055 4994 deorsum.
3092 4958 3120 4986 »
3152 4935 3277 4991 Duo
3326 4936 3494 4989 erant
3540 4930 3669 4989 vela

2014 5031 2237 5104 templi,
2265 5047 2449 5085 unum
2481 5028 2730 5085 interius
2760 5031 2895 5084 ante
2942 5042 3164 5094 arcam,
3211 5027 3267 5081 et
3296 5022 3455 5080 aliud
3507 5025 3663 5078 exte-

2014 5122 2138 5177 rius
2179 5122 2311 5175 ante
2358 5118 2559 5174 altare.
2612 5119 2859 5174 Videtur
2911 5132 3046 5189 ergo
3095 5116 3264 5171 beato
3312 5113 3661 5184 Hieronymo

2008 5210 2154 5266 illud
2183 5207 2439 5265 exterius
2467 5206 2661 5263 velum
2680 5206 2931 5263 scissum
2954 5221 3102 5269 esse,
3134 5208 3201 5258 ut
3216 5205 3481 5275 paterent
3495 5200 3664 5256 nobis

1998 5301 2373 5356 sacramenta
2403 5296 2674 5363 coelestia,
2708 5312 2833 5368 qua)
2866 5293 2925 5349 in
2956 5292 3148 5348 Veteri
3178 5292 3553 5348 Testamento
3587 5292 3668 5342 te-

2012 5388 2300 5444 nebantur
2328 5384 2570 5440 occulta.
2605 5386 2674 5439 Et
2703 5401 2819 5439 non
2853 5383 3047 5439 solum
3078 5380 3274 5437 velum
3307 5377 3509 5452 templi
3527 5377 3667 5433 scis-

2012 5494 2078 5532 su
2089 5492 2143 5530 111
2169 5479 2276 5543 est,
2311 5474 2410 5530 sed
2443 5473 2619 5529 etiam
2632 5471 2876 5528 virtutes
2888 5471 3285 5545 angelicarum
3299 5470 3659 5543 potestatum

2012 5565 2092 5620 ibi
2124 5563 2331 5620 auditae
2350 5565 2507 5629 sunt,
2524 5561 2843 5617 dicentium
2861 5578 2873 5616 :
2891 5562 3287 5619 Transeamus
3301 5558 3372 5614 ab
3384 5554 3478 5615 his
3496 5552 3661 5619 locis,

2022 5653 2110 5712 vel
2142 5652 2400 5710 sedibus.
2436 5675 2463 5701 ‹‹
2500 5651 2566 5708 Et
2614 5655 2768 5708 terra
2816 5654 2975 5708 mota
3021 5653 3130 5720 est,
3163 5657 3217 5705 et
3247 5651 3419 5720 petrae
3466 5641 3664 5703 0010οω
