4012 6174
324 341 442 404 379

886 336 1295 399 HAYMONIS
1337 334 1889 397 HALBERSTAT.
1933 331 2181 397 EPISC.
2227 335 2400 396 OPP.
2445 335 2648 397 PARS
2692 336 2873 398 ll.——
2900 335 3172 398 HOMIL.

3618 334 3737 398 380

329 498 353 528 ι
389 476 563 533 sunt.
585 495 612 523 ››
643 471 818 529 Juxta
837 470 1096 529 litteram
1136 468 1449 526 commotio
1494 470 1658 524 terra:
1687 471 1744 523 et
1785 470 1977 540 petra-
2004 465 2062 534 Α
2092 470 2198 524 set.
2230 454 2507 543 Jungitur
2527 467 2971 542 autemjustitia
2995 485 3129 525 cum
3151 464 3428 542 potentia,
3464 472 3530 525 ut
3559 469 3736 544 impe-

326 582 459 622 rum
488 561 716 631 scissio,
749 566 1030 619 terrorem
1063 564 1463 616 creaturarum
1495 557 1806 631 significat,
1859 573 1974 611 non

327 651 748 711 sustinentium
777 654 1026 707 mortem
1057 648 1288 705 Domini
1319 647 1433 705 sui.
1478 648 1590 703 Sed
1630 647 1679 703 si
1710 644 1975 701 altiorem

327 741 771 816 intelligentiam
802 740 885 796 ibi
935 740 1328 812 requiramus,
1374 754 1476 810 per
1522 735 1974 792 commotionem

326 836 493 888 terra)
519 834 576 886 et
606 830 949 887 scissionem
983 832 1303 901 petrarum,
1336 826 1743 900 signiﬁcantur
1791 828 1975 879 terre-

326 937 537 978 norum
569 920 743 977 corda
786 918 1093 975 hominum
1145 917 1217 972 ad
1267 915 1667 989 paenitentiam
1717 929 1971 969 commo-

324 1011 530 1068 venda.

397 1124 425 1151 ‹‹
452 1102 521 1157 Et
551 1098 737 1156 multa
767 1114 1009 1169 corpora
1040 1098 1397 1157 sanctorum.
1433 1111 1559 1167 quae
1591 1091 1970 1158 dormierant,

326 1215 354 1241 ‹‹
382 1192 776 1247 surrexerunt.
816 1210 840 1235 ››
874 1186 1037 1242 Sicut
1066 1186 1317 1240 Lazarus
1350 1183 1670 1239 suscitatus
1688 1185 1798 1247 est,
1823 1180 1975 1236 itaet

323 1280 417 1337 isti
452 1276 718 1333 suscitati
753 1279 908 1344 sunt,
950 1279 1011 1330 ut
1028 1275 1275 1330 Domino
1294 1268 1972 1346 resurgentitestimonia

322 1368 714 1442 perhiberent.
744 1366 897 1421 Licet
937 1366 1093 1421 enim
1126 1363 1366 1420 Domino
1397 1363 1683 1435 pendente
1715 1361 1772 1415 in
1802 1375 1972 1415 cruce

321 1460 702 1514 monumenta
734 1459 930 1526 alt-rcta
962 1457 1279 1523 sunt,tunc
1314 1469 1482 1507 nemo
1497 1450 1731 1507 illorum
1747 1453 1967 1505 sancto-

320 1564 450 1604 rum
501 1544 770 1611 surrexit,
822 1560 1011 1617 usque
1044 1560 1158 1616 quo
1186 1540 1473 1598 Dominus
1523 1543 1872 1613 resurgeret,
1907 1542 1971 1594 ut

319 1638 445 1710 ipse
474 1638 631 1691 esset
659 1631 1084 1707 primogenitus
1117 1648 1185 1687 ex
1216 1629 1483 1686 mortuis.

390 1749 420 1776 «
442 1725 745 1779 Venerunt
776 1722 833 1778 in
858 1725 1122 1777 sanetam
1145 1719 1456 1776 civitatem.
1482 1742 1507 1767 n
1541 1719 1814 1775 Sanctam
1837 1717 1970 1774 civi-

2085 559 2200 612 trct
2232 574 2445 631 corpus
2474 558 2707 615 Christi.

2157 670 2185 696 «
2218 648 2287 703 Et
2315 652 2549 721 accepto
2580 664 2818 721 corpore
2839 647 3560 721 Christi,Josephinvolvit
3588 648 3731 707 illud

2084 735 2145 791 in
2177 737 2422 794 sindone
2454 738 2693 794 munda.
2727 761 2754 789 ››
2788 738 2869 793 Ex
2884 736 3138 810 simplici
3159 736 3463 808 sepultura
3480 739 3730 808 Domini,

2084 826 2509 882 condemnatur
2538 827 2782 883 ambitio
2798 827 3066 892 divitum,
3099 825 3199 898 qui
3212 826 3471 898 nequein
3486 828 3731 886 tumulis

2083 915 2321 986 quidem
2353 920 2601 988 possunt
2629 933 2826 972 carere
2855 915 3093 972 divitiis.
3116 919 3181 971 Et
3195 932 3263 971 ex
3292 915 3401 971 hoc
3415 934 3731 989 possumus

2083 1003 2431 1076 simpliciter
2458 1004 2800 1079 intelligere,
2820 1005 2976 1077 quod
2994 1004 3146 1062 sicut
3159 1006 3609 1076 corpusDomini
3623 1005 3731 1062 lin-

2082 1095 2175 1149 teo
2207 1111 2351 1166 puro
2379 1092 2706 1150 involutum
2737 1093 2846 1150 fuit
2874 1094 2934 1150 in
2969 1098 3369 1162 monumento,
3403 1094 3483 1150 ita
3512 1101 3729 1169 myste-

2083 1182 2236 1238 rium
2269 1183 2456 1240 sancti
2488 1183 2690 1241 altaris
2722 1201 2835 1239 non
2867 1182 3001 1240 licet
3031 1184 3089 1239 in
3123 1183 3334 1256 pannis
3359 1185 3430 1240 de
3460 1189 3731 1242 aurotcx-

2081 1270 2157 1327 tis
2188 1272 2488 1341 celebrari,
2520 1274 2622 1330 sed
2641 1273 2701 1329 in
2718 1273 2938 1329 munda
2951 1273 3214 1328 sindone.
3230 1272 3727 1347 Persigniﬁcatio-

2082 1378 2215 1417 nem
2248 1362 2403 1418 enim
2436 1362 2532 1419 ille
2559 1360 3329 1418 Jesuminmundasindone
3348 1362 3605 1432 involvit,
3629 1366 3730 1437 qui

2080 1457 2513 1509 sacramentum
2546 1451 2703 1508 illius
2735 1468 2884 1525 pura
2914 1454 3110 1508 mente
3140 1451 3405 1524 suscipit.
3485 1496 3492 1501 .

2155 1564 2181 1591 ‹‹
2213 1542 2283 1597 Et
2311 1542 2508 1615 posuit
2536 1542 2594 1597 in
2626 1544 3008 1598 monumento
3054 1558 3159 1597 suo
3192 1558 3336 1597 novo
3383 1544 3538 1614 quod
3577 1544 3729 1600 exci-

2082 1655 2110 1682 ‹‹
2142 1633 2307 1689 derat
2336 1631 2395 1686 in
2428 1636 2608 1704 petra.
2646 1654 2673 1681 η
2707 1635 2858 1686 Bene
2891 1630 2949 1685 in
2975 1635 3354 1686 monumento
3370 1648 3517 1688 novo
3537 1633 3730 1688 Domi-

2080 1740 2190 1777 nus
2222 1722 2478 1794 ponitur,
2510 1725 2568 1776 et
2596 1738 2711 1777 non
2742 1720 2800 1774 in
2830 1719 3031 1787 veteri,
3067 1718 3373 1776 nescilicet
3386 1719 3518 1777 aliis
3537 1739 3728 1778 rema-

316 1818 494 1872 tatem
528 1811 782 1886 appellat
828 1809 1176 1877 Jerusalem,
1221 1826 1336 1865 non
1387 1809 1543 1881 quod
1570 1812 1717 1864 tunc
1766 1811 1967 1908 sancta
1996 1842 2045 1908 Β
2078 1812 2373 1881 nontibns,
2406 1811 2652 1867 Domino
2683 1813 3042 1883 resurgente,
3075 1808 3572 1908 alios.surrexisse
3596 1858 3599 1861 .
3619 1811 3729 1867 ﬁn-

315 1910 489 1969 esset,
523 1902 624 1959 sed
656 1900 796 1974 quia
824 1899 964 1955 olim
997 1901 1200 1955 sancta
1231 1897 1441 1954 fuisset
1469 1900 1707 1969 propter
1736 1895 1960 1952 cultum

315 1993 491 2050 unius
522 1990 645 2059 Dei,
679 1988 914 2045 nomine
936 1987 1158 2044 scilicet
1170 1986 1416 2060 pristino
1434 1990 1831 2059 permanente.
1853 2007 1879 2036 α
1898 1986 1965 2042 Et

318 2105 346 2133 «
378 2081 777 2155 apparuerunt
808 2076 1030 2133 multis.
1063 2099 1090 2126 η
1121 2077 1246 2132 Non
1264 2073 1961 2143 omnibus,sedillisdun-

314 2175 477 2229 taxat
507 2170 609 2243 qui
640 2168 802 2242 digni
837 2167 1073 2223 fuerunt
1101 2182 1304 2223 eorum
1336 2164 1576 2222 visione.

388 2283 417 2312 ‹‹
450 2259 724 2316 Centurio
756 2260 976 2323 autem,
1007 2260 1065 2312 et
1094 2253 1194 2328 qui
1227 2272 1362 2310 cum
1392 2254 1520 2327 ipso
1553 2257 1736 2323 erant,
1766 2257 1961 2310 custo-

315 2374 343 2402 «
379 2349 606 2406 dientes
629 2348 856 2416 Jesum,
886 2345 1011 2402 viso
1054 2348 1409 2412 terreamotu,
1460 2347 1517 2399 et
1545 2343 1640 2400 his
1683 2361 1809 2415 quae
1860 2343 1961 2398 fic-'

315 2464 344 2492 «
378 2441 539 2507 bant,
570 2437 897 2493 timuerunt
923 2433 1111 2504 valde,
1143 2433 1431 2489 dicentes:
1465 2433 1611 2488 Vere
1651 2431 1829 2488 Filius
1860 2431 1962 2488 Dei

312 2553 342 2581 «
375 2532 500 2585 erat
532 2528 662 2583 iste.
696 2548 722 2575 »
751 2526 813 2582 In
849 2525 961 2581 {ide
991 2522 1370 2590 centurionis,
1403 2522 1502 2595 qui
1536 2520 1773 2595 gentilis
1815 2525 1959 2587 erat,

312 2619 457 2676 ﬁdes
489 2616 754 2673 omnium
785 2613 1049 2688 gentium
1074 2612 1436 2686 designatur.
1463 2611 1743 2667 Credente
1764 2614 1961 2666 autem

312 2707 670 2774 centurione,
701 2703 885 2761 Judaei
916 2720 1034 2763 non
1066 2701 1257 2758 solum
1289 2718 1407 2758 non
1434 2698 1824 2768 crediderunt,
1859 2699 1960 2755 sed

312 2797 488 2855 etiam
519 2791 1066 2865 timueruntz'quia,
1109 2791 1380 2864 gentibus
1423 2789 1724 2846 Christum
1775 2787 1960 2846 susci-

312 2885 628 2961 pientibus,
659 2881 846 2940 Judaei
876 2882 935 2937 in
967 2898 1075 2937 sua
1104 2879 1349 2953 perfidia
1377 2882 1808 2935 remanserunt.

385 3000 412 3026 u
446 2976 621 3031 Erant
651 2976 847 3029 autem
879 2969 959 3026 ibi
989 2968 1267 3026 mulieres
1298 2967 1496 3024 multas
1526 2984 1560 3023 a
1588 2967 1780 3041 longe,
1833 2983 1960 3039 quae

316 3088 345 3117 ‹‹
380 3067 591 3122 secutae
621 3066 788 3119 erant
814 3062 1017 3118 Jesum
1047 3077 1082 3116 a
1110 3058 1346 3115 Galilaea
1389 3057 1791 3114 ministrantes
1822 3056 1895 3112 ei.
1934 3078 1955 3107 ι

311 3151 681 3210 Consuetudo
713 3154 837 3207 erat
865 3150 1018 3224 apud
1050 3148 1305 3216 Judaeos,
1340 3163 1446 3204 nec
1476 3145 1855 3219 reputabatur
1888 3146 1959 3202 ad

2075 1904 2238 1973 gant,
2271 1900 2352 1956 De
2405 1903 2788 1955 monumento
2821 1898 3035 1965 ferunt,
3095 1898 3197 1971 qui
3228 1896 3371 1954 illud
3433 1899 3725 1970 viderunt,

2072 1990 2229 2062 quod
2262 1989 2338 2045 sit
2362 1990 2575 2045 domus
2599 1988 2875 2056 rotunda,
2891 1987 3085 2043 excisa
3100 1987 3170 2043 de
3191 1988 3532 2060 subjacentc
3549 2007 3725 2062 rupe:

2072 2082 2130 2134 et
2158 2080 2333 2134 tantae
2381 2075 2730 2145 altitudinis,
2784 2080 2850 2131 ut
2901 2075 3000 2148 qui
3039 2075 3202 2132 intus
3249 2077 3448 2144 fuerit,
3493 2083 3729 2136 extenta

2072 2184 2252 2222 manu
2284 2183 2564 2223 cacumen
2596 2164 2755 2221 illius
2786 2169 3024 2239 tangere
3052 2166 3258 2238 possit.
3293 2166 3523 2224 Habens
3546 2166 3727 2225 intro.

2071 2255 2218 2311 itum
2250 2255 2321 2311 ab
2353 2254 2620 2312 orientali
2643 2254 2936 2327 parte,cui
2957 2253 3217 2327 lapisille
3235 2257 3730 2329 magnusapposi-

2070 2347 2168 2400 tus
2198 2348 2304 2401 est.
2340 2345 2403 2400 In
2436 2345 2605 2417 cujus
2636 2342 2961 2416 aquilonari
2993 2348 3157 2416 parte
3171 2360 3383 2416 corpus
3399 2344 3728 2417 Dominija-

2071 2433 2210 2499 cuit,
2244 2433 2466 2490 habens
2493 2436 2715 2505 septem
2749 2432 2836 2489 vel
2867 2437 2995 2489 octo
3027 2433 3244 2505 pedum
3292 2432 3726 2507 longitudinem

2068 2520 2249 2578 trium
2281 2521 2611 2594 palmarum
2642 2521 2910 2577 eminens
2941 2538 2976 2577 a
2996 2524 3199 2578 cetero
3214 2521 3727 2594 pavimento.Erat

2071 2614 2267 2667 autem
2299 2609 2460 2665 rubri
2490 2614 2548 2665 et
2578 2609 2812 2666 candidi
2843 2609 3053 2666 coloris
3104 2609 3514 2683 hujusCemodi
3545 2612 3723 2687 lapis,

2069 2699 2225 2771 quod
2256 2715 2515 2772 personae
2545 2696 2859 2755 Salvatoris
2884 2698 3187 2771 aptissime
3206 2701 3727 2767 convenit,cniEc-

2071 2785 2248 2845 clcsia
2278 2787 2337 2843 in
2368 2787 2604 2844 Cantico
2631 2787 2848 2844 amoris
2879 2788 3051 2844 dicit:
3088 2787 3566 2847 «Dilectusmcus
3582 2808 3724 2847 can-

2070 2878 2244 2934 didus
2275 2880 2331 2933 et
2361 2876 2725 2933 rnbicuudus
2757 2877 2935 2951 (Cant.
2968 2876 3045 2949 v).
3082 2900 3109 2927 »
3142 2877 3440 2935 Candidus
3472 2878 3725 2947 scilicet,

2070 2965 2209 3038 quia
2238 2969 2542 3039 peccatum
2574 2982 2692 3023 non
2710 2966 2872 3023 fecit:
2898 2966 3284 3034 rubicundus,
3305 2966 3444 3039 quia
3470 2969 3726 3041 preprize

2072 3054 2363 3129 passionis
2389 3072 2592 3112 cruore
2625 3072 2925 3128 respersus
2948 3059 3055 3112 est.
3091 3078 3119 3106 «
3153 3055 3480 3112 Etadvolvit
3510 3074 3725 3114 saxum

2071 3167 2099 3194 ‹‹
2134 3160 2411 3216 magnum
2448 3144 2519 3201 ad
2541 3144 2760 3200 ostium
2780 3145 3166 3214 monumenti,
3186 3149 3245 3201 et
3273 3144 3436 3202 abiit.
3463 3167 3491 3195 »
3512 3145 3725 3203 Divina

312 3242 566 3317 culpam,
598 3240 647 3296 si
679 3216 956 3297 mulieres
987 3237 1268 3311 religiosae
1300 3235 1702 3293 ministrarent
1745 3252 1954 3308 pI‘LBCC-
1987 3216 2030 3284 C
2067 3232 2432 3306 providentia
2462 3238 2656 3290 aetum
2688 3238 2795 3289 est.
2831 3238 2896 3290 ut
2926 3250 3208 3308 magnum
3222 3250 3427 3290 saxum
3457 3234 3724 3291 advolve-

311 3331 578 3407 pto’ribus
590 3329 715 3386 suis
731 3329 801 3385 de
814 3326 1148 3384 substantia
1160 3343 1287 3382 sua.
1307 3325 1469 3389 Quod
1490 3324 1703 3380 Paulus
1725 3327 1957 3395 aposto-

311 3419 426 3487 lus,
462 3436 533 3474 ne
555 3416 897 3476 scandalum
912 3414 1185 3489 gentibus
1203 3415 1228 3469 Γ
1225 3412 1667 3482 aceret,vitavit,
1686 3412 1953 3469 dicendo:

312 3531 340 3559 «
372 3506 649 3578 Nunquid
682 3508 1028 3577 potestatem
1047 3519 1162 3558 non
1180 3500 1957 3558 habemuseircumducendi

311 3612 542 3653 sorores
570 3597 800 3650 nostras
833 3593 881 3665 (ι
910 3592 1031 3648 Cor.
1050 3594 1205 3658 1x)?»
1225 3590 1320 3645 Hae
1351 3605 1486 3662 ergo
1516 3588 1956 3662 mulieres,quae

310 3682 524 3741 viventi
552 3681 799 3739 Domino
820 3679 1312 3745 ministraverant,
1329 3677 1503 3734 etiam
1520 3679 1592 3734 ad
1624 3678 1957 3751 passionem

312 3774 720 3846 procedentem
744 3769 1162 3842 sequebantur,
1182 3771 1247 3824 ut
1276 3766 1370 3825 cui
1387 3767 1594 3824 viventi
1620 3768 1956 3837 servierant,

312 3860 490 3918 etiam
521 3863 753 3915 mortuo
782 3859 1261 3930 obsequerentur.

386 3973 414 4001 «
448 3952 763 4022 Interquas
775 3951 900 4004 erat
912 3945 1095 4003 Maria
1105 3945 1466 4020 Magdalene.
1484 3968 1512 3997 ››
1527 3945 1711 4003 Maria
1723 3946 1959 4021 Magda-

312 4038 442 4097 lene
473 4038 604 4112 ipsa
631 4042 737 4105 est,
771 4038 843 4093 de
864 4053 982 4109 qua
1008 4035 1292 4093 Dominus
1314 4039 1535 4108 septem
1548 4035 1960 4108 daamoniaeje-

313 4132 489 4186 cerat.
524 4127 685 4182 Dicta
714 4130 910 4183 autem
944 4124 1286 4199 Magdalene
1315 4143 1351 4181 a
1386 4123 1650 4198 Magdalo
1700 4125 1958 4193 castella,

316 4240 345 4268 «
369 4220 426 4274 et
454 4215 638 4273 Maria
664 4214 885 4273 Jacobi.
907 4213 1626 4271 nMatervidelicetJacobi
1654 4213 1960 4287 ctJoscph,

314 4306 414 4379 qui
448 4306 507 4362 in
537 4303 848 4378 Evangelio
879 4303 1088 4359 fratres
1118 4302 1349 4359 Domini
1393 4301 1781 4376 appellantur.
1834 4304 1962 4361 Haec

316 4395 502 4453 Maria
533 4394 644 4450 fuit
672 4391 905 4449 Domini
937 4395 1267 4449 matertera.

386 4509 412 4534 ‹‹
449 4485 595 4541 Cum
626 4500 756 4540 sero
785 4486 981 4538 autem
1029 4480 1246 4537 factum
1295 4483 1470 4547 esset,
1518 4481 1676 4537 venit
1721 4482 1961 4553 quidam

2067 3321 2265 3379 rintad
2284 3323 2501 3378 ostium
2519 3322 2993 3391 monumenti,ne
3005 3322 3056 3379 si
3069 3323 3366 3380 modicum
3389 3323 3722 3381 advolvere-

2064 3415 2181 3480 tur,
2215 3410 2571 3468 calumniam
2605 3416 2897 3470 struerent
2925 3412 3126 3469 scribae
3155 3415 3213 3470 et
3238 3412 3535 3482 Pharisaei,
3557 3415 3723 3486 quod

2067 3501 2221 3557 furto
2248 3500 2559 3557 mulierum
2590 3501 2678 3557 vel
2708 3501 3131 3575 discipulorum
3164 3502 3465 3558 sublatum
3504 3501 3724 3561 fuisset

2067 3607 2279 3663 corpus
2307 3591 2467 3647 Jesu.

2141 3704 2168 3731 ‹‹
2203 3679 2339 3735 Erat
2367 3682 2567 3736 autem
2597 3679 2678 3734 ibi
2711 3678 2895 3736 Maria
2910 3679 3270 3753 Magdalene,
3308 3702 3336 3730 ››
3368 3684 3726 3738 ctc.Sanctaa

2069 3768 2346 3826 mulieres
2372 3768 2474 3842 qui
2503 3768 2818 3825 Dominum
2860 3768 3079 3825 arctius
3130 3773 3492 3841 armaverant,
3545 3768 3730 3827 etiam

2068 3859 2418 3916 morientem
2450 3875 2640 3931 usque
2668 3859 2848 3915 funus
2882 3858 3209 3917 subsecuta:
3241 3863 3398 3916 sunt.

2145 3972 2173 4000 ‹‹
2203 3948 2400 4005 Altera
2449 3951 2646 4003 autem
2705 3946 2818 4017 die,
2853 3963 2981 4019 quae
3021 3952 3110 4003 est
3164 3953 3298 4021 post
3344 3965 3727 4021 parasceven,

2072 4060 2101 4090 «
2135 4040 2530 4095 convenerunt
2560 4035 2853 4109 principes
2883 4038 3256 4094 sacerdotum
3277 4040 3335 4093 et
3355 4037 3628 4094 Pharismi
3645 4039 3725 4095 ad

2073 4150 2101 4177 ‹‹
2133 4126 2407 4183 Pilatum.
2442 4148 2469 4176 n
2501 4124 2696 4181 Altera
2724 4128 2918 4181 autem
2949 4125 3060 4194 die,
3095 4125 3153 4181 id
3184 4131 3291 4194 est,
3334 4126 3427 4182 die
3459 4127 3719 4183 sabbati.

2071 4215 2373 4288 Siquidem
2405 4219 2567 4271 sexta
2597 4214 2741 4270 feria
2770 4214 3055 4271 Dominus
3102 4215 3418 4272 cruciﬁxus
3445 4221 3553 4284 est,
3579 4217 3723 4272 sab-

2070 4306 2205 4362 bato
2235 4303 2452 4376 quievit
2482 4303 2541 4359 in
2572 4301 2861 4376 sepulcro,
2893 4308 3115 4371 octavo,
3136 4304 3344 4377 quiest
3362 4304 3723 4378 primus,re-

2071 4394 2341 4451 surrexit.
2375 4393 2445 4448 Et
2473 4390 2718 4464 pulchro
2748 4392 2970 4462 ordine,
3004 4393 3143 4465 quia
3157 4393 3331 4450 homo
3350 4397 3513 4450 sexta
3531 4392 3625 4450 die
3640 4393 3727 4450 fa-

2072 4486 2202 4539 ctus
2234 4484 2345 4551 est,
2376 4485 2433 4536 et
2460 4480 2615 4538 Deus
2647 4479 2895 4554 septimo
2924 4481 3314 4555 requievitdie
3339 4484 3412 4538 ab
3442 4483 3723 4541 omnibus

314 4597 344 4625 «
376 4573 552 4629 homo
583 4571 742 4628 dives
772 4572 844 4627 ab
872 4569 1218 4637 Arimathia,
1251 4570 1486 4626 nomine
1514 4569 1750 4643 Joseph,
1783 4572 1887 4644 qui
1907 4575 1966 4628 et
1992 4591 2040 4656 Β
2070 4570 2344 4645 operibus
2374 4569 2520 4636 suis,
2552 4568 2800 4642 pulchra
2827 4569 3050 4627 ratione
3079 4572 3366 4630 Dominus
3385 4576 3549 4630 sexta
3577 4574 3727 4630 feria

316 4684 345 4712 ‹‹
376 4659 500 4733 ipse
532 4658 858 4732 discipulus
905 4662 1030 4714 erat
1068 4659 1231 4725 Jesu,
1266 4657 1368 4713 Hic
1416 4658 1660 4714 accessit
1706 4659 1779 4714 ad
1810 4659 1959 4715 Pila-

315 4772 343 4800 ‹‹
377 4753 521 4820 tum,
550 4752 606 4804 et
640 4747 806 4821 petiit
833 4764 1044 4821 corpus
1073 4747 1233 4803 Jesu.
1272 4770 1298 4797 »
1327 4745 1671 4816 Arimathia,
1715 4747 1845 4820 ipsa
1873 4752 1963 4805 est

315 4837 707 4907 Ramathaim,
740 4836 943 4894 civitas
970 4834 1474 4892 videlicetElcanze
1507 4838 1771 4892 etAnnae.
1792 4836 1960 4893 Dives

314 4932 511 4984 autem
543 4925 758 5000 Joseph
790 4925 1025 4993 dicitur,
1058 4942 1170 4982 non
1186 4925 1260 4980 cb
1278 4923 1624 4997 jactantiam
1638 4924 1958 4997 scriptoris,

314 5019 380 5069 ut
409 5015 694 5071 Dominus
724 5015 961 5071 divitem
987 5012 1343 5087 discipulum
1393 5012 1605 5069 habere
1641 5011 1957 5081 videretur,

314 5103 414 5159 sed
450 5106 511 5157 ut
541 5103 903 5172 ostendatur,
938 5102 1257 5177 quiaaliter
1285 5103 1606 5175 aprzrfecto
1627 5119 1838 5176 corpus
1856 5103 1960 5159 Do-

313 5191 459 5249 mini
491 5207 607 5248 non
638 5195 862 5264 poterat
890 5193 1222 5264 impetrare,
1258 5192 1370 5248 nisi
1401 5193 1560 5249 dives
1590 5195 1762 5249 esset.
1798 5194 1962 5249 Tunc

314 5281 470 5337 enim
500 5279 787 5352 temporis
816 5280 1035 5335 nemini
1066 5279 1296 5350 licebat,
1334 5280 1446 5338 nisi
1474 5280 1696 5353 potenti
1729 5280 1960 5337 etdiviti

315 5370 387 5426 ad
420 5368 725 5443 praesidem
760 5367 997 5425 intrare.
1037 5368 1200 5426 Dives
1243 5370 1478 5440 etenim,
1512 5374 1571 5426 et
1600 5387 1714 5427 non
1764 5372 1962 5429 minus

305 5460 508 5532 justus
538 5458 771 5515 dicitur.
805 5458 866 5514 Si
897 5457 1055 5514 enim
1087 5458 1246 5515 dives
1279 5476 1393 5514 non
1425 5462 1598 5530 esset,
1621 5476 1833 5533 corpus
1853 5462 1961 5517 Do-

315 5548 458 5607 mini
489 5547 801 5621 impetrare
829 5564 943 5603 non
975 5548 1283 5621 potuisset.
1319 5548 1375 5605 Si
1409 5553 1604 5607 autem
1622 5550 1826 5622 justus
1848 5568 1959 5607 non

315 5643 488 5708 esset,
521 5653 896 5711 nequaquam
929 5636 1143 5710 dignus
1174 5638 1479 5697 Dominica
1498 5638 1801 5710 sepultura
1821 5641 1963 5698 fuis-

2070 4677 2257 4734 genus
2286 4659 2616 4715 humanum
2638 4675 2748 4716 sua
2774 4659 3051 4732 passione
3081 4660 3348 4730 redemit,
3391 4661 3636 4718 sabbato
3661 4661 3723 4716 in

2070 4748 2338 4822 sepulcro
2370 4747 2607 4821 quievit,
2639 4751 2842 4805 octavo
2875 4748 2969 4805 die
2998 4749 3512 4816 resurrexit.Quod
3540 4750 3723 4807 etiam

2069 4855 2174 4912 pro
2209 4841 2409 4894 nostra
2437 4835 2626 4893 salute
2650 4840 2887 4895 constat
2916 4853 3045 4893 esse
3068 4839 3605 4910 actum.Siquidem
3619 4855 3740 4911 per.

2068 4944 2169 4984 sex
2198 4924 2395 4985 saeculi
2424 4929 2622 4983 aetates
2652 4942 2785 4981 cum
2808 4924 3055 4982 Domino
3068 4926 3346 4999 patimur,
3361 4927 3724 5000 septimaau-

2068 5020 2209 5085 tem,
2240 5033 2367 5089 quae
2397 5031 2555 5071 nunc
2585 5018 2693 5082 est,
2717 5013 3418 5087 postDominiadventum
3449 5014 3507 5071 in
3521 5015 3724 5072 anima

2068 5123 2203 5163 cum
2235 5104 2478 5161 Domino
2496 5102 2942 5176 requiescimus,
2971 5108 3371 5178 exspectantes
3398 5104 3553 5162 diem
3568 5109 3739 5161 octa—.

2068 5213 2227 5265 vum,
2261 5199 2317 5250 et
2347 5192 2830 5250 resurrectionem
2860 5192 3214 5266 generalem,
3246 5197 3314 5251 ut
3334 5194 3580 5268 receptis
3600 5210 3721 5251 con

2070 5284 2332 5358 poribus,
2368 5283 2558 5339 simus
2590 5281 2952 5339 immortales
2983 5282 3044 5338 in
3094 5299 3335 5354 corpore
3365 5286 3425 5340 et
3453 5284 3716 5340 incorru-

2069 5371 2306 5445 ptibiles
2335 5371 2396 5427 in
2426 5373 2640 5427 mente.

2142 5460 2466 5530 «Domine,
2518 5459 2804 5515 recordati
2860 5477 3070 5517 sumus
3122 5461 3262 5533 quia
3305 5461 3577 5517 seductor
3623 5458 3721 5515 ille

2071 5572 2098 5601 ‹‹
2133 5551 2279 5607 dixit
2309 5550 2501 5608 adhuc
2530 5548 2753 5606 vivens:
2792 5549 2930 5606 Post
2960 5554 3081 5606 tres
3110 5549 3236 5607 dies
3255 5565 3581 5624 resurgam.
3608 5571 3637 5599 ››
3653 5548 3720 5605 Et

2071 5640 2307 5697 nomine
2337 5637 2663 5695 seductoris
2692 5641 2749 5693 et
2779 5638 3388 5709 furis,licetnolentes,
3416 5637 3719 5695 veritatem
