3872 6170
161 325 246 389 381
434 308 437 312 ‘
1335 318 1688 383 HOMILIJE
1733 315 1834 379 DE
1879 316 2275 380 TEMPORE.

3384 309 3504 376 382

155 458 426 532 loquuntur
447 449 945 513 Judmi.Seductor
974 458 1169 513 autem
1191 457 1280 511 est
1303 453 1603 522 Dominus,
1623 469 1741 510 non
1772 454 1827 520 Α
1860 452 2033 510 ﬁdem
2061 467 2236 509 sacrae
2267 449 2545 521 historiae,
2576 442 2807 508 venisse
2839 449 2966 523 jam
3015 446 3247 524 legitur.
3281 450 3507 508 Habent

154 569 181 607 a
205 549 407 605 veritate
426 547 493 602 ad
522 544 859 611 falsitatem,
876 563 909 601 a
924 547 1076 601 bono
1093 546 1165 601 ad
1185 544 1433 600 malum:
1457 536 1557 600 sed
1575 560 1747 599 econ-

145 637 292 695 trario
317 637 382 693 ab
406 634 710 707 iniquitate
741 636 811 691 ad
832 634 1150 707 justitiam.
1186 635 1365 691 Fures
1395 638 1590 689 autem
1608 648 1747 704 apo-

143 728 251 785 stoli
281 722 520 787 fuerunt,
555 724 696 796 quia
727 726 902 780 ﬁdem
934 724 1171 795 Christi,
1205 740 1383 795 quam
1432 721 1615 779 Judaei
1659 738 1747 776 re-

137 820 402 891 spuerant,
436 832 469 869 a
497 813 717 869 Judzeis
746 814 992 878 auferre,
1028 818 1082 868 et
1113 813 1184 868 ad
1218 812 1463 885 populos
1484 810 1746 884 gentium

132 906 470 964 transducere
502 904 635 958 stud
647 919 788 957 ueru
800 907 881 957 nt.

165 994 268 1050 «Illi
280 995 469 1049 autem
482 990 1748 1063 abeuntes,munieruntsepulcrum,siguan«

137 1091 241 1139 «tes
265 1080 505 1155 lapidem
527 1096 663 1136 cum
694 1080 1058 1136 custodibus.
1090 1103 1117 1128 »
1138 1080 1263 1135 Non
1292 1084 1488 1135 autem
1527 1077 1750 1134 sufﬁcit

135 1168 686 1230 scribisetPhariszeis
700 1173 765 1225 ut
788 1168 1102 1225 Dominum
1125 1168 1519 1224 interﬁcerent
1550 1184 1743 1235 cruce,

139 1262 219 1318 sed
230 1259 386 1316 etiam
399 1259 469 1314 ad
482 1258 816 1330 sepulcrum
832 1258 1020 1330 ipsius
1033 1260 1306 1314 custodes
1321 1258 1741 1313 adhibuerunt.

136 1352 191 1406 Et
214 1352 409 1421 quanto
438 1346 558 1403 illis
580 1348 708 1415 fuit,
727 1347 1053 1420 resurgenti
1078 1364 1291 1403 manus
1324 1349 1745 1420 opposuerunt.

134 1438 222 1493 Sed
241 1441 444 1508 quanto
468 1436 677 1507 majori
697 1436 997 1509 diligentia
1016 1436 1280 1508 sepulcro
1298 1436 1572 1491 custodes
1589 1433 1752 1489 adhi-

132 1528 366 1591 buerunt,
382 1530 540 1580 tanto
554 1543 662 1581 nos
678 1525 952 1582 certiores
964 1526 1035 1580 de
1051 1525 1163 1580 ﬁde
1174 1524 1333 1579 illius
1346 1523 1746 1579 reddiderunt.

669 1623 973 1679 HOMILIA
1014 1623 1171 1678 LXV.

497 1721 663 1759 FERIA
703 1720 955 1759 SECUNDA
994 1720 1336 1759 PALMARUM.

188 1794 359 1892 (J‘oxs.
391 1794 529 1892 ιφ.)-
557 1815 584 1842 ‹‹
616 1797 683 1849 In
690 1791 813 1892 “ille
847 1796 1128 1891 tempore,
1157 1795 1299 1890 ante
1330 1809 1429 1847 sex
1465 1791 1592 1847 dies
1642 1792 1751 1846 Pa—
1784 1827 1830 1892 Β

136 1905 157 1930 ‹‹
170 1882 300 1937 sellae
317 1881 471 1938 venit
498 1881 673 1937 Jesus
690 1880 1054 1946 Bethaniam,
1072 1879 1171 1935 ubi
1194 1881 1443 1935 Lazarus
1459 1886 1583 1935 erat
1598 1897 1750 1934 mor-

134 1993 154 2019 ιι
169 1975 308 2035 tuus,
323 1986 495 2042 quem
508 1968 836 2033 suscitavit,
853 1991 880 2017 »
895 1974 951 2024 et
964 1967 1209 2037 reliqua.
1226 1969 1428 2024 Sciens
1441 1974 1633 2024 autem
1651 1969 1755 2024 Do-

134 2057 302 2114 minus
323 2057 692 2130 conspirasse
720 2059 792 2114 de
808 2073 870 2114 se
883 2056 1196 2113 occidendo
1210 2058 1462 2124 Judaeos,
1480 2076 1595 2114 non
1608 2058 1756 2130 fugit

134 2146 517 2203 insidiantium
551 2163 787 2213 manus,
815 2146 917 2201 sed
940 2150 1135 2202 certus
1179 2146 1250 2201 de
1280 2145 1468 2217 gloria
1497 2164 1755 2203 resurre-

133 2233 334 2301 ctionis,
366 2235 558 2306 primo
588 2234 745 2290 venit
766 2234 1106 2289 Bethaniam
1140 2235 1465 2306 proximam
1502 2235 1759 2292 Hieroso-

129 2323 279 2396 lymis
307 2324 623 2391 civitatem,
659 2323 759 2380 ubi
792 2324 1073 2379 Lazarum
1119 2324 1503 2380 suscitaverat
1532 2342 1566 2380 a
1602 2342 1756 2379 mor-

133 2411 232 2467 tuis
261 2430 273 2467 :
306 2412 518 2468 deinde
547 2413 723 2468 etiam
758 2411 1351 2484 Hierosolymam,ubi
1374 2412 1502 2485 ipse
1533 2417 1757 2485 patere-

130 2504 225 2568 tur,
239 2506 291 2556 et
318 2506 652 2575 resurgeret
670 2518 703 2555 a
726 2500 992 2556 mortuis.
1019 2500 1476 2573 Hierosolymam
1497 2502 1755 2573 quidem,

135 2595 188 2643 ut
213 2589 328 2661 ipse
359 2590 443 2645 ibi
474 2594 818 2646 moreretur.
852 2589 1196 2646 Bethaniam
1228 2607 1378 2657 vero,
1405 2595 1468 2645 ut
1507 2591 1757 2647 resusci-

52 2664 59 2678 ’
136 2676 255 2733 tatio
285 2678 485 2734 Lazari
501 2683 848 2734 cunctorum
863 2678 1153 2734 memoriae
1170 2679 1761 2752 arctiusimprimere—

130 2769 282 2834 tur,et
296 2766 488 2841 magis
506 2768 812 2841 magisque
827 2768 1521 2841 confunderentur,atque
1532 2769 1763 2825 inexcu-

131 2856 319 2912 sabiles
348 2856 839 2913 convincerentur
866 2856 1032 2928 impii
1051 2857 1367 2930 principes,
1384 2859 1483 2930 qui
1502 2860 1762 2916 occidere

134 2962 232 3001 non
261 2947 540 3003 timerent
567 2963 725 3013 eum,
757 2947 857 3018 qui
890 2945 1176 3003 suscitare
1204 2951 1403 3019 posset
1432 2966 1467 3004 a
1491 2948 1758 3004 mortuis.

142 3034 199 3088 Et
225 3052 322 3092 nec
354 3035 660 3093 beneﬁciis
690 3035 1091 3091 suscitationis
1117 3037 1407 3108 provocati
1438 3054 1544 3093 nec
1572 3038 1767 3094 divina

137 3124 463 3179 suscitantis
486 3123 704 3179 virtute
715 3122 1005 3195 perterriti
1032 3121 1262 3179 animos
1285 3123 1357 3178 ab
1371 3122 1592 3194 injuste
1610 3125 1763 3180 caede

1857 560 2091 617 quoque
2123 549 2241 600 tres
2272 547 2487 616 partes,
2524 542 2581 597 id
2623 545 2713 598 est
2760 557 2968 607 unum,
3008 541 3148 607 duo,
3178 545 3237 598 et
3264 544 3406 608 tres,
3434 557 3506 597 ex

1858 634 2095 706 quibus,
2112 632 2741 699 utdiximus,senarius
2754 630 3233 703 constat,aliquid
3247 630 3506 703 mysterii

1857 724 1917 780 in
1949 724 2383 797 dispensatioue
2401 722 2607 779 salutis
2634 721 3506 794 humanaruPrimoitaquetem-

1858 831 1997 888 pore
2034 814 2142 869 sub
2174 813 2298 884 lege
2347 819 2589 878 naturae,
2621 813 2796 868 veluti
2846 812 2907 867 in
2952 811 3207 883 quadam
3261 809 3506 876 unitate,

1859 903 2043 959 sancti
2078 909 2271 975 patres
2285 903 2399 959 Deo
2422 903 2768 958 serviebant.
2785 901 3053 958 Secundo
3068 917 3202 956 vero
3224 904 3510 971 tempore,

1856 992 1948 1048 lex
1979 993 2177 1047 addita
2196 996 2284 1048 est
2307 992 2377 1047 ad
2406 995 2779 1056 naturam,ut
2799 990 2953 1062 quod
2978 988 3132 1045 mala
3144 987 3507 1045 consuetudo

1856 1079 2080 1136 vitiavit
2110 1080 2169 1135 in
2203 1084 2434 1146 natura,
2468 1079 2556 1135 lex
2589 1079 2935 1135 reformaret
2961 1077 3022 1133 in
3053 1077 3265 1133 littera.
3286 1077 3356 1131 Et
3386 1077 3509 1131 fue-

1860 1175 1998 1224 runt
2026 1170 2161 1235 duo,
2196 1172 2404 1224 natura
2432 1172 2490 1224 et
2512 1167 2619 1223 lex.
2655 1166 2847 1223 Tertio
2884 1167 3079 1239 itaque
3115 1170 3379 1238 tempore
3415 1182 3510 1221 ve-

1858 1260 1945 1315 nit
1976 1259 2162 1331 gratia
2191 1258 2442 1313 crnlestis
2464 1274 2566 1329 per
2584 1258 2785 1313 Jesum
2809 1256 3132 1321 Christum,
3149 1258 3207 1310 et
3223 1258 3363 1311 sunt
3375 1253 3512 1320 tria,

1861 1354 2090 1415 natura,
2126 1348 2216 1403 lex
2247 1352 2302 1403 et
2327 1347 2533 1420 gratia.
2557 1347 2718 1402 Sicut
2751 1362 2855 1401 nec
2886 1344 2978 1401 lex
3027 1349 3249 1400 natura;
3290 1344 3512 1400 bonum

1861 1438 2132 1502 destruit,
2167 1453 2271 1493 nec
2322 1436 2508 1507 gratia
2557 1436 2745 1508 legem
2779 1434 2972 1505 solvit,
3005 1434 3104 1490 sed
3150 1431 3510 1503 adimplevit,

1861 1534 2250 1598 naturamque
2282 1526 2539 1598 pristinae
2573 1524 2825 1581 reddidit
2847 1523 3156 1580 nobilitati.
3192 1523 3409 1578 Natura
3425 1527 3512 1576 ta~

1862 1634 1994 1673 men
2023 1621 2079 1672 et
2101 1616 2212 1681 lex,
2248 1616 2374 1672 sine
2404 1614 2591 1687 gratia
2622 1613 2847 1686 impleri
2880 1631 2996 1670 non
3036 1616 3371 1685 potuerunt.
3400 1610 3515 1667 Nec

1861 1706 1945 1761 sic
1978 1705 2202 1761 homini
2231 1704 2482 1760 liberum
2515 1704 2825 1760 arbitrium
2858 1704 3061 1759 datum
3106 1705 3215 1768 est,
3245 1700 3333 1756 vel
3370 1700 3513 1773 legis

1862 1799 2239 1867 praeceptum,
2257 1800 2323 1849 ut
2344 1793 2542 1866 gratiae
2561 1810 2676 1850 non
2700 1792 3007 1864 indigeret,
3023 1792 3175 1847 sicut
3206 1789 3533 1863 Pelagiana
3577 1794 3581 1799 ’

1860 1883 2100 1940 haeresis
2127 1884 2403 1939 affirmat.
2436 1884 2508 1938 Et
2554 1900 2626 1938 ne
2658 1881 2916 1937 dicerent
2956 1879 3385 1936 machinatores
3413 1896 3515 1935 ca-

1859 1972 2221 2028 lumniarum
2252 1970 2621 2043 phantastice
2647 1970 2999 2027 suscitatum
3013 1969 3197 2025 fuisse
3210 1970 3513 2034 Lazarum,

1863 2062 2017 2117 facta
2045 2061 2125 2116 ibi
2160 2060 2400 2117 Domino
2432 2077 2615 2127 coena,
2633 2063 2692 2115 et
2706 2060 2832 2132 ipse
2863 2075 3019 2116 unus
3047 2074 3117 2113 ex
3146 2056 3517 2113 discumben-

1861 2150 2021 2206 tibus
2051 2166 2185 2206 cum
2218 2167 2284 2205 eo
2314 2153 2439 2204 erat
2467 2166 2480 2203 :
2515 2154 2580 2204 ut
2622 2151 2765 2204 dum
2813 2147 3125 2213 viventem,
3155 2146 3514 2217 loquentem,

1865 2238 2221 2311 epulantem,
2253 2255 2389 2295 cum
2419 2236 2544 2294 suis
2573 2236 2947 2293 familiariter
2973 2239 3416 2293 cenversantem
3436 2233 3519 2290 vi-

1866 2329 2086 2395 derent,
2121 2329 2241 2383 sive
2273 2327 2562 2393 audirent,
2582 2326 2669 2381 vel
2701 2326 2784 2383 sic
2815 2325 3170 2382 suscitandis
3198 2324 3520 2396 potentiam

1867 2422 2273 2489 agnoscerent,
2294 2422 2351 2472 et
2380 2416 2632 2487 gratiam
2663 2415 3012 2486 acciperent.
3033 2413 3273 2486 Mystice
3294 2416 3512 2478 autem,
3618 2490 3621 2493 δ

1868 2522 2033 2561 coena
2076 2505 2197 2561 haec
2246 2503 2566 2571 Dominica,
2610 2502 2711 2558 ubi
2760 2502 2989 2559 Martha
3038 2501 3433 2567 ministrabat,
3464 2505 3523 2557 et

1869 2596 2119 2650 Lazarus
2149 2594 2302 2649 inter
2328 2592 2476 2649 alios
2498 2592 2929 2659 discumbebat,
2947 2590 3094 2647 ﬁdes
3117 2594 3208 2647 est
3228 2590 3516 2656 Ecclesiae,

1869 2701 1996 2755 qua:
2027 2700 2129 2755 per
2152 2681 2522 2755 dilectionem
2546 2685 2824 2751 operatur
2848 2680 2910 2735 in
2943 2696 3062 2751 qua
3096 2695 3265 2734 creua
3293 2679 3523 2735 Martha

1871 2771 2185 2839 ministrat,
2201 2769 2400 2826 anima
2411 2785 2656 2842 quaeque
2679 2766 2871 2824 ﬁdelis
2882 2783 3120 2840 operam
3134 2766 3384 2824 Domino
3399 2783 3516 2822 suae

1870 2860 2200 2916 dilectionis
2230 2859 2538 2931 impendit.

1949 2973 1969 2999 α
2002 2951 2253 3005 Lazarus
2274 2965 2408 3005 vero
2439 2964 2595 3003 unus
2624 2950 2748 3002 erat
2779 2964 2848 3003 ex
2866 2943 3519 3002 discumbentibuscum

1872 3061 1901 3090 «
1934 3055 2022 3094 eo.
2060 3061 2087 3087 ››
2119 3038 2263 3093 Cum
2292 3036 2470 3093 etiam
2500 3036 2702 3109 hi,qui
2728 3041 2861 3109 post
2883 3038 3252 3107 peccatorum
3271 3036 3519 3091 mortem

1872 3126 2201 3184 resuscitati
2229 3127 2300 3181 ad
2326 3126 2572 3197 justiam
2608 3128 2905 3192 sunt,una
2923 3140 3056 3180 cum
3076 3123 3160 3179 eis
3190 3122 3290 3195 qui
3320 3122 3378 3178 in
3412 3138 3522 3178 sua

133 3212 499 3269 retraherent.
529 3213 645 3268 Nec
686 3191 1022 3268 transitorie
1071 3210 1382 3284 legendum
1431 3191 1540 3279 est,
1582 3229 1761 3283 quare
1794 3191 1836 3257 (ἶ
1863 3191 3518 3289 justitiapermansere,depraesentiaveritatisexsultant,

127 3304 240 3356 ante
268 3319 366 3357 sex
394 3302 529 3359 dies
546 3301 779 3357 Pascha;
809 3301 1248 3357 venissetJesus
1266 3301 1763 3357 Bethaniam.Ma-

127 3403 226 3459 gna
252 3408 379 3447 vero
411 3390 678 3466 dignitas
709 3388 924 3445 senarii
957 3389 1183 3445 numeri
1206 3394 1294 3446 est
1322 3389 1382 3445 in
1405 3391 1588 3447 sacris
1616 3389 1763 3447 Scri-

126 3477 312 3546 pturis,
343 3484 402 3535 et
429 3477 626 3534 multa
644 3495 821 3550 opera
852 3477 1084 3533 Domini
1107 3478 1206 3534 Dei
1237 3479 1418 3536 nostri
1448 3479 1507 3535 in
1531 3479 1761 3535 senario

127 3581 346 3623 numero
377 3568 641 3641 perfecta
670 3583 799 3623 esse
817 3567 1311 3623 demonstrantur.
1327 3567 1476 3631 Quia
1494 3567 1763 3624 senarius

125 3669 383 3712 numerus
409 3657 472 3712 in
510 3655 706 3727 seipso
730 3671 834 3727 per
852 3672 992 3711 suas
1008 3656 1277 3728 proprias
1299 3661 1496 3728 partes
1514 3656 1759 3725 divisus,

125 3742 198 3798 vel
223 3747 598 3818 conjunctus,
631 3743 927 3817 perfectus
956 3761 1085 3801 esse
1113 3748 1361 3801 constat.
1395 3745 1577 3802 Habet
1605 3747 1761 3802 enim

127 3836 294 3909 partes
325 3839 445 3891 tres
476 3834 542 3890 in
574 3833 768 3905 seipso
785 3832 1287 3905 denominatas,id
1310 3838 1399 3889 est
1418 3852 1626 3903 unum,
1646 3835 1761 3891 duo

125 3924 171 3974 et
196 3927 322 3978 tres.
354 3928 514 3980 Nam
547 3927 711 3979 sexta
739 3922 868 3994 ejus
900 3938 1038 3994 pars
1071 3939 1253 3977 unum
1284 3926 1393 3987 est,
1429 3923 1602 3979 tertia
1630 3940 1763 3979 vero

129 4007 222 4065 duo
266 4012 543 4080 dimidia,
580 4012 781 4083 itaque
834 4015 975 4066 tres.
1009 4010 1201 4066 Unum
1250 4028 1405 4075 vero,
1436 4016 1495 4066 et
1540 4012 1674 4081 duo,
1708 4016 1766 4068 et

126 4100 224 4153 tres
250 4116 347 4156 sex
377 4117 519 4157 esse
552 4098 961 4155 dinoscuntur.
996 4099 1112 4155 Nec
1133 4099 1293 4157 aliud
1341 4117 1406 4155 ex
1447 4100 1541 4156 his
1571 4100 1763 4156 tribus

130 4186 367 4256 partibus
418 4188 760 4259 conjunctis
800 4188 1006 4244 conﬁci
1061 4192 1275 4261 potest,
1322 4188 1437 4243 nisi
1485 4205 1585 4245 sex
1638 4195 1761 4246 tan-

127 4276 252 4344 tum,
284 4294 388 4333 nec
420 4277 485 4333 in
520 4276 671 4333 alias
701 4280 897 4348 partes
929 4277 1198 4333 senarius
1248 4294 1532 4335 numerus
1581 4279 1762 4335 dividi

124 4366 307 4433 potest,
339 4366 457 4422 nisi
512 4366 573 4420 in
621 4366 729 4421 has
754 4370 895 4433 tres,
930 4365 986 4421 id
1019 4371 1110 4423 est
1140 4383 1347 4433 unum,
1380 4367 1517 4436 duo,
1534 4372 1594 4423 et
1622 4371 1759 4423 tres.

125 4448 249 4508 Nam
277 4453 400 4529 ipse
433 4453 728 4510 Dominus
757 4458 983 4510 creator
1013 4454 1300 4518 omnium,
1332 4454 1512 4527 hujus
1556 4456 1762 4512 mundi

1870 3305 2216 3378 pmniteutes
2245 3303 2425 3361 simul
2444 3319 2578 3359 cum
2612 3301 3022 3359 innocentibus
3051 3299 3518 3373 coelestisgratiaa

1870 3394 2216 3451 muneribus
2246 3393 2502 3450 aluntur.
2536 3393 2602 3447 Et
2622 3392 2769 3448 bene
2796 3391 2999 3447 eadem
3029 3406 3195 3447 coena
3223 3389 3283 3444 in
3316 3387 3520 3445 Betha-

1870 3485 1968 3540 nia
1998 3465 2483 3554 celebratufqua:
2513 3484 2604 3536 est
2627 3480 2832 3536 civitas
2860 3478 2923 3534 in
2954 3480 3135 3536 latere
3164 3476 3382 3535 montis
3401 3476 3519 3533 Oli-

1869 3573 2004 3643 veti,
2056 3576 2114 3629 et
2159 3571 2574 3643 interpretatur
2623 3572 2835 3626 domus
2886 3567 3251 3626 obedientizs.
3301 3571 3520 3624 Domus

1872 3678 2127 3735 namque
2146 3660 2509 3728 obedientiae,
2529 3658 2783 3716 Ecclesia
2801 3662 2914 3725 est,
2930 3674 3059 3730 qu
3072 3655 3356 3728 ﬁdeliterj
3366 3654 3521 3721 uasis

1871 3749 2104 3807 Domini
2132 3750 2514 3821 obtemperat.
2549 3749 2618 3804 Et
2645 3747 2777 3820 ipsa
2794 3750 2886 3804 est
2913 3746 3138 3815 civitas,
3171 3762 3301 3817 qua:
3344 3760 3523 3816 super
3550 3760 3559 3769 '

1873 3844 2132 3896 montem
2163 3838 2578 3894 misericordiae
2609 3836 2953 3904 constituta,
2985 3851 3286 3907 nunquam
3333 3836 3523 3905 potest

1872 3928 2191 3986 abscondi:
2224 3926 2374 3999 ipsa,
2412 3944 2539 3999 quae
2570 3928 2642 3983 de
2671 3926 2764 3984 sui
2797 3924 2976 3982 latere
3025 3927 3361 3981 constructa
3408 3923 3522 3979 Re-

1871 4015 2215 4089 demptoris,
2243 4016 2299 4071 id
2333 4021 2424 4072 est
2454 4033 2610 4088 aqua
2639 4014 2984 4080 ablutionis,
3002 4018 3060 4070 et
3088 4010 3373 4086 sanguine
3393 4028 3526 4069 san-

1871 4104 2262 4171 ctiﬁcationis,
2297 4121 2425 4176 quae
2457 4106 2528 4160 de
2552 4103 2742 4176 ipsius
2773 4103 2955 4160 latere
2984 4119 3089 4175 pro
3118 4119 3181 4158 se
3222 4100 3526 4157 morientis

1870 4195 2057 4251 exiere
2086 4193 2313 4248 imbuta
2360 4196 2467 4249 est.
2502 4192 2610 4248 Ubi
2660 4191 2837 4249 etiam
2882 4190 3067 4247 altera
3112 4205 3279 4245 soror
3318 4187 3519 4243 Lazari

1871 4282 2313 4353 Maria,magna3
2342 4279 2627 4337 incidium
2658 4279 2985 4337 dilectionis
3007 4275 3280 4343 ostendit,
3297 4274 3519 4331 sicutin

1871 4370 2251 4443 sequentibus
2277 4372 2567 4425 monstrat
2596 4366 2930 4440 evangelica
2959 4366 3149 4422 lectio.

1947 4485 1967 4509 α
2003 4459 2239 4530 Accepit
2265 4457 2475 4514 libram
2508 4456 2791 4529 unguenti
2822 4454 2989 4512 nardi
3034 4453 3223 4526 pistici
3254 4450 3521 4525 pretiosi,

126 4546 395 4599 creaturas
424 4560 535 4600 sex
563 4542 775 4599 diebus
804 4542 1119 4615 perfecisse
1149 4542 1525 4599 notissimum
1563 4548 1673 4612 est,
1706 4549 1763 4600 et
1792 4560 1839 4624 Β
1872 4572 1900 4601 ‹‹
1927 4553 1985 4605 et
2013 4548 2181 4604 unxit
2210 4547 2387 4619 pedes
2410 4547 2574 4614 Jesu,
2596 4549 2654 4602 et
2673 4544 2911 4601 extersit
2930 4541 3158 4615 capillis
3187 4541 3313 4599 suis
3342 4540 3521 4612 pedes

124 4633 261 4684 sexta
278 4632 369 4688 die
388 4629 701 4688 hominem
724 4631 929 4688 fecisse
959 4634 1389 4703 constat,quem
1421 4632 1756 4704 serpentina

125 4714 301 4774 fraude
331 4719 660 4793 perditum,
694 4724 830 4776 ante
849 4736 952 4776 sex
978 4720 1104 4776 dies
1148 4720 1382 4776 Pascha;
1426 4721 1584 4777 Venit
1631 4721 1759 4794 ipse

126 4801 279 4863 Filius
303 4807 548 4880 Dei,per
572 4824 747 4880 quem
778 4812 1010 4864 creatus
1040 4807 1502 4875 est,Bethaniam
1531 4810 1604 4865 ad
1623 4809 1761 4866 libe-

126 4895 351 4952 randum
387 4914 400 4953 :
437 4902 509 4953 ut
543 4895 644 4971 qui
677 4902 839 4952 sexta
868 4896 962 4952 die
992 4900 1224 4951 creatus
1269 4900 1379 4965 est,
1414 4902 1582 4953 sexta
1623 4897 1767 4955 feria

126 4976 635 5042 liberaretur.Nam
658 4991 820 5041 sexta
848 4983 993 5057 feria
1020 4983 1319 5040 Christum
1348 5001 1476 5041 esse
1498 5002 1759 5058 passum,

125 5071 318 5127 nemini
362 5074 640 5146 ignotum
691 5089 819 5129 esse
862 5089 1009 5128 reor.
1044 5072 1228 5144 Igitur
1256 5077 1315 5128 et
1354 5089 1557 5129 mense
1599 5079 1759 5131 sexto

126 5162 493 5219 annuntiante
546 5160 920 5234 archangelo,
952 5161 1116 5234 virgo
1165 5177 1333 5216 sacra
1372 5161 1755 5234 inspiratione

124 5246 846 5318 Spiritussanctieumdem
862 5251 1307 5323 Redemptorem
1332 5256 1597 5307 nostrum
1621 5270 1754 5309 con-

125 5337 319 5409 cepisse
347 5338 589 5414 legitur.
624 5339 732 5406 Qui
753 5339 929 5396 etiam
951 5344 1113 5396 sexta
1145 5339 1287 5396 hora
1311 5341 1566 5412 perfecta
1585 5346 1752 5398 aetate

124 5438 277 5495 super
304 5433 553 5499 puteum
596 5428 826 5498 sedens,
862 5427 1092 5483 mulieri
1142 5429 1520 5484 Samaritana:
1569 5430 1750 5486 divini

120 5508 272 5571 fontis
302 5516 527 5573 ﬂuenta
557 5518 781 5589 aperire
822 5516 1099 5588 dignatus
1146 5522 1254 5572 est.
1290 5518 1462 5573 Sexta
1517 5535 1750 5591 quoque

122 5607 261 5658 etate
291 5605 499 5661 mundi
531 5605 654 5677 ipse
685 5607 919 5663 Creator
952 5607 1307 5678 Redemptor
1352 5607 1555 5661 mundi
1582 5610 1752 5679 juxta

1871 4659 1899 4690 «
1925 4638 1975 4709 ej
1987 4656 2074 4694 us.
2099 4657 2126 4690 υ
2153 4640 2277 4703 Quo
2309 4652 2423 4691 non
2456 4634 2647 4690 solum
2676 4651 2795 4690 suae
2826 4634 2927 4690 dat
2959 4631 3243 4689 indicium
3271 4628 3524 4687 devotio.

1872 4727 1985 4794 nis,
2004 4727 2107 4782 sed
2120 4730 2176 4782 et
2187 4724 2435 4781 aliarum
2450 4722 2710 4779 ﬁdelium
2726 4728 2835 4779 Deo
2848 4721 3181 4778 animarum
3194 4718 3390 4791 signat
3401 4717 3519 4789 pie-

1871 4815 2011 4872 tatis
2023 4812 2370 4886 obsequium
2381 4853 2394 4868 .
2414 4834 2443 4863 ‹‹
2456 4812 2637 4868 Maria
2650 4814 2845 4867 autem
2859 4809 3083 4881 accepit
3096 4808 3310 4865 libram
3324 4821 3517 4878 ungu-
3608 4828 3619 4835 α

1870 4905 1987 4960 enti
2016 4904 2182 4959 nardi
2207 4901 2396 4974 pistici
2413 4899 2669 4972 pretiosi.
2687 4898 2878 4965 »Ouid
2904 4913 3157 4969 namque
3178 4912 3282 4968 per
3305 4895 3517 4951 libram

1871 4992 2176 5064 unguenti,
2194 4989 2305 5046 nisi
2319 4989 2594 5061 perfectio
2606 4987 2843 5059 iustitiae
2856 4985 3223 5060 exprimitur,
3239 4985 3392 5057 quod
3407 5001 3515 5039 un-

1869 5085 2154 5154 guentum
2166 5097 2235 5135 ex
2248 5079 2427 5134 nardo
2440 5076 3015 5148 pisticadicituresse
3026 5074 3394 5131 confectum?
3407 5073 3517 5137 Qui

1862 5169 2017 5226 enim
2042 5186 2145 5241 per
2167 5169 2555 5241 unguentum,
2575 5165 2687 5221 nisi
2702 5166 2893 5221 bonus
2918 5165 3061 5220 odor
3074 5162 3520 5236 Opinionisinsi-

1862 5263 2006 5314 nuat
2016 5239 2124 5313 ?—Et
2141 5257 2249 5312 hoc
2262 5239 2629 5327 unguentum
2644 5270 2711 5309 ex
2723 5254 2905 5309 nardo
2919 5253 3144 5325 pistica,
3159 5251 3219 5307 id
3234 5255 3322 5307 est
3335 5251 3517 5306 nardo

1860 5346 2038 5402 ﬁdeli.
2058 5345 2202 5402 Nam
2213 5352 2363 5405 πίστις
2387 5343 2602 5408 Graece,
2620 5342 2824 5398 Latine
2838 5342 2986 5399 ﬁdes
2999 5340 3235 5397 dicitur.
3251 5339 3387 5395 Sine
3400 5338 3513 5393 ﬁde

1859 5433 2014 5490 enim
2039 5434 2155 5487 Deo
2181 5432 2404 5503 placere
2432 5429 2793 5501 impossibile
2825 5436 2915 5486 est
2943 5431 3092 5502 (Heb.
3112 5428 3174 5499 Il)
3200 5443 3340 5483 :nec
3360 5427 3515 5479 bona

1858 5521 2176 5589 fama,sine
2206 5519 2317 5573 ﬁde
2345 5517 2631 5574 catholica
2662 5518 2784 5574 ﬁeri
2817 5520 3048 5592 poterit.
3072 5517 3116 5573 Ο
3146 5516 3341 5579 homo,
3361 5525 3512 5581 unge

1859 5611 2033 5683 pedes
2057 5611 2195 5666 Jcsu
2221 5609 2368 5663 bene
2402 5607 2992 5677 videndo,Dominica
3023 5610 3243 5664 sectare
3275 5595 3516 5668 vestigia
