4012 6174
385 286 501 352 383

955 287 1358 349 HAYMONIS
1403 286 1948 347 HALBERSTAT.
1993 287 2235 349 EPISC.
2281 289 2452 351 OPP.
2497 290 2696 352 PARS
2738 290 2816 352 II.
2851 292 3223 354 -—-HOMIL.

3668 292 3788 354 384

382 431 443 485 et
472 425 699 500 capillis
736 428 987 497 exterge,
1020 440 1087 480 ac
1116 421 1166 480 si
1188 421 1406 479 habeas
1435 418 2030 493 superﬂua,pauperi-
2061 422 2116 490 Α
2146 443 2173 470 ‹‹
2198 424 2395 479 autem
2426 440 2543 480 non
2574 440 2804 498 semper
2833 423 3274 489 habebitis.»Et
3293 424 3389 484 hic
3420 444 3648 502 magna
3666 446 3785 488 mo-

385 518 498 575 bus
525 533 720 590 eroga,
739 515 848 572 hoc
877 518 965 571 est
992 512 1219 587 capillis
1251 512 1425 585 pedes
1453 512 1590 567 Jesu
1622 514 1865 582 tergere,
1901 526 2026 581 quae

386 605 491 661 tibi
520 606 819 678 superflua
842 608 998 673 sunt,
1016 604 1261 676 pedibus
1283 601 1513 656 Domini
1544 598 1873 655 necessaria
1890 602 2028 654 sunt

384 694 441 749 id
475 699 563 750 est
591 694 854 766 minimis
886 694 1215 766 quibusque
1246 692 1306 746 in
1338 689 1595 746 Ecclesia
1625 690 1695 744 de
1726 687 1942 761 quibus
1965 688 2025 742 in

382 782 496 839 fine
527 765 793 839 dicturus
824 765 934 839 erit
963 783 1248 838 Dominus
1281 798 1294 834 :
1335 803 1356 829 «
1387 778 1653 843 Quandiu
1696 777 1879 833 fecisti
1921 778 2024 833 uni

377 887 449 927 ex
469 872 733 931 minimis
749 873 862 939 his,
878 872 1023 928 mihi
1047 871 1281 928 fecistis.
1306 894 1332 919 ››
1347 870 1566 925 Domus
1584 871 1779 923 autem
1793 866 2024 939 pietatis

377 967 467 1020 est
496 964 656 1031 odor,
682 964 738 1019 id
772 968 859 1020 est
888 963 1164 1029 Ecclesia,
1193 961 1323 1015 vitae
1354 959 1637 1031 religiosae
1671 958 1827 1012 fama
1847 957 2018 1011 bona.

376 1055 523 1111 Nam
556 1054 698 1110 odor
736 1054 922 1109 bonus
962 1056 1049 1106 est
1088 1051 1238 1105 bona
1269 1050 1404 1106 vita.
1438 1048 1587 1104 Audi
1627 1044 1969 1118 Apostolum
2005 1060 2017 1100 :

379 1166 408 1195 ‹‹
437 1144 649 1200 Christi
681 1145 870 1199 bonus
896 1143 1038 1198 odor
1059 1159 1290 1208 sumus,
1323 1139 1537 1211 inquit,
1571 1138 1630 1192 in
1682 1136 1843 1191 omni
1893 1133 2018 1190 loco

372 1234 421 1305 (1
447 1234 566 1290 Cor.
600 1236 684 1303 II).
712 1254 739 1281 ››
759 1233 824 1287 Et
847 1232 905 1287 in
926 1231 1160 1287 Cantico
1192 1227 2018 1299 canticorumzuUnguentum

370 1325 623 1381 effusum
656 1339 869 1379 nomen
900 1325 1068 1377 tuum
1100 1322 1288 1383 (Cant.
1319 1322 1426 1388 1).»
1459 1320 1675 1375 1tem:«
1695 1318 1846 1373 Dum
1863 1320 2019 1373 esset

370 1431 469 1470 rex
498 1413 556 1469 in
580 1412 849 1469 accubitu
875 1429 1001 1480 suo,
1020 1412 1238 1468 nardus
1260 1426 1391 1466 mea
1411 1409 1570 1465 dedit
1589 1408 1825 1463 odorem
1840 1422 2015 1462 suum

369 1505 570 1576 (ibidJ.
602 1503 746 1558 nUbi
779 1522 806 1557 υ
818 1506 996 1572 perte,
1013 1501 1153 1573 quid
1185 1499 1369 1555 Maria
1385 1497 1564 1554 semel
1595 1496 1813 1565 fecerit,
1828 1495 2016 1568 typice

367 1597 565 1649 autem
588 1593 730 1665 quid
748 1591 940 1665 omnis
958 1589 1233 1659 Ecclesia,
1252 1589 1393 1661 quid
1417 1588 1612 1644 anima
1635 1602 2016 1659 qumquepcr—

365 1683 518 1740 facta
547 1664 780 1755 semper
808 1664 1002 1752 faciat,
1035 1680 1385 1737 ostenditur.

437 1772 636 1828 «Dixit
664 1788 800 1845 ergo
834 1788 987 1827 unus
1009 1786 1077 1825 ex
1105 1769 1413 1840 discipulis
1438 1768 1565 1840 ejus
1590 1766 1775 1822 Judas
1790 1763 2011 1820 Scario-

366 1885 393 1912 α
426 1861 686 1933 this,qni
708 1864 833 1917 erat
861 1878 997 1916 eum
1028 1859 1587 1921 tradituruszQuare
1611 1855 1719 1911 hoc
1751 1870 2012 1927 unguen-

368 1974 390 2000 α
427 1954 555 2007 tum
603 1969 719 2008 non
762 1950 943 2006 veniit
988 1948 1262 2005 trecentis
1295 1945 1573 2012 denariis,
1605 1949 1661 2000 et
1688 1946 1891 2000 datum
1922 1944 2011 1998 est

362 2063 391 2091 «
416 2040 652 2113 egenis?
679 2062 706 2090 ››
736 2039 831 2094 Va;
860 2038 1040 2111 impio
1072 2037 1453 2093 traditori.va3
1469 2034 1853 2107 complicibus
1882 2034 2009 2103 ejus

361 2129 837 2202 nequitim,etiam
850 2144 1006 2185 nunc
1019 2127 1284 2183 membra
1296 2125 1508 2181 Christi
1522 2123 2007 2196 persequentibus

362 2220 460 2293 qui
493 2221 710 2276 famam
733 2219 984 2287 virtutis,
1000 2233 1176 2290 quam
1196 2216 1307 2288 ipsi
1326 2233 1441 2271 non
1461 2214 2004 2281 merenturhabere,

360 2309 643 2384 proximis
674 2310 773 2382 qui
803 2309 1039 2375 habent,
1063 2307 1321 2363 invidere
1350 2322 1467 2361 non
1496 2308 1747 2361 cessant.
1781 2304 1851 2358 Et
1876 2302 2005 2374 qui-

360 2401 493 2457 dem
525 2403 731 2473 putare
761 2415 1079 2471 possumus
1108 2398 1319 2452 ludam
1349 2412 1489 2451 cura
1520 2409 1845 2466 pauperum
1886 2392 2005 2447 haec

358 2490 539 2547 fuisse
552 2489 835 2556 locutum,
850 2488 952 2544 sed
968 2486 1162 2561 prodit
1184 2490 1440 2541 mentem
1454 2483 1614 2539 illius
1634 2482 2002 2549 testisverax,

358 2579 458 2652 qui
492 2578 651 2635 aitzu
683 2576 840 2634 Dixit
869 2581 1064 2634 autem
1097 2576 1226 2645 hoc,
1244 2591 1356 2630 non
1392 2574 1531 2647 quia
1559 2574 1632 2628 de
1660 2571 1860 2645 egenis
1881 2588 2005 2644 per-

359 2692 389 2719 α
419 2668 633 2724 tineret
653 2668 726 2724 ad
757 2684 912 2733 eum,
946 2667 1047 2723 sed
1079 2665 1219 2738 quia
1247 2665 1344 2720 fur
1371 2667 1515 2733 erat,
1546 2666 1603 2719 et
1646 2660 1870 2718 loculos
1900 2660 2005 2715 ha-

359 2780 389 2809 ‹‹
421 2758 575 2814 hens
595 2775 662 2815 ea
701 2775 829 2830 qua
877 2756 1279 2824 mittebantur,
1305 2752 1593 2826 portabat.
1630 2774 1657 2801 »
1690 2752 1815 2808 Non
1866 2765 2003 2821 ergo

354 2851 495 2903 tunc
523 2847 708 2904 Judas
737 2845 930 2920 periit,
945 2845 1179 2918 quando
1209 2842 1457 2916 pecunia
1485 2837 2004 2914 corruptusDomi-

355 2953 498 2993 num
528 2935 804 3009 prodidit,
819 2936 922 2991 sed
943 2936 1069 3007 jam
1092 2934 1355 3006 perditus
1385 2932 1700 2988 Dominum
1728 2931 2005 3003 sequeba-

350 3029 470 3092 tur,
484 3025 582 3098 qui
610 3025 833 3082 loculos
854 3025 1076 3081 habens
1098 3022 1442 3091 dominicos,
1458 3039 1525 3078 ea
1547 3038 1673 3094 quae
1695 3022 2005 3077 mitteban-

352 3120 468 3185 tur,
487 3116 756 3190 portabat
784 3114 846 3173 in
876 3114 1268 3171 ministerium
1294 3130 1643 3187 pauperum,
1672 3129 1799 3184 quae
1821 3111 1996 3168 etiam

350 3204 573 3262 infideli
605 3209 798 3262 mente
828 3205 1009 3261 furari
1043 3203 1287 3261 solebat.
1309 3202 1529 3258 Videns
1559 3218 1694 3275 ergo
1712 3202 1997 3257 Dominus

350 3313 451 3354 cor
478 3296 638 3353 illius
666 3294 1004 3369 cupiditatis
1015 3295 1141 3365 jam
1160 3293 1330 3349 sorde
1346 3291 1660 3363 pollutum,
1677 3290 1995 3362 praevidens

350 3386 535 3459 pejori
563 3383 908 3458 proditionis
938 3382 1108 3439 sorde
1137 3379 1851 3459 polluendum,commisit
1867 3381 1995 3451 ejus

352 3476 488 3531 fidei
521 3474 807 3547 quidquid
841 3473 1138 3530 habebant
1168 3473 1227 3527 in
1260 3470 1508 3542 seculis,
1523 3487 1774 3542 eumque
1803 3471 1873 3526 de
1903 3470 1996 3527 his

354 3580 481 3636 qua:
511 3562 685 3619 vellet
715 3563 900 3618 facere
921 3560 1207 3634 permisit,
1238 3560 1397 3615 velut
1425 3559 1618 3615 collati
1649 3558 1886 3614 honoris
1906 3559 1996 3615 vel

350 3652 563 3708 habita:
595 3650 878 3707 memoria
908 3649 1166 3723 pecuniae
1197 3653 1454 3704 mentem
1479 3650 1550 3705 ab
1582 3649 1769 3721 ipsius
1794 3650 1996 3706 vendi-

350 3740 507 3797 tione
528 3743 838 3797 revocaret.
872 3738 1090 3795 Verum
1121 3739 1261 3810 quia
1305 3757 1515 3796 avarus
1563 3756 1795 3811 semper
1841 3744 1991 3813 eget,

349 3847 540 3903 neque
572 3846 834 3902 unquam
851 3828 1266 3885 beneficiorum
1284 3846 1387 3901 per
1406 3829 1580 3885 ﬁdem
1603 3829 1994 3885 meminitim-

349 3920 504 3993 pius,
536 3936 570 3975 a
600 3920 755 3976 furto
785 3918 1043 3991 pecuniae
1075 3935 1252 3991 quam
1292 3919 1580 3990 portabat,
1615 3919 1874 3991 pervenit
1922 3920 1994 3975 ad

342 4008 721 4065 traditionem
751 4008 1003 4080 Domini,
1037 4007 1139 4080 qui
1165 4008 1472 4081 pecuniam
1503 4008 1616 4066 sibi
1647 4009 1989 4066 servandam

349 4099 818 4155 commendabat.

420 4210 448 4238 ‹‹
480 4187 638 4244 Dixit
665 4204 801 4261 ergo
831 4189 1031 4245 Jesus:
1052 4188 1191 4245 Sine
1221 4187 1402 4259 illam,
1436 4193 1500 4244 ut
1548 4189 1641 4245 die
1683 4189 1992 4262 sepulturae

347 4300 376 4327 «
413 4293 555 4333 meae
587 4280 776 4333 servet
802 4276 968 4333 illud.
989 4300 1016 4327 »
1037 4278 1214 4343 Quasi
1245 4278 1584 4335 innocenter
1611 4278 1993 4353 interroganti

345 4366 508 4423 Judas
539 4366 821 4422 Dominus
842 4366 1188 4440 simpliciter
1199 4371 1254 4423 et
1266 4372 1588 4440 mansuete,
1604 4386 1719 4441 quo
1737 4369 1996 4425 ministe-

347 4454 502 4511 rium
535 4455 729 4511 Marite
751 4455 1067 4528 pertineret
1096 4457 1400 4528 exposuit:
1424 4456 1562 4529 quia
1595 4458 1994 4529 ipsevidelicet

2139 512 2439 570 deramine
2460 513 3062 587 patientiae,Dominus
3087 534 3201 573 non
3219 518 3429 574 ludam
3447 520 3640 592 arguit
3657 538 3785 577 ava-

2137 601 2374 671 ritiae,et
2402 621 2517 659 non
2551 622 2876 677 pauperum
2897 605 3084 679 gratia
3104 608 3175 662 de
3206 608 3453 680 pecunia
3473 607 3784 681 loquizsed

2136 707 2205 746 ex
2232 693 2455 750 ratione
2487 694 2865 762 demonstrat,
2899 714 3016 753 non
3039 714 3166 754 esse
3198 697 3519 770 culpandus
3550 716 3650 755 eos
3680 701 3787 773 qui

2134 781 2185 837 ei
2216 782 2370 838 inter
2399 784 2668 841 homines
2698 786 3019 841 conversati
3045 787 3115 842 de
3137 786 3516 845 facultatibus
3534 789 3663 845 suis
3682 792 3791 846 mi-

2134 869 2470 939 nistrarent,
2488 889 2621 928 cum
2654 878 2774 929 tam
2798 892 2970 946 parvo
2993 878 3254 948 tempore
3277 876 3403 948 ipse
3416 880 3574 949 apud
3597 879 3791 935 Eccle-

2134 960 2283 1016 siam
2318 962 2693 1034 corporaliter
2724 980 3062 1033 mansurus,
3098 982 3384 1038 pauperes
3423 973 3617 1023 autem
3652 969 3783 1042 qui-

2131 1050 2243 1105 bus
2276 1050 2643 1125 eleemosyna
2672 1054 2795 1108 fieri
2846 1058 3061 1126 posset,
3097 1055 3158 1111 in
3203 1072 3272 1112 ea
3310 1073 3540 1130 semper
3584 1063 3787 1116 essent

2131 1138 2408 1196 habendi.

2202 1253 2229 1279 «
2260 1229 2535 1303 Cognovit
2564 1249 2699 1305 ergo
2728 1233 2903 1289 turba
2933 1233 3119 1289 multa
3150 1251 3217 1291 ex
3240 1235 3476 1306 Judzeis,
3499 1237 3638 1309 quia
3662 1239 3784 1297 illic

2132 1340 2160 1369 «
2193 1324 2281 1375 est
2309 1325 2366 1375 et
2394 1326 2678 1378 venerunt
2697 1340 2813 1378 non
2835 1328 3073 1396 propter
3100 1326 3301 1380 Jcsum
3321 1330 3572 1397 tantum,
3594 1331 3701 1385 sed
3723 1336 3785 1386 ut

2133 1430 2154 1457 α
2192 1409 2469 1465 Lazarum
2501 1411 2784 1480 viderent,
2818 1429 2994 1484 quem
3040 1413 3348 1470 suscitavit
3379 1432 3412 1471 a
3441 1419 3718 1474 mortuis.
3757 1444 3785 1471 »

2126 1498 2448 1557 liuriositas
2477 1500 2677 1567 hos,et
2702 1518 2817 1557 non
2848 1502 3101 1559 Charitas
3132 1504 3295 1561 duxit
3325 1505 3399 1561 ad
3417 1506 3642 1564 Jesum.
3664 1509 3782 1566 Sed

2126 1605 2234 1645 nos
2244 1607 2410 1646 versa
2424 1590 2565 1659 vice,
2584 1591 2791 1649 fratres
2811 1592 3139 1649 charissimi
3151 1636 3164 1659 ,
3179 1593 3231 1649 si
3248 1596 3660 1667 cognoscimus
3676 1600 3782 1656 ubi

2122 1678 2294 1734 Jesus
2325 1684 2432 1749 est,
2468 1679 2567 1735 ubi
2598 1680 2966 1737 mansionem
2997 1681 3155 1750 facit,
3194 1683 3294 1739 ubi
3324 1683 3695 1755 Bethaniam,
3721 1689 3779 1744 id

2122 1772 2211 1824 est
2242 1769 2481 1824 domum
2502 1769 2711 1825 animae
2725 1769 3069 1839 obedientis,
3087 1770 3145 1826 in
3166 1772 3777 1847 quahabitetinvenit,

2117 1858 2422 1914 veniamus
2451 1857 2591 1915 illuc
2621 1859 3138 1933 contemplatioue,
3174 1878 3288 1918 non
3318 1868 3556 1936 prOpter
3587 1865 3782 1923 homi-

2119 1964 2253 2003 nem
2283 1951 2534 2017 tantum,
2550 1965 2722 2020 quem
2738 1966 2772 2005 a
2788 1953 2976 2006 morte
2996 1948 3204 2006 animae
3224 1952 3573 2010 suscitatum
3599 1957 3781 2028 spiri-

2117 2035 2314 2092 taliter
2338 2038 2527 2093 vivere
2555 2038 2809 2107 donavit,
2834 2040 2935 2095 sed
2969 2044 3036 2096 ut
3064 2040 3280 2096 bonam
3311 2041 3569 2100 hominis
3585 2046 3778 2103 vitam

2118 2125 2401 2183 imitando
2432 2144 2535 2199 per
2564 2126 2672 2183 hoc
2702 2128 2775 2183 ad
2804 2128 3088 2185 visionem
3118 2131 3258 2187 Jesu
3287 2132 3619 2206 pertingere
3652 2153 3781 2193 me-

2115 2232 2368 2272 reamur.
2403 2217 2549 2282 Quia
2579 2234 2683 2290 pro
2714 2222 2868 2273 certo
2899 2219 3276 2291 cognovimus
3315 2222 3415 2277 ubi
3443 2223 3621 2280 Jesus
3662 2231 3775 2294 est,

2115 2305 2428 2361 resurrexit
2458 2306 2615 2362 enim
2647 2310 2777 2379 post
2801 2312 3140 2377 mortem,et
3160 2310 3423 2366 ascendit
3442 2312 3500 2367 in
3525 2313 3773 2383 coelum,

2113 2394 2195 2449 ibi
2225 2394 2402 2450 habet
2430 2395 2796 2451 mansionem
2847 2402 3211 2469 perpetuam,
3244 2400 3373 2472 ipsa
3423 2405 3513 2457 est
3559 2402 3777 2462 civitas

2112 2500 2265 2553 vera,
2301 2484 2581 2540 Bethania
2609 2484 2830 2542 scilicet
2859 2485 3129 2555 ccelestis,
3151 2506 3327 2561 quam
3359 2488 3558 2548 nullus
3587 2493 3772 2563 valet,

2114 2573 2227 2629 nisi
2258 2574 2536 2631 obediens
2557 2576 2795 2631 intrare.

2185 2688 2213 2715 ‹‹
2245 2665 2657 2738 Cogitaverunt
2682 2665 2975 2739 principes
3008 2669 3399 2738 sacerdotum,
3431 2675 3495 2727 ut
3543 2676 3603 2728 et
3656 2675 3775 2730 La-

2114 2772 2145 2805 κ
2171 2770 2372 2809 zarum
2404 2754 2971 2827 interficerent,quia
2997 2754 3167 2811 multi
3200 2761 3434 2829 propter
3463 2758 3637 2814 illum
3673 2762 3780 2817 ab-

2112 2865 2139 2892 α
2174 2844 2337 2899 ibant
2367 2862 2435 2900 ex
2462 2844 2702 2911 Judaais,
2734 2848 2793 2900 et
2821 2845 3135 2901 credebant
3162 2846 3222 2901 in
3251 2849 3472 2904 Jesum.
3495 2872 3523 2897 »
3544 2850 3588 2905 Ο
3611 2866 3775 2908 caeca

2110 2950 2395 2990 caecorum
2425 2934 2702 3000 versutia,
2731 2933 2993 2990 occidere
3021 2934 3165 2992 velle
3197 2937 3569 3007 suscitatum,
3588 2941 3773 3011 quasi

2111 3040 2223 3078 non
2238 3025 2423 3095 possit
2436 3023 2719 3080 suscitare
2734 3023 3017 3096 occisum,
3034 3026 3131 3097 qui
3151 3030 3377 3098 poterat
3389 3027 3770 3087 defunctum.

2108 3113 2178 3167 Et
2202 3111 2439 3184 quidem
2466 3116 2782 3185 utrumque
2811 3129 2981 3184 posse
3011 3114 3225 3182 docuit,
3259 3120 3315 3172 et
3338 3115 3438 3188 qui
3472 3118 3773 3177 Lazarum

2028 3176 2071 3245 α
2109 3176 2541 3271 defunctum,et
2570 3176 2950 3275 semetipsum
2970 3176 3273 3260 suscitavit
3290 3176 3572 3262 occisum.
3596 3176 3775 3265 Post;

2106 3309 2281 3365 quam
2313 3291 2598 3347 Dominus
2621 3291 3079 3364 quatriduanum
3094 3298 3392 3349 mortuum
3421 3295 3767 3368 suscitavit,

2105 3380 2479 3453 stupentibus
2508 3380 2746 3449 Judmis,
2765 3384 2823 3436 et
2842 3379 2973 3436 aliis
3005 3398 3207 3438 eorum
3238 3382 3482 3439 videndo
3514 3386 3773 3443 creden—

2104 3471 2285 3539 tibus,
2315 3468 2446 3525 aliis
2484 3469 2543 3525 in
2592 3469 2840 3525 videndo
2886 3471 3268 3542 pereuntibus
3300 3490 3313 3528 :
3346 3475 3403 3528 et
3431 3478 3768 3546 postquam

2105 3559 2402 3615 discubuit
2432 3559 2489 3613 in
2523 3559 2696 3615 domo
2729 3560 2919 3625 Jesus,
2943 3560 3315 3616 recumbente
3362 3577 3599 3634 quoque
3654 3566 3773 3620 La-

2104 3666 2257 3717 zaro,
2292 3648 2392 3720 qui
2416 3648 2605 3704 fuerat
2626 3664 2659 3703 a
2688 3648 2937 3702 mortuis
2970 3648 3306 3717 suscitatus,
3328 3652 3461 3721 post
3482 3667 3772 3724 unguen-

2103 3742 2231 3793 tum
2262 3738 2514 3794 eIl'usum
2546 3753 2723 3810 super
2752 3737 2927 3809 pedes
2959 3738 3108 3809 ejus,
3140 3739 3297 3794 unde
3333 3738 3546 3795 domus
3576 3743 3771 3799 odore

2104 3828 2393 3901 completa
2422 3833 2528 3896 est,
2562 3827 2631 3882 de
2659 3826 2873 3898 quibus
2899 3827 2955 3881 in
3003 3827 3424 3899 superioribus,
3457 3835 3770 3901 quantum

2105 3918 2407 3991 potuimus
2452 3916 2853 3982 tractavimus,
2887 3933 3044 3972 nunc
3090 3916 3405 3973 videndum
3453 3921 3562 3987 est,
3615 3922 3775 3993 quid

2105 4011 2240 4063 ante
2271 4005 2501 4063 Domini
2532 4006 2868 4079 passionem
2897 4009 3130 4078 gestum
3159 4022 3288 4063 esse
3317 4011 3567 4063 constat.
3604 4009 3777 4066 Dicit

2103 4097 2261 4153 enim
2292 4093 2649 4168 evangelista
2681 4110 2694 4148 :

2174 4210 2202 4237 ‹‹
2234 4186 2297 4242 In
2329 4184 2651 4242 crastinum
2675 4188 2871 4239 autem
2892 4185 3066 4240 turba
3087 4184 3292 4256 multa,
3316 4202 3442 4258 quae
3465 4202 3773 4245 convene-

2104 4280 2237 4332 «rat
2265 4276 2337 4331 ad
2368 4274 2521 4329 diem
2554 4274 2789 4342 festum,
2805 4290 2939 4329 cum
2962 4274 3227 4331 audisset
3247 4275 3385 4347 quia
3406 4276 3583 4332 Jesus
3595 4280 3773 4335 venit

2102 4363 2637 4435 «Hierosolymam,
2671 4367 3016 4435 acceperunt
3065 4381 3259 4421 ramos
3304 4364 3673 4437 palmarum,
3708 4372 3773 4425 et

2100 4479 2128 4505 (ι
2164 4456 2574 4527 processerunt
2616 4452 2844 4507 obviam
2875 4452 2950 4518 ei,
2983 4457 3041 4508 et
3070 4452 3403 4509 clamabant
3436 4470 3447 4510 :
3484 4454 3767 4513 Osanna.

348 4543 690 4616 moriturus,
723 4549 781 4600 et
809 4545 880 4600 ad
912 4544 1279 4617 speliendum
1310 4545 1669 4601 aromatibus
1700 4551 1855 4602 esset
1884 4564 1990 4602 un-
2023 4555 2067 4620 ι)
2101 4568 2129 4595 ‹‹
2162 4541 2502 4599 benedictus
2543 4541 2643 4612 qui
2692 4541 2848 4596 venit
2879 4541 2937 4595 in
2971 4542 3205 4598 nomine
3251 4542 3503 4611 Domini,
3532 4561 3640 4599 rex
3676 4549 3771 4602 Is-

346 4632 573 4706 gendus
607 4651 620 4689 :
656 4633 903 4705 ideoque
933 4632 1274 4705 Mariae,lcui
1302 4635 1373 4690 ad
1408 4630 1741 4691 motionem
1774 4636 1988 4691 mortui

345 4721 604 4795 corporis
615 4724 761 4794 ejus,
778 4721 1045 4794 quamvis
1058 4722 1315 4779 multum
1329 4722 1683 4778 desideranti
1697 4724 1925 4795 perveni
1936 4741 1992 4780 re

346 4829 461 4868 non
490 4811 708 4882 liceret,
741 4813 1021 4868 donatum
1054 4812 1131 4869 sit
1160 4812 1353 4868 adhuc
1394 4812 1606 4869 viventi
1657 4813 1993 4886 impendere

346 4900 716 4974 obsequium,
752 4903 905 4975 quod
937 4906 1070 4975 post
1098 4906 1346 4959 mortem
1375 4901 1545 4958 celeri
1576 4908 1865 4975 praeventa
1902 4921 1990 4960 re-

348 4991 705 5047 surrectione
737 4993 1021 5064 nequiret.
1047 4992 1210 5048 Unde
1240 4992 1387 5048 bene
1420 4993 1649 5048 Marcus
1675 4993 1989 5050 Dominum

347 5077 417 5132 de
448 5076 548 5132 illa
579 5079 794 5136 dixisse
821 5084 1073 5137 testatur
1091 5098 1103 5136 :
1121 5104 1149 5131 «
1168 5083 1290 5146 Quo
1311 5082 1518 5138 habuit
1536 5082 1658 5138 haec
1678 5083 1990 5156 fecit,prze-

343 5165 504 5223 venit
515 5183 730 5240 ungere
739 5184 950 5241 corpus
962 5187 1159 5227 meum
1173 5171 1233 5227 in
1247 5171 1929 5244 sepulturam(Marc.x1v)
1940 5217 1950 5229 .
1962 5197 1988 5223 ››

346 5254 507 5319 Quod
538 5259 626 5312 est
654 5260 848 5328 apeIte
879 5258 1256 5323 dicerezQuia
1277 5277 1488 5333 corpus
1518 5277 1715 5318 meum
1739 5262 1865 5333 jam
1898 5264 1991 5319 de-

347 5342 531 5399 functi
562 5349 801 5419 tangere
831 5363 946 5402 non
986 5349 1198 5420 potuit,
1232 5350 1423 5406 solum
1465 5351 1619 5424 quod
1668 5352 1858 5424 potuit
1904 5353 1990 5409 fe-

345 5433 444 5505 cit,
475 5434 752 5507 praevenit
802 5436 997 5492 vivum
1048 5438 1239 5495 adhuc
1287 5440 1594 5497 funerandi
1648 5442 1836 5498 officio
1886 5443 1988 5497 do-

345 5540 505 5581 nare.

415 5633 448 5664 «ι
476 5611 770 5686 ‘Pauperes
801 5614 958 5673 enim
997 5630 1228 5689 semper
1263 5617 1492 5675 habetis
1539 5618 1862 5688 vobiscum,
1896 5635 1988 5676 me

2100 4656 2127 4684 «
2162 4631 2300 4688 rael.
2328 4653 2356 4681 ››
2388 4628 2554 4686 Rami
2583 4629 2912 4702 palmarum
2944 4630 3148 4687 laudes
3180 4635 3319 4687 sunt
3348 4631 3773 4705 significantes

2099 4721 2421 4790 victoriam,
2453 4735 2570 4791 qua
2589 4723 2712 4775 erat
2741 4720 3024 4776 Dominus
3055 4724 3303 4777 mortem
3329 4721 3637 4779 moriendo
3666 4743 3774 4780 su-

2100 4815 2431 4886 peraturus.
2456 4813 2515 4866 et
2543 4809 2801 4882 trophaeo
2831 4809 3022 4865 crucis
3044 4809 3343 4866 diabolum
3368 4811 3579 4868 mortis
3601 4813 3777 4886 prin-

2099 4902 2287 4975 cipem
2335 4898 2825 4972 triumphaturus.
2878 4921 2908 4949 «
2958 4898 3209 4970 Osanna,
3256 4900 3605 4958 benedictus
3657 4903 3773 4975 qui

2099 4990 2255 5047 venit
2283 4990 2341 5044 in
2392 4988 2626 5046 nomine
2669 4987 2921 5043 Domini.
2958 5010 2985 5037 »
3017 4988 3352 5045 Notandum
3398 5005 3540 5046 sane
3593 4993 3770 5063 quod

2098 5079 2503 5149 osm,verbum
2529 5077 2900 5146 Hebraicum,
2918 5078 3307 5151 compositum
3323 5083 3491 5135 estex
3511 5080 3769 5138 duobus

2100 5168 2388 5240 corruptis
2420 5171 2477 5223 et
2507 5167 2730 5239 integro
2760 5184 2773 5221 :
2807 5168 2962 5223 salva
2995 5185 3249 5241 namque
3275 5169 3395 5226 sive
3432 5170 3773 5242 salviviﬁca

2100 5258 2255 5331 apud
2286 5256 2519 5312 Judaeos
2547 5255 2778 5311 dicitur.
2804 5256 2889 5311 NA
2916 5274 3050 5313 vero
3080 5258 3404 5330 interjectio
3434 5258 3773 5331 deprecan-

2098 5347 2196 5417 tis,
2230 5346 2522 5419 quomodo
2553 5345 2706 5417 apud
2739 5345 2975 5402 Latinos
3004 5347 3327 5421 interjectio
3358 5352 3447 5404 est
3494 5348 3773 5405 dolentis

2099 5439 2223 5505 heu,
2267 5440 2323 5491 et
2363 5433 2682 5505 interjectio
2725 5435 3096 5506 admirantis,
3145 5453 3330 5510 papa}.
3377 5436 3644 5510 Denique
3701 5439 3774 5495 in

2098 5525 2352 5595 Psalmo,
2386 5522 2485 5579 ubi
2517 5524 2889 5597 septuaginta
2918 5526 3265 5599 interpretes
3294 5525 3771 5583 transtulerunt:

2099 5640 2129 5667 ‹‹
2162 5616 2206 5672 0
2236 5613 2499 5682 Domine,
2533 5611 2758 5670 salvum
2783 5630 2873 5671 me
2904 5615 2993 5672 fac
3025 5616 3195 5686 (Psal.
3231 5618 3445 5688 LXVIII),
3482 5639 3511 5665 ››
3543 5616 3604 5671 in
3642 5616 3772 5675 He-
