3872 6170
145 380 239 439 385
1310 371 1661 430 llOllILl/E
1704 370 1804 429 DE
1851 368 2246 429 ἹῚίΜΡΟΙὶΕ.

141 513 267 567 brae
287 507 544 578 scriptum
565 507 679 559 est:
708 505 876 560 Anna
897 503 1106 560 adonai
1133 503 1354 570 osiana,
1378 503 1531 575 quod
1557 502 1732 558 inter-
1760 513 1815 580 Α
1848 504 2007 556 ctum
2037 504 2145 567 est,
2189 524 2215 551 ‹‹
2249 501 2375 556 Noli
2408 502 2640 561 timere:
2675 527 2702 555 »

137 616 247 673 pres
269 601 449 653 noster
475 594 871 667 Hieronymus,
919 592 1257 666 diligentius
1302 592 1623 662 elucidans,
1652 591 1735 647 ita

133 687 415 745 transtulit:
445 710 465 736 ι
485 685 749 752 Obsecro,
771 684 1034 752 Domine,
1054 683 1236 751 salva,
1254 684 1512 739 obsecro.
1534 706 1554 732 »
1573 683 1731 738 Idem

129 793 347 849 namque
377 774 656 848 significat
687 790 716 830 ο
748 790 849 847 per
870 771 1331 845 interjectionem
1350 771 1730 838 obsecrantis,

124 868 255 940 quod
283 866 498 932 obsecro,
530 866 773 931 Domine,
805 879 910 935 per
938 863 1134 935 ipsum
1174 862 1418 919 verbum
1465 862 1734 917 obsecra-

123 956 287 1013 tionis.
335 954 559 1010 Osanna
587 954 787 1025 itaque
831 954 984 1008 salva
1014 954 1227 1009 obsecro
1257 951 1566 1025 signiﬁcat,
1595 967 1732 1006 con-

124 1050 325 1119 sumpta
350 1043 537 1099 littera
566 1042 655 1098 vel
686 1040 892 1109 vocali,
928 1060 1055 1115 quae
1084 1042 1327 1105 verbum
1359 1041 1522 1114 prius
1551 1041 1732 1096 inter-

122 1137 293 1199 minat,
325 1149 449 1189 cum
471 1132 718 1205 perfecte
744 1132 958 1188 dicitur
979 1132 1083 1200 osi,
1110 1148 1212 1205 per
1232 1131 1506 1187 virtutem
1529 1130 1731 1185 littera:

121 1223 299 1280 vocalis
335 1220 520 1294 aleph,
552 1239 586 1277 a
611 1238 729 1293 qua
756 1222 999 1278 verbum
1028 1238 1279 1293 sequens
1317 1220 1525 1292 incipit
1556 1236 1728 1285 anna,

121 1314 244 1386 quod
273 1309 487 1368 metrici
518 1311 579 1366 in
624 1311 815 1367 verbis
847 1310 1199 1367 scandendis
1228 1308 1602 1382 synalcnphen
1635 1325 1730 1364 vo-

118 1407 241 1470 cant,
257 1400 513 1473 quamvis
538 1399 623 1455 illi
649 1400 929 1473 scriptam
948 1398 1203 1455 litteram
1222 1399 1565 1455 scandentes
1581 1401 1734 1453 tran-

116 1491 311 1561 siliant;
345 1490 402 1545 in
434 1490 544 1546 hoc
579 1492 774 1546 autem
808 1490 986 1546 verbo
1023 1506 1267 1556 osanna,
1293 1490 1369 1544 tot
1404 1487 1596 1542 littera
1628 1503 1732 1542 nec

115 1581 281 1637 saltem
311 1579 624 1647 scribatur,
663 1579 765 1635 sed
789 1596 967 1635 sensu
990 1578 1357 1650 loquentium
1388 1576 1567 1643 salvo,
1602 1576 1732 1632 fun-

114 1671 236 1726 ditus
278 1669 720 1725 intermittatur.
777 1691 805 1720 «
832 1668 1180 1724 Benedictus
1213 1667 1311 1740 qui
1344 1666 1501 1723 venit
1530 1666 1590 1721 in
1625 1683 1733 1721 no-

114 1759 239 1816 mine
291 1758 538 1826 Domini,
602 1775 700 1814 rex
732 1757 930 1824 Israel,
970 1780 997 1807 »
1049 1756 1132 1813 sic
1184 1756 1587 1828 accipiendum
1622 1760 1729 1824 est,

116 1853 164 1905 ut
204 1849 254 1904 in
300 1849 531 1905 nomine
594 1846 782 1903 Patris
831 1846 1213 1919 intelligatur,
1274 1845 1541 1917 quamvis
1599 1862 1733 1917 pos-
1763 1888 1811 1953 B

112 1938 169 1994 sit
210 1938 407 1995 habere
463 1935 941 2010 intelligentiam,
1000 1935 1059 1991 in
1117 1935 1351 1991 nomine
1408 1952 1533 1991 suo.
1586 1933 1733 2001 Quia

112 2032 155 2082 et
176 2027 283 2101 ipse
336 2027 627 2084 Dominus
686 2029 795 2095 est,
859 2026 1015 2082 unde
1078 2023 1217 2081 alibi
1275 2025 1559 2097 scriptum
1604 2028 1726 2079 cst:

111 2140 133 2165 «
154 2116 285 2172 Pluit
311 2118 599 2173 Dominus
630 2134 664 2172 a
694 2116 959 2174 Domino.
990 2138 1019 2165 »
1044 2115 1234 2170 Verba
1253 2115 1380 2185 ejus
1403 2114 1611 2169 melius
1635 2130 1733 2168 no-

112 2211 263 2261 strum
298 2206 551 2280 dirigant
579 2205 965 2277 intellectum,
1001 2205 1099 2277 qui
1134 2204 1248 2260 ait:
1307 2228 1327 2254 α
1362 2205 1480 2277 Ego
1509 2203 1637 2258 veni
1672 2202 1731 2257 in

110 2296 303 2352 nomine
332 2296 521 2351 Patris
579 2294 716 2363 mei,
769 2298 969 2350 etnon
1022 2292 1364 2365 suscepistis
1398 2309 1527 2347 me:
1580 2290 1731 2347 alius

108 2384 264 2439 veniet
289 2383 345 2439 in
374 2384 619 2440 nomine
650 2400 777 2450 suo,
825 2382 982 2438 hunc
1014 2380 1349 2454 suseipietis
1382 2382 1556 2453 (Joan.
1588 2380 1664 2452 v).
1700 2402 1728 2430 »

110 2472 422 2529 Humilitatis
438 2474 602 2529 enim
622 2473 902 2545 magister
917 2475 1007 2527 est
1027 2471 1317 2537 Christus,
1342 2470 1439 2542 qui
1465 2468 1734 2525 humilia-

108 2563 166 2616 vit
183 2564 571 2636 semetipsum,
602 2562 789 2617 factus
828 2561 1105 2616 obediens
1146 2578 1331 2632 usque
1361 2561 1431 2615 ad
1462 2563 1731 2623 mortem,

112 2655 317 2708 mortem
341 2657 535 2708 autem
566 2650 761 2706 crucis
783 2650 1014 2722 (Philip.
1042 2650 1124 2721 ιι).
1149 2651 1270 2705 Non
1299 2650 1494 2721 itaque
1516 2648 1735 2704 amittit

114 2740 463 2809 Divinitatem,
489 2741 732 2815 quando
764 2756 871 2795 nos
898 2740 1067 2795 docet
1096 2738 1508 2795 humilitatem.
1543 2743 1606 2793 In
1635 2737 1734 2793 illa

113 2828 231 2885 Patri
250 2835 331 2887 est
357 2829 629 2902 zequalis,
652 2829 711 2884 in
739 2829 848 2885 hac
880 2828 1049 2885 nobis
1071 2827 1303 2885 similis.
1324 2828 1432 2883 Per
1446 2828 1555 2883 hoc
1577 2827 1733 2903 quod

113 2918 232 2974 Patri
263 2919 500 2992 aequalis
529 2922 646 2986 est,
681 2935 790 2975 nos
820 2921 885 2974 ut
914 2934 1179 2974 essemus
1206 2917 1420 2974 creavit
1446 2934 1548 2989 per
1577 2917 1732 2989 quod

114 3009 247 3065 nobis
268 3014 350 3066 est
378 3008 621 3075 similis,
677 3026 750 3065 ne
779 3008 1104 3089 periremus
1134 3007 1399 3063 redemit.
1434 3006 1548 3062 Has
1577 3006 1732 3061 enim

113 3097 277 3154 laudes
326 3100 495 3155 turba
544 3098 817 3154 dicebat:
882 3098 1193 3165 «Osanna,
1245 3096 1588 3152 benedictus
1632 3097 1732 3168 qui

114 3187 309 3245 venitin
340 3190 583 3246 nomine
623 3187 854 3244 Domini
890 3205 989 3242 rex
1020 3187 1214 3242 Israel.
1244 3210 1272 3236 »
1322 3186 1506 3250 Quam
1536 3202 1732 3242 vocem

2745 506 2913 566 illum
2944 527 3213 587 agnosce,
3246 526 3376 594 quit
3416 572 3421 580 .
3489 553 3518 589 e

1842 590 2136 685 laudatur,
2181 596 2249 685 et
2268 591 2385 647 noli
2417 593 2710 666 trepidare
2756 613 2890 655 cum
2923 601 3201 677 loquitur,
3237 590 3375 685 quia
3401 617 3497 677 me

1844 679 2087 777 sanguis
2110 680 2406 777 fundetur,
2427 700 2719 777 perquem
2738 691 2903 746 tuum
2924 693 3201 754 delictum
3215 679 3496 777 deleatur,

1842 772 1899 824 et
1928 767 2045 824 vita
2075 769 2416 868 redimatur.
2441 774 2611 868 Sedet
2626 793 2803 848 super
2823 781 3051 851 pullum
3079 789 3278 860 asinae,
3302 792 3359 849 in
3384 767 3498 868 quo

1844 874 2016 912 nemo
2043 858 2275 914 sederat
2296 860 2426 932 (hoc
2457 861 2611 919 enim
2636 869 2790 938 apud
2823 869 2967 927 alios
2999 858 3383 952 evangelistas
3399 858 3499 941 in-

1842 946 2126 1043 venitur):
2152 948 2501 1022 intelligitur
2520 946 3177 1039 populusgentium,qui
3193 967 3377 1043 legem
3401 978 3502 1030 Do-

1844 1034 1987 1135 mini
2026 1054 2138 1092 non
2163 1044 2480 1135 acceperat.
2517 1042 2702 1116 Super
2731 1046 2959 1104 asinam
2990 1034 3123 1111 vero
3155 1034 3336 1126 sedet,
3362 1064 3501 1135 quia

1844 1127 2513 1220 utrumqquAumentum
2545 1131 2793 1190 Domino
2820 1138 3138 1199 adductum
3162 1150 3249 1202 est
3269 1127 3497 1220 plebem

1841 1229 1970 1268 eam
2012 1214 2381 1310 lsigniﬁcans,
2436 1235 2562 1289 quae
2607 1222 2873 1281 veniebat
2906 1244 2973 1283 ex
3030 1235 3246 1305 populo
3269 1214 3494 1310 _Isracl,

1842 1318 1956 1356 non
2008 1303 2359 1362 indomitam
2413 1324 2561 1378 esse,
2618 1311 2719 1367 sed
2777 1332 2903 1386 qua:
2960 1303 3215 1395 praesepe
3271 1303 3498 1387 Domini

1841 1392 2093 1462 agnovit.

1919 1503 1939 1529 ι
1978 1480 2106 1580 llaec
2155 1499 2267 1538 non
2315 1496 2709 1557 cognoverunt
2757 1492 3026 1567 discipuli
3058 1501 3185 1570 ejus
3214 1505 3493 1580 primum,

1845 1570 2013 1668 «.sed-
2037 1572 2270 1642 quando
2291 1573 2654 1668 gloriﬁcatus
2684 1586 2772 1638 est
2799 1584 2986 1642 Jesus.
3006 1612 3034 1637 ››
3065 1590 3125 1646 Id
3154 1570 3242 1650 est
3263 1570 3497 1668 quando

1841 1657 2053 1713 virtute
2085 1678 2202 1715 suae
2253 1667 2695 1726 resurrectionis
2727 1674 3000 1744 ostendit,
3034 1681 3172 1736 tunc
3212 1657 3496 1746 recordati

1844 1751 1984 1803 sunt
2006 1749 2144 1851 quia
2163 1748 2285 1851 haec
2311 1758 2447 1851 sunt
2468 1754 2683 1829 scripta
2707 1759 2777 1815 de
2807 1778 2890 1820 eo.
2921 1764 3260 1829 Recolentes
3280 1776 3497 1851 quippe

1843 1839 2166 1893 secundum
2206 1840 2583 1913 Scripturam,
2611 1863 2737 1918 qua
2761 1854 2895 1907 ante
2926 1857 3260 1925 passionem
3296 1839 3497 1923 sivein

1844 1926 2114 1998 passione
2147 1928 2380 1987 Domini
2412 1934 2702 2007 completa
2731 1945 2889 2007 sunt,
2928 1942 3006 1999 ibi
3041 1951 3097 2001 et
3126 1948 3235 2006 hoc
3267 1951 3498 2012 invene-

1844 2020 2001 2116 runt,
2036 2022 2099 2072 ut
2130 2021 2455 2116 secundum
2502 2024 2734 2099 eloquia
2780 2033 3199 2105 prophetarum
3233 2040 3291 2096 in
3340 2044 3500 2116 pullo

1841 2105 2018 2161 asinae
2050 2109 2294 2165 sederet.

1915 2219 1943 2245 «
1977 2197 2405 2292 Testimonium
2438 2220 2572 2277 ergo
2604 2207 2947 2279 perhibebat
2979 2216 3151 2273 turba
3201 2237 3327 2292 quae
3379 2229 3502 2280 erat

1843 2308 1870 2333 ‹‹
1904 2301 2036 2341 cum
2065 2304 2130 2343 eo
2160 2291 2394 2360 quando
2428 2292 2709 2353 Lazarum
2740 2302 2962 2357 vocavit
2991 2305 3062 2360 de
3094 2291 3500 2381 monumento,

1844 2396 1871 2422 «
1904 2379 1965 2465 et
1981 2376 2284 2434 suscitavit
2304 2396 2437 2436 eum
2462 2400 2495 2437 a
2518 2386 2783 2443 mortuis.
2809 2414 2836 2440 ››
2863 2391 3174 2465 Propterea
3194 2402 3251 2453 et
3270 2376 3500 2459 obviam

1840 2463 1998 2519 venit
2026 2466 2076 2519 ei
2110 2467 2304 2535 turba,
2337 2470 2475 2542 quia
2505 2474 2815 2533 audierunt
2846 2463 3119 2540 eum—hoc
3149 2486 3386 2560 signum
3421 2493 3500 2548 fe-

1842 2553 2013 2608 cisse.
2050 2555 2325 2613 Pharismi
2359 2577 2494 2632 ergo
2526 2563 2798 2622 dixerunt
2820 2570 2890 2623 ad
2916 2553 3262 2647 semetipsos
3293 2596 3305 2634 :
3344 2603 3372 2631 ‹‹
3403 2581 3502 2637 Via

1844 2642 1994 2698 detis
2026 2646 2166 2716 quia
2223 2647 2369 2702 nihil
2426 2652 2816 2721 proficimus?
2857 2659 3001 2715 Ecce
3050 2642 3310 2723 mundus
3342 2674 3502 2727 totus

1844 2736 1975 2802 post
1998 2749 2130 2788 eum
2164 2734 2310 2791 abiit
2341 2737 2518 2809 (Joan.
2543 2740 2663 2813 xu).
2693 2766 2720 2791 »
2746 2744 2941 2802 Turba
2962 2751 3219 2807 turbavit
3241 2758 3497 2815 turbam.

1844 2821 1989 2886 Quid
2014 2826 2205 2879 autem
2230 2824 2475 2895 invides,
2496 2846 2646 2885 caeca
2668 2832 2861 2903 turba,
2884 2835 3024 2908 quia
3044 2845 3176 2911 post
3197 2860 3332 2900 eum
3346 2847 3503 2904 vadit

1844 2912 2124 2983 mundus,
2158 2931 2261 2986 per
2289 2932 2463 2988 quem
2497 2918 2684 2978 factus
2715 2927 2803 2979 est
2833 2928 3137 2986 mundus?

1915 3022 1943 3049 ‹‹
1969 3000 2147 3055 Erant
2176 3006 2371 3058 autem
2403 3006 2651 3076 gentiles
2682 3009 2922 3081 quidam
2957 3031 3026 3070 ex
3060 3015 3131 3073 iis
3163 3020 3262 3092 qui
3294 3038 3501 3080 ascen-

1847 3110 1875 3139 ‹‹
1906 3088 2113 3175 derant
2144 3094 2208 3145 ut
2236 3093 2548 3151 adorarent
2578 3097 2634 3151 in
2668 3098 2760 3154 die
2792 3101 2959 3158 festo.
2985 3104 3051 3160 Hi
3075 3088 3210 3181 ergo
3237 3127 3501 3170 accesse-

1849 3200 1875 3228 ‹‹
1908 3168 2047 3233 runt
2068 3180 2146 3271 ad,
2177 3180 2532 3254 Philippum,
2555 3187 2655 3257 qui
2679 3194 2802 3245 erat
2830 3208 2864 3247 a
2891 3168 3203 3252 Bethsaida
3233 3168 3499 3271 Galilaeae,

115 3279 290 3336 mentis
316 3277 644 3336 invidentia
673 3277 967 3350 principes
996 3276 1331 3332 Judmomm
1363 3276 1585 3348 perpeti
1613 3293 1728 3331 non
1761 3259 1804 3327 C
1847 3291 1875 3320 ‹‹
1906 3271 1961 3323 et
1992 3268 2274 3341 rogabant
2302 3289 2436 3328 eum
2469 3275 2765 3334 dicentes:
2810 3279 3077 3353 Domine,
3107 3286 3377 3345 volumus
3405 3259 3499 3349 Je:

113 3371 357 3436 poterant,
382 3367 626 3441 quando
648 3383 841 3439 regem
868 3357 1042 3422 suum
1074 3364 1371 3420 Christum
1393 3367 1557 3420 tanta
1587 3364 1735 3419 mul-

113 3456 264 3513 titudo
292 3458 607 3514 clamabat.
643 3456 755 3512 Sed
783 3456 922 3529 quid
952 3454 1059 3510 fuit
1082 3454 1351 3522 Domino,
1387 3470 1582 3527 regem
1605 3470 1733 3510 esse

115 3541 290 3601 Israel?
317 3547 453 3620 quid
478 3561 771 3618 magnum
797 3544 924 3611 fuit,
949 3560 1143 3616 regem
1168 3543 1515 3599 saeculorum
1537 3559 1733 3616 regem

112 3632 209 3687 ﬁeri
242 3635 547 3692 hominum
572 3634 604 3689 ‘2
649 3634 773 3689 Non
804 3633 959 3689 enim
992 3650 1091 3689 rex
1128 3631 1306 3688 Israel
1339 3632 1626 3699 Christus,
1660 3632 1730 3687 ad

113 3720 412 3791 exigendum
439 3725 760 3789 tributum,
793 3721 879 3777 vel
910 3722 1058 3777 ferro
1086 3722 1404 3777 exercitum
1428 3721 1731 3787 armando,

114 3806 380 3885 hostesque
410 3810 796 3869 debellando:
833 3811 932 3867 sed
965 3827 1063 3867 rex
1103 3810 1298 3875 Israel,
1337 3811 1433 3883 qui
1477 3814 1732 3866 mentem

114 3903 257 3969 regat,
289 3903 382 3973 qui
416 3903 478 3958 in
511 3906 806 3957 aeternum
829 3899 1121 3968 consulat,
1148 3900 1247 3972 qui
1272 3900 1331 3955 in
1358 3916 1605 3973 regnum
1627 3916 1735 3954 cm-

115 3981 261 4044 lorum
291 3992 621 4052 credentes,
657 3994 984 4062 sperantes,
1019 3994 1401 4062 amantesque
1430 3990 1730 4061 perducat.

114 4071 189 4128 Dei
211 4094 332 4151 ergo
364 4079 576 4149 Filius,
609 4077 851 4151 zequalis
878 4078 1054 4146 Patri,
1077 4077 1333 4134 Verbum
1356 4095 1459 4150 per
1478 4078 1633 4149 quod
1655 4076 1735 4133 fa-

115 4166 181 4217 cta
196 4170 564 4238 suntomnia,
593 4169 747 4240 quod
775 4185 873 4224 rex
891 4185 1021 4224 esse
1039 4166 1221 4224 voluit
1247 4166 1443 4233 Israel,
1473 4165 1731 4239 dignatio

114 4256 194 4321 est,
233 4274 338 4314 non
368 4256 706 4331 promotio:
740 4255 1133 4313 miserationis
1162 4256 1447 4312 indicium
1478 4259 1585 4323 est,
1614 4273 1731 4312 non

112 4344 371 4409 potestatis
399 4350 821 4423 augmentum.
848 4346 956 4414 Qui
980 4345 1136 4402 enim
1168 4345 1494 4419 appellatus
1524 4349 1612 4402 est
1634 4362 1733 4402 rex

112 4426 421 4505 Judzeorum,
454 4438 517 4493 in
553 4437 720 4493 cmlis
751 4441 842 4493 est
870 4436 1150 4493 Dominus
1181 4436 1539 4509 angelorum.

166 4544 187 4568 ει
213 4523 273 4580 Et
298 4524 518 4585 invenit
548 4527 725 4584 Jesus
760 4525 1029 4595 asellum,
1064 4529 1120 4582 et
1149 4526 1300 4582 sedit
1330 4543 1507 4598 super
1535 4542 1730 4581 eum.»

113 4605 190 4663 llic
215 4612 449 4672 breviter
479 4617 713 4672 dictum
745 4619 852 4671 est.
900 4615 1046 4671 Nam
1106 4615 1611 4689 quemadmodum.
1654 4614 1732 4670 sit

114 4694 310 4771 factum,
341 4706 496 4777 apud
531 4704 683 4760 alios
713 4703 1098 4777 evangelistas
1123 4702 1463 4776 plenissime
1493 4703 1727 4775 legitur.

110 4786 390 4848 Adhibetur
421 4799 627 4851 autem
658 4793 796 4849 huic
827 4794 976 4849 facto
1021 4793 1425 4866 propheticum
1468 4793 1732 4850 testimo-

114 4872 262 4945 nium,
290 4886 353 4938 ut
381 4886 715 4957 appareret,
741 4884 897 4955 quod
922 4881 1161 4955 maligni
1184 4882 1479 4955 principes
1503 4882 1734 4939 Judaeo-

112 4978 212 5021 mm
239 4986 365 5027 eum
415 4991 533 5029 non
587 4972 1014 5046 intelligebant,
1064 4972 1124 5027 in
1168 4990 1283 5044 quo
1334 4972 1732 5044 implebantur

113 5065 212 5120 qua?
235 5055 518 5132 legebant.
572 5062 799 5118 Invenit
826 5078 963 5136 ergo
991 5060 1162 5118 Jesus
1193 5061 1460 5131 asellum,
1493 5065 1551 5117 et
1580 5062 1729 5118 sedit

113 5155 254 5213 super
287 5165 438 5205 eum.

167 5234 353 5294 «Sicut
383 5239 674 5312 scriptum
705 5244 828 5296 est:
862 5239 989 5295 Noli
1013 5241 1237 5309 timere,
1270 5239 1391 5295 ﬁlia
1411 5240 1571 5304 Sion,
1595 5256 1727 5296 ecce

114 5338 136 5404 ξ(
159 5336 240 5378 rex
258 5330 389 5383 tuus
417 5329 581 5387 venit
606 5330 735 5399 tibi,
769 5330 978 5386 sedens
1008 5347 1187 5404 super
1212 5329 1442 5402 pullum
1472 5329 1670 5386 asinae.
1697 5351 1725 5379 ››

110 5402 213 5463 Haec
247 5412 358 5471 filia
386 5417 551 5485 Sion,
583 5420 676 5475 cui
721 5419 1000 5475 divinitus
1032 5402 1147 5477 ista
1176 5419 1471 5486 dicuntur,
1503 5419 1563 5474 in
1612 5418 1727 5475 illis

109 5500 208 5553 erat
227 5502 445 5572 ovibus,
471 5523 599 5578 quae
630 5523 829 5565 vocem
862 5508 1115 5581 pastoris
1149 5507 1500 5564 audiebant:
1534 5505 1594 5562 in
1626 5505 1726 5563 illa

112 5590 209 5671 εἶναι
246 5591 634 5664 multitudine,
685 5614 813 5671 quae
854 5597 1169 5653 Dominum
1198 5597 1530 5655 venientem
1560 5600 1725 5653 tanta

112 5669 373 5742 devotione
419 5669 721 5764 laudabat,
761 5690 923 5747 tanto
970 5688 1203 5764 agmine
1248 5687 1592 5748 deducebat.
1626 5686 1724 5746 Di-

1847 3380 1872 3408 ‹‹
1905 3375 2036 3413 sum
2068 3357 2282 3414 videre.
2316 3360 2487 3417 Venit
2516 3364 2820 3439 Philippus
2852 3373 2908 3425 et
2938 3371 3081 3429 dicit
3099 3376 3360 3434 Andreas.
3392 3382 3506 3436 An-

1844 3470 1871 3497 «
1905 3447 2074 3503 dreas
2125 3466 2384 3517 rursum,
2418 3455 2475 3507 et
2506 3452 2812 3529 Philippus
2836 3459 3120 3529 dicebant
3149 3466 3307 3523 Jesu.
3344 3491 3372 3517 ››
3403 3469 3501 3524 Vi-

1842 3537 2089 3592 deamus
2119 3538 2255 3611 quid
2279 3539 2566 3599 Dominus
2588 3545 2660 3600 ad
2685 3545 2798 3602 ista
2824 3553 3206 3623 responderit.
3237 3556 3378 3613 Ecce
3398 3576 3502 3615 vo-

1842 3626 2080 3681 luerunt
2109 3644 2245 3683 eum
2295 3630 2477 3686 Judaei
2509 3633 2792 3704 occidere,
2823 3639 3071 3710 gentiles
3120 3643 3332 3701 videre.
3391 3649 3500 3704 Sed

1843 3715 2020 3771 etiam
2044 3716 2127 3771 illi
2171 3734 2239 3774 ex
2266 3719 2481 3775 Judaeis
2511 3728 2694 3793 erant,
2731 3725 2830 3797 qui
2861 3726 3230 3788 clamabant:
3270 3757 3297 3784 »
3329 3737 3504 3793 Bene-

1843 3805 2034 3861 dictus
2081 3807 2177 3878 qui
2210 3808 2369 3891 venit
2397 3809 2455 3865 in
2516 3814 2753 3870 nomine
2783 3817 3038 3891 Domini,
3095 3839 3194 3878 rex
3238 3823 3436 3882 Israel.
3470 3849 3499 3876 ››

1841 3895 2005 3963 Ecce,
2040 3894 2125 3950 illi
2157 3913 2225 3952 ex
2267 3886 2733 3973 circumcisione,
2776 3905 2861 3961 illi
2896 3924 2963 3962 ex
2995 3886 3296 3984 praeputio,
3345 3915 3504 3972 velut

1840 3984 2093 4056 parietes
2113 3985 2183 4040 de
2201 3986 2426 4044 diverso
2449 3991 2761 4062 venientes,
2781 4000 2838 4049 et
2860 3996 2917 4050 in
2944 4015 3121 4054 unam
3143 4000 3317 4058 ﬁdem
3341 4003 3506 4060 Chri-

1842 4074 1917 4129 sti
1947 4072 2109 4146 pacis
2135 4074 2338 4132 osculo
2368 4085 2799 4138 concurrentes.
2836 4086 3162 4144 Audiamus
3192 4089 3375 4162 igitur
3401 4109 3500 4149 vo-

1841 4179 1967 4219 cem
1996 4162 2208 4235 lapidis
2236 4165 2558 4238 angularis.

1912 4276 1939 4302 «
1974 4253 2146 4309 Jesus
2196 4259 2413 4324 autem,
2478 4256 2689 4329 inquit,
2751 4264 3055 4334 respondit
3103 4265 3208 4334 eis,
3255 4268 3494 4325 dicens:

1842 4364 1869 4393 ‹‹
1902 4342 2072 4398 Venit
2100 4343 2245 4399 hora
2276 4348 2339 4399 ut
2369 4343 2721 4405 clariﬁcetur
2770 4349 2951 4407 Filius
3001 4352 3279 4411 hominis.
3315 4379 3344 4405 »
3392 4357 3499 4415 Hic

1841 4432 2155 4505 quisquam
2178 4433 2421 4491 forsitan
2443 4439 2612 4508 putat
2634 4436 2763 4495 ideo
2783 4455 2845 4494 se
2868 4440 3085 4498 dixisse
3105 4443 3497 4516 gloriﬁcatum

1841 4522 1980 4594 quia
2009 4521 2255 4595 gentiles
2285 4541 2421 4579 eum
2441 4525 2713 4583 volebant
2740 4528 2954 4586 videre.
2981 4532 3107 4587 Non
3140 4533 3222 4589 ita
3252 4539 3361 4604 est,
3396 4537 3497 4592 sed

1759 4636 1808 4702 Β
1837 4612 2071 4668 videbat
2099 4613 2259 4687 ipsos
2306 4615 2553 4687 gentiles
2592 4621 2725 4688 post
2753 4619 3090 4690 passionem
3139 4626 3197 4677 et
3239 4639 3497 4679 resurre-

1841 4703 2093 4758 ctionem
2115 4720 2281 4759 suam
2301 4704 2359 4759 in
2382 4704 2656 4761 omnibus
2673 4707 2945 4780 gentibus
2962 4709 3304 4767 credituros.
3329 4710 3494 4780 Quia,

1840 4791 1993 4846 sicut
2022 4792 2164 4848 dicit
2194 4794 2510 4865 Apostolus
2542 4812 2554 4849 :
2590 4818 2617 4846 ‹‹
2651 4795 2890 4852 Caecitas
2937 4813 3005 4852 ex
3035 4804 3199 4870 parte
3228 4799 3285 4853 in
3320 4799 3496 4856 Israel

1840 4882 1992 4936 facta
2019 4886 2127 4949 est,
2174 4884 2358 4939 donec
2406 4883 2708 4956 plenitudo
2739 4886 3003 4957 gentium
3038 4887 3279 4944 intraret
3319 4890 3495 4959 (Rom.

1838 4970 1939 5041 x1).
1975 4993 2002 5020 »
2039 4971 2115 5026 Ex
2146 4973 2447 5029 occasione
2494 4973 2674 5046 igitur
2714 4974 2961 5031 istorum
3006 4976 3340 5045 gentilium,
3393 4979 3495 5051 qui

1838 5076 1973 5115 eum
2004 5060 2198 5117 videre
2215 5062 2548 5134 cupiebant,
2574 5063 2888 5121 annuntiat
2908 5064 3170 5122 futuram
3200 5066 3498 5139 plenitud-

1837 5166 1970 5205 nem
1990 5150 2274 5221 gentium.
2293 5152 2363 5206 Et
2384 5151 3047 5227 promittitjamjamque
3063 5156 3268 5213 adesse
3289 5156 3496 5214 horam

1836 5238 2277 5311 gloriﬁcationis
2300 5257 2439 5305 suae,
2467 5258 2584 5313 qua
2613 5242 2768 5298 facta
2796 5242 2855 5297 in
2888 5243 3069 5313 cmlis,
3102 5246 3162 5301 in
3195 5263 3328 5303 eum
3360 5263 3499 5320 gen-

1835 5331 1925 5385 tes
1959 5328 2188 5384 l‘uerant
2214 5328 2537 5386 crediturae.
2563 5330 2725 5388 Unde
2744 5332 3091 5404 praedictum
3114 5339 3238 5392 est:
3281 5355 3302 5384 α
3328 5336 3494 5393 Exal-

1835 5421 1958 5473 tare
1989 5434 2167 5490 super
2196 5418 2573 5488 coelos,Deus,
2607 5425 2664 5476 et
2685 5438 2862 5495 super
2880 5440 3117 5480 omnem
3144 5429 3357 5481 terram
3376 5426 3492 5499 glo-

1834 5507 1921 5562 ria
1950 5511 2052 5562 tua
2100 5508 2266 5579 (Psal.
2301 5511 2431 5578 LVI).
2468 5531 2495 5559 ››
2539 5515 2670 5565 Haec
2701 5515 2790 5567 est
2845 5512 3110 5585 gentium
3169 5512 3491 5586 plenitudo,

1833 5598 1903 5654 de
1934 5615 2052 5670 qua
2080 5597 2220 5653 dicit
2247 5598 2596 5671 Apostolus:
2622 5624 2650 5651 ‹‹
2671 5599 2908 5659 Cmcitas
2936 5619 3005 5658 ex
3025 5604 3189 5674 parte
3218 5603 3278 5656 in
3309 5596 3489 5656 Israel

1834 5688 1987 5747 facta
2014 5692 2124 5762 est,
2157 5688 2341 5748 donec
2369 5689 2648 5767 penitudo
2678 5690 2943 5766 gentium
2993 5690 3258 5749 intraret.
3293 5709 3323 5741 ››
3372 5684 3505 5747 Sed
