4012 6174
354 346 474 408 387

919 347 1325 410 llAYMONIS
1372 344 1915 408 HALBEMSTA'I‘.
1966 339 2208 402 EPISC.
2257 343 2430 402 ()PP.
2485 343 2684 405 PARS
2734 342 2909 405 lI.——
2942 341 3215 447 ΗΟΜΙμ.

3662 344 3782 405 388

355 478 729 559 altitudinem
782 480 1222 554 glorificationis
1273 478 1527 553 oportuit
1575 483 1640 534 ut
1669 477 2019 565 praccdpret
2048 482 2095 543 Α
2129 492 2288 531 meas
2307 475 2583 543 ambulet,
2609 495 2724 532 non
2749 478 3080 548 suas,sicut
3102 476 3237 533 alibi
3256 477 3539 549 scriptum
3554 480 3662 532 est:
3677 468 3788 542 Qui

353 566 661 625 humilitas
692 568 1006 640 passionis,
1038 569 1168 625 ideo
1200 573 1437 625 secutus
1468 565 1764 637 adjunxit:

428 678 457 706 (ι
486 657 694 723 Amen,
728 673 900 712 amen
930 656 1060 713 dico
1091 657 1275 724 vobis,
1310 655 1423 711 nisi
1455 670 1706 728 granum
1738 649 2016 708 frumenti

359 765 388 799 α
418 744 633 801 cadens
662 745 720 799 in
753 749 969 800 terram
1022 750 1320 801 mortuum
1355 744 1546 805 fuerit,
1592 742 1789 815 ipsum
1821 739 2014 797 solum

355 856 381 883 «
418 838 636 890 manet.
657 834 717 890 Si
738 838 936 889 autem
951 839 1251 889 mortuum
1269 833 1467 899 fuerit,
1485 830 1737 888 multum
1759 832 2015 886 fructum

354 947 379 973 ‹‹
417 924 601 980 alfert.
639 946 666 971 ››
700 923 771 980 Se
819 927 1015 979 autem
1061 921 1292 978 dicebat
1340 920 1535 992 ipsum
1588 934 1837 993 granum
1886 933 2016 973 esse

354 1012 848 1079 mortiﬁcandum,
873 1015 931 1066 et
962 1010 1510 1082 multiplicandum:
1536 1006 2013 1063 mortificandum

352 1099 695 1156 inﬁdelitate
711 1100 1068 1167 Judssorum,
1088 1098 1598 1171 multiplicandum
1616 1097 1729 1151 fide
1747 1095 2013 1149 omnium

353 1190 725 1262 pOpulorum.
759 1189 889 1244 Jam
926 1206 1057 1246 vero
1089 1189 1403 1244 exhortans
1435 1185 1754 1258 discipulus
1778 1202 1917 1239 suos
1939 1184 2010 1237 ad

350 1277 645 1349 passionis
677 1294 796 1334 suae
824 1278 1167 1333 sectandum
1199 1275 1465 1349 vestigia,
1498 1275 1616 1330 ait:

421 1391 447 1415 ‹‹
478 1367 584 1434 Qui
616 1370 796 1436 amat,
828 1366 1041 1440 inquit,
1077 1366 1336 1422 animam
1371 1381 1560 1431 suam,
1588 1362 1955 1435 perdeteam.
1984 1382 2011 1409 ι)

347 1456 510 1519 Quod
534 1455 767 1511 duobus
790 1455 981 1512 modis
1009 1454 1251 1528 intelligi
1276 1457 1492 1526 potest:
1514 1452 1661 1518 Quia
1683 1453 1862 1515 amat,
1887 1466 2012 1521 per-

347 1545 463 1610 det,
506 1543 562 1598 id
588 1549 693 1608 est,
738 1545 785 1599 si
840 1563 1025 1610 amas,
1056 1544 1282 1615 perdes.
1316 1543 1375 1599 Si
1408 1542 1585 1597 vitam
1620 1538 1786 1611 cupis
1819 1542 2013 1592 tenere

346 1632 404 1687 in
432 1631 681 1700 Christo,
718 1631 835 1687 noli
872 1633 1074 1688 timere
1108 1632 1254 1687 mori
1290 1648 1391 1705 pro
1434 1629 1684 1685 Christo.
1720 1629 1866 1683 ltem
1898 1625 2011 1681 alio

348 1722 520 1776 modo
546 1738 559 1776 :
590 1744 610 1769 α
627 1720 732 1785 Qui
757 1726 918 1777 amat
940 1720 1199 1776 animam
1222 1737 1413 1787 suam,
1440 1718 1640 1791 perdet
1660 1732 1811 1771 eam.
1834 1738 1860 1764 ››
1884 1714 2010 1769 Noli

344 1825 541 1865 amare
574 1809 633 1864 in
684 1810 794 1865 hac
824 1809 960 1878 vita,
998 1827 1069 1864 ne
1099 1809 1310 1881 perdas
1361 1809 1418 1863 in
1449 1812 1665 1863 aeterna
1710 1804 1848 1860 vita.
1892 1804 2011 1859 Hoc

345 1903 540 1953 autem
574 1898 729 1969 quod
774 1898 1067 1971 posterius
1100 1898 1237 1965 dixi,
1287 1897 1476 1969 magis
1524 1896 1736 1951 habere
1781 1893 2011 1949 videtur

344 1985 714 2060 evangelicus
747 2004 977 2043 sensus.
1013 1987 1316 2059 Sequitur:
1352 2012 1377 2035 ‹‹
1403 1987 1468 2041 Et
1491 1983 2008 2058 quioditanimam

346 2099 373 2125 (ι
410 2092 579 2130 suam
613 2075 670 2130 in
705 2076 813 2132 hoc
847 2077 1088 2145 mundo,
1124 2077 1181 2132 in
1216 2076 1393 2131 vitam
1445 2080 1720 2130 aeternam
1754 2071 2011 2128 custodit

345 2188 373 2213 «ι
409 2182 559 2220 eam.
589 2189 616 2215 »
651 2164 796 2238 Ergo
828 2166 983 2237 quod
1015 2183 1195 2239 supra
1216 2166 1439 2220 dictum
1471 2168 1578 2230 est,
1608 2161 1757 2233 «qui
1790 2166 2006 2226 amat,»

346 2252 831 2325 subintelligitur,
861 2254 921 2310 in
955 2254 1063 2310 hoc
1094 2255 1337 2323 mundo,
1389 2254 1512 2327 ipse
1548 2253 1749 2324 utique
1784 2250 2006 2323 perdet.

343 2342 451 2407 Qui
483 2347 680 2398 autem
741 2343 884 2414 odit,
921 2343 1122 2415 utique
1173 2342 1232 2399 in
1265 2343 1373 2399 hoc
1406 2342 1651 2410 mundo,
1711 2340 1769 2394 in
1826 2338 2005 2394 vitam

345 2438 621 2486 mternam
654 2430 779 2504 ipse
801 2432 1059 2488 custodit
1079 2432 1231 2488 eam.
1262 2432 1475 2504 Magna
1505 2434 1561 2486 et
1595 2428 1743 2484 mira
1772 2432 2007 2483 senten-

343 2520 445 2587 tia,
471 2514 969 2591 quemadmodum
985 2519 1209 2575 homini
1224 2519 1367 2575 sitin
1385 2518 1644 2575 animam
1659 2533 1825 2572 suam
1842 2532 2007 2571 amor

344 2610 409 2663 ut
440 2612 654 2679 pereat,
689 2607 891 2664 odium
914 2627 985 2664 ne
1017 2612 1232 2681 pereat.
1272 2609 1331 2665 Si
1364 2606 1515 2663 male
1539 2605 1843 2676 amaveris,
1865 2608 2005 2659 tunc

345 2695 555 2753 odisti:
610 2697 658 2752 si
714 2697 859 2753 bene
910 2697 1122 2768 oderis,
1156 2702 1296 2753 tunc
1345 2696 1578 2753 amasti.
1627 2692 1842 2749 Felices
1902 2692 2003 2764 qui

345 2786 595 2841 oderunt
626 2785 1030 2854 custodiendo,
1082 2804 1156 2843 ne
1178 2787 1427 2860 perdant
1446 2785 1720 2841 amando.
1752 2781 1855 2837 Hic
1878 2781 2003 2836 ani-

344 2892 452 2931 mae
483 2876 741 2944 nomine,
799 2875 917 2931 vita
965 2894 1222 2949 praesens
1273 2876 1634 2948 designatur,
1684 2871 1770 2928 vel
1825 2871 2003 2926 etiam

345 2964 523 3035 hujus
546 2964 672 3020 vitae
703 2965 1028 3033 delectatio,
1055 2984 1181 3038 quae
1215 2966 1508 3038 perdenda
1536 2969 1646 3030 est,
1683 2959 2007 3017 utfeliciter

344 3052 609 3108 invenias
629 3051 990 3110 voluntatem
1022 3059 1183 3110 tuam
1216 3055 1277 3109 in
1308 3070 1485 3127 regno
1520 3052 1641 3119 Dei,
1675 3066 1853 3123 quam
1883 3048 2003 3103 for-

342 3143 479 3197 titer
508 3140 693 3197 vicisti
713 3140 772 3196 in
795 3141 904 3198 hoc
926 3142 1158 3199 saeculo.
1186 3142 1332 3199 Nam
1356 3142 1541 3198 sancti
1566 3145 1849 3211 martyres
1871 3136 2002 3192 odio

2126 581 2189 643 se
2214 565 2356 620 dicit
2376 566 2433 621 in
2456 565 2683 622 Christo
2707 583 2963 635 manere,
2988 567 3158 623 debet
3174 566 3327 621 sicut
3346 565 3441 622 ille
3464 564 3791 622 ambulavit

2125 659 2182 708 et
2212 653 2337 727 ipse
2368 655 2689 711 ambulare.
2718 656 2961 712 Etiamsi
2985 656 3227 729 porrigit
3248 654 3527 711 esurienti
3549 644 3790 727 panem.

2126 743 2196 799 de
2228 743 2632 800 misericordia
2690 744 2876 801 facere
2925 745 3114 811 debet,
3167 761 3281 800 non
3333 745 3404 800 de
3453 744 3784 815 jactantia:

2125 850 2240 887 non
2273 831 2429 889 aliud
2458 833 2537 888 ibi
2570 851 2848 906 quaerere,
2877 833 2990 889 nisi
3022 851 3170 905 opus
3210 834 3452 900 bonum,
3487 833 3788 890 nesciente

2126 920 2366 979 sinistra
2392 922 2533 994 quid
2551 922 2725 977 faciat
2742 922 2962 988 dextra,
2996 922 3053 977 id
3077 926 3165 978 est
3196 927 3262 977 ut
3292 920 3578 977 alienatur
3600 920 3823 977 inten-'

2124 1010 2205 1065 tio
2232 1010 2570 1082 cupiditatis
2602 1010 2673 1066 ab
2705 1028 2875 1084 opere
2905 1010 3229 1067 charitatis.
3255 1010 3343 1067 llli
3370 1010 3599 1066 dicitur:
3636 1010 3785 1067 Cum

2125 1099 2224 1154 uni
2256 1117 2324 1154 ex
2352 1099 2615 1155 minimis
2639 1100 2784 1155 meis
2801 1100 3006 1166 fecisti,
3032 1100 3175 1155 mihi
3199 1100 3408 1155 fecisti.
3432 1099 3545 1154 Nec
3566 1116 3636 1154 ea
3658 1103 3788 1154 tan-

2122 1192 2247 1242 tum
2281 1206 2408 1260 quae
2442 1188 2735 1260 pertinent
2775 1190 2846 1244 ad
2881 1188 3341 1244 misericordiam
3374 1188 3783 1261 temporalem,

2123 1277 2223 1333 sed
2246 1276 2443 1332 omnia
2456 1294 2631 1349 opera
2643 1282 2877 1349 propter
2888 1277 3188 1333 Christum
3208 1277 3590 1348 faciens,tunc
3609 1285 3787 1334 erunt

2122 1366 2294 1434 bona,
2310 1364 2587 1437 quoniam
2613 1365 2745 1421 finis
2766 1366 2911 1438 legis
2932 1366 3202 1422 Christus
3219 1367 3289 1421 ad
3307 1366 3598 1438 justitiam
3617 1368 3782 1422 omni

2122 1454 2399 1509 credenti.
2450 1453 2724 1525 Credens,
2777 1453 3046 1510 minister
3074 1460 3164 1510 est
3207 1454 3445 1521 Christi,
3488 1472 3674 1527 usque
3706 1457 3786 1511 ad

2121 1542 2264 1598 illud
2284 1560 2433 1615 opus
2457 1560 2679 1615 magna:
2699 1543 3023 1608 charitatis,
3044 1544 3197 1616 quod
3223 1548 3311 1599 est
3327 1544 3583 1599 animam
3607 1562 3780 1599 suam

2120 1649 2333 1703 ponere
2365 1649 2466 1704 pro
2512 1631 2810 1688 fratribus.
2863 1635 2979 1689 Hoc
3009 1638 3099 1688 est
3129 1632 3286 1689 enim
3317 1637 3375 1687 et
3413 1650 3514 1705 pro
3545 1633 3784 1688 Christo

2121 1737 2356 1793 ponere,
2390 1720 2528 1793 quia
2556 1726 2613 1777 et
2644 1722 2751 1777 hoc
2784 1727 3019 1794 propter
3049 1739 3157 1777 sua
3200 1722 3467 1778 membra
3512 1721 3785 1778 dicturus

2120 1815 2235 1865 est:
2269 1810 2415 1865 Cum
2448 1827 2552 1882 pro
2603 1811 2733 1867 istis
2756 1811 2996 1878 fecistis,
3037 1828 3139 1884 pro
3164 1828 3255 1865 me
3288 1810 3530 1866 fecistis.
3565 1816 3644 1865 De
3673 1811 3783 1866 tali

2120 1898 2335 1969 quippe
2361 1898 2506 1953 hora
2527 1899 2811 1955 Dominus
2836 1900 3013 1955 etiam
3038 1917 3100 1955 se
3130 1899 3467 1954 ministrum
3501 1900 3689 1954 facere
3721 1906 3786 1955 et

2119 1986 2411 2058 appellare
2441 1988 2718 2059 dignatus
2748 1992 2854 2057 est,
2890 1988 2987 2043 ubi
3012 1988 3123 2043 ait:
3155 1988 3319 2043 Sicut
3350 2004 3463 2042 non
3495 1987 3651 2043 venit
3672 1987 3785 2043 mi-

2118 2074 2354 2131 nistrari
2385 2075 2563 2130 Filius
2592 2076 2872 2148 hominis,
2906 2076 3005 2131 sed
3040 2076 3395 2141 ministrare,
3427 2079 3483 2131 et
3511 2074 3780 2131 animam

2117 2181 2330 2237 ponere
2362 2182 2464 2237 pro
2497 2164 2695 2221 multis
2723 2165 2930 2236 (Matth.
2962 2170 3076 2233 xx).
3108 2165 3253 2220 Hinc
3292 2181 3427 2237 ergo
3466 2168 3555 2219 est
3585 2182 3783 2221 unus-

2117 2254 2368 2326 quisque
2400 2254 2667 2310 minister
2692 2253 2925 2321 Christi,
2959 2254 3113 2309 unde
3130 2259 3218 2309 est
3232 2259 3288 2310 et
3308 2254 3577 2308 minister
3605 2253 3781 2308 Chri-

2116 2347 2267 2399 stus.
2302 2341 2395 2398 Sic
2440 2342 2876 2398 ministrantem
2924 2342 3172 2407 Christo,
3205 2342 3552 2397 honoriﬁcat
3603 2342 3783 2397 Pater

2114 2432 2244 2507 ejus
2285 2430 2500 2487 honore
2532 2430 2629 2487 illo
2659 2448 2892 2505 magno,
2935 2437 2999 2487 ut
3030 2432 3107 2487 sit
3134 2448 3267 2486 cum
3304 2429 3444 2486 Filio
3476 2432 3625 2502 ejus,
3660 2449 3776 2486 nec

2115 2536 2377 2593 unquam
2399 2520 2630 2575 deficiat
2650 2520 2794 2575 ﬁdes
2816 2522 2963 2591 ejus.
2987 2519 3388 2576 Communiter
3405 2536 3539 2575 vero
3557 2520 3627 2574 de
3650 2537 3781 2574 om-

2115 2609 2290 2664 nibus
2312 2608 2411 2664 ait:
2438 2609 2684 2680 «Siquis
2704 2609 2849 2663 mihi
2868 2609 3223 2664 ministrat.»
3241 2608 3444 2664 Omnis
3462 2608 3617 2663 enim
3643 2609 3751 2680 qui
3769 2641 3781 2651 -

2114 2715 2345 2770 cunque
2374 2697 2469 2752 hic
2499 2698 2647 2753 bene
2678 2697 2737 2751 in
2769 2697 2998 2753 Christo
3030 2697 3347 2764 ministrat,
3378 2713 3511 2751 cum
3540 2696 3781 2753 Christo

2114 2786 2441 2844 mercedem
2473 2786 2737 2859 accipiet.
2774 2786 2936 2842 Unde
2965 2786 3372 2859 unusquisque
3397 2802 3499 2858 pro
3530 2785 3781 2842 modulo

2114 2893 2220 2931 suo
2248 2875 2585 2931 ministrave
2608 2875 2780 2930 debet
2805 2875 3053 2940 Christo,
3079 2878 3224 2930 bene
3244 2874 3505 2943 vivendo,
3531 2874 3785 2931 eleemo-

2114 2982 2289 3038 synas
2321 2964 2609 3031 faciendo,
2642 2980 2856 3020 nomen
2889 2963 3333 3035 doctrinamque
3371 2963 3521 3035 ejus,
3553 2962 3781 3034 quibus

2114 3054 2387 3128 potuerit,
2423 3053 2813 3126 praedicando.
2835 3052 2941 3116 Qui
2961 3070 3093 3108 vero
3124 3053 3271 3108 bene
3294 3050 3550 3107 viventes
3572 3052 3784 3107 exhor-

2113 3148 2287 3209 tatur,
2324 3148 2388 3197 ut
2438 3147 2814 3214 permaneant
2861 3142 2920 3196 in
2961 3143 3108 3197 bene
3156 3141 3420 3206 vivendo,
3473 3139 3781 3199 ministrat

344 3229 677 3286 habuerunt
727 3232 878 3287 hanc
907 3236 1250 3304 praesentem
1294 3231 1473 3287 vitam
1515 3247 1619 3303 pro
1650 3226 1865 3283 Christi
1897 3240 1999 3279 110-
2032 3215 2075 3281 C
2113 3232 2362 3287 Christo.
2394 3231 2501 3295 Qui
2559 3247 2688 3286 vero
2729 3230 3031 3286 humiliter
3059 3229 3393 3287 admonenti
3442 3246 3505 3285 se
3551 3230 3778 3298 obedit,

344 3319 523 3387 mine,
555 3320 696 3375 dum
726 3320 917 3392 magis
939 3320 1243 3376 voluerunt
1273 3320 1423 3375 hanc
1458 3323 1802 3391 praesentem
1825 3313 2001 3367 vitam

343 3409 603 3480 perdere,
660 3425 839 3479 quam
897 3408 1195 3463 Christum
1230 3424 1463 3480 negare,
1506 3404 1817 3477 implentes
1846 3399 2000 3471 quod

345 3496 646 3567 sequitur:

417 3605 445 3633 «
480 3582 540 3640 Si
573 3583 704 3655 quis
728 3583 874 3639 mihi
908 3583 1225 3652 ministrat,
1247 3600 1339 3639 me
1356 3585 1655 3654 sequatur.
1684 3603 1710 3628 ››
1729 3577 1874 3643 Quid
1896 3579 2005 3632 cst-

346 3694 373 3721 ‹‹
408 3687 500 3727 me
531 3676 831 3743 sequatur,
860 3695 887 3721 ››
921 3672 1033 3728 nisi
1063 3689 1155 3727 me
1179 3671 1484 3727 imitetur?
1507 3693 1534 3719 ‹‹
1562 3668 1827 3725 Christus
1845 3664 2001 3721 enim

343 3778 447 3832 pro
480 3759 647 3816 nobis
678 3777 892 3832 passus
908 3765 1016 3827 est,
1046 3784 1072 3809 ››
1099 3761 1181 3816 ait
1211 3760 1510 3833 apostolus
1534 3760 1755 3825 Petrus,
1781 3780 1807 3805 ‹‹
1834 3754 2000 3820 relin,

344 3864 532 3920 quens
567 3848 735 3904 nobis
765 3849 1119 3921 exemplum,
1161 3855 1225 3905 ut
1255 3865 1572 3921 sequamur
1600 3845 1844 3918 vestigia
1873 3845 2002 3915 ejus

346 3937 391 4009 (ι
418 3938 564 3992 Patr.
599 3941 683 4005 ιι).
720 3960 748 3986 ››
780 3937 924 3993 Ecce
955 3940 1112 4010 quod
1160 3938 1383 3994 dictum
1435 3942 1543 4005 est,
1579 3937 1624 3991 si
1668 3936 1802 4008 quis
1855 3932 2000 3988 mihi

344 4025 660 4094 ministrat,
697 4043 789 4083 me
821 4032 1120 4100 sequatur.
1154 4030 1277 4095 Quo
1309 4028 1539 4083 fructu?
1561 4043 1677 4098 qua
1708 4019 1998 4079 mercede!

345 4132 461 4186 quo
494 4115 731 4187 prtemio
757 4120 781 4173 Ρ
810 4139 837 4166 ‹‹
872 4117 939 4172 Et
982 4118 1081 4172 ubi
1132 4133 1236 4190 ego
1286 4134 1442 4185 sum,
1474 4115 1593 4171 illic
1623 4119 1681 4171 et
1736 4113 2003 4169 minister

345 4227 372 4254 «
407 4220 575 4261 meus
606 4204 736 4261 erit.
772 4228 800 4255 ››
834 4205 1053 4262 Merces
1073 4211 1162 4262 est
1182 4204 1419 4276 amoris,
1445 4211 1501 4261 et
1525 4204 1714 4276 operis
1746 4203 1999 4275 pretium
2032 4200 2045 4206 ’

343 4309 459 4365 quo
491 4293 881 4363 ministratur,
917 4311 1045 4351 esse
1077 4312 1215 4359 cum
1247 4295 1345 4350 illo
1386 4294 1479 4350 cui
1526 4293 1840 4348 ministrat.
1893 4290 1999 4346 Ubi

341 4382 501 4437 enim
533 4383 681 4439 bene
710 4383 821 4439 erit
848 4383 973 4440 sine
1005 4383 1104 4440 illo
1126 4385 1154 4439 ?
1206 4389 1307 4440 aut
1338 4383 1631 4457 quomodo
1664 4380 1818 4437 male
1871 4396 2001 4436 esse

342 4471 553 4543 poterit
582 4488 717 4527 cum
747 4471 846 4528 illo
865 4473 893 4528 ‘I
925 4473 1076 4528 Audi
1117 4473 1481 4529 evidentius:
1518 4496 1544 4523 ‹‹
1583 4470 1643 4527 Si
1688 4470 1820 4542 quis
1853 4469 1998 4524 mihi

344 4581 372 4608 ‹‹
406 4559 844 4633 ministraverit,
885 4561 1294 4619 honoriﬁcabit
1341 4579 1475 4618 eum
1528 4561 1698 4616 Pater
1746 4575 1933 4615 meus.
1969 4580 1997 4608 »
2031 4584 2076 4650 Ι)

340 4646 463 4711 Q‘uo
497 4647 734 4716 honore,
759 4649 873 4707 nisi
912 4654 973 4706 ut
1004 4650 1081 4708 sit
1109 4668 1243 4707 cum
1272 4650 1416 4707 Filio
1446 4649 1612 4721 ejus?
1650 4650 1811 4714 Quod
1842 4648 1999 4704 enim

341 4736 614 4809 superius
646 4736 762 4795 ait:
799 4761 827 4789 «
861 4737 969 4795 Ubi
1001 4757 1106 4814 ego
1129 4756 1284 4807 sum,
1315 4738 1435 4795 illie
1465 4744 1522 4795 et
1543 4739 1810 4794 minister
1830 4754 1996 4793 meus

340 4824 471 4892 erit,
500 4849 527 4875 »
560 4826 670 4882 hoc
702 4827 1052 4901 intelligitur
1083 4829 1421 4900 exposuisse
1451 4846 1584 4884 cum
1617 4828 1793 4884 dicit:
1829 4850 1855 4877 «
1890 4827 1997 4882 Ho-

342 4914 671 4971 norificabit
700 4933 845 4990 eum_
867 4918 1036 4972 Pater
1067 4934 1302 4973 meus.»
1348 4917 1662 4990 Nunquam
1713 4917 1996 4989 majorem

341 5002 622 5061 honorem
644 5006 902 5078 accipere
932 5005 1144 5078 poterit
1163 5006 1494 5078 adoptatus,
1519 5023 1699 5079 quam
1712 5009 1776 5061 ut
1796 5005 1874 5061 sit
1896 5005 1993 5060 ubi

342 5095 431 5149 est
459 5094 690 5163 unicus,
726 5109 840 5150 non
873 5092 1115 5166 aequalis
1154 5095 1343 5152 factus
1371 5094 1693 5163 Divinitati,
1725 5094 1826 5151 sed
1860 5110 1995 5149 con-

343 5182 503 5238 scius
525 5182 856 5239 aeternitati.
882 5182 1027 5247 Quid
1057 5183 1135 5239 sit
1156 5182 1510 5252 ministrare,
1538 5184 1630 5239 cui
1655 5184 1814 5256 operi
1836 5188 2001 5239 tanta

343 5285 568 5326 merces
589 5269 972 5343 promittitur,
996 5272 1487 5330 considerandum
1508 5272 1687 5329 est.Si
1703 5272 1833 5344 quis
1852 5271 1997 5327 mihi

345 5357 660 5424 ministrat,
696 5375 788 5414 me
817 5365 1114 5431 sequatur,
1144 5361 1250 5417 hoc
1272 5361 1517 5436 intelligi
1538 5361 1721 5418 voluit
1740 5377 1806 5418 ac
1836 5361 1886 5417 si
1918 5361 2001 5415 di-

344 5448 532 5502 ceret:
558 5445 617 5501 Si
640 5446 773 5518 quis
795 5465 887 5505 me
911 5466 1023 5504 non
1047 5450 1332 5523 sequitur,
1356 5470 1471 5506 non
1498 5450 1644 5506 mihi
1681 5450 1997 5508 ministrat.

344 5533 639 5591 Ministrat
663 5552 799 5610 ergo
823 5537 964 5594 Jesu
985 5538 1237 5608 Christo,
1257 5540 1357 5613 qui
1377 5557 1493 5596 non
1516 5557 1624 5596 sua
1645 5540 1873 5613 quaerit,
1898 5541 1999 5598 sed

344 5639 474 5704 qua
492 5623 633 5685 Jesu
654 5625 1011 5688 Christi.Hoc
1037 5631 1125 5697 est
1137 5627 1316 5700 enim,
1338 5650 1368 5683 «
1402 5645 1496 5688 me
1514 5634 1855 5704 sequatur,»
1876 5632 2000 5689 vias

2111 3320 2409 3375 ministrat
2437 3319 2685 3375 Christo.
2712 3319 2781 3374 Et
2810 3320 2907 3391 qui
2945 3318 3189 3374 feliciter
3207 3320 3268 3374 in
3290 3319 3399 3374 hoc
3431 3318 3645 3374 szeculo
3670 3319 3781 3374 mi-

2111 3408 2323 3463 nistrat
2379 3407 2628 3474 Christo,
2676 3407 2922 3463 feliciter
2949 3407 3007 3463 in
3041 3409 3257 3474 futuro,
3292 3407 3504 3463 saeculo
3557 3422 3779 3479 regna-

2111 3496 2195 3552 bit
2217 3513 2349 3551 cum
2382 3496 2630 3553 Christo.
2654 3496 2798 3551 Cum
2822 3496 3106 3551 Dominus
3126 3497 3297 3552 Jesus
3320 3496 3690 3567 prazdixisset
3714 3496 3774 3552 in

2110 3602 2291 3657 grano
2313 3585 2537 3657 sinapis
2557 3585 2889 3657 passionem
2914 3602 3104 3650 suam,
3134 3590 3191 3641 et
3208 3601 3346 3640 suos
3366 3584 3780 3642 exhortaretur

2111 3673 2434 3742 ministros,
2468 3680 2533 3729 ut
2565 3678 2950 3746 sequerentur
2970 3690 3126 3741 eum,
3158 3675 3228 3729 ad
3247 3678 3507 3730 nostram
3530 3691 3777 3730 rursum

2110 3762 2511 3819 inﬁrmitatem
2546 3780 2719 3841 suum
2746 3762 3091 3835 temperavit
3122 3763 3419 3830 affectum,
3452 3766 3509 3818 et
3540 3763 3661 3818 ait:

2182 3876 2209 3902 ‹‹
2226 3853 2391 3908 Nunc
2404 3853 2603 3908 anima
2616 3852 2989 3907 meaturbata
3000 3857 3144 3907 est.»
3159 3851 3340 3918 Unde,
3354 3850 3591 3908 Domine
3603 3852 3775 3919 Jesu,

2110 3941 2309 3997 anima
2337 3945 2438 3996 tua
2465 3941 2699 3996 turbata
2728 3940 2862 3996 est?
2882 3939 3159 4012 Nunquid
3192 3958 3306 3994 non
3341 3940 3467 3994 ideo
3507 3941 3775 3997 animam

2109 4029 2424 4103 concepisti
2441 4034 2497 4085 et
2514 4028 2809 4085 hominem
2830 4029 3171 4101 perfectum,
3192 4035 3255 4084 ut
3278 4030 3337 4084 in
3359 4045 3425 4085 eo
3449 4031 3779 4102 patereris?

2107 4118 2307 4186 Vldeo,
2338 4117 2604 4185 Domine,
2658 4121 2919 4173 nostram
2960 4117 3363 4173 infirmitatem
3396 4116 3455 4172 in
3488 4121 3542 4173 te
3573 4122 3776 4174 trans-

2108 4210 2276 4277 ferre,
2308 4212 2365 4266 et
2392 4208 2452 4264 in
2479 4211 2535 4263 te
2556 4223 2791 4263 causam
2827 4206 3122 4279 suscipere
3164 4211 3449 4283 nostram.
3478 4205 3612 4262 Ideo
3643 4210 3775 4263 tur-

2109 4299 2282 4354 batus
2304 4314 2386 4365 es,
2413 4296 2551 4369 quia
2569 4294 2827 4363 voluisti,
2855 4295 3197 4352 sicutnatus
3214 4294 3398 4351 fuisti.
3423 4295 3568 4352 Nam
3592 4295 3774 4368 paulo

2109 4391 2241 4443 ante
2261 4387 2331 4443 de
2354 4404 2419 4442 eo
2442 4385 2665 4441 dictum
2707 4391 2815 4451 est,
2841 4384 2938 4441 ubi
2974 4386 3255 4440 Lazarum
3283 4384 3607 4452 suscitavit,
3641 4389 3775 4441 tur-

2107 4475 2265 4531 bavit
2296 4473 2698 4546 semetipsum.
2733 4473 2877 4529 Nam
2912 4472 3005 4530 his
3044 4472 3253 4539 verbis,
3303 4473 3374 4529 ab
3425 4473 3773 4531 inﬁrmitate

2108 4569 2308 4620 nostra
2354 4563 2547 4635 rapuit
2583 4578 2688 4617 nos
2719 4561 2792 4617 ad
2826 4560 3228 4618 infirmitatem
3260 4577 3451 4618 suam.
3502 4561 3626 4617 Vox
3679 4568 3773 4618 est

2109 4653 2266 4710 enim
2316 4650 2673 4707 fortitudinis
2703 4650 2955 4719 Domini,
2991 4649 3090 4706 ubi
3139 4650 3256 4707 ait:
3290 4650 3463 4706 Venit
3508 4649 3655 4705 hora
3708 4657 3773 4707 ut

2105 4741 2459 4798 clariﬁcetur
2481 4739 2660 4796 Filius
2691 4739 2967 4795 hominis.
3002 4738 3123 4794 Vox
3150 4743 3240 4795 est
3268 4737 3629 4794 infirmitatis
3662 4756 3769 4795 no-

2106 4837 2259 4899 stras,
2292 4832 2432 4886 dum
2463 4828 2580 4886 ait:
2616 4853 2642 4880 ‹‹
2679 4829 2844 4884 Nunc
2890 4828 3087 4883 anima
3135 4845 3265 4884 mea
3303 4828 3541 4884 turbata
3588 4832 3700 4884 est.
3740 4851 3768 4877 ››

2107 4922 2150 4977 Ο
2182 4920 2427 4978 Domine
2448 4918 2751 4985 mediator,
2785 4918 2939 4974 Deus
2966 4933 3147 4989 supra
3173 4933 3300 4984 nos,
3329 4916 3505 4973 homo
3528 4921 3772 4989 propter

2106 5026 2233 5078 nos,
2258 5024 2510 5082 agnosco
2534 5006 2991 5063 misericordiam
3011 5010 3197 5062 tuam.
3218 5006 3364 5063 Nam
3384 5004 3539 5078 quod
3556 5008 3622 5060 tu
3641 5009 3770 5061 tan-

2105 5103 2221 5165 tus,
2254 5103 2366 5154 tuas
2387 5094 2690 5153 charitatis
2708 5094 3003 5151 voluntate
3030 5095 3307 5162 turbaris,
3336 5093 3555 5150 multos
3578 5092 3640 5148 in
3660 5098 3765 5149 tuo

2106 5204 2365 5261 corpore,
2389 5187 2489 5258 qui
2520 5202 2638 5240 suae
2664 5183 3026 5240 infirmitatis
3052 5184 3398 5240 necessitate
3422 5182 3762 5248 turbantur,

2107 5295 2179 5334 ne
2209 5275 2570 5349 desperando
2603 5278 2858 5347 pereant,
2883 5271 3221 5329 consolaris.
3245 5273 3396 5329 Audi
3419 5287 3579 5345 ergo,
3607 5288 3641 5328 o
3660 5268 3767 5327 mi-

2107 5365 2193 5423 les
2222 5364 2454 5431 Cbristi,
2511 5362 2653 5436 quid
2684 5362 2892 5418 deinde
2922 5361 3263 5435 subjungat,
3295 5377 3431 5419 cum
3476 5359 3760 5418 dixisset:

2108 5478 2136 5506 «
2169 5454 2331 5509 Nunc
2362 5454 2561 5510 anima
2590 5468 2720 5507 mea
2748 5452 2981 5507 turbata
3010 5455 3119 5508 est.
3144 5474 3172 5503 »

2179 5567 2208 5594 «
2235 5544 2305 5599 Et
2321 5543 2459 5615 quid
2478 5541 2709 5597 dicam?
2732 5562 2759 5589 ››
2781 5538 2994 5613 inquit.
3010 5539 3234 5610 «Pater,
3259 5538 3575 5598 salvivifica
3589 5553 3685 5595 me
3702 5536 3761 5593 in

2111 5654 2141 5689 ιι
2168 5632 2277 5695 hac
2305 5632 2470 5694 hora.
2498 5629 2611 5688 Sed
2634 5632 2940 5706 propterea
2961 5628 3092 5690 veni
3114 5630 3187 5691 ad
3216 5629 3423 5697 horam
3453 5628 3629 5693 hanc.
3662 5628 3762 5690 Pa-
