4012 6174
255 328 355 390 389

1469 319 1824 384 HOMILLE
1865 319 1968 381 DE
2011 321 2408 384 TEMPOBE.

3526 331 3646 402 890

258 486 279 509 α
298 466 380 515 ter
409 458 662 515 clarilira
695 463 862 513 tuum
898 474 1122 512 nomen.
1149 481 1174 505 ››
1192 456 1396 511 Docuit
1416 461 1467 511 te
1489 456 1629 528 quid
1646 456 1883 528 cogites,
1915 454 1971 522 Α
2002 457 2339 528 lidem,quac
2372 460 2557 513 morte
2588 458 2715 529 cjus
2745 462 2802 513 et
2836 461 3255 515 resurrectione
3277 463 3503 518 ﬁrmata
3533 471 3641 536 cst,

255 547 439 604 docuit
466 548 608 621 quid
641 547 825 613 dicas,
858 563 1031 619 quem
1064 544 1393 613 invoces,in
1417 562 1532 617 quo
1562 562 1779 617 speres,
1800 553 1897 599 eu-

246 639 333 711 jus
361 636 727 692 voluntatem
762 639 978 691 certam
1013 640 1190 708 atque
1206 633 1462 690 divinam
1478 639 1591 689 tua:
1608 633 1892 690 voluntati

256 727 520 782 humanae
549 724 914 796 inﬁrmisque
946 723 1399 796 proponas.Non
1431 723 1562 778 ideo
1584 722 1895 778 tibividea-

254 820 340 871 tur
368 832 435 870 ex
467 814 587 870 alto
619 812 1052 884 diffidere,quia
1072 817 1129 868 te
1158 811 1281 867 vult
1300 813 1373 867 ab
1396 811 1563 867 initio
1593 813 1892 884 proficere.

252 905 386 961 Nam
421 908 481 959 et
509 902 721 958 tentari
752 902 1029 975 dignatus
1055 904 1145 956 est
1164 918 1197 957 a
1216 900 1469 967 diabolo,
1488 918 1521 955 a
1540 917 1655 974 quo
1688 901 1894 972 utique

255 995 294 1050 si
326 992 520 1060 nollet,
555 1008 674 1047 non
697 994 1022 1046 tentaretur
1054 1006 1067 1044 :
1102 994 1160 1044 et
1187 1006 1257 1045 ea
1286 990 1591 1062 respondit
1640 988 1891 1056 diabolo,

255 1100 369 1156 quae
400 1086 463 1137 tu
494 1081 550 1135 in
586 1078 1010 1136 tentationibus
1042 1078 1252 1133 debeas
1296 1079 1665 1150 respondere.
1700 1079 1769 1132 Et
1799 1077 1893 1133 ille

256 1172 480 1245 quidem
513 1173 773 1226 tentatus
802 1172 911 1231 est,
944 1168 1045 1223 sed
1076 1184 1189 1222 non
1222 1166 1602 1239 periclitatus,
1637 1172 1701 1223 ut
1724 1169 1895 1223 doce-

260 1266 336 1316 ret
365 1266 419 1315 te
448 1260 504 1314 in
539 1258 858 1314 tentatione
890 1256 1316 1329 periclitantem
1349 1257 1617 1312 tentatori
1648 1272 1895 1329 respon-

259 1353 400 1415 dere,
424 1354 481 1404 et
510 1352 642 1420 post
671 1351 1014 1403 tentatorem
1048 1363 1164 1400 non
1193 1345 1297 1410 ire,
1315 1347 1415 1401 sed
1435 1346 1690 1418 periculo
1710 1351 1897 1402 tenta-

264 1438 426 1494 tionis
454 1438 631 1493 exire.
665 1436 830 1492 Sicut
862 1439 1056 1489 autem
1088 1434 1183 1489 hic
1204 1434 1346 1489 dicit
1378 1452 1391 1489 :
1427 1458 1453 1483 ‹‹
1489 1435 1652 1490 Νυηο
1698 1436 1897 1492 anima

263 1546 378 1585 mea
405 1527 641 1582 turbata
669 1529 780 1592 est,
812 1547 840 1573 ››
874 1525 955 1578 ita
975 1523 1149 1580 etiam
1182 1524 1259 1578 ibi
1289 1523 1470 1578 dixit:
1505 1546 1531 1573 «
1567 1524 1776 1580 Tristis
1807 1531 1897 1581 est

261 1620 443 1674 anima
474 1632 605 1672 mea
635 1630 824 1686 usque
852 1614 922 1667 ad
958 1617 1203 1668 mortem
1248 1612 1459 1682 (Matth.
1482 1614 1897 1686 xxvr).»Etite-

262 1724 379 1763 rum
416 1724 430 1761 :
465 1730 491 1755 ‹‹
529 1706 715 1769 Pater,
749 1702 798 1758 si
845 1701 967 1757 ﬁeri
1012 1706 1221 1775 potest,
1259 1707 1515 1758 transeat
1547 1721 1581 1759 a
1609 1721 1701 1759 me
1748 1704 1898 1761 calix

261 1797 361 1852 iste
383 1795 589 1866 (lbid.).
617 1815 643 1841 ››
671 1790 937 1846 Hominis
960 1790 1217 1890 suscepit
1246 1791 1668 1859 infirmitatem,
1706 1797 1769 1848 ut
1797 1794 1894 1849 do-
1922 1824 1972 1893 B

261 1892 375 1941 cent
388 1885 469 1941 sic
482 1881 895 1938 conturbatum
917 1883 971 1934 et
985 1878 1418 1945 contristatnm,
1447 1883 1599 1953 quod
1626 1883 1897 1955 sequitur

261 1976 464 2030 dicere:
486 1996 513 2021 ‹‹
538 1971 953 2027 Verumtamen
990 1985 1102 2023 non
1137 1970 1289 2041 quod
1314 1986 1418 2041 ego
1449 1970 1595 2037 volo,
1616 1973 1715 2028 sed
1742 1973 1898 2045 quod

263 2069 317 2119 tu
346 2064 637 2129 vis,Pater
664 2058 878 2129 (Ibid.).
904 2060 1035 2115 nSic
1065 2059 1221 2114 enim
1256 2058 1430 2115 homo
1454 2062 1524 2115 ab
1548 2061 1898 2118 bumanisin

262 2154 447 2208 divina
473 2150 739 2223 erigitur,
758 2164 892 2202 cum
920 2147 1205 2203 voluntati
1239 2148 1508 2203 humanae
1526 2150 1793 2205 voluntas
1812 2152 1896 2207 di-

266 2242 391 2297 vina
414 2238 776 2315 proponitur.
811 2236 955 2300 Quid
985 2240 1075 2291 est
1104 2240 1322 2304 autem,
1356 2260 1384 2286 «
1420 2237 1899 2295 clariﬁcanomen

261 2338 485 2397 tuum,»
508 2328 621 2384 nisi
650 2329 706 2382 in
741 2342 849 2381 sua
877 2325 1149 2398 passione
1179 2330 1236 2379 et
1266 2328 1690 2384 resurrectione
1710 2328 1897 2394 ‘?Quid

262 2425 346 2476 est
376 2435 508 2492 ergo
538 2415 851 2484 aliud,nisi
882 2417 947 2469 ut
976 2414 1148 2469 Pater
1173 2412 1674 2471 clariﬁcetFilium
1698 2434 1895 2489 suum,

264 2511 355 2581 qui
374 2508 651 2564 clarificat
671 2521 880 2561 nomen
900 2520 1075 2559 suum
1094 2502 1269 2558 etiam
1288 2502 1345 2558 in
1366 2503 1660 2560 similibus
1682 2507 1903 2579 passio-

262 2600 428 2654 nihus
456 2610 756 2655 servorum
792 2608 1033 2648 suorum
1052 2592 1080 2646 ?
1100 2617 1120 2644 ι
1140 2592 1311 2647 Venit
1340 2608 1477 2665 ergo
1506 2610 1614 2648 vox
1634 2595 1705 2649 de
1736 2595 1898 2663 caelo,

265 2687 516 2749 «‘dicens
552 2701 565 2739 :
597 2685 667 2738 Et
696 2681 1028 2752 clarificavi,
1062 2686 1119 2735 et
1147 2680 1361 2736 iterum
1394 2681 1748 2739 clariﬁcabo.
1770 2707 1797 2734 »
1834 2688 1904 2742 Et

264 2774 561 2829 clariﬁcavi
595 2775 911 2844 antequam
947 2771 1193 2826 facerem
1251 2771 1561 2838 mundum,
1587 2776 1645 2827 et
1688 2772 1901 2831 iterum

264 2863 580 2919 clariﬁcabo
620 2863 1019 2932 resurgentem
1054 2876 1089 2913 a
1119 2859 1449 2928 mortuis,et
1492 2864 1902 2921 ascendentem

268 2954 325 3007 in
355 2951 580 3008 ccelum.
604 2951 674 3005 Et
714 2948 883 3005 aliter
916 2947 1159 3021 intelligi
1196 2952 1404 3021 potest.
1434 2951 1504 3006 Et
1546 2951 1903 3019 clariﬁcavit,

267 3058 393 3097 cum
414 3041 484 3097 de
516 3039 742 3112 virgine
772 3032 945 3093 natus
976 3040 1239 3105 est,cum
1265 3038 1336 3094 de
1363 3038 1504 3095 caelo
1536 3040 1723 3098 indice
1742 3042 1908 3099 stella

268 3147 300 3185 a
330 3129 510 3203 magis
531 3128 815 3183 adoratus
846 3130 955 3192 est,
984 3141 1117 3182 cum
1150 3143 1184 3181 a
1208 3127 1427 3182 sanctis
1450 3133 1651 3185 sancto
1684 3130 1900 3202 Spiritu

2004 563 2106 619 per
2135 547 2264 617 ejus
2312 546 2679 619 sanguinem,
2711 547 2809 620 qui
2853 548 2913 603 in
2965 549 3310 605 remissione
3353 554 3519 607 fusus
3557 558 3647 611 est

2005 640 2396 709 peccatorum,
2420 635 2605 691 millia
2634 636 2997 692 credentium
3033 654 3069 693 a
3099 637 3400 694 dominatu
3431 640 3647 697 diaboli

2003 725 2346 795 liberantur,
2370 724 2581 780 Christi
2614 741 2853 798 corpore
2882 726 3250 798 copulantur,
3266 732 3322 782 et
3351 728 3461 783 sub
3484 734 3649 786 tanto

2003 813 2191 886 capite
2223 830 2339 869 uno
2367 814 2496 885 ejus
2522 812 2729 885 spiritu
2764 814 2957 870 ﬁdelia
2988 816 3253 870 membra
3281 817 3408 887 ejus
3424 821 3649 890 vegeta-

2002 903 2239 959 bantur.
2255 907 2376 959 Hoc
2394 903 2635 958 vocabat
2650 902 2968 973 judicium,
2982 904 3135 959 hanc
3149 903 3580 973 discretionem,
3594 911 3651 962 et

2005 992 2175 1067 asuis
2193 992 2512 1064 redemptis
2525 986 2739 1047 diaboli
2756 992 3175 1063 expulsionem.
3192 993 3453 1067 Denique
3467 999 3651 1051 atten-

2004 1084 2073 1137 de
2107 1081 2241 1154 quid
2277 1082 2450 1145 dicat,
2484 1080 2651 1151 quasi
2682 1098 3075 1152 quaereremus
3118 1082 3258 1153 quid
3296 1089 3451 1138 esset
3492 1086 3648 1156 quod

2005 1171 2147 1238 ait,“
2170 1170 2334 1224 Nunc
2358 1169 2650 1242 judicium
2681 1158 3071 1234 esbmundi,»
3104 1174 3342 1225 secutus
3359 1172 3646 1243 exposuit,

2004 1259 2085 1315 ait
2114 1259 2268 1315 enim
2305 1262 2327 1313 ?

2076 1372 2103 1399 ‹‹
2139 1350 2304 1404 Nunc
2350 1348 2621 1421 princeps
2664 1347 2843 1419 hujus
2874 1347 3080 1404 mundi
3112 1348 3379 1419 ejicietur
3408 1350 3583 1408 foras.
3618 1374 3646 1402 ››

2002 1439 2347 1495 Audivimus
2380 1437 2551 1510 quale
2584 1437 2792 1493 dixerit
2815 1454 2943 1493 esse
2965 1436 3258 1508 judicium
3292 1455 3405 1495 non
3437 1440 3650 1512 ergoil-

2002 1530 2101 1585 lud
2135 1530 2287 1601 quod
2317 1529 2374 1583 in
2410 1529 2523 1583 ﬁne
2552 1530 2862 1581 venturum
2885 1527 3104 1594 est,ubi
3120 1527 3228 1582 vivi
3253 1532 3310 1583 et
3332 1530 3649 1600 mortuiju-

2004 1619 2235 1675 dicandi
2270 1621 2428 1687 sunt,
2462 1615 2594 1670 aliis
2624 1615 2696 1670 ad
2730 1614 3198 1682 sinistram,aliis
3236 1618 3308 1671 ad
3353 1618 3648 1675 dexteram

2006 1707 2319 1783 separatis:
2350 1708 2451 1763 sed
2476 1703 2920 1777 judicium,quo
2951 1704 3221 1777 princeps
3255 1705 3432 1778 hujus
3446 1708 3650 1763 mundi

2004 1798 2270 1871 ejicietur
2298 1797 2473 1853 foras.
2498 1794 2798 1858 Quomodo
2827 1809 2963 1865 ergo
2994 1792 3153 1848 intus
3182 1799 3324 1861 erat,
3345 1797 3499 1867 quod
3517 1813 3650 1852 eum

2008 1890 2153 1944 dixit
2200 1886 2553 1958 ejiciendum
2604 1882 2805 1938 foras?
2836 1905 2865 1930 «
2898 1882 3084 1948 Nunc,
3135 1882 3349 1954 inquit,
3382 1886 3654 1957 princeps

2008 1977 2210 2033 mundi
2226 1977 2274 2048 ej
2287 1976 2492 2031 icietur
2505 1973 2677 2028 foras.
2696 1994 2721 2021 »
2738 1970 3314 2043 Hocintelligendum
3331 1973 3485 2044 quod
3499 1991 3653 2030 nunc

2008 2070 2090 2135 fit,
2113 2084 2227 2122 non
2250 2069 2478 2120 tantum
2513 2062 2667 2135 quod
2697 2065 2829 2135 post
2859 2061 3122 2115 futurum
3145 2066 3300 2116 esset
3322 2062 3378 2116 in
3411 2063 3657 2118 novissi-

2008 2175 2103 2214 mo
2149 2155 2262 2212 die.
2296 2152 2653 2209 Prazvidebat
2700 2166 2837 2222 ergo
2888 2151 3193 2217 Dominus,
3232 2151 3387 2222 quod
3436 2152 3656 2209 sciebat

2008 2249 2140 2320 post
2168 2241 2496 2317 passionem
2530 2243 2586 2295 et
2615 2236 3097 2312 gloriﬁcationem
3120 2254 3287 2293 suam
3308 2254 3411 2310 per
3426 2239 3655 2295 univer-

2010 2351 2138 2393 sum
2175 2331 2463 2387 mundum
2497 2326 2715 2383 multos
2744 2325 2991 2399 populos
3023 2326 3369 2392 credituros,
3406 2327 3465 2382 in
3506 2345 3656 2401 quo-

2010 2441 2139 2481 rum
2173 2421 2447 2478 cordibus
2469 2415 2739 2473 diabolus
2763 2416 2922 2471 intus
2944 2418 3088 2483 erat,
3103 2415 3197 2470 cui
3214 2417 3449 2487 quando
3463 2433 3531 2472 ex
3544 2418 3657 2474 ﬁde

2010 2511 2372 2577 renuntiant,
2407 2505 2672 2578 ejicietur
2698 2505 2873 2560 foras.
2910 2505 3019 2560 Sed
3054 2504 3195 2560 dicit
3224 2504 3656 2577 aliquiszNun-

2011 2601 2150 2675 quid
2184 2600 2253 2654 de
2284 2596 2559 2653 cordibus
2588 2593 3052 2666 patriarcharum
3067 2598 3124 2647 et
3138 2594 3553 2666 prophetarum
3568 2611 3661 2663 ve-

2012 2696 2321 2759 terumque
2342 2688 2644 2757 justorum
2677 2699 2791 2737 non
2822 2686 2911 2736 est
2942 2682 3160 2753 ejectus
3212 2683 3406 2737 foras?
3435 2683 3608 2740 Plane
3642 2702 3655 2741 :

2012 2795 2147 2853 ergo
2170 2775 2463 2849 quomodo
2479 2772 2699 2827 dictum
2719 2775 3003 2839 estnunc,
3017 2770 3283 2841 ejicietur
3300 2772 3453 2827 foras
3466 2772 3492 2826 ?
3509 2788 3659 2843 quo-

2013 2868 2187 2924 modo
2218 2868 2515 2937 putamus,
2550 2859 2661 2916 nisi
2695 2859 2834 2932 quia
2866 2863 3003 2913 tunc
3030 2859 3182 2931 quod
3216 2859 3276 2912 in
3317 2858 3658 2916 hominibus

2013 2953 2389 3030 paucissimis
2420 2952 2639 3007 factum
2662 2952 2769 3016 est,
2799 2964 2956 3003 nunc
2987 2948 3046 3002 in
3078 2946 3280 3003 multis
3310 2947 3658 3021 magnisque

2014 3042 2247 3118 populis
2256 3043 2380 3113 jam
2407 3056 2539 3095 mox
2565 3038 2825 3093 futurum
2842 3052 2968 3093 esse
2982 3035 3325 3109 praedictum
3338 3037 3661 3110 est?Spiri-

2015 3136 2114 3187 tus
2144 3133 2341 3186 autem
2373 3127 2634 3182 nondum
2662 3128 2786 3180 erat
2814 3125 3008 3191 datus,
3025 3124 3164 3196 quia
3192 3124 3366 3181 Jesus
3396 3127 3660 3182 nondum

269 3192 455 3289 plenis
492 3217 735 3290 agnitus
782 3220 890 3280 est,
940 3230 1075 3269 cum
1142 3214 1531 3272 descendente
1576 3192 1795 3290 Spiritu
1842 3219 1902 3275 in
1933 3192 1977 3260 θ’
2016 3192 3658 3292 eratgloriticatus,potestsimilemhaberequaastionem,

267 3308 449 3380 specie
478 3305 767 3363 columbas
797 3302 1153 3372 declaratus,
1171 3320 1305 3360 cum
1325 3321 1462 3360 voce
1483 3306 1554 3362 de
1586 3306 1725 3363 cmlo
1742 3324 1905 3365 mon-

267 3400 498 3462 stratus,
513 3411 650 3451 cum
675 3394 734 3449 in
755 3397 952 3449 monte
973 3393 1448 3465 transfiguratus,
1466 3410 1600 3450 cum
1624 3396 1907 3454 miracula

267 3484 443 3541 multa
472 3483 630 3550 fecit,
663 3499 796 3539 cum
832 3481 1050 3537 multos
1082 3482 1308 3537 sanavit
1355 3487 1531 3554 atque
1579 3486 1902 3555 mundavit,

265 3590 391 3629 cum
418 3574 485 3630 de
516 3572 725 3646 paucis
756 3571 1008 3644 panibus
1039 3575 1262 3625 tantam
1288 3572 1705 3630 mutitudinem
1725 3576 1901 3647 pavit,

266 3678 391 3719 cum
420 3664 608 3719 ventis
619 3668 678 3718 et
709 3661 984 3717 ﬂuctibus
1004 3660 1477 3731 imperavit,cum
1493 3668 1756 3721 mortuos
1773 3682 1903 3721 sus-

267 3751 467 3808 citavit.
500 3754 571 3808 Et
600 3751 813 3807 iterum
845 3749 1201 3805 clarificatus
1231 3754 1338 3816 est,
1365 3766 1496 3805 cum
1531 3758 1906 3826 resurgereta

267 3842 522 3907 mortuis,
555 3858 691 3896 cum
727 3856 885 3896 mors
907 3837 958 3893 ei
989 3836 1145 3892 ultra
1175 3854 1289 3893 non
1322 3838 1739 3911 dominabitur,
1771 3859 1904 3899 cum

269 3928 604 3987 exaltabitur
636 3945 814 4001 super
840 3927 1018 3984 ccelos
1040 3927 1213 3996 Deus,
1237 3932 1296 3983 et
1325 3945 1501 4001 super
1521 3946 1754 3987 omnem
1785 3936 1905 3988 ter-

271 4032 385 4071 ram
414 4018 596 4091 gloria
628 4018 780 4088 ejus.

343 4126 362 4153 σ
394 4107 586 4163 Turba
616 4111 813 4163 autem
846 4123 973 4178 quae
1001 4106 1194 4161 stabat
1239 4109 1300 4161 ct
1347 4106 1641 4173 audiebat,
1674 4109 1903 4165 dicebat

273 4215 298 4240 α
331 4195 637 4251 tonitruum
672 4198 891 4251 factum
923 4211 1071 4251 esse.
1104 4194 1214 4249 Alii
1246 4198 1443 4250 autem
1477 4194 1774 4252 dicebant:
1796 4200 1906 4254 An-

275 4283 462 4356 «gclus
491 4286 541 4341 ei
571 4285 803 4341 locutus
832 4278 950 4341 est.
976 4284 1297 4356 Respondit
1323 4285 1564 4341 Jesuset
1589 4286 1902 4344 dixit:Non

275 4392 300 4419 σε
333 4379 553 4447 propter
603 4391 698 4429 me
752 4390 861 4429 vox
906 4373 1028 4429 haec
1080 4372 1258 4442 venit,
1292 4375 1394 4429 sed
1438 4379 1674 4447 propter
1714 4394 1835 4433 vos.
1870 4399 1897 4427 »

273 4458 365 4515 Hic
392 4462 755 4519 ostenditille
775 4478 913 4518 voce
936 4479 1049 4517 non
1075 4462 1186 4517 sibi
1206 4461 1723 4535 indicatum,quod
1745 4465 1899 4522 idem

2015 3315 2071 3367 et
2084 3306 2337 3365 similem
2360 3304 2734 3362 solutionem.
2750 3303 2875 3357 Non
2889 3302 3047 3358 enim
3069 3302 3196 3358 sine
3217 3302 3438 3375 Spiritu
3459 3309 3662 3377 sancto

2005 3400 2213 3455 futura
2237 3390 3098 3469 prmnuntiaveruntprophetze,
3120 3396 3221 3446 aut
3236 3408 3348 3447 non
3368 3392 3540 3447 etiam
3558 3393 3663 3448 Do-

2014 3489 2242 3544 minum
2274 3484 2558 3539 infantem
2588 3481 2648 3537 in
2666 3480 2887 3553 Spiritu
2919 3484 3120 3537 sancto
3142 3480 3376 3536 Simeon
3394 3497 3587 3549 senex,
3607 3485 3666 3538 et

2012 3584 2183 3633 Anna
2221 3574 2397 3632 vidua
2448 3573 2862 3645 cognoverunt,
2894 3573 2952 3625 et
2997 3569 3329 3637 Zacharias,
3368 3574 3426 3625 et
3473 3569 3665 3627 Eliza—

2013 3666 2170 3734 beth,
2187 3663 2286 3737 qui
2309 3665 2378 3719 de
2399 3662 2498 3718 illo
2528 3660 2788 3716 nondum
2814 3662 2971 3726 nato,
2988 3658 3085 3713 sed
3101 3659 3228 3729 jam
3247 3662 3525 3730 concepto
3538 3662 3665 3714 tan-

2011 3759 2072 3811 ta
2099 3772 2202 3827 per
2231 3752 2513 3825 Spiritum
2546 3753 2815 3805 sanctum
2848 3747 3264 3819 praedixerunt:
3292 3747 3393 3803 sed
3411 3746 3662 3819 Spiritus

2013 3844 2274 3901 nondum
2329 3844 2455 3897 erat
2491 3840 2686 3903 datus,
2720 3836 2779 3891 id
2811 3841 2902 3892 est
2932 3835 3032 3890 illa
3062 3836 3425 3891 abundantia
3463 3837 3662 3909 gratias

2013 3930 2314 4005 spiritalis,
2332 3946 2448 4001 qua
2464 3925 2797 4000 congregati
2824 3924 3047 3996 linguis
3071 3925 3336 3980 omnium
3360 3924 3664 3997 loqueren-

2011 4026 2128 4088 tur,
2161 4036 2225 4076 ac
2258 4018 2342 4074 sic
2373 4017 2429 4072 in
2463 4016 2682 4089 linguis
2712 4014 2977 4071 omnium
3009 4012 3275 4085 gentium
3309 4014 3504 4069 futura
3522 4031 3664 4086 pree-

2013 4107 2382 4164 nuntiaretur
2400 4102 2678 4172 Ecclesia,
2697 4118 2813 4174 qua
2842 4100 3031 4173 gratia
3051 4098 3300 4171 spiritali
3318 4099 3662 4171 populicon-

2011 4198 2410 4271 gregarentur,
2430 4209 2547 4265 qua
2577 4190 2748 4263 longe
2780 4189 3006 4261 lateque
3038 4192 3274 4259 peccata
3302 4187 3662 4243 dimitteren-

2010 4292 2127 4352 tur,
2152 4289 2209 4342 et
2237 4282 2422 4339 millia
2452 4279 2701 4335 millium
2727 4279 2841 4334 Dco
2863 4275 3389 4333 reconciliarentur.
3408 4275 3554 4339 Quid
3571 4278 3662 4329 est

2010 4392 2166 4449 ergo,
2183 4373 2263 4431 ait
2292 4370 2584 4444 quispiam
2605 4367 2758 4440 'qnia
2778 4365 3048 4423 diabolus
3070 4366 3141 4421 de
3164 4363 3525 4421 credentium
3539 4379 3662 4418 cor-

2009 4465 2183 4520 dibus
2199 4450 2468 4533 ejicietur
2482 4459 2635 4514 foras
2651 4457 2678 4511 ’ἲ
2693 4458 2819 4530 jam
2836 4455 3095 4511 fidelium
3120 4453 3417 4510 neminem
3437 4451 3659 4508 tentet?

265 4548 379 4617 jam
403 4553 757 4619 sciebat,sed
791 4551 875 4608 eis
897 4552 1114 4623 quibus
1136 4550 1381 4606 indicari
1405 4554 1902 4624 oportebat.Sicut
1931 4561 1977 4626 Ι)
2012 4555 2132 4610 lmo
2161 4569 2295 4608 vero
2328 4554 2549 4606 tentare
2581 4564 2696 4602 non
2729 4549 2940 4610 cessat,
2955 4544 3053 4599 sed
3079 4542 3239 4600 aliud
3261 4546 3353 4597 est
3382 4541 3657 4597 intrinse-

273 4642 448 4696 autem
479 4641 576 4697 illa
605 4658 732 4710 vox,
750 4658 867 4697 non
900 4643 1137 4713 pr0pter
1157 4640 1429 4707 eum,sed
1449 4642 1897 4714 propterillosin

275 4726 560 4786 Divinitate
584 4731 735 4786 facta
756 4734 866 4797 est,
883 4729 966 4785 sic
984 4730 1181 4785 anima
1200 4729 1349 4801 ejus,
1365 4746 1478 4784 non
1496 4735 1895 4803 proptereum,

271 4817 361 4872 sed
393 4824 619 4893 propter
648 4817 795 4875 alios
824 4816 1123 4874 voluntate
1150 4818 1388 4874 turbata
1416 4822 1522 4875 est.
1628 4846 1637 4854 -

334 4907 531 4965 «Nunc
552 4908 853 4981 judicium
885 4910 972 4962 est
1000 4907 1227 4963 mundi.
1246 4930 1273 4957 ›ι
1288 4908 1410 4963 Non
1432 4907 1588 4964 enim
1607 4911 1678 4965 de
1706 4911 1897 4967 futuro

261 4993 462 5061 judicio
493 4998 600 5054 hoc
622 4996 848 5052 dictum
872 5011 999 5052 esse
1017 5000 1316 5068 putamus,
1335 4997 1490 5068 quod
1518 4997 1577 5053 in
1601 5000 1714 5055 ﬁne
1734 5017 1899 5055 mun-

268 5079 322 5134 di
352 5083 597 5142 futurum
632 5085 869 5143 estzubi
903 5084 1036 5140 boni
1069 5090 1125 5139 et
1142 5084 1895 5157 maliseparabunturaeter-

270 5184 337 5224 na
363 5172 652 5245 divisione,
673 5175 776 5232 sed
809 5176 881 5231 de
902 5172 1127 5247 judicio
1159 5174 1313 5247 quod
1336 5175 1593 5247 quotidie
1615 5176 1674 5232 in
1697 5182 1899 5235 sancta

267 5254 357 5313 Dei
379 5262 616 5320 ecclesia
638 5264 786 5321 solet
814 5281 962 5321 esse.
984 5258 1324 5319 Possidebat
1352 5280 1487 5337 ergo
1519 5266 1788 5322 diabolus
1805 5284 1898 5340 ge-

268 5362 370 5403 nus
395 5349 810 5421 humanum,et
841 5368 972 5410 reos
999 5350 1685 5434 suppliciorumtenebat
1706 5356 1895 5412 chiro-

270 5436 469 5510 grapho
487 5446 881 5513 peccatorum,
897 5440 1310 5499 dominabatur
1326 5440 1384 5495 in
1401 5441 1675 5498 cordibus
1693 5444 1893 5501 infide-

272 5520 399 5582 lium
429 5531 497 5588 ad
536 5535 861 5589 creaturam
895 5531 1224 5602 colendam,
1240 5530 1467 5586 deserto
1498 5532 1895 5602 Creatore,de-

272 5619 445 5692 ccptoe
509 5619 883 5703 captivosque
942 5620 1229 5682 trahebat.
1274 5618 1381 5680 Per
1427 5617 1644 5678 Christi
1694 5625 1890 5685 autem

2009 4661 2115 4701 cus
2145 4655 2409 4715 regnare,
2442 4638 2601 4694 aliud
2635 4635 2958 4693 forinsecus
2984 4648 3344 4706 oppugnare,
3378 4630 3538 4685 aliud
3570 4634 3660 4686 est

2005 4733 2331 4796 vulnerare,
2365 4727 2523 4784 aliud
2574 4726 2853 4783 occidere.
2888 4723 2997 4778 Sed
3041 4722 3088 4777 si
3119 4720 3407 4787 vulnerat,
3435 4723 3525 4775 est
3556 4717 3658 4790 qui

2007 4826 2193 4880 sanet.
2229 4819 2374 4887 Quia
2404 4818 2558 4873 sicut
2589 4812 2989 4889 pugnantibus
3031 4812 3253 4866 dictum
3306 4814 3394 4865 est
3426 4809 3469 4881 (Ι
3496 4809 3653 4865 Joan.

2008 4910 2286 4984 11),.Ha2c
2315 4905 2504 4963 scribo
2535 4904 2798 4972 vobis,ut
2830 4917 2946 4957 non
2978 4898 3391 4973 peccetis,«ita
3411 4895 3655 4968 quivul-

2007 4995 2479 5069 nerantur,quod
2513 4992 2783 5065 sequitur
2812 4988 3225 5045 audiunt:«Et
3254 4986 3304 5042 si
3332 4985 3656 5058 peccaveri-

2006 5091 2105 5155 tis,
2130 5089 2472 5143 advocatum
2506 5081 2793 5136 habemus
2824 5079 2978 5151 apud
3010 5081 3242 5133 Patrem
3271 5077 3471 5131 Jesum
3499 5073 3659 5128 Chri-

2007 5183 2161 5235 stum
2187 5177 2410 5246 iustum
2431 5171 2584 5244 ;ipse
2597 5174 2686 5226 est
2708 5168 3019 5241 propitatio
3033 5171 3404 5240 peccatorum
3430 5168 3659 5219 nostro-

2004 5284 2158 5322 rum.
2180 5288 2200 5313 »
2220 5262 2369 5328 Quid
2401 5260 2557 5315 enim
2590 5274 2831 5314 oramus
2862 5273 2998 5312 cum
3028 5256 3280 5311 dicimus
3310 5253 3517 5323 (Matth.
3538 5256 3651 5322 v1):

2004 5379 2032 5405 «
2071 5352 2272 5410 Debita
2300 5354 2503 5407 nostra
2532 5347 2701 5404 nobis
2730 5346 2979 5412 dimitte,
3001 5367 3027 5394 ››
3050 5344 3160 5399 nisi
3194 5349 3260 5398 ut
3290 5340 3531 5397 vulnera
3548 5357 3653 5395 no-

2004 5448 2125 5499 stra
2154 5435 2715 5509 sanentur?thuid
2748 5430 2904 5489 aliud
2936 5432 3214 5506 petimus,
3233 5447 3366 5486 cum
3399 5427 3653 5483 dicimus

2002 5530 2182 5602 (Ibid)
2220 5547 2231 5585 :
2267 5552 2294 5579 «
2330 5531 2396 5582 Et
2425 5543 2497 5582 ne
2528 5541 2634 5581 nos
2668 5522 2917 5579 inducas
2945 5522 3005 5578 in
3040 5518 3442 5582 tentationem,
3464 5538 3490 5565 ››
3523 5514 3639 5602 nisi

2002 5601 2070 5680 ut
2097 5601 2193 5677 ille
2224 5615 2325 5692 qui
2373 5614 2705 5685 insidiatur,
2738 5610 2826 5673 vel
2867 5614 3021 5671 certe
3067 5606 3430 5669 extrinsecus
3479 5601 3649 5671 nulla
