4012 6174
350 326 463 394 391

914 296 1321 392 annexis
1370 311 2207 391 IlAt.BERSTA’l‘.°EPISC.
2255 330 2422 391 om).
2475 332 2671 393 PARS
2718 333 2898 392 IL—
2931 333 3201 394 HOMIL.

3645 332 3761 396 399.

350 466 624 536 erumpat
651 479 720 519 ex
750 465 936 537 parte,
961 462 1123 519 nulla
1153 480 1259 520 nos
1290 464 1494 520 fraude
1525 463 1794 535 decipiat,
1814 462 1994 519 nullis
2020 462 2077 531 Α
2112 483 2140 513 ‹‹
2172 466 2259 518 est
2290 463 2399 519 iste
2432 462 2588 519 ﬁlius
2637 463 2895 520 hominis
2916 465 2943 519 ‘2
2987 488 3012 513 υ
3063 463 3396 521 Memoriter
3441 469 3767 527 tenuerunt

352 572 460 610 nos
489 554 787 609 subvertat
818 553 1127 621 machinis,
1159 554 1392 625 quando
1440 571 1555 609 non
1600 556 1758 609 tenet
1806 553 1996 610 locum

350 642 564 711 cordis,
603 642 756 697 unde
787 642 898 697 ﬁde
920 642 1140 714 ejectus
1169 647 1258 698 est
1297 643 1487 699 foras?
1517 643 1628 698 Sed
1660 666 1689 693 «
1724 642 1837 698 nisi
1888 644 1997 699 Do-

351 733 550 788 minus
583 730 926 786 custodierit
955 731 1270 798 civitatem,
1304 732 1362 787 in
1408 749 1622 787 vanum
1670 732 1869 805 vigilat
1898 732 1998 805 qui

351 820 610 876 custodit
641 836 770 875 eam
805 820 975 890 (Psal.
1009 820 1214 891 cxxvr).
1247 843 1274 870 »
1309 820 1495 876 Nolite
1534 836 1669 893 ergo
1718 822 1788 876 de
1834 822 1998 878 vobis

351 910 499 982 ipsis
530 909 969 981 praesumere,si
1002 926 1117 965 non
1139 908 1314 964 vultis
1344 909 1498 977 foras
1523 911 1773 982 ejectum
1795 910 1997 967 diabo-

348 998 472 1055 lum
498 998 649 1054 intro
670 999 883 1054 iterum
907 1015 1191 1054 revocare.
1209 998 1376 1055 Absit
1396 1003 1591 1054 autem
1612 1004 1678 1055 ut
1697 998 1996 1055 diabolum

349 1087 555 1144 mundi
592 1087 915 1159 principem
946 1086 1029 1142 ita
1060 1087 1285 1142 dictum
1316 1087 1739 1151 existimemus,
1772 1092 1836 1142 ut
1863 1105 1995 1144 eum

349 1174 490 1231 cmlo
513 1179 569 1230 et
587 1179 752 1231 terra:
770 1175 1059 1231 dominari
1078 1193 1248 1248 posse
1261 1177 1584 1233 credemus.
1610 1178 1717 1232 Sed
1739 1178 1998 1234 mundus

347 1263 675 1336 appellatur
705 1264 763 1318 in
798 1264 971 1320 malis
1001 1264 1362 1333 hominibus,
1388 1267 1487 1338 qui
1537 1270 1658 1322 toto
1708 1270 1995 1323 terrarum

345 1354 483 1409 orbe
513 1351 712 1408 diﬁ‘usi
747 1358 908 1420 sunt,
934 1354 1086 1410 sicut
1118 1354 1444 1427 appellatur
1472 1356 1685 1411 domus
1729 1357 1801 1411 ab
1840 1356 1933 1412 his
1965 1374 1999 1412 a

345 1442 558 1514 quibus
582 1442 898 1498 habitatur.
916 1445 1250 1499 Secundum
1270 1445 1427 1515 quod
1446 1444 1717 1513 dicimus,
1734 1447 1887 1501 bona
1902 1447 1997 1501 do.

343 1549 477 1588 mus
508 1535 617 1602 est,
634 1532 720 1587 vel
738 1531 893 1587 mala
917 1534 1128 1588 domus
1161 1538 1402 1600 est,non
1431 1535 1665 1606 quando
1684 1535 1997 1607 reprehen-

342 1622 540 1677 dimus
573 1620 691 1677 sive
721 1620 1035 1677 laudamus
1063 1622 1374 1677 aedificium
1399 1623 1690 1695 parietum
1715 1628 1889 1696 atque
1918 1629 1997 1680 te-

340 1717 591 1777 ctorum,
618 1711 720 1766 sed
756 1712 991 1782 quando
1024 1728 1218 1767 mores
1246 1710 1335 1767 vel
1367 1712 1653 1769 bonorum
1687 1713 1994 1770 hominum

340 1800 430 1857 vel
466 1801 756 1856 malorum
794 1817 806 1855 :
840 1800 924 1856 sic
955 1816 1093 1873 ergo
1125 1802 1347 1856 dictum
1377 1802 1774 1876 est,princeps
1814 1804 1993 1875 hujus

340 1890 568 1955 mundi,
600 1889 658 1945 id
692 1893 780 1945 est
812 1890 1085 1962 princeps
1116 1890 1405 1946 malorum
1437 1891 1991 1965 hominum,quiha-

341 1980 539 2035 bitant
559 1979 614 2033 in
641 1979 880 2034 mundo.
897 1979 1238 2052 Appellatur
1257 1980 1432 2036 etiam
1447 1982 1776 2037 mundusin
1798 1983 1988 2051 bonis,

342 2067 443 2140 qui
477 2068 748 2124 similiter
778 2072 899 2124 toto
930 2069 1068 2124 orbe
1099 2073 1389 2125 terrarum
1430 2070 1626 2126 diﬂ‘usi
1663 2073 1992 2127 sunt.'Inde

339 2158 484 2213 dicit
514 2156 837 2231 apostolus,
866 2180 893 2207 ››
915 2162 1064 2213 Deus
1084 2163 1210 2214 erat
1240 2159 1299 2214 in
1330 2159 1885 2230 Christo,mundum
1909 2179 1994 2217 re-

339 2247 659 2304 concilians
713 2246 823 2303 sibi
855 2250 927 2317 (ΙΙ
975 2247 1095 2303 Cor.
1123 2249 1176 2311 v)
1213 2265 1225 2303 :
1262 2271 1288 2297 »
1323 2248 1381 2303 hi
1430 2254 1589 2318 sunt,
1622 2267 1690 2305 cx
1739 2268 1989 2322 quorum

340 2336 615 2393 cordibus
643 2335 915 2408 princeps
948 2337 1153 2392 mundi
1197 2337 1429 2409 ejicitur
1459 2338 1634 2394 foras.
1661 2340 1805 2394 Cum
1853 2357 1988 2413 ergo

338 2425 609 2481 dixisset:
640 2445 666 2478 α
687 2425 855 2480 Nunc
885 2424 1157 2498 princeps
1189 2426 1370 2497 hujus
1391 2427 1593 2482 mundi
1622 2428 1890 2498 ejicietur
1904 2430 1988 2484 fo-

344 2532 461 2581 ras,
496 2537 524 2565 ››
559 2514 829 2585 adjunxit
853 2515 1166 2571 continuo:

414 2625 441 2657 α
471 2605 541 2659 Et
568 2620 673 2676 ego
700 2602 748 2659 si
780 2602 1067 2659 exaltatus
1102 2604 1261 2659 fuero
1292 2621 1326 2659 a
1357 2604 1986 2673 terra,omniatraham

340 2715 367 2744 ι(
385 2696 516 2766 post
543 2710 657 2749 me.
676 2716 703 2744 ››
718 2692 851 2757 Quae
883 2692 1081 2748 omnia
1099 2692 1298 2758 trahit,
1317 2693 1430 2749 nisi
1458 2710 1525 2748 ex
1546 2694 1763 2766 quibus
1792 2694 1987 2751 diabo-

336 2781 431 2836 lus
462 2781 693 2854 ejicitur
722 2782 877 2837 foras
894 2781 921 2835 '?
942 2781 1068 2836 Non
1091 2786 1286 2837 autem
1309 2781 1454 2837 dixit
1484 2799 1707 2848 omnes,
1742 2784 1841 2838 sed
1865 2801 1985 2840 om-

336 2871 453 2927 nia.
477 2872 603 2926 Non
635 2870 790 2926 enim
818 2870 1083 2926 omnium
1118 2873 1209 2927 est
1240 2870 1544 2926 fides.Non
1576 2871 1772 2943 itaque
1789 2872 1898 2928 hoc
1912 2873 1983 2928 ad

336 2959 773 3015 universitatem
794 2958 1105 3014 hominum
1137 2958 1352 3027 retulit,
1370 2961 1468 3016 sed
1501 2960 1572 3015 ad
1606 2960 1981 3017 creaturaein-

336 3047 685 3120 tegritatem,
717 3046 774 3101 id
808 3051 916 3115 est,
949 3047 1221 3120 spiritum
1254 3052 1309 3103 et
1335 3048 1594 3104 animam
1626 3053 1685 3105 et
1721 3067 1932 3122 corpus
1965 3069 1978 3107 :

335 3138 406 3194 ad
448 3136 593 3192 illud
643 3135 884 3208 scilicet,
917 3136 1072 3210 quod
1104 3136 1509 3211 intelligimus,
1541 3141 1598 3195 et
1638 3138 1783 3194 illud
1824 3142 1978 3212 quod

2110 553 2271 617 Quod
2288 553 2572 609 Dominus
2583 552 2813 610 dicebat
2825 554 3060 610 assidue
3074 553 3260 609 filium
3276 554 3534 610 hominis
3546 571 3606 610 se
3619 571 3766 613 esse-

2109 642 2255 698 Nam
2288 644 2397 697 hoc
2418 643 2543 699 loco
2567 644 2803 714 non'ait,
2819 644 2869 699 si
2891 644 3178 700 cxaltatus
3196 645 3368 700 fuerit
3388 648 3585 700 aterra
3608 644 3769 701 filius

2108 730 2388 800 hominis,
2422 733 2520 788 sed
2556 732 2709 788 sicut
2742 732 3019 805 superius
3061 732 3304 799 dixerat,
3331 733 3565 805 quando
3614 752 3761 790 nun--

2109 819 2235 875 tiati
2284 825 2424 876 sunt
2465 820 2712 894 gentiles
2764 820 2847 876 illi
2899 822 3155 894 quicum
3186 821 3379 877 videre
3411 822 3765 894 cupiebant:

2112 927 2136 957 c
2167 909 2341 965 Venit
2370 910 2533 977 hora,
2564 914 2629 965 ut
2664 910 3018 967 clarificetur
3066 910 3246 967 Filius
3289 911 3564 967 hominis.
3596 933 3622 960 »
3650 913 3767 969 Hoc

2108 997 2306 1070 itaque
2354 998 2451 1054 isti
2505 999 2702 1056 animo
2758 1000 3099 1067 retinentes,
3153 1005 3209 1055 ct
3264 1001 3419 1072 quod
3470 1010 3626 1056 nunc
3663 1001 3764 1070 ait,

2112 1107 2133 1135 ι
2169 1089 2311 1141 Cum
2342 1085 2634 1143 exaltatus
2670 1088 2833 1144 fuero
2866 1105 2901 1144 a
2928 1090 3102 1155 terra,
3139 1112 3159 1142 ι
3190 1092 3438 1143 mortem
3470 1089 3766 1145 crucisin—

2106 1174 2461 1247 telligentes,
2497 1177 2856 1249 quaesierunt
2887 1178 2959 1232 ab
2991 1177 3111 1245 illo,
3145 1182 3201 1233 et
3231 1178 3504 1233 dixerunt
3538 1195 3550 1233 :
3591 1202 3611 1227 α
3646 1180 3764 1236 Nos

2108 1264 2441 1320 audivimus
2476 1282 2544 1322 ex
2570 1265 2716 1338 lege,
2750 1267 2889 1339 quia
2915 1266 3185 1322 Christus
3243 1271 3443 1322 manet
3484 1266 3545 1321 in
3592 1273 3760 1324 mter-

2109 1355 2588 1419 num.Quomodo
2607 1359 2671 1411 tu
2703 1355 2873 1421 dicis,
2894 1355 3131 1430 Oportet
3160 1356 3403 1412 exaltari
3437 1356 3645 1412 Filium
3663 1357 3765 1413 ho-

2107 1442 2329 1497 minis?
2363 1465 2389 1493 >›
2422 1444 2481 1498 Si
2512 1443 2669 1499 enim
2699 1444 2968 1500 Christus
3001 1448 3110 1512 est,
3143 1444 3439 1518 inquiunt,
3474 1450 3668 1501 manet
3700 1445 3763 1501 in

2106 1533 2485 1589 aeternumzsi
2518 1537 2716 1589 manet
2746 1533 2806 1588 in
2831 1537 3133 1603 aeternum,
3157 1535 3451 1607 quomodo
3482 1534 3763 1590 exaltabi-

2109 1624 2207 1676 tur
2238 1638 2273 1677 a
2300 1625 2476 1692 terra,
2496 1622 2553 1677 id
2584 1626 2674 1677 est
2699 1624 2992 1694 quomodo
3024 1623 3214 1679 crucis
3246 1624 3518 1696 passione
3547 1624 3761 1679 morie-

2114 1711 2258 1765 tur?
2284 1711 2401 1766 Hoc
2433 1711 2589 1767 enim
2617 1727 2752 1767 eum
2783 1711 3001 1768 dixisse
3030 1711 3453 1785 intelligebant,
3489 1712 3641 1784 quod
3674 1712 3762 1768 fa-

2105 1815 2233 1854 cere
2265 1800 2618 1873 cogitabant.
2634 1801 2760 1855 Non
2782 1817 2918 1872 ergo
2942 1800 3025 1856 eis
3052 1801 3359 1857 verborum
3380 1801 3628 1857 istorum
3658 1802 3764 1858 ob-

2102 1887 2442 1943 scuritatem
2477 1889 2707 1960 aperuit
2747 1889 2943 1945 infusa
2975 1890 3282 1962 sapientia,
3314 1892 3414 1947 sed
3455 1889 3763 1948 stimulata

2101 1976 2474 2033 conscientia.

2174 2089 2201 2115 ‹‹
2235 2065 2387 2121 Dixit
2415 2083 2551 2139 ergo
2585 2066 2668 2123 eis
2698 2066 3121 2124 JesuszAdhuc
3148 2068 3445 2124 modicum
3468 2067 3669 2124 lumen
3697 2068 3759 2124 in

2106 2177 2127 2205 ι
2161 2154 2325 2211 vobis
2357 2159 2465 2211 est.
2499 2176 2527 2205 »
2562 2156 2707 2211 Hinc
2738 2160 2828 2211 est
2856 2157 3009 2228 quod
3046 2156 3571 2229 intellegitis,quod
3588 2156 3764 2211 Chri-

2101 2246 2193 2298 stu
2245 2248 2442 2300 manet
2485 2244 2544 2298 in
2593 2250 2898 2300 aeternum.
2951 2268 2979 2296 «
3034 2247 3184 2319 Ergo
3253 2245 3549 2301 ambulate
3608 2246 3759 2303 dum

2100 2355 2127 2381 ‹‹
2161 2331 2352 2387 lucem
2384 2332 2632 2401 habetis,
2669 2338 2733 2388 ut
2765 2350 2879 2389 non
2924 2334 3174 2390 tenebrae
3224 2353 3325 2390 vos
3365 2334 3761 2406 comprehen-

2104 2441 2126 2470 ε
2154 2422 2313 2476 dant.
2349 2446 2371 2474 ι
2409 2421 2741 2490 Ambulate,
2775 2424 3049 2491 accedite,
3090 2426 3278 2479 totum
3330 2422 3658 2495 intelligite,
3702 2430 3762 2480 et

2098 2510 2447 2565 moriturum
2479 2510 2802 2578 Christum,
2832 2516 2887 2566 et
2915 2511 3205 2567 victurum
3251 2512 3308 2566 in
3361 2516 3664 2579 eternum,
3700 2518 3761 2568 et

2097 2600 2444 2672 sanguinem
2476 2601 2900 2672 fusurum,quo
2919 2600 3257 2670 redimat,et
3287 2614 3672 2656 ascensurum
3698 2602 3759 2657 in

2096 2688 2391 2755 sublimia,
2426 2705 2541 2761 quo
2574 2690 2872 2762 perducat.
2907 2690 3179 2745 Tenebrae
3211 2694 3404 2746 autem
3438 2706 3551 2745 non
3585 2707 3762 2746 com-

2094 2777 2476 2850 prehendant,
2503 2779 2551 2834 si
2584 2795 2649 2834 eo
2680 2779 2853 2834 modo
2885 2777 3249 2834 credideritis
3279 2777 3492 2834 Christi
3513 2778 3756 2834 aeterni-

2092 2869 2375 2936 tatem,ut
2405 2884 2520 2923 non
2552 2867 2773 2940 negetis
2806 2868 2864 2921 in
2885 2884 2952 2922 eo
2976 2866 3611 2923 mortishumilitatem.
3630 2868 3757 2924 »Et

2099 2975 2121 3005 α
2155 2956 2255 3028 qui
2282 2956 2621 3012 ambulatin
2651 2956 2929 3023 tenebris,
2962 2956 3149 3012 nescit
3188 2972 3302 3028 quo
3351 2956 3546 3025 vadat,
3582 2978 3605 3006 ι
3640 2952 3756 3014 sed

2092 3048 2282 3117 potest
2309 3045 2599 3101 offendere
2630 3046 2689 3100 in
2722 3044 2976 3117 lapidem
3024 3043 3362 3101 offensionis
3409 3049 3464 3101 et
3514 3049 3750 3117 petram

2091 3133 2518 3206 scandali,quze
2549 3134 2660 3189 fuit
2689 3134 2976 3190 Dominus
3006 3133 3599 3202 caecisJudzeis,sicut
3620 3151 3754 3190 cre-

332 3226 604 3296 vivimus,
630 3229 687 3281 et
716 3225 857 3282 illud
891 3227 1044 3299 quod
1069 3226 1327 3283 visibiles
1358 3232 1415 3282 et
1441 3228 1848 3301 corruptibiles
1880 3247 1977 3285 su-
2009 3214 2052 3280 C
2080 3222 2370 3278 ‘dentibus
2399 3222 2570 3294 lapis,
2595 3239 2767 3294 quem
2792 3223 3246 3295 reprobaverunt
3275 3223 3756 3292 zedificantes,fa-

334 3332 487 3372 mus.
513 3316 675 3381 Quod
710 3317 865 3371 enim
900 3316 1062 3371 dixit.
1097 3316 1355 3388 Capillus
1387 3317 1594 3388 capitis
1642 3316 1817 3373 vestri
1863 3335 1978 3373 non

334 3404 567 3477 peribit,
618 3405 818 3460 omnia
883 3403 1066 3460 trahit
1134 3407 1267 3476 post
1332 3421 1415 3460 se.
1479 3407 1613 3471 Aut,
1683 3405 1731 3460 si
1785 3406 1984 3461 omnia

333 3492 447 3563 ipsi
522 3493 789 3548 homines
850 3491 1203 3563 intelligenti
1269 3497 1427 3560 sunt,
1488 3493 1685 3548 omnia
1758 3495 1982 3566 praede-

334 3581 550 3636 stinata
582 3581 652 3635 ad
684 3579 871 3635 salute
898 3597 1214 3653 possumus
1247 3581 1456 3648 dicere,
1492 3598 1559 3636 ex
1597 3581 1812 3653 quibus
1856 3600 1981 3638 om-

334 3669 509 3725 nibus
544 3668 627 3723 ait
657 3667 802 3723 nihil
835 3685 963 3724 esse
993 3669 1343 3742 periturum,
1378 3685 1511 3725 cum
1539 3687 1718 3741 supra
1746 3672 1818 3727 de
1857 3674 1983 3730 suis

334 3758 538 3813 ovibus
562 3758 937 3831 loqueretur:
972 3760 1072 3813 aut
1102 3761 1274 3822 certe,
1309 3758 1506 3814 omnia
1536 3759 1842 3816 hominum
1883 3779 1980 3836 ge-

333 3863 492 3915 nera,
525 3847 644 3904 sive
673 3846 731 3902 in
762 3847 980 3920 linguis
1010 3847 1308 3914 omnibus,
1329 3847 1446 3904 sive
1477 3848 1537 3903 in
1568 3851 1837 3907 aetatibus
1859 3868 1981 3907 om-

333 3935 528 4003 nibus,
563 3936 682 3992 sive
715 3936 777 3992 in
806 3936 1089 4009 gradibus
1121 3936 1413 3993 honorum
1454 3938 1741 4009 omnium,
1765 3940 1885 3996 sive
1921 3940 1981 3996 in

333 4024 725 4082 diversatihus
756 4025 1129 4098 ingeniorum
1167 4026 1462 4095 omnibus,
1497 4028 1619 4084 sive
1658 4029 1718 4085 in
1766 4030 1981 4086 artium

332 4113 629 4172 licitarum
651 4115 942 4183 omnium,
966 4119 1024 4172 et
1056 4114 1287 4172 utilium
1311 4117 1772 4189 professionibus
1794 4119 1983 4175 omni-

331 4203 543 4260 bus:et
573 4202 860 4276 quidquid
896 4204 1054 4260 aliud
1091 4204 1204 4260 dici
1234 4210 1446 4278 potest,
1464 4208 1791 4264 secundum
1818 4208 1985 4264 innu-

332 4293 643 4350 merabiles
674 4293 1054 4364 diﬂ‘erentias,
1074 4295 1291 4376 quibus
1322 4295 1475 4352 inter
1495 4314 1556 4353 se
1586 4300 1689 4370 pel'
1713 4297 1838 4354 sola
1856 4315 1985 4372 pec-

331 4386 461 4439 cata
489 4382 759 4439 homines
781 4383 1025 4450 distant,
1041 4383 1115 4439 ab
1144 4384 1559 4443 excelsissimis
1590 4403 1777 4459 usque
1791 4388 1860 4443 ad
1874 4388 1982 4443 hu-

333 4471 636 4540 millimos,
667 4488 701 4527 a
729 4488 864 4545 rege
897 4489 1088 4545 usque
1121 4474 1192 4528 ad
1233 4474 1592 4530 mendicum.
1627 4500 1654 4525 ‹‹
1690 4476 1917 4546 Omnia,
1950 4496 1976 4529 ιο

2091 3315 2220 3367 ctus
2250 3314 2339 3366 est
2360 3311 2419 3365 in
2443 3315 2619 3383 caput
2645 3311 2865 3383 anguli.
2882 3312 3490 3386 Hincdedignatisunt
3503 3313 3752 3369 credere

2090 3400 2148 3454 in
2183 3397 2499 3466 Christum,
2525 3400 2665 3472 quia
2691 3417 2895 3456 eorum
2926 3400 3198 3473 impietas
3220 3401 3573 3473 contempsit
3585 3418 3753 3458 mor-

2091 3492 2282 3556 tuum,
2318 3488 2501 3543 irrisit
2529 3488 2809 3558 occisum,
2834 3494 2890 3545 et
2921 3491 3045 3563 ipse
3066 3498 3189 3546 erat
3221 3507 3380 3546 mors
3408 3490 3756 3562 granimul-

2093 3576 2413 3649 tiplicandi,
2443 3581 2501 3632 et
2520 3578 2791 3634 exultatio
2823 3579 3112 3634 trahentis
3144 3584 3275 3652 post
3306 3594 3368 3635 se
3397 3579 3620 3634 omnia.

2170 3689 2191 3715 κ
2225 3666 2373 3721 Dum
2406 3666 2593 3722 lucem
2626 3667 2875 3735 habetis,
2893 3668 3107 3723 credite
3139 3669 3194 3722 in
3219 3668 3513 3734 lucem,ut
3532 3668 3641 3723 filii
3664 3669 3762 3724 lu-

2096 3776 2124 3805 ‹‹
2158 3754 2242 3809 cis
2271 3755 2423 3811 sitis.
2453 3778 2480 3804 »
2501 3755 2646 3811 Cum
2678 3756 2899 3829 aliquid
2928 3758 3045 3813 veri
3077 3757 3344 3812 auditum
3376 3757 3608 3813 habetis
3628 3775 3762 3815 cre-

2092 3843 2211 3899 dite
2240 3843 2300 3898 in
2332 3843 2656 3911 veritatem,
2689 3850 2753 3899 ut
2785 3845 3175 3901 renascamini
3214 3846 3272 3900 in
3318 3847 3580 3903 veritate.
3622 3847 3760 3904 Haec

2100 3956 2120 3984 ε
2151 3931 2383 3989 locutus
2414 3936 2504 3989 est
2530 3934 2795 4001 Jesus,et
2811 3933 2954 3990 abiit
2977 3938 3034 3990 et
3062 3935 3372 3991 abscondit
3393 3952 3454 3991 se
3479 3935 3555 3991 ab
3587 3936 3705 3992 eis.
3732 3960 3761 3987 ››

2627 4093 2925 4149 HOMILIA
2966 4094 3152 4150 LXVI.

2519 4198 2688 4238 FERIA
2723 4199 2926 4238 TERTIA
2965 4200 3278 4239 PALMARUM

2238 4298 2428 4353 Passio
2450 4296 2673 4352 Domini
2695 4298 2872 4424 nosti?
2900 4299 3025 4354 Iesu
3065 4298 3269 4354 Christi
3303 4299 3603 4355 secundum

2853 4385 3063 4424 arcum.

2853 4385 3063 4425 arcum.

2097 4482 2305 4553 (Mane.
2339 4500 2454 4551 x1v,
2488 4483 2601 4555 xv).
2636 4507 2665 4533 «
2698 4484 2762 4539 In
2793 4483 2892 4540 illo
2943 4489 3225 4559 tempore,
3257 4492 3379 4543 erat
3427 4488 3659 4546 Pascha
3702 4495 3766 4547 et

332 4559 545 4647 inquit,
580 4582 607 4610 ‹‹
642 4561 874 4617 traham
909 4565 1043 4635 post
1081 4579 1197 4631 me,
1228 4585 1255 4614 ››
1290 4568 1355 4618 ut
1384 4563 1497 4619 sim
1547 4569 1722 4638 caput
1755 4582 1978 4633 eorum,
2014 4582 2062 4647 D
2097 4593 2125 4622 «
2157 4573 2370 4645 Azyma
2391 4576 2523 4645 post
2550 4572 2817 4641 biduum,
2845 4595 2872 4624 »
2904 4578 2961 4630 et
2991 4574 3234 4647 reliqua.
3267 4577 3493 4632 Pascha
3523 4583 3761 4647 autem,

332 4652 389 4703 et
417 4646 502 4703 illi
545 4649 812 4706 membra
861 4667 1010 4707 mea.
1046 4675 1073 4701 «
1108 4652 1221 4707 Sed
1267 4653 1318 4708 si
1367 4653 1675 4722 exaltatus,
1709 4677 1739 4705 »
1769 4655 1978 4727 inquit,

337 4759 365 4788 «
401 4738 562 4793 fuero
594 4755 628 4793 a
658 4740 832 4809 terra,
852 4761 879 4788 ››
913 4739 1022 4795 hoc
1053 4744 1310 4809 est,cum
1336 4742 1622 4799 exaltatus
1654 4745 1979 4801 fuero.Non

332 4827 488 4883 enim
522 4827 751 4884 dubitat
764 4829 1025 4885 futurum
1048 4847 1176 4886 esse
1201 4830 1355 4902 quod
1384 4832 1541 4887 venit
1567 4831 1829 4906 implere.
1862 4835 1979 4890 Hoc

333 4917 582 4972 refertur
609 4917 681 4973 ad
716 4916 859 4973 illud
893 4919 1045 4991 quod
1066 4920 1336 4992 superius
1353 4920 1504 4976 aitm
1532 4922 1589 4976 Si
1610 4927 1804 4979 autem
1823 4941 1977 4979 mor-

334 5008 503 5059 tuum
535 5006 709 5061 fuerit
726 5023 975 5079 granum
1009 5008 1306 5078 frumenti,
1344 5009 1595 5066 multum
1629 5012 1880 5067 fractum
1899 5013 1980 5068 af-

335 5091 463 5146 fert.
499 5116 521 5145 ι
559 5093 706 5148 Nam
749 5095 1158 5152 exultationem
1192 5113 1362 5153 suam
1413 5098 1555 5171 quid
1603 5099 1761 5154 aliud
1811 5100 1974 5168 dixit,

336 5196 514 5251 quam
544 5180 604 5235 in
637 5197 807 5238 cruce
835 5185 1166 5255 passionem
1180 5186 1208 5241 ‘I
1224 5178 1387 5250 Quod
1403 5192 1460 5243 et
1483 5188 1606 5260 ipse
1623 5189 1980 5263 evangelista

335 5282 451 5324 non
483 5270 704 5337 tacuit;
743 5272 1046 5342 subjunxit
1076 5273 1230 5330 enim
1264 5279 1321 5331 et
1349 5276 1430 5331 ait
1464 5292 1476 5330 :

411 5380 439 5408 «
471 5358 588 5414 Hoc
620 5363 815 5415 autem
844 5360 1090 5430 dicebat,
1112 5362 1451 5436 significans
1483 5381 1599 5438 qua
1625 5370 1810 5423 morte
1827 5371 1980 5425 esset

338 5468 366 5496 ‹‹
400 5446 743 5503 moriturus.
766 5447 1085 5521 Respondit
1115 5451 1164 5506 ei
1195 5452 1395 5508 turba:
1416 5457 1534 5509 Nos
1564 5456 1895 5514 audivimus
1913 5474 1981 5513 ex

336 5557 364 5585 «
398 5533 547 5609 lege,
579 5535 719 5608 quia
747 5536 1015 5594 Christus
1036 5544 1232 5597 manet
1256 5541 1316 5596 in
1347 5546 1646 5599 mternum.
1683 5548 1980 5612 Quomodo

336 5645 369 5682 »
402 5628 465 5686 tu
507 5624 677 5699 dicis,
710 5625 947 5704 Oportet
994 5627 1234 5689 exaltari
1278 5631 1490 5691 Filium
1521 5633 1820 5696 hominis?
1842 5637 1982 5705 Quis

2092 4662 2245 4733 quod
2272 4661 2548 4717 Hebraice
2579 4661 2793 4717 dicitur
2798 4662 2986 4735 phase,
3003 4681 3116 4719 non
3133 4665 3471 4737 apassione,
3493 4669 3561 4721 ut
3579 4667 3767 4739 pleri-

2090 4766 2202 4822 que
2217 4750 2596 4819 arbitrantur,
2613 4751 2713 4807 sed
2728 4768 2760 4807 a
2771 4753 3023 4808 transitu
3039 4753 3469 4827 nominatur,eo
3482 4759 3649 4829 quod
3664 4775 3768 4813 ex-

2088 4839 2431 4895 terminator
2443 4839 2644 4896 videns
2661 4842 3009 4913 sanguinem
3025 4841 3083 4898 in
3098 4843 3322 4900 foribus
3344 4844 3765 4903 Israelitarum

2088 4928 2632 5001 pertransierit,nec
2654 4931 3007 5001 pereusserit
3037 4931 3272 4988 eos.Vel
3302 4933 3427 5006 ipse
3459 4935 3766 4993 Dominus

2088 5018 2359 5090 prmhens
2391 5018 2672 5074 auxilium
2688 5020 2902 5091 populo
2930 5021 3763 5112 suo,desuperambulaverit,

2088 5108 2259 5178 cujus
2307 5112 2738 5164 sacramentum
2784 5109 3053 5167 vocabuli
3096 5111 3411 5168 sublimius
3449 5108 3766 5186 exponens

2087 5197 2445 5270 evangelista
2473 5198 2723 5253 Josnnes
2755 5197 2866 5254 ait:
2887 5201 3072 5255 «Ante
3091 5200 3247 5256 diem
3284 5200 3766 5261 festumPasche

2086 5285 2277 5342 sciens
2305 5286 2478 5343 Jesus
2511 5286 2653 5359 quia
2670 5287 2829 5344 venit
2874 5287 3020 5345 hora
3062 5290 3216 5362 ejus,
3252 5294 3318 5346 ut
3368 5294 3633 5348 transeat
3691 5306 3770 5349 ex

2086 5375 2194 5432 hoc
2226 5378 2445 5433 mundo
2489 5377 2560 5432 ad
2610 5377 2859 5433 Patrem.
2896 5399 2923 5428 »
2948 5378 3055 5435 Ubi
3102 5380 3415 5437 manifeste
3468 5381 3768 5450 declarat,

2092 5465 2224 5521 ideo
2260 5466 2650 5523 solemnitatis
2696 5465 2875 5537 hujus
2925 5468 3080 5525 diem
3133 5485 3236 5541 per
3281 5469 3471 5543 legem
3503 5471 3769 5545 mystice

2092 5555 2409 5612 transitum
2441 5572 2569 5612 esse
2598 5560 2887 5629 vocatum,
2921 5560 3077 5631 quod
3112 5575 3304 5633 agnus
3326 5559 3447 5630 Dei,
3481 5560 3584 5635 qui
3614 5576 3769 5635 pee-

2092 5649 2220 5705 cata
2250 5645 2457 5705 mundi
2487 5643 2735 5718 tolleret,
2766 5646 2827 5705 in
2857 5663 2923 5708 eo
2954 5648 3025 5709 de
3053 5648 3165 5710 hoc
3184 5649 3446 5725 mundo,
3468 5649 3590 5713 sive
3618 5649 3769 5729 ipse
