4012 6174
411 327 588 412 395⁴

976 352 1382 415 HAYMONIS
1425 351 1963 413 IIALBEBSTAT.
2008 348 2253 411 EPISC.
2298 349 2470 431 OPP.
2516 351 2713 411 PARS
2758 352 2834 412 II.
2868 385 2946 396 —
2981 349 3250 413 HOMIL.

3693 344 3803 409 326

412 498 520 554 pro
551 480 834 556 singulari
862 492 1104 557 ponens.
1140 486 1285 542 Nam
1325 452 1581 542 Joannes
1611 483 1949 541 distinctius
1977 481 2059 538 lo-
2090 484 2145 550 Α
2174 486 2326 538 state
2358 482 2738 539 eminentium
2792 484 3006 557 posuit,
3056 487 3345 556 quantum
3391 481 3607 538 vellent
3653 481 3802 538 dare.

404 566 621 642 ’quens,
653 573 868 630 Judam
897 573 1019 630 haec
1074 574 1335 630 locutum
1392 591 1519 630 esse
1569 576 1835 639 testatur,
1866 576 1924 627 et
1950 570 2060 627 hoc

413 658 602 734 gratia
632 662 989 735 cupiditatis,
1022 680 1088 719 eo
1120 664 1274 736 quod
1313 663 1406 718 tur
1430 666 1604 728 esset,
1638 665 1695 717 et
1716 659 1937 716 loculos
1958 660 2061 715 ha-

406 749 579 818 bens,
611 765 680 806 ea
711 768 837 824 quae
888 752 1271 808 mittebantur
1314 754 1591 824 portaret.
1640 751 1833 807 Potest
1862 752 2057 805 autem

413 837 661 912 intelligi
695 841 848 912 quod
873 845 930 896 et
953 840 1050 896 alii
1073 841 1482 913 diseipuli,aut
1511 840 1804 896 senserint
1824 839 2062 905 hoc,aut

400 927 685 997 dixerint,
717 933 820 985 aut
845 929 931 987 eis
951 930 1105 987 Juda
1125 931 1350 986 dicente
1376 946 1724 1003 persuasum
1753 927 1849 995 sit,
1885 932 2059 999 atque

414 1017 679 1073 omnium
709 1017 1069 1075 voluntatem
1092 1019 1657 1086 Matthaens,Marcus
1679 1018 1852 1073 etiam
1869 1014 2061 1071 verbis

404 1104 826 1179 'expresserint,
851 1108 953 1163 sed
983 1108 1168 1164 Judas
1184 1113 1490 1181 propterea
1529 1106 1756 1174 dixerit,
1791 1104 1929 1178 quia
1970 1104 2063 1159 fur

414 1197 558 1265 erat,
591 1195 783 1251 ceteri
813 1213 945 1252 vero
976 1200 1213 1270 propter
1257 1212 1581 1270 pauperum
1629 1211 1852 1250 curam.
1885 1193 2061 1249 Joan-

406 1295 546 1339 ‘nem
581 1287 777 1339 autem
807 1285 879 1340 de
917 1284 1038 1341 solo
1074 1285 1201 1342 ideo
1252 1300 1743 1341 commemorasse
1785 1282 2059 1349 voluisse,

401 1373 587 1444 cujus
618 1372 684 1428 ex
716 1372 822 1429 hac
847 1374 1151 1430 occasione
1181 1374 1412 1430 furandi
1441 1373 1925 1430 consuetudinem
1945 1389 2063 1426 cre-

414 1461 565 1516 didit
595 1461 1003 1519 intimandum.
1051 1464 1209 1531 Quod
1263 1480 1395 1520 vero
1444 1463 1755 1517 subditur:
1790 1485 1816 1511 ‹‹
1852 1462 1920 1516 Et
1952 1462 2060 1515 fre-

410 1549 654 1606 mebant
682 1551 740 1606 in
766 1568 918 1619 eam,
957 1574 984 1601 ι)
1016 1567 1389 1624 nequaquam
1423 1553 1494 1607 de
1526 1551 1696 1607 bonis
1726 1567 1792 1606 ac
1823 1550 2064 1623 diligen-

418 1638 576 1695 tibus
606 1639 902 1697 Christum
935 1641 1219 1714 apostolis
1244 1642 1465 1697 dictum
1498 1639 1971 1709 crediderim,sed
1991 1640 2062 1694 de

416 1722 516 1784 illo
547 1729 742 1803 potius
772 1730 883 1786 sub
922 1747 1165 1786 numero
1196 1729 1430 1803 plurali,
1464 1730 1564 1803 qui
1598 1747 1701 1787 nec
1733 1729 1977 1785 Domino
2007 1732 2065 1784 et

416 1817 878 1926 discipulis‘ejus
905 1818 1150 1926 fideliter
1173 1820 1709 1893 adha'sissemeque
1737 1834 2060 1892 pauperum
2092 1860 2139 1926 Β

412 1922 621 1964 curam
650 1908 865 1966 habere
894 1909 1175 1982 probatus
1205 1914 1313 1966 est.

410 2032 413 2041 -
487 2019 516 2047 «
546 1998 715 2054 Jesus
744 2002 939 2055 autem
970 1998 1151 2054 dixit:
1176 1999 1360 2055 Sinite
1390 1999 1693 2064 eam.Quid
1717 1988 1803 2054 illi
1833 1997 2062 2054 molesti

410 2110 445 2137 «
481 2087 625 2142 estis
646 2087 674 2142 ?
705 2087 931 2143 Bonum
965 2105 1112 2161 opus
1159 2093 1398 2160 operata
1449 2093 1538 2145 est
1582 2088 1642 2143 in
1676 2106 1790 2145 me.
1823 2088 2066 2160 Semper

408 2195 449 2226 τι
477 2176 633 2231 enim
665 2192 951 2250 pauperes
970 2177 1262 2234 habebitis
1282 2178 1675 2249 vobiscum,et
1705 2194 1837 2233 cum
1868 2177 2062 2233 volue-

408 2285 449 2315 ·‹‹
479 2265 628 2334 ritis,
676 2266 919 2338 potestis
962 2265 1081 2323 illis
1139 2267 1513 2323 benefacere:
1564 2284 1657 2322 me
1701 2271 1894 2322 autem
1946 2284 2061 2322 non

414 2368 647 2427 semper
675 2354 986 2412 habebitis.
1024 2378 1052 2405 ››
1083 2356 1206 2411 Alia
1236 2354 1332 2410 hie
1364 2355 1549 2411 oritur
1587 2356 1851 2428 quazstio,
1884 2370 2063 2427 quare

413 2443 587 2500 Jesus
618 2449 750 2516 post
788 2445 1275 2501 resurrectionem
1327 2444 1536 2500 dixerit
1580 2445 1652 2499 ad
1703 2443 2059 2521 discipulos:

415 2553 444 2583 «
479 2533 622 2589 Ecce
645 2549 751 2607 ego
766 2533 1066 2590 vobiscum
1093 2551 1226 2589 sum
1249 2533 1525 2589 omnibus
1546 2532 1773 2602 diebus,
1793 2534 2061 2605 usquead

416 2623 982 2679 consummationem
1029 2622 1223 2680 szeculi
1275 2623 1482 2693 (Matth.
1514 2622 1732 2696 xxvm),
1770 2646 1798 2673 ››
1830 2627 1886 2678 et
1906 2639 2063 2677 nunc

413 2709 713 2784 loquitur:
749 2733 777 2763 ‹‹
811 2711 901 2768 Me
934 2716 1127 2769 autem
1155 2729 1267 2768 non
1304 2729 1535 2785 semper
1563 2712 1872 2768 habebitis.
1900 2735 1927 2761 ››
1950 2711 2061 2768 Sed

415 2799 562 2856 mihi
609 2801 837 2856 videtur
868 2802 939 2857 de
989 2801 1297 2873 praasentia
1345 2800 1628 2874 corporali
1677 2802 1737 2856 in
1781 2801 1888 2857 hoc
1937 2800 2062 2857 loco

415 2888 627 2959 dicere,
662 2889 803 2961 quia
839 2906 1215 2963 nequaquam
1263 2906 1398 2946 cum
1447 2890 1531 2946 eis
1593 2890 1673 2946 ita
1720 2890 1954 2946 futurus
1986 2888 2065 2945 sit

415 2981 546 3049 post
574 2978 1083 3050 resurrectionem,
1118 2979 1412 3051 quomodo
1443 2997 1601 3035 nunc
1643 2979 1702 3034 in
1734 2978 1893 3035 omni
1925 2996 2062 3035 con-

411 3065 569 3122 victu
601 3069 658 3122 et
684 3066 1099 3124 familiaritate.
1144 3068 1325 3140 Cujus
1360 3069 1440 3125 rei
1471 3067 1784 3143 Apostolus
1816 3086 2062 3138 memor,

412 3154 532 3212 ait:
566 3178 595 3206 «
627 3156 698 3211 Et
727 3154 777 3212 si
808 3156 1140 3214 noverimus
1168 3158 1370 3214 Jesum
1410 3157 1705 3215 Christum
1738 3158 2060 3215 secundum

2168 571 2329 639 Quod
2362 575 2556 628 autem
2580 573 2723 628 dixit
2748 590 2797 627 ;‹‹
2818 573 2972 629 Abiit
2991 574 3062 629 ad
3084 589 3350 629 summos
3368 572 3712 641 sacerdotes,
3748 576 3807 629 ut

2166 660 2438 732 proderet
2466 677 2602 717 eum
2634 660 2768 730 illis,
2804 684 2832 712 »
2865 662 3121 718 ostendit
3160 678 3295 717 eum
3328 678 3442 718 non
3474 677 3511 716 a
3535 660 3804 734 principi-

2167 750 2280 805 bus
2311 749 2638 819 invitatum,
2673 768 2787 807 non
2843 750 2961 806 ulla
3008 750 3355 807 necessitate
3404 750 3803 819 constrictum,

2168 844 2373 911 sponte
2402 839 2636 912 propria
2665 840 2956 896 sceleratae
3001 840 3217 897 mentis
3246 839 3448 896 iniisse
3477 838 3802 897 consilium.

2239 952 2266 977 «
2300 928 2404 992 Qui
2429 929 2752 995 audientes,
2784 928 2965 1002 gavisi
3015 932 3173 1000 sunt,
3223 933 3281 986 et
3336 929 3733 1002 promiserunt
3757 929 3805 985 ei

2167 1039 2197 1068 «
2228 1016 2537 1090 pecuniam
2571 1034 2633 1075 se
2662 1018 2998 1074 daturos.Et
3017 1019 3315 1090 quaerebat
3334 1017 3805 1091 quomodoillnm

2169 1127 2199 1155 «
2233 1109 2558 1177 opportune
2589 1106 2861 1162 traderet.
2899 1128 2927 1156 ››
2956 1106 3123 1161 Multi
3149 1107 3320 1163 hodie
3352 1108 3423 1163 de
3455 1106 3805 1179 scelere,quo

2168 1193 2482 1250 Dominum
2513 1211 2579 1251 ac
2611 1192 2959 1269 magistrum
3009 1196 3309 1268 Deumque
3360 1212 3535 1252 suum
3568 1196 3806 1268 pecunia

2168 1283 2516 1349 vendiderit,
2551 1283 2706 1340 velut
2755 1284 3013 1341 immane
3060 1288 3117 1340 et
3164 1285 3449 1341 nefarium
3496 1284 3687 1342 scelus
3719 1303 3804 1340 ex-

2169 1371 2427 1440 horrent,
2462 1388 2565 1428 nec
2596 1378 2792 1429 tamen
2825 1379 3046 1430 cavent.
3080 1374 3224 1428 Nam
3265 1390 3399 1430 cum
3429 1391 3533 1447 pro
3563 1374 3809 1430 muneri-

2171 1461 2281 1515 bus
2312 1459 2525 1516 falsum
2559 1467 2761 1517 contra
2799 1463 3119 1534 quemlibet
3159 1463 3559 1519 testiinonium
3586 1463 3804 1532 dicunt,

2170 1550 2423 1623 profecto
2455 1552 2592 1624 quia
2619 1551 2922 1607 veritatem
2956 1569 3060 1626 pro
3092 1552 3339 1625 pecunia
3364 1556 3597 1626 negant,
3630 1552 3808 1608 Deum

2170 1639 2417 1711 pecunia
2441 1639 2859 1713 vendunt.lpse
2880 1642 3036 1696 enim
3059 1641 3233 1697 dixit:
3260 1665 3285 1690 ‹‹
3313 1640 3428 1713 Ego
3453 1658 3582 1696 sum
3602 1641 3809 1696 veritas

2169 1729 2514 1799 (Joan.x1v).
2550 1752 2577 1779 ››
2609 1729 2752 1785 Cum
2807 1730 3139 1786 societatem
3192 1730 3572 1786 fraternitatis
3620 1730 3813 1804 aliqua

2169 1816 2473 1873 discordiae
2504 1822 2666 1891 peste
2695 1818 3147 1888 commaculant,
3176 1817 3489 1875 Dominum
3540 1820 3813 1892 produnt,

2172 1905 2311 1978 quia
2342 1911 2491 1963 Deus
2521 1907 2777 1964 charitas
2807 1912 2916 1963 est.
2949 1907 3057 1972 Qui
3086 1923 3223 1982 ergo
3252 1908 3513 1965 veritatis
3542 1913 3599 1965 et
3626 1908 3812 1965 chari-

2168 1995 2307 2052 tatis
2331 1997 2469 2068 jura
2498 2001 2800 2069 spernunt,
2833 1996 3019 2054 Deum
3052 1997 3272 2070 utique,
3307 1997 3406 2070 qui
3440 2001 3530 2053 est
3558 1997 3812 2055 charitas

2172 2089 2230 2139 et
2256 2085 2490 2152 veritas,
2524 2086 2797 2158 produnt,
2831 2086 3081 2144 maxime
3132 2104 3264 2143 cum
3312 2103 3426 2143 non
3477 2086 3813 2144 infirmitate

2170 2173 2257 2230 vel
2291 2174 2621 2248 ignorantia
2667 2179 2928 2248 peccant,
2964 2177 3064 2232 Sed
3114 2175 3173 2231 in
3232 2175 3615 2232 similitudine
3652 2177 3814 2232 Judae

2173 2268 2445 2335 quazrunt
2473 2265 2991 2337 opportunitatem,
3018 2264 3268 2339 qualiter
3297 2266 3531 2321 arbitris
3558 2266 3813 2322 absenti-

2172 2353 2284 2408 bus
2311 2352 2614 2409 mendacio
2641 2354 2965 2423 veritatem,
2999 2354 3273 2410 virtutem
3295 2354 3537 2411 crimine
3568 2358 3813 2412 mutent.

2245 2465 2273 2493 «
2306 2442 2373 2497 Et
2403 2440 2591 2515 primo
2623 2442 2716 2499 die
2736 2445 3086 2516 Azymorum
3120 2444 3353 2517 quando
3374 2444 3592 2517 pascha
3609 2444 3816 2501 immo-

2173 2554 2201 2581 «
2235 2530 2456 2600 labant,
2480 2531 2682 2587 dicunt
2712 2531 2764 2587 ei
2794 2531 3066 2606 discipuli
3092 2549 3106 2589 :
3135 2535 3257 2600 Quo
3287 2534 3374 2589 vis
3403 2550 3608 2589 eamus
3627 2539 3687 2589 et
3718 2550 3819 2607 pa-

2174 2643 2201 2671 «
2236 2637 2432 2676 remus
2464 2620 2568 2675 tibi
2595 2622 2897 2678 comedere
2925 2620 3480 2694 pascha?«Primum
3503 2622 3659 2678 diem
3682 2624 3817 2696 Αιγ-

2173 2726 2406 2765 morum
2437 2715 2712 2782 quartum
2746 2711 3039 2766 dechnum
3071 2711 3244 2784 primi
3292 2711 3512 2768 mensis
3541 2711 3816 2785 appellat,

2173 2799 2407 2871 quando
2437 2800 2722 2854 fermento
2755 2799 2980 2871 abjecto
3030 2799 3357 2867 immolare,
3391 2800 3448 2855 id
3480 2804 3568 2855 est
3598 2784 3817 2873 agnum

2172 2886 2725 2954 occidere,solebant
2746 2887 2817 2942 ad
2834 2903 3156 2960 vesperam.
3171 2888 3332 2954 Quod
3355 2904 3651 2961 exponens
3672 2892 3821 2962 Apo-

2173 2974 2471 3045 stolus,ait
2492 2993 2505 3031 :
2527 2999 2547 3025 α
2581 2975 2812 3031 Etenim
2838 2975 3056 3047 pascha
3083 2981 3347 3033 nostrum
3370 2975 3716 3033 immolatus
3736 2981 3820 3032 est

2172 3063 2441 3122 Christus
2470 3067 2520 3135 (I
2548 3066 2668 3121 Cor.
2713 3068 2789 3133 v).
2826 3086 2856 3115 »
2904 3065 3012 3130 Qui
3061 3065 3193 3121 licet
3244 3065 3337 3122 die
3386 3065 3680 3138 sequenti,
3717 3065 3818 3122 hoc

2172 3158 2282 3222 est,
2315 3154 2751 3226 quintadecima
2793 3153 2871 3209 sit
2914 3153 3057 3209 luna
3103 3155 3436 3220 cruciﬁxus,
3467 3154 3576 3210 hac
3618 3158 3819 3210 tamen

408 3256 667 3312 carnem,
721 3245 821 3301 sed
881 3262 1036 3301 nunc
1082 3246 1211 3317 jam
1271 3263 1384 3302 non
1460 3246 1732 3302 novimus
1790 3262 1925 3301 eum
1984 3246 2062 3316 (Il
2089 3232 2133 3300 C
2171 3248 2337 3300 nocte
2368 3261 2485 3316 qua
2513 3259 2702 3316 agnus
2731 3241 3232 3312 immolabatur,et
3260 3244 3451 3300 carnis
3480 3244 3820 3317 sanguinis-

409 3332 532 3391 θον.
557 3336 635 3405 v).
673 3356 695 3387 ι

410 3441 425 3449 ι
460 3430 516 3473 ’‹‹
574 3423 737 3489 Quod
803 3423 1011 3480 habuit
1074 3422 1217 3493 haec,
1285 3423 1456 3479 fecit:
1526 3424 1802 3496 praevenit
1841 3439 2059 3496 ungere

412 3532 441 3560 ‹‹
474 3525 686 3582 corpus
712 3526 910 3567 meum
943 3511 1002 3565 in
1055 3509 1439 3583 sepulturam.
1468 3533 1495 3561 »
1529 3511 1690 3576 Quod
1737 3528 1838 3567 vos
1888 3515 2056 3583 puta-

406 3597 483 3654 tis
513 3596 899 3670 perditionem
948 3598 1251 3672 unguenti,
1298 3598 1555 3654 officinm
1604 3598 1916 3672 sepulturae
1947 3603 2055 3656 est.

407 3686 523 3742 Nec
555 3687 791 3753 mirum,
826 3688 875 3742 si
907 3687 1050 3742 mihi
1102 3687 1322 3743 bonum
1371 3688 1608 3743 odorem
1640 3706 1757 3744 suae
1792 3687 1923 3744 fidei
1957 3689 2053 3744 de-

408 3775 579 3844 derit,
608 3791 743 3832 cum
802 3790 909 3848 ego
973 3793 1078 3849 pro
1109 3792 1177 3832 ea
1227 3776 1469 3833 fusurus
1526 3778 1639 3834 sim
1705 3779 2053 3851 sanguinem

408 3878 630 3920 meum.

480 3955 718 4035 «Amen
750 3953 878 4010 dico
906 3954 1090 4025 vobis,
1118 3954 1455 4029 ubicunque
1484 3956 1862 4030 praedicatum
1881 3957 2056 4013 fuerit

405 4065 435 4093 ‹‹
459 4042 615 4100 istud
648 4043 1023 4117 Evangelium
1046 4045 1103 4099 in
1127 4045 1395 4101 universo
1418 4047 1722 4115 mundo,et
1744 4046 1898 4118 quod
1923 4045 2056 4102 fecit

409 4151 438 4186 α
466 4131 610 4207 haec,
660 4133 997 4189 narrabitur
1044 4134 1103 4189 in
1152 4134 1496 4191 memoriam
1539 4135 1688 4207 ejus.
1723 4158 1750 4186 »
1806 4135 2052 4191 Attende

403 4221 671 4279 notitiam
697 4222 1211 4297 futurorum,quod
1227 4241 1510 4297 passurus
1523 4229 1655 4297 post
1668 4225 1793 4281 dies
1810 4240 2048 4297 paucos,

398 4311 548 4367 sciat
575 4311 954 4386 Evangelium
986 4330 1162 4370 suum
1190 4318 1311 4369 toto
1334 4314 1473 4370 orbe
1493 4314 2049 4370 celebrandum.No-

396 4401 644 4457 tandum
677 4404 894 4470 autem,
930 4401 1246 4475 quia,sicut
1267 4400 1449 4458 Maria
1463 4402 1711 4476 gloriam
1734 4403 1942 4475 adepta
1961 4406 2050 4458 est

402 4492 521 4546 toto
543 4489 700 4556 orbe,
733 4507 1086 4563 quocunque
1141 4480 1397 4547 Ecclesia
1444 4496 1650 4548 sancta
1702 4491 1914 4547 diffusa
1938 4495 2048 4559 est,

2169 3349 2281 3405 que
2312 3332 2433 3388 suis
2463 3330 2770 3404 discipulis
2799 3332 3044 3389 tradidit
3066 3332 3343 3406 mysteria
3370 3331 3745 3403 celebranda,
3767 3335 3821 3389 et

2168 3439 2201 3477 a
2231 3420 2445 3477 Iudaeis
2492 3424 2688 3478 teutns
2735 3437 2801 3478 ac
2854 3420 3092 3495 ligatus,
3125 3420 3313 3493 ipsius
3370 3419 3816 3492 immolationis,

2165 3510 2276 3566 hoc
2306 3514 2412 3578 est,
2447 3510 2738 3583 passionis
2768 3528 2887 3567 suae
2918 3510 3170 3566 sacravit
3200 3510 3524 3566 exordium.

2239 3623 2267 3649 ‹‹
2300 3600 2369 3655 Et
2399 3599 2581 3655 mittit
2611 3600 2759 3656 duos
2803 3616 2870 3655 ex
2918 3598 3225 3672 discipulis
3273 3599 3399 3656 suis
3426 3604 3485 3655 et
3513 3599 3659 3655 dicit
3687 3600 3814 3657 eis:

2166 3711 2193 3740 ‹‹
2229 3691 2310 3745 Ite
2343 3689 2401 3743 in
2431 3686 2743 3757 civitatem,
2776 3692 2834 3745 et
2863 3693 3127 3745 occurret
3156 3688 3320 3745 vobis
3348 3687 3523 3744 homo
3546 3688 3820 3762 lagenam

2167 3802 2196 3830 «
2229 3795 2392 3851 aquae
2424 3777 2715 3849 bajulans.
2751 3801 2778 3827 »
2808 3777 3099 3834 Indicium
3127 3777 3363 3850 quidem
3386 3778 3640 3850 praescia:
3665 3777 3816 3833 divi-

2165 3866 2368 3923 nitatis
2399 3870 2506 3935 est,
2542 3867 2695 3940 quod
2724 3883 2859 3922 cum
2890 3866 3195 3940 discipulis
3225 3866 3655 3939 loquens,quod
3680 3865 3822 3923 alibi

2163 3957 2428 4012 futurum
2463 3956 2561 4025 sit,
2582 3955 2759 4011 novit.
2784 3954 3028 4011 Pulchre
3058 3960 3253 4012 autem
3279 3955 3574 4029 paraturis
3595 3955 3823 4028 pascha

2163 4045 2491 4120 discipulis,
2524 4045 2793 4118 lagenam
2811 4043 3134 4113 homo,sive
3157 4045 3342 4117 (juxta
3361 4042 3543 4100 alium
3576 4059 3816 4117 evange-

2161 4134 2728 4206 listam)amphoram
2755 4151 2920 4206 aqua:
2954 4133 3227 4206 bajnlans
3258 4132 3609 4201 occurrit,ut
3629 4139 3819 4189 osten-

2162 4225 2336 4280 datur
2363 4223 2547 4296 hujus
2577 4222 2853 4295 paschale
2884 4222 3227 4296 mysterium
3243 4240 3345 4296 pro
3377 4221 3673 4278 oblatione
3695 4238 3816 4296 per-

2161 4314 2311 4369 fecta
2342 4311 2546 4367 mundi
2571 4310 2749 4367 totius
2779 4328 2907 4368 esse
2938 4312 3371 4368 celebrandum.
3396 4312 3565 4383 Aqua
3595 4311 3815 4385 quippe

2160 4402 2454 4457 lavacrum
2487 4400 2709 4474 gratiae,
2741 4399 2948 4475 lagena
2993 4400 3366 4474 fragilitatem
3409 4415 3617 4455 eorum
3655 4399 3813 4456 desi-

2159 4496 2430 4564 gnat,per
2440 4506 2588 4562 quos
2601 4490 2803 4545 eadem
2824 4494 2950 4546 erat
2960 4490 3151 4563 gratia
3163 4490 3385 4545 mundo
3399 4488 3812 4545 ministranda.

405 4577 476 4668 de
501 4577 782 4649 obsequio
813 4580 974 4668 quod,
994 4579 1242 4636 Domino
1271 4579 1378 4653 piae
1410 4580 1734 4636 devotionis
1764 4580 2046 4637 exhibuit:
2080 4602 2131 4668 Β
2162 4579 2324 4635 Unde
2355 4579 2521 4668 aiunt
2542 4595 2590 4634 :«
2627 4578 2924 4668 Habemus
2957 4583 3154 4634 autem
3172 4578 3519 4635 thesaurum
3543 4577 3812 4668 istum‘in

402 4666 503 4735 ita,
537 4682 569 4722 e
600 4667 1016 4736 contrario,ille
1047 4669 1147 4741 qui
1177 4668 1459 4741 obsequio
1482 4670 1610 4741 ejus
1640 4669 1943 4726 detrahere
1974 4673 2053 4725 te-
2081 4665 2118 4668 _
2159 4668 2317 4724 vasis
2346 4666 2627 4724 ﬁc:ilibus
2655 4667 2727 4736 (ll
2757 4669 2885 4724 Cor.
2929 4670 3028 4737 ιν).
3081 4690 3111 4717 ››
3160 4671 3375 4724 Parant
3421 4682 3560 4739 ergo
3590 4665 3816 4738 pascha

402 4755 650 4811 meraria
682 4755 881 4829 lingua
913 4774 1028 4812 non
1058 4757 1274 4825 timuit,
1306 4758 1561 4830 perfidia:
1593 4762 1729 4814 nota
1757 4758 1927 4832 longe
1958 4757 2045 4814 la-

402 4848 575 4917 teque
606 4845 947 4916 infamatus,
980 4850 1037 4901 et
1073 4846 1189 4902 Deo
1248 4846 1424 4902 simul
1475 4851 1650 4918 atque
1708 4846 2049 4904 hominibus

402 4935 610 4989 merito
659 4934 848 4991 factus
900 4938 990 4991 est
1037 4952 1266 4991 exosus.
1325 4935 1435 4991 Sed
1488 4935 1771 4991 Dominus
1825 4937 2045 4992 bonum

399 5017 573 5075 laude
602 5022 777 5093 digna
802 5022 1442 5089 remnnerans,futuras
1469 5022 1631 5095 impii
1659 5022 2046 5079 contumelias

400 5108 643 5163 tacendo
673 5111 968 5180 przeteriit.

475 5217 503 5247 ‹‹
534 5196 603 5251 Et
628 5197 812 5254 Judas
843 5199 1119 5256 Scariotis
1148 5219 1303 5257 unus
1333 5219 1401 5258 ex
1440 5201 1768 5269 duodecim,
1801 5202 1944 5258 abiit
1973 5202 2046 5258 ad

401 5307 429 5337 «
463 5301 729 5342 summos
759 5288 1104 5358 sacerdotes,
1131 5294 1195 5345 ut
1224 5292 1492 5361 proderet
1516 5309 1650 5348 eum
1684 5290 1818 5346 illis.
1853 5314 1882 5341 ››
1901 5291 2046 5346 Infe-

399 5372 479 5430 lix
507 5374 714 5443 Judas,
730 5376 886 5449 quod
917 5394 986 5432 ex
1007 5378 1292 5434 effusione
1315 5382 1596 5453 unguenti
1619 5398 1681 5437 se
1704 5381 1911 5436 fecisse
1933 5397 2048 5436 cre-

401 5462 596 5533 debat,
617 5463 741 5521 vult
772 5465 1038 5539 magistri
1077 5467 1264 5539 pretio
1317 5485 1717 5542 compensare.
1748 5470 1863 5526 Nec
1895 5475 2047 5526 certe

388 5554 518 5628 jam
550 5553 808 5627 postulat
835 5560 1235 5621 summam,ut
1266 5556 1474 5613 saltem
1501 5558 1732 5615 lucrosa
1754 5558 2048 5614 videretur

373 5643 780 5729 ‘proditio,sed
811 5643 981 5721 quasi
1010 5642 1121 5704 vile
1152 5646 1388 5704 tradens
1418 5647 1868 5724 mancipium,in
1891 5651 2047 5721 pote-

2158 4755 2558 4829 discipuli,ubi
2584 4773 2738 4829 aqua
2762 4755 3010 4812 infertur
3029 4756 3331 4829 lagena,ut
3349 4757 3556 4812 adesse
3574 4760 3813 4827 tempus

2158 4846 2481 4912 insinuent,
2513 4861 2629 4917 quo
2660 4843 2985 4900 cultoribus
3017 4845 3169 4901 veris
3218 4845 3447 4918 paschae
3476 4843 3711 4917 typicus
3741 4843 3813 4898 de

2155 4934 2359 4990 limine
2388 4951 2454 4990 ac
2486 4934 2750 5006 postibus
2802 4950 2975 4990 cruor
3016 4934 3312 5000 offeratur,
3344 4938 3402 4989 et
3429 4933 3503 4988 ad
3552 4931 3813 4989 tollenda

2158 5023 2363 5079 mundi
2382 5022 2631 5078 crimina
2651 5021 2862 5078 viviﬁci
2882 5023 3056 5079 fontis
3073 5022 3367 5096 baptisma
3393 5020 3808 5095 eompleretur.

2229 5136 2257 5164 «
2281 5111 2603 5184 Sequimini
2636 5128 2792 5180 eum,
2825 5116 2883 5168 et
2910 5128 3263 5185 quocunque
3291 5110 3597 5178 introierit,
3634 5110 3812 5166 dicite

2160 5222 2189 5252 «
2221 5201 2459 5257 domino
2491 5200 2869 5272 domus,quia
2890 5200 3173 5273 magister
3201 5200 3345 5257 dicit
3368 5198 3495 5256 :Ubi
3516 5204 3608 5255 est
3623 5197 3812 5255 diver-

2158 5314 2185 5342 ‹‹
2220 5290 2466 5362 sorium,
2498 5289 2600 5345 ubi
2645 5292 2735 5344 est
2783 5288 3019 5344 refectio
3067 5306 3215 5358 mea,
3250 5289 3350 5345 ubi
3398 5286 3619 5361 pascha
3668 5302 3809 5343 cum

2162 5402 2183 5429 ι
2220 5378 2528 5451 discipulis
2560 5377 2706 5433 meis
2736 5378 3087 5435 manducem
3107 5378 3136 5434 ‘P
3157 5376 3467 5434 »Consulte
3490 5375 3611 5433 sive
3639 5391 3808 5449 aqua:

2157 5468 2249 5540 baj
2260 5466 2337 5523 uli
2348 5485 2470 5535 ,seu
2486 5466 2707 5522 domini
2722 5466 2933 5522 domus
2946 5471 3085 5522 sunt
3096 5465 3486 5540 praetermissa
3499 5463 3806 5532 vocabula,

2158 5561 2221 5612 ut
2243 5555 2521 5613 omnibus
2540 5571 2741 5610 verum
2764 5555 2981 5628 pascha
3001 5554 3293 5612 celebrare
3314 5554 3663 5637 volentibus,
3694 5553 3807 5608 hoc

2160 5650 2269 5716 est,
2300 5644 2516 5705 Christi
2547 5643 2931 5703 sacramentis
2954 5643 3420 5723 imbui,eumque
3442 5659 3564 5702 suae
3587 5641 3815 5702 mentis
