4012 6174
241 326 339 384 397

1458 322 1808 383 HOMILI/E
1852 322 1953 382 DE
1997 321 2398 386 TEMPORE.

3510 333 3629 394 398

242 453 475 527 hospitio
500 452 797 526 suscipere
826 453 1225 524 qumrentibus
1274 452 1522 510 facultas
1568 454 1765 515 danda
1795 454 1866 509 si-
1893 456 1948 521 Α
1979 471 2081 526 pro
2107 455 2206 512 illo
2237 460 2295 512 et
2325 457 2563 523 caduca,
2595 456 2713 513 imo
2745 457 2919 514 etiam
2956 458 3275 515 criminosa
3302 461 3541 534 diligere
3571 468 3629 521 et

277 549 454 599 netur.

240 560 454 617 gnetur.

297 656 321 681 «
354 632 422 688 Et
446 633 573 705 ipse
588 631 750 688 vobis
767 632 1190 688 demonstrabit
1204 631 1567 687 cmnaculum
1588 633 1870 704 grandem

1981 560 2185 601 curare
2210 545 2592 601 convincitur.
2627 569 2654 597 ι(
2687 547 2912 602 Bonum
2958 551 3085 603 erat
3128 549 3202 611 ei,
3233 549 3283 607 si
3333 567 3443 603 non
3478 556 3632 606 esset

1980 656 2008 683 ‹‹
2043 639 2219 706 natus
2233 634 2408 689 homo
2436 634 2866 691 ille.»Nonideo
2892 637 3109 708 putand
3121 654 3189 694 us
3201 642 3290 692 est
3306 643 3439 695 ante
3452 637 3633 709 fuisse

240 742 262 771 ι(
287 725 555 792 stratum,
587 726 643 777 et
674 720 751 776 ibi
805 727 1007 793 parate
1049 719 1238 776 nobis.
1272 742 1301 771 »
1335 720 1706 776 Cmnaculum
1741 736 1872 775 ma-
1979 739 2158 794 quam
2190 727 2546 789 nasceretur,
2583 725 2722 796 quia
2753 724 2899 779 nulli
2930 725 3119 797 possit
3159 741 3287 781 esse
3316 726 3483 794 bene,
3517 724 3629 781 nisi

230 826 398 882 gnum
426 809 519 865 lex
550 808 874 881 spiritualis
904 813 1013 877 est,
1048 825 1175 881 quae
1218 809 1290 865 de
1343 809 1636 881 angustiis
1666 808 1869 864 litterae

228 898 542 970 egrediens,
575 898 637 953 in
668 895 913 954 sublimi
945 896 1070 953 loco
1103 897 1309 971 recipit
1336 898 1869 954 Salvatorem.Nam

229 987 315 1059 qui
337 986 527 1042 adhuc
548 985 907 1043 occidentem
932 984 1186 1041 litteram
1201 985 1577 1058 servaverit,q
1588 986 1684 1040 uid
1709 984 1867 1040 aliud

226 1092 498 1149 magnum
548 1091 725 1147 quam
781 1091 960 1146 pecus
1007 1074 1403 1131 intellexerit?
1435 1075 1549 1130 Iste
1585 1074 1867 1129 nimirum

229 1163 413 1219 minus
464 1162 682 1236 pascha
727 1163 885 1229 facit,
930 1164 1069 1236 quia
1115 1166 1479 1236 majestatem
1530 1163 1775 1235 spiritus
1808 1164 1865 1218 in

226 1254 404 1308 verbis
441 1253 535 1307 Dei
569 1252 1063 1323 comprehendere
1104 1253 1353 1308 necdum
1415 1252 1637 1308 didicit.
1668 1253 1741 1306 At
1765 1251 1867 1323 qui

224 1358 378 1412 aqua:
411 1340 818 1411 bajulum,hoc
846 1342 1162 1413 est,gratia:
1195 1356 1517 1411 praeconem
1544 1340 1599 1395 in
1621 1341 1865 1397 domum

224 1430 390 1485 fuerit
414 1428 678 1485 Ecclesia;
713 1435 1086 1496 consecutus,
1118 1429 1213 1484 hic
1251 1446 1353 1500 per
1399 1429 1699 1485 Christum
1731 1428 1865 1484 illu-

222 1521 490 1573 strantem
523 1534 700 1590 super
728 1516 934 1573 faciem
959 1516 1162 1572 litterae
1188 1518 1724 1573 transcendendoin
1748 1518 1865 1573 alto

220 1607 424 1663 mentis
480 1605 696 1661 solario
749 1605 980 1661 Christo
1038 1605 1410 1661 refectionem
1470 1611 1672 1678 parat:
1725 1606 1866 1679 quia

219 1700 422 1751 cuncta
451 1694 537 1750 vel
574 1694 800 1767 paschae
829 1700 1223 1762 sacramenta,
1247 1694 1333 1750 vel
1361 1701 1567 1751 caetera
1595 1694 1741 1767 legis
1773 1694 1867 1749 de-

216 1789 387 1847 creta,
419 1786 547 1856 ejus
577 1800 705 1840 esse
737 1788 1107 1839 sacramenta
1137 1783 1458 1856 cognoscit.

284 1898 308 1921 ιι
338 1873 587 1945 Vespere
617 1876 813 1927 autem
850 1874 1021 1937 facto,
1052 1871 1211 1926 venit
1242 1889 1372 1927 cum
1425 1871 1757 1927 duodecim.
1791 1873 1860 1928 Et

212 1986 239 2012 α
268 1961 771 2018 discumbentibus
801 1961 886 2017 eis
916 1964 974 2016 et
1004 1960 1521 2027 manducantibus,
1553 1961 1636 2016 ait
1663 1961 1856 2016 Jesus:

215 2073 241 2101 α
272 2054 451 2106 Amen
485 2049 614 2105 dico
642 2049 827 2116 vobis,
860 2048 999 2121 quia
1030 2065 1184 2104 unus
1215 2065 1282 2103 ex
1329 2049 1494 2105 vobis
1525 2066 1617 2104 me
1646 2049 1856 2117 tradet,

213 2166 240 2189 (ι
270 2140 369 2212 qui
419 2138 737 2194 manducat
786 2154 1092 2194 mecum.»
1148 2137 1256 2204 Qui
1315 2137 1387 2192 de
1437 2138 1709 2209 passione
1752 2153 1860 2191 sua

212 2227 568 2299 praedixerat,
600 2232 658 2282 et
700 2227 771 2281 de
819 2226 1113 2300 proditore
1159 2225 1440 2298 prazdicit,
1474 2226 1621 2281 dans
1668 2224 1858 2280 locum

216 2315 581 2389 pcenitentiaz,
605 2319 671 2370 ut
701 2331 836 2371 cum
887 2314 1270 2370 intellexisset
1314 2314 1448 2369 sciri
1480 2314 1860 2385 cogitationes

225 2422 373 2474 suas,
405 2411 459 2461 et
485 2404 716 2460 occulta
743 2402 1005 2471 consilia,
1040 2402 1348 2476 pmniteret
1391 2418 1524 2457 eum
1559 2399 1691 2456 facti
1726 2400 1856 2455 sui:

224 2496 275 2547 et
299 2498 490 2548 tamen
522 2510 637 2548 non
665 2491 933 2564 designat
960 2491 1309 2565 specialiter,
1338 2507 1409 2546 ne
1435 2489 1742 2546 manifeste
1764 2506 1857 2543 ρο·-

232 2587 474 2654 argutus,
507 2581 905 2652 impudentior
944 2580 1126 2636 ﬁeret.
1163 2580 1340 2635 Mittit
1386 2580 1608 2635 crimen
1658 2580 1717 2633 in
1750 2594 1857 2632 nu-

236 2686 462 2735 merum,
495 2673 559 2723 ut
589 2674 725 2741 agat
754 2667 1025 2723 conscius
1051 2668 1475 2739 pmnitentiam.

295 2784 317 2807 α
342 2760 409 2813 At
439 2757 521 2813 illi
552 2762 855 2829 cmperunt
885 2756 1237 2823 contristari,
1272 2760 1328 2811 et
1358 2756 1548 2812 dicere
1577 2755 1627 2811 ei
1655 2755 1859 2825 singu-

243 2869 266 2896 ιι
295 2846 443 2902 latim
470 2864 483 2901 :
517 2845 795 2917 Nunquid
828 2861 934 2917 ego
951 2844 1083 2899 ‘?»Et
1103 2848 1257 2899 certe
1288 2849 1567 2900 noverant
1586 2843 1857 2898 undecim

241 2934 483 3007 discipuli
513 2935 656 3009 quia
686 2933 769 2989 nil
795 2932 908 2988 tale
939 2937 1141 2988 contra
1172 2932 1484 2988 Dominum
1517 2932 1856 3005 cogitarent,

238 3024 321 3077 sed
352 3023 476 3096 plus
506 3023 757 3079 credunt
797 3020 1077 3093 magistro
1130 3038 1306 3094 quam
1335 3021 1447 3078 sibi
1472 3038 1486 3077 :
1510 3026 1567 3077 et
1584 3022 1859 3077 timentes

239 3111 585 3185 fragilitatem
617 3128 809 3179 suam,
844 3110 1043 3166 tristes
1072 3110 1434 3184 interrogant
1479 3111 1549 3165 de
1599 3112 1857 3182 peccato,

232 3201 387 3272 .cujus
413 3199 832 3257 conscientiam
863 3216 978 3255 non
1010 3198 1321 3255 habebant.

297 3313 323 3338 α
354 3290 453 3357 Qui
482 3290 562 3347 ait
589 3288 742 3346 illis:
781 3288 940 3346 Unus
987 3305 1056 3344 ex
1103 3287 1430 3353 duodecim,
1482 3287 1581 3359 qni
1622 3286 1860 3358 intingit

234 3400 259 3426 ι(
291 3394 507 3434 mecum
538 3394 782 3434 manum
817 3377 876 3433 in
907 3377 1119 3433 catino.
1155 3399 1183 3427 ››
1214 3376 1257 3433 Ο
1306 3378 1457 3432 mira
1497 3375 1726 3432 Domini
1757 3392 1857 3448 pa-

234 3466 421 3522 tientia
442 3467 454 3522 l
483 3467 647 3541 prius
672 3466 900 3523 dixerat
925 3466 1108 3523 :Unus
1130 3484 1197 3521 ex
1214 3466 1379 3522 vobis
1403 3482 1495 3521 me
1515 3466 1858 3538 tradet,per-

230 3560 440 3617 severat
495 3556 741 3613 traditor
784 3555 843 3611 in
895 3554 1072 3625 malo,
1135 3554 1507 3612 manifestius
1551 3553 1762 3626 arguit,
1805 3556 1862 3609 et

230 3647 412 3700 tamen
444 3663 654 3701 nomen
688 3637 918 3718 proprie
959 3662 1074 3700 non
1105 3645 1376 3716 designat
1403 3644 1606 3708 Judas,
1640 3641 1860 3699 caeteris

230 3734 655 3802 contristatis,et
684 3734 1120 3790 retrahentibus
1146 3750 1409 3801 manum,
1433 3738 1489 3787 et
1517 3731 1863 3789 interdicen-

229 3819 382 3877 tibus
408 3822 563 3878 cibos
594 3823 682 3878 ori
712 3839 839 3891 suo,
874 3821 1199 3878 temeritate
1229 3825 1285 3878 et
1330 3821 1716 3894 impudentia,
1749 3837 1864 3893 qua

228 3911 552 3980 proditurus
581 3915 728 3979 erat,
760 3910 935 3967 etiam
968 3929 1209 3966 manum
1252 3927 1385 3966 cum
1418 3911 1696 3983 magistro
1728 3910 1864 3965 mit-

228 3996 296 4052 tit
355 4001 406 4056 in
452 4000 730 4069 catinum,
779 4004 845 4056 ut
893 3999 1137 4056 audacia
1184 4001 1397 4055 bonam
1449 3998 1863 4056 conscientiam

227 4087 585 4145 mentiretur.

300 4199 325 4226 α
360 4178 423 4232 Et
451 4177 605 4234 filius
638 4177 876 4252 quidem
907 4177 1165 4233 hominis
1182 4178 1362 4244 vadit,
1397 4176 1550 4234 sicut
1580 4177 1865 4250 scriptum

217 4287 243 4312 α
279 4270 373 4321 est
399 4266 466 4322 de
496 4266 616 4323 illo.
654 4267 747 4321 Vae
780 4271 974 4323 autem
1008 4266 1233 4322 homini
1267 4266 1349 4321 illi
1383 4284 1485 4339 per
1515 4283 1689 4338 quem
1712 4265 1869 4321 illius

208 4376 236 4402 α
276 4353 537 4412 hominis
567 4356 852 4412 tradetur.
892 4360 1037 4412 »Nec
1057 4355 1245 4428 primo
1276 4372 1383 4425 nec
1411 4355 1666 4411 secundo
1688 4371 1872 4411 corre-

202 4446 436 4513 ptus,a
467 4445 798 4519 proditione
849 4444 1093 4501 retrahit
1150 4445 1382 4517 pedem,
1431 4444 1533 4499 sed
1591 4443 1871 4515 patientia

1893 1823 1940 1888 Β

1979 810 2029 866 ei
2062 812 2158 883 qui
2198 811 2510 868 fuerit.Sed
2533 812 2880 885 simpliciter
2908 813 3129 869 dictum
3160 818 3270 881 est,
3303 813 3489 871 multo
3520 831 3633 870 meo

1976 899 2092 956 lius
2123 916 2250 956 esse
2283 918 2400 956 non
2432 900 2775 969 subsistere,
2811 918 2988 974 quam
3042 902 3195 958 male
3223 902 3631 961 subsistere.m

2054 1012 2075 1037 α
2111 989 2177 1044 Et
2210 990 2707 1045 manducantibus
2728 989 2866 1057 illis,
2890 990 3112 1063 accepit
3130 991 3305 1046 Jesus
3337 997 3633 1063 panem,et

1978 1100 2005 1126 ‹‹
2036 1076 2348 1142 benedixit,
2380 1094 2446 1133 ac
2478 1078 2670 1151 fregit,
2704 1083 2761 1134 et
2799 1078 2959 1133 dedit
2989 1079 3111 1156 eis,
3143 1084 3201 1135 et
3230 1079 3351 1137 ait:
3381 1079 3626 1150 Sumite,

1979 1186 2006 1215 «
2038 1164 2147 1219 hoc
2176 1168 2264 1219 est
2290 1181 2501 1237 corpus
2552 1182 2772 1235 meum.
2806 1186 2832 1216 ι»
2874 1166 3084 1224 Finitis
3134 1166 3367 1223 Paschaa
3418 1168 3629 1225 veteris

1976 1251 2301 1316 solemniis,
2363 1270 2489 1325 quae
2539 1253 2598 1309 in
2647 1255 3203 1312 commemoratione
3259 1256 3514 1329 antiquae
3556 1258 3629 1314 de

1973 1344 2212 1413 Egypto
2242 1340 2606 1397 liberationis
2640 1342 2837 1415 populi
2872 1344 2970 1399 Dei
2997 1344 3266 1418 agebant,
3288 1344 3524 1400 transiit
3553 1346 3625 1401 ad

1975 1431 2373 1502 novum,quod
2409 1431 2468 1485 in
2499 1449 2617 1486 suae
2642 1432 3064 1504 redemptionis
3096 1433 3629 1490 memoriameccle—

1974 1517 2124 1573 siam
2142 1519 2443 1591 frequenta
2452 1536 2512 1575 re
2524 1519 2844 1586 volebat,ut
2861 1520 3129 1576 videlicet
3150 1539 3251 1595 pro
3273 1539 3449 1579 carne
3466 1522 3625 1595 agni,

1975 1607 2066 1662 sui
2100 1607 2359 1679 corporis
2397 1608 2821 1680 sanguinisque
2835 1616 3267 1666 sacramentum
3300 1610 3627 1667 substitue-

1976 1701 2081 1762 ret,
2115 1696 2429 1768 ipsumque
2452 1713 2581 1753 sese
2602 1714 2730 1753 esse
2752 1699 3227 1767 monstraret,cui
3255 1700 3501 1771 «juravit
3521 1701 3628 1758 Do-

1975 1784 2171 1840 minus
2220 1790 2279 1840 et
2311 1802 2427 1841 non
2477 1786 2783 1858 paenitebit
2832 1803 3005 1843 cum:
3038 1788 3120 1844 'l‘u
3154 1804 3215 1844 es
3264 1789 3536 1846 sacerdos
3565 1790 3625 1846 in

1969 1877 2251 1929 aeternum
2267 1890 2399 1930 seeu
2411 1875 2593 1930 ndum
2609 1876 2874 1931 ordinem
2890 1875 3626 1949 Melchisedec(Psal.c1x.)»

1968 1962 2207 2035 Frangit
2235 1966 2430 2018 autem
2449 1963 2575 2035 ipse
2600 1981 2809 2036 panem
2832 1982 3007 2036 quem
3029 1964 3336 2036 discipulis
3358 1966 3623 2040 porrigit,

1969 2053 2035 2105 ut
2064 2050 2641 2121 ostendat‘corporis
2689 2052 2780 2107 sui
2830 2053 3196 2118 fractionem,
3230 2069 3344 2109 non
3405 2046 3626 2127 absque

1969 2155 2077 2194 sua
2097 2143 2305 2210 sponte
2329 2155 2395 2194 ac
2418 2138 2828 2211 procuratione
2849 2142 3286 2207 venturam,sed
3308 2141 3463 2197 sicut
3481 2142 3622 2197 alibi

1968 2227 2111 2281 dicit
2140 2230 2487 2298 potestatem
2511 2244 2572 2283 se
2611 2227 2825 2283 habere
2855 2228 3106 2300 ponendi
3136 2229 3395 2285 animam
3427 2247 3620 2299 suam,

1967 2320 2025 2370 et
2059 2320 2404 2387 potestatem
2429 2333 2490 2371 se
2512 2315 2725 2372 habere
2747 2316 2958 2371 iterum
2984 2317 3254 2373 sumendi
3278 2333 3405 2373 eam
3431 2321 3616 2389 (Joan.

1966 2402 2043 2475 x).
2071 2403 2253 2467 Quem
2284 2404 2552 2459 videlicet
2574 2420 2781 2476 panem
2808 2405 2944 2459 certi
2971 2422 3204 2477 quoque
3226 2406 3413 2479 gratia
3426 2424 3618 2464 sacra-

1969 2492 2171 2560 menti,
2200 2490 2544 2564 priusquam
2578 2492 2890 2565 frangeret,
2924 2494 3254 2550 benedixit:
3289 2495 3429 2566 quia
3450 2500 3619 2552 natu-

1969 2596 2093 2635 ram
2124 2579 2467 2645 humanam,
2488 2596 2667 2651 quam
2700 2597 2983 2652 passurus
3014 2582 3486 2656 assumpsit,ipse
3504 2602 3622 2641 una

1969 2683 2102 2722 cum
2136 2668 2302 2722 Patre
2333 2673 2389 2722 et
2419 2667 2641 2738 Spiritu
2674 2672 2874 2723 sancto
2914 2668 3103 2742 gratia
3150 2670 3356 2725 divinae
3388 2671 3620 2727 virtutis

1967 2755 2557 2827 implevit.Benedixit
2590 2771 2797 2827 panem
2831 2772 2896 2809 ac
2930 2755 3122 2829 fregit,
3155 2756 3296 2829 quia
3317 2757 3617 2815 hominem

1968 2848 2339 2915 assumptum
2370 2843 2454 2898 ita
2483 2843 2655 2897 morti
2707 2843 2957 2899 subdere
3005 2844 3284 2916 dignatus
3321 2850 3431 2913 est,
3471 2851 3537 2901 ut
3564 2845 3617 2903 ei

1968 2932 2178 2989 divinae
2228 2930 2688 2987 immortalitatis
2726 2931 3007 2988 veraciter
3061 2931 3253 2989 inesse
3295 2933 3618 3005 potentiam

1968 3023 2419 3088 demonstraret,
2444 3020 2692 3092 ideoque
2744 3019 3000 3078 velocius
3054 3038 3190 3077 eum
3239 3039 3273 3078 a
3311 3026 3497 3079 morte
3528 3038 3616 3079 re-

1967 3109 2373 3166 suscitandum
2404 3124 2532 3165 esse
2564 3109 2815 3164 doceret.

2041 3222 2068 3249 ‹‹
2102 3198 2171 3253 Et
2201 3200 2433 3269 accepto
2463 3196 2657 3265 calice,
2709 3196 2929 3270 gratias
2975 3213 3174 3270 agens,
3208 3198 3371 3256 dedit
3410 3201 3515 3256 eis.
3546 3201 3619 3259 Et

1970 3310 1997 3339 «
2029 3287 2305 3343 biberunt
2336 3302 2403 3341 ex
2424 3285 2522 3340 illo
2546 3285 2957 3342 omnes-Cum
2982 3286 3477 3361 appropinquaret
3487 3306 3618 3362 [ns-

1967 3375 2317 3446 sioni,etiam
2351 3380 2583 3447 accepto
2613 3392 2762 3448 pane
2793 3377 3014 3448 gratias
3042 3377 3234 3448 egisse
3255 3377 3613 3449 perhibetur.

1967 3467 2197 3524 Gratias
2230 3466 2428 3538 itaque
2458 3465 2599 3538 agit,
2631 3465 2732 3538 qui
2784 3464 3014 3539 ﬂagella
3056 3465 3257 3522 alienae
3288 3466 3618 3539 iniquitatis

1968 3554 2234 3629 suscipit.
2268 3556 2338 3611 Et
2367 3554 2465 3627 qui
2493 3553 2641 3610 nihil
2670 3554 2913 3628 dignum
2938 3554 3311 3627 percussione
3334 3555 3618 3623 exhibuit,

1967 3644 2272 3701 humiliter
2302 3644 2359 3699 in
2391 3643 2663 3716 passione
2708 3643 3041 3717 benedicit:
3077 3648 3143 3699 ut
3170 3643 3309 3700 hinc
3352 3644 3623 3711 videlicet

1969 3734 2240 3790 ostendat
2270 3732 2410 3805 quid
2443 3733 2852 3805 unusquisque
2880 3731 2940 3787 in
2972 3732 3201 3806 flagello
3230 3733 3413 3807 culpae
3439 3733 3625 3791 facere

1970 3823 2197 3889 debeat,
2231 3820 2281 3877 si
2312 3821 2435 3893 ipse
2477 3819 2883 3893 aequanimiter
2937 3820 3168 3894 ﬂagella
3215 3821 3396 3896 culpae
3429 3826 3626 3896 portat

1972 3911 2193 3968 alienae.
2226 3910 2298 3964 Ut
2320 3909 2454 3965 hinc
2487 3909 2667 3966 etiam
2698 3908 3139 3982 ostendat,quid
3174 3910 3232 3965 in
3264 3912 3626 3985 correptione

1972 4001 2147 4056 faciat
2176 3996 2471 4065 subditus,
2507 3997 2556 4053 si
2590 3996 2649 4053 in
2684 3997 2913 4070 flagello
2943 3997 3190 4070 positus,
3220 3999 3374 4056 Patri
3407 4000 3628 4073 gratias

1974 4088 2093 4162 agit
2121 4085 2385 4159 aequalis.

2046 4199 2073 4227 ‹‹
2107 4177 2177 4231 Et
2206 4175 2288 4231 ait
2318 4174 2435 4229 illis
2461 4190 2473 4230 :
2507 4172 2609 4229 Hic
2640 4178 2731 4230 est
2784 4173 3027 4246 sanguis
3059 4191 3227 4231 meus
3257 4175 3395 4231 Novi
3422 4177 3627 4232 Testa-

1980 4285 2007 4319 α
2038 4262 2240 4331 menti,
2273 4262 2373 4335 qui
2423 4279 2527 4335 pro
2578 4260 2782 4317 multis
2834 4261 3186 4318 effundatur.
3221 4285 3250 4312 »
3282 4262 3428 4329 Quia
3458 4264 3627 4336 panis

1976 4371 2188 4426 corpus
2217 4353 2546 4419 confirmat,
2578 4350 2781 4408 vinum
2811 4367 2944 4406 vero
2977 4349 3325 4423 sanguinem
3356 4356 3630 4423 operatur

1977 4443 2034 4498 in
2062 4436 2361 4508 'carne,hic
2385 4441 2456 4496 ad
2480 4457 2691 4512 corpus
2705 4439 2919 4495 Christi
2944 4438 3633 4524 mystice,illud.refertur

199 4530 649 4589 Domininutrit
670 4533 1099 4606 impudentiam
1114 4537 1368 4603 snam,et
1384 4533 1739 4589 thesaurizat
1759 4532 1866 4587 sibi
1902 4553 1949 4617 Β
1980 4533 2051 4588 ad
2084 4529 2678 4604 sanguinem.Verum
2716 4528 2856 4601 quia
2884 4532 2943 4584 ct
2972 4545 3081 4584 nos
3111 4527 3168 4583 in
3200 4527 3453 4598 Christo,
3486 4532 3543 4584 et
3564 4528 3631 4617 in

194 4619 366 4678 iram
398 4622 455 4678 in
488 4618 583 4679 die
612 4622 729 4679 iraa.
765 4623 998 4679 Poenam
1034 4622 1314 4697 praedicit,
1367 4626 1431 4677 ut
1479 4639 1652 4694 quem
1685 4621 1873 4694 pudor

196 4726 337 4767 non
356 4711 591 4778 vicerat,
626 4711 922 4785 corrigant
950 4711 1295 4767 denuntiata
1332 4709 1639 4783 supplicia.
1674 4710 1784 4766 Sed
1817 4714 1874 4765 et

197 4795 390 4855 hodie
419 4806 475 4856 et
507 4817 742 4873 quoque
769 4800 827 4855 in
852 4798 1385 4872 sempiternum,vae
1412 4798 1494 4853 illi
1527 4798 1747 4853 homini
1773 4797 1874 4869 qui

207 4885 287 4938 ad
316 4903 579 4942 mensam
599 4886 833 4942 Domini
856 4886 1151 4959 malignus
1173 4886 1519 4957 acccdit,qui
1546 4886 1876 4958 praecordiis

202 4966 417 5047 aliquo
440 4976 660 5033 scelere
679 4974 944 5048 pollutis,
969 4975 1378 5049 mysteriorum
1406 4975 1618 5031 Christi
1640 4974 1878 5031 oblatio-

218 5125 223 5128 ,
256 5062 397 5120 ibus
447 5065 842 5121 sacrosanctis
879 5064 1229 5138 participare
1260 5081 1374 5119 non
1417 5064 1646 5119 metuit.
1682 5064 1751 5119 Et
1781 5063 1877 5118 ille

211 5151 380 5207 enim
412 5152 466 5208 in
500 5153 837 5227 exemplum
857 5154 1016 5210 Iudae
1038 5153 1249 5209 Filium
1281 5152 1871 5220 hoministradit,non

219 5239 458 5309 quidem
486 5242 707 5299 Judmis
738 5243 1162 5316 peccatoribus,
1199 5244 1296 5297 sed
1331 5246 1526 5297 tamen
1560 5240 1871 5314 peccatori-

222 5324 347 5385 bus
375 5328 950 5399 membris,videlicet
980 5330 1350 5403 suis,quibus
1380 5330 1523 5386 illud
1557 5331 1874 5386 inazstima-

224 5404 349 5471 bile
374 5423 428 5475 et
450 5418 785 5477 inviolabile
814 5420 1042 5476 Domini
1067 5418 1327 5490 corporis
1358 5436 1425 5474 ac
1456 5418 1763 5491 sanguinis
1788 5436 1874 5474 sa-

229 5514 588 5587 cramentum
622 5514 907 5564 temerare
938 5506 1371 5582 prwsumitJlle
1404 5508 1715 5563 Dominum
1746 5524 1876 5563 ven-

232 5591 340 5669 dit,
364 5598 480 5673 qui,
513 5598 644 5675 ejus
675 5598 885 5657 timore
916 5601 1091 5675 atque
1123 5611 1321 5655 amore
1353 5595 1875 5675 neglecto,terrena

1981 4621 2152 4677 nobis
2182 4618 2476 4675 Christum
2526 4633 2762 4673 manere
2810 4620 3057 4690 oportet,
3102 4617 3305 4673 vinum
3346 4616 3632 4674 Dominici

1981 4708 2287 4783 sanguinis
2318 4723 2471 4780 aqua
2501 4705 2814 4775 miscetur;
2848 4708 3157 4762 attestante
3198 4706 3357 4762 enim
3386 4706 3631 4774 Joanne,

1983 4816 2146 4870 aqua:
2178 4795 2379 4870 populi
2412 4799 2570 4851 sunt.
2601 4794 2672 4849 Et
2720 4811 2906 4867 neque
2954 4810 3169 4866 aquam
3203 4793 3410 4861 solam,
3445 4809 3635 4866 neque

1985 4886 2178 4942 solum
2209 4884 2431 4953 vinum,
2457 4884 2608 4939 sicut
2654 4900 2902 4957 granum
2955 4882 3231 4939 frumenti
3280 4881 3472 4939 solum
3510 4881 3637 4938 sine

1987 4992 2150 5047 aqua:
2180 4972 2532 5030 admistione
2555 4978 2612 5029 et
2640 4970 2996 5027 confectione
3039 4971 3098 5026 in
3119 4988 3332 5044 panem
3358 4971 3635 5044 cuiquam

1988 5063 2122 5120 licet
2141 5064 2347 5119 offerre
2373 5081 2385 5118 :
2423 5079 2494 5118 ne
2520 5061 2654 5117 talis
2678 5060 2942 5116 videlicet
2974 5059 3384 5133 oblatio,quasi
3403 5064 3581 5134 caput
3602 5077 3639 5117 a

1982 5153 2266 5209 membris
2289 5151 2708 5209 secernendum
2740 5165 2869 5204 esse
2918 5146 3227 5220 significet,
3262 5152 3319 5204 et
3350 5147 3437 5204 vel
3468 5148 3638 5204 Chri-

1983 5246 2143 5298 stum
2168 5242 2293 5297 sine
2315 5244 2524 5296 nostra:
2549 5236 2966 5310 redemptionis
2987 5253 3183 5294 amore
3205 5236 3326 5310 pati
3354 5237 3635 5310 potuisse,

1981 5329 2069 5385 vel
2085 5348 2190 5386 nos
2203 5331 2329 5386 sine
2345 5328 2500 5383 illius
2515 5326 2784 5401 passione
2798 5324 3009 5381 salvari
3025 5325 3250 5382 acPatri
3262 5325 3453 5402 oﬂ‘erri
3466 5342 3639 5399 posse

1984 5422 2303 5492 contingat.
2356 5417 2518 5484 Quod
2562 5419 2758 5472 autem
2809 5414 2992 5470 dicit:
3027 5438 3057 5465 «
3091 5415 3194 5472 Hic
3251 5418 3341 5471 est
3397 5412 3640 5487 sanguis

1984 5524 2152 5564 meus
2184 5507 2325 5563 Novi
2355 5504 2734 5572 Testamenti,
2767 5526 2796 5554 »
2831 5504 2903 5559 ad
2936 5503 3374 5560 distinctionem
3405 5501 3644 5574 respicit

1982 5596 2213 5655 Veteris
2243 5593 2793 5673 Testamenti,quod
2813 5592 3112 5652 hircorum
3140 5596 3197 5653 et
3215 5590 3532 5652 vitulorum
3553 5592 3643 5651 est
