  <div class='ocr_page' id='page_1' title='image "/cluster/home/n/w/nwhite01/storage/ocr_20150623/118/hvd.32044073505158/206.png"; bbox 0 0 4012 6174; ppageno 0'>
   <div class='ocr_carea' id='block_1_1' title="bbox 231 334 324 395">
    <p class='ocr_par' dir='ltr' id='par_1_1' title="bbox 231 334 324 395">
     <span class='ocr_line' id='line_1_1' title="bbox 231 334 324 395; baseline 0.011 -1"><span class='ocrx_word' id='word_1_1' title='bbox 231 334 324 395; x_wconf 72' lang='grc'>401</span> 
     </span>
    </p>
   </div>
   <div class='ocr_carea' id='block_1_2' title="bbox 1445 331 2388 398">
    <p class='ocr_par' dir='ltr' id='par_1_2' title="bbox 1445 331 2388 398">
     <span class='ocr_line' id='line_1_2' title="bbox 1445 331 2388 398; baseline -0.002 -1"><span class='ocrx_word' id='word_1_2' title='bbox 1445 334 1798 398; x_wconf 74' lang='lat' dir='ltr'>HOMlLl/E</span> <span class='ocrx_word' id='word_1_3' title='bbox 1841 334 1944 396; x_wconf 90' lang='lat' dir='ltr'>DE</span> <span class='ocrx_word' id='word_1_4' title='bbox 1988 331 2388 397; x_wconf 79' lang='lat' dir='ltr'>TEMPORE.</span> 
     </span>
    </p>
   </div>
   <div class='ocr_carea' id='block_1_3' title="bbox 3500 337 3619 402">
    <p class='ocr_par' dir='ltr' id='par_1_3' title="bbox 3500 337 3619 402">
     <span class='ocr_line' id='line_1_3' title="bbox 3500 337 3619 402; baseline 0.008 -2"><span class='ocrx_word' id='word_1_5' title='bbox 3500 337 3619 402; x_wconf 74' lang='grc'>402</span> 
     </span>
    </p>
   </div>
   <div class='ocr_carea' id='block_1_4' title="bbox 228 463 3628 539">
    <p class='ocr_par' dir='ltr' id='par_1_4' title="bbox 228 463 3628 539">
     <span class='ocr_line' id='line_1_4' title="bbox 228 463 3628 539; baseline 0.001 -15"><span class='ocrx_word' id='word_1_6' title='bbox 228 465 494 525; x_wconf 86' lang='lat' dir='ltr'>Dominus</span> <span class='ocrx_word' id='word_1_7' title='bbox 512 467 717 538; x_wconf 88' lang='lat' dir='ltr'>oravit,</span> <span class='ocrx_word' id='word_1_8' title='bbox 737 466 808 525; x_wconf 91' lang='lat' dir='ltr'>ad</span> <span class='ocrx_word' id='word_1_9' title='bbox 824 468 1049 526; x_wconf 83' lang='lat' dir='ltr'>radices</span> <span class='ocrx_word' id='word_1_10' title='bbox 1066 467 1283 526; x_wconf 88' lang='lat' dir='ltr'>montis</span> <span class='ocrx_word' id='word_1_11' title='bbox 1299 466 1503 526; x_wconf 90' lang='lat' dir='ltr'>Oliveti</span> <span class='ocrx_word' id='word_1_12' title='bbox 1524 471 1685 535; x_wconf 88' lang='lat' dir='ltr'>tunc,</span> <span class='ocrx_word' id='word_1_13' title='bbox 1706 484 1862 524; x_wconf 89' lang='lat' dir='ltr'>nunc</span> <span class='ocrx_word' id='word_1_14' title='bbox 1891 466 1944 534; x_wconf 78' lang='grc' dir='ltr'><strong>Α</strong></span> <span class='ocrx_word' id='word_1_15' title='bbox 1975 482 2206 523; x_wconf 89' lang='lat' dir='ltr'>crucem</span> <span class='ocrx_word' id='word_1_16' title='bbox 2220 464 2621 538; x_wconf 66' lang='lat' dir='ltr'>praedico.Mea</span> <span class='ocrx_word' id='word_1_17' title='bbox 2639 469 2729 522; x_wconf 90' lang='lat' dir='ltr'>est</span> <span class='ocrx_word' id='word_1_18' title='bbox 2742 463 3032 531; x_wconf 76' lang='lat' dir='ltr'>voluntas,</span> <span class='ocrx_word' id='word_1_19' title='bbox 3058 481 3234 539; x_wconf 89' lang='lat' dir='ltr'>quam</span> <span class='ocrx_word' id='word_1_20' title='bbox 3257 470 3424 524; x_wconf 80' lang='lat' dir='ltr'>suam</span> <span class='ocrx_word' id='word_1_21' title='bbox 3446 467 3628 530; x_wconf 67' lang='lat' dir='ltr'>dix1te</span> 
     </span>
    </p>
   </div>
   <div class='ocr_carea' id='block_1_5' title="bbox 227 555 1862 630">
    <p class='ocr_par' dir='ltr' id='par_1_5' title="bbox 227 555 1862 630">
     <span class='ocr_line' id='line_1_5' title="bbox 227 555 1862 630; baseline -0.001 -16"><span class='ocrx_word' id='word_1_22' title='bbox 227 555 452 614; x_wconf 81' lang='lat' dir='ltr'>ecclesia</span> <span class='ocrx_word' id='word_1_23' title='bbox 464 557 714 630; x_wconf 83' lang='lat' dir='ltr'>desuper</span> <span class='ocrx_word' id='word_1_24' title='bbox 729 558 1032 614; x_wconf 68' lang='lat' dir='ltr'>aedificata.</span> <span class='ocrx_word' id='word_1_25' title='bbox 1054 559 1473 630; x_wconf 76' lang='lat' dir='ltr'>Interpretatur</span> <span class='ocrx_word' id='word_1_26' title='bbox 1485 563 1681 613; x_wconf 89' lang='lat' dir='ltr'>autem</span> <span class='ocrx_word' id='word_1_27' title='bbox 1694 557 1862 613; x_wconf 88' lang='lat' dir='ltr'>Geth-</span> 
     </span>
    </p>
   </div>
   <div class='ocr_carea' id='block_1_6' title="bbox 225 647 1861 719">
    <p class='ocr_par' dir='ltr' id='par_1_6' title="bbox 225 647 1861 719">
     <span class='ocr_line' id='line_1_6' title="bbox 225 647 1861 719; baseline 0 -17"><span class='ocrx_word' id='word_1_28' title='bbox 225 647 428 702; x_wconf 87' lang='lat' dir='ltr'>semani</span> <span class='ocrx_word' id='word_1_29' title='bbox 453 648 614 703; x_wconf 74' lang='lat' dir='ltr'>vallis</span> <span class='ocrx_word' id='word_1_30' title='bbox 639 649 958 718; x_wconf 74' lang='lat' dir='ltr'>pinguium,</span> <span class='ocrx_word' id='word_1_31' title='bbox 983 647 1102 704; x_wconf 84' lang='lat' dir='ltr'>sive</span> <span class='ocrx_word' id='word_1_32' title='bbox 1117 647 1541 719; x_wconf 74' lang='lat' dir='ltr'>ping-uedinum.</span> <span class='ocrx_word' id='word_1_33' title='bbox 1561 647 1709 713; x_wconf 85' lang='lat' dir='ltr'>Quia</span> <span class='ocrx_word' id='word_1_34' title='bbox 1729 663 1861 703; x_wconf 90' lang='lat' dir='ltr'>vero</span> 
     </span>
    </p>
   </div>
   <div class='ocr_carea' id='block_1_7' title="bbox 223 735 1860 809">
    <p class='ocr_par' dir='ltr' id='par_1_7' title="bbox 223 735 1860 809">
     <span class='ocr_line' id='line_1_7' title="bbox 223 735 1860 809; baseline 0 -19"><span class='ocrx_word' id='word_1_35' title='bbox 223 752 322 791; x_wconf 90' lang='lat' dir='ltr'>non</span> <span class='ocrx_word' id='word_1_36' title='bbox 353 735 542 792; x_wconf 88' lang='lat' dir='ltr'>solum</span> <span class='ocrx_word' id='word_1_37' title='bbox 575 737 732 792; x_wconf 89' lang='lat' dir='ltr'>dicta</span> <span class='ocrx_word' id='word_1_38' title='bbox 758 736 845 792; x_wconf 89' lang='lat' dir='ltr'>vel</span> <span class='ocrx_word' id='word_1_39' title='bbox 875 754 1049 809; x_wconf 88' lang='lat' dir='ltr'>opera</span> <span class='ocrx_word' id='word_1_40' title='bbox 1081 737 1414 803; x_wconf 75' lang='lat' dir='ltr'>Salvator-is,</span> <span class='ocrx_word' id='word_1_41' title='bbox 1449 753 1652 792; x_wconf 88' lang='lat' dir='ltr'>verum</span> <span class='ocrx_word' id='word_1_42' title='bbox 1683 737 1860 792; x_wconf 89' lang='lat' dir='ltr'>etiam</span> 
     </span>
    </p>
   </div>
   <div class='ocr_carea' id='block_1_8' title="bbox 217 823 1856 898">
    <p class='ocr_par' dir='ltr' id='par_1_8' title="bbox 217 823 1856 898">
     <span class='ocr_line' id='line_1_8' title="bbox 217 823 1856 898; baseline 0.001 -20"><span class='ocrx_word' id='word_1_43' title='bbox 217 823 328 880; x_wconf 88' lang='lat' dir='ltr'>loca</span> <span class='ocrx_word' id='word_1_44' title='bbox 357 824 444 880; x_wconf 89' lang='lat' dir='ltr'>vel</span> <span class='ocrx_word' id='word_1_45' title='bbox 477 830 758 897; x_wconf 87' lang='lat' dir='ltr'>tempora,</span> <span class='ocrx_word' id='word_1_46' title='bbox 792 826 852 880; x_wconf 93' lang='lat' dir='ltr'>in</span> <span class='ocrx_word' id='word_1_47' title='bbox 905 825 1120 897; x_wconf 89' lang='lat' dir='ltr'>quibus</span> <span class='ocrx_word' id='word_1_48' title='bbox 1149 831 1426 896; x_wconf 80' lang='lat' dir='ltr'>operatur</span> <span class='ocrx_word' id='word_1_49' title='bbox 1469 830 1526 881; x_wconf 88' lang='lat' dir='ltr'>et</span> <span class='ocrx_word' id='word_1_50' title='bbox 1575 825 1856 898; x_wconf 89' lang='lat' dir='ltr'>loquitur,</span> 
     </span>
    </p>
   </div>
   <div class='ocr_carea' id='block_1_9' title="bbox 219 913 1860 987">
    <p class='ocr_par' dir='ltr' id='par_1_9' title="bbox 219 913 1860 987">
     <span class='ocr_line' id='line_1_9' title="bbox 219 913 1860 987; baseline 0 -18"><span class='ocrx_word' id='word_1_51' title='bbox 219 913 484 986; x_wconf 79' lang='lat' dir='ltr'>mysticis,</span> <span class='ocrx_word' id='word_1_52' title='bbox 509 917 572 968; x_wconf 91' lang='lat' dir='ltr'>ut</span> <span class='ocrx_word' id='word_1_53' title='bbox 594 928 744 986; x_wconf 68' lang='lat' dir='ltr'>saepe</span> <span class='ocrx_word' id='word_1_54' title='bbox 762 913 980 968; x_wconf 88' lang='lat' dir='ltr'>dictum</span> <span class='ocrx_word' id='word_1_55' title='bbox 1003 919 1113 979; x_wconf 89' lang='lat' dir='ltr'>est,</span> <span class='ocrx_word' id='word_1_56' title='bbox 1134 919 1272 970; x_wconf 90' lang='lat' dir='ltr'>sunt</span> <span class='ocrx_word' id='word_1_57' title='bbox 1290 914 1460 987; x_wconf 86' lang='lat' dir='ltr'>plena</span> <span class='ocrx_word' id='word_1_58' title='bbox 1477 915 1699 986; x_wconf 81' lang='lat' dir='ltr'>figuris,</span> <span class='ocrx_word' id='word_1_59' title='bbox 1726 931 1860 969; x_wconf 89' lang='lat' dir='ltr'>cum</span> 
     </span>
    </p>
   </div>
   <div class='ocr_carea' id='block_1_10' title="bbox 220 1000 1862 1074">
    <p class='ocr_par' dir='ltr' id='par_1_10' title="bbox 220 1000 1862 1074">
     <span class='ocr_line' id='line_1_10' title="bbox 220 1000 1862 1074; baseline 0.001 -18"><span class='ocrx_word' id='word_1_60' title='bbox 220 1002 272 1058; x_wconf 89' lang='lat' dir='ltr'>in</span> <span class='ocrx_word' id='word_1_61' title='bbox 299 1005 489 1057; x_wconf 87' lang='lat' dir='ltr'>monte</span> <span class='ocrx_word' id='word_1_62' title='bbox 520 1006 647 1057; x_wconf 91' lang='lat' dir='ltr'>orat</span> <span class='ocrx_word' id='word_1_63' title='bbox 700 1000 998 1069; x_wconf 87' lang='lat' dir='ltr'>Dominus,</span> <span class='ocrx_word' id='word_1_64' title='bbox 1036 1003 1206 1074; x_wconf 89' lang='lat' dir='ltr'>quasi</span> <span class='ocrx_word' id='word_1_65' title='bbox 1239 1003 1414 1058; x_wconf 89' lang='lat' dir='ltr'>tacite</span> <span class='ocrx_word' id='word_1_66' title='bbox 1445 1020 1552 1058; x_wconf 89' lang='lat' dir='ltr'>nos</span> <span class='ocrx_word' id='word_1_67' title='bbox 1585 1003 1862 1058; x_wconf 87' lang='lat' dir='ltr'>admonet</span> 
     </span>
    </p>
   </div>
   <div class='ocr_carea' id='block_1_11' title="bbox 219 1090 1863 1162">
    <p class='ocr_par' dir='ltr' id='par_1_11' title="bbox 219 1090 1863 1162">
     <span class='ocr_line' id='line_1_11' title="bbox 219 1090 1863 1162; baseline -0.001 -15"><span class='ocrx_word' id='word_1_68' title='bbox 219 1090 482 1147; x_wconf 89' lang='lat' dir='ltr'>sublimia</span> <span class='ocrx_word' id='word_1_69' title='bbox 495 1095 722 1146; x_wconf 86' lang='lat' dir='ltr'>tantum</span> <span class='ocrx_word' id='word_1_70' title='bbox 741 1091 959 1146; x_wconf 90' lang='lat' dir='ltr'>orando</span> <span class='ocrx_word' id='word_1_71' title='bbox 978 1090 1075 1162; x_wconf 90' lang='lat' dir='ltr'>inq</span> <span class='ocrx_word' id='word_1_72' title='bbox 1086 1091 1140 1146; x_wconf 93' lang='lat' dir='ltr'>ui</span> <span class='ocrx_word' id='word_1_73' title='bbox 1151 1091 1216 1158; x_wconf 90' lang='lat' dir='ltr'>ri,</span> <span class='ocrx_word' id='word_1_74' title='bbox 1232 1095 1287 1146; x_wconf 94' lang='lat' dir='ltr'>et</span> <span class='ocrx_word' id='word_1_75' title='bbox 1300 1109 1403 1162; x_wconf 91' lang='lat' dir='ltr'>pro</span> <span class='ocrx_word' id='word_1_76' title='bbox 1420 1091 1754 1147; x_wconf 69' lang='lat' dir='ltr'>caelestibus</span> <span class='ocrx_word' id='word_1_77' title='bbox 1768 1092 1863 1146; x_wconf 92' lang='lat' dir='ltr'>bo-</span> 
     </span>
    </p>
   </div>
   <div class='ocr_carea' id='block_1_12' title="bbox 218 1178 1858 1251">
    <p class='ocr_par' dir='ltr' id='par_1_12' title="bbox 218 1178 1858 1251">
     <span class='ocr_line' id='line_1_12' title="bbox 218 1178 1858 1251; baseline -0.001 -16"><span class='ocrx_word' id='word_1_78' title='bbox 218 1181 303 1236; x_wconf 89' lang='lat' dir='ltr'>nis</span> <span class='ocrx_word' id='word_1_79' title='bbox 328 1178 646 1251; x_wconf 89' lang='lat' dir='ltr'>supplicari</span> <span class='ocrx_word' id='word_1_80' title='bbox 667 1180 898 1235; x_wconf 83' lang='lat' dir='ltr'>debere.</span> <span class='ocrx_word' id='word_1_81' title='bbox 924 1181 1146 1235; x_wconf 89' lang='lat' dir='ltr'>Etcum</span> <span class='ocrx_word' id='word_1_82' title='bbox 1169 1179 1228 1234; x_wconf 91' lang='lat' dir='ltr'>in</span> <span class='ocrx_word' id='word_1_83' title='bbox 1249 1180 1397 1236; x_wconf 85' lang='lat' dir='ltr'>valle</span> <span class='ocrx_word' id='word_1_84' title='bbox 1422 1184 1567 1248; x_wconf 88' lang='lat' dir='ltr'>orat,</span> <span class='ocrx_word' id='word_1_85' title='bbox 1592 1184 1648 1236; x_wconf 91' lang='lat' dir='ltr'>et</span> <span class='ocrx_word' id='word_1_86' title='bbox 1669 1180 1778 1235; x_wconf 89' lang='lat' dir='ltr'>hoc</span> <span class='ocrx_word' id='word_1_87' title='bbox 1799 1180 1858 1234; x_wconf 89' lang='lat' dir='ltr'>in</span> 
     </span>
    </p>
   </div>
   <div class='ocr_carea' id='block_1_13' title="bbox 217 1268 1862 1341">
    <p class='ocr_par' dir='ltr' id='par_1_13' title="bbox 217 1268 1862 1341">
     <span class='ocr_line' id='line_1_13' title="bbox 217 1268 1862 1341; baseline 0 -18"><span class='ocrx_word' id='word_1_88' title='bbox 217 1268 351 1324; x_wconf 87' lang='lat' dir='ltr'>valle</span> <span class='ocrx_word' id='word_1_89' title='bbox 366 1268 823 1341; x_wconf 86' lang='lat' dir='ltr'>piuguium,sive</span> <span class='ocrx_word' id='word_1_90' title='bbox 837 1269 1210 1341; x_wconf 90' lang='lat' dir='ltr'>pinguedinis</span> <span class='ocrx_word' id='word_1_91' title='bbox 1223 1269 1410 1341; x_wconf 89' lang='lat' dir='ltr'>ipsius</span> <span class='ocrx_word' id='word_1_92' title='bbox 1422 1287 1586 1340; x_wconf 60' lang='lat' dir='ltr'>aeque</span> <span class='ocrx_word' id='word_1_93' title='bbox 1601 1269 1862 1324; x_wconf 84' lang='lat' dir='ltr'>insinuat</span> 
     </span>
    </p>
   </div>
   <div class='ocr_carea' id='block_1_14' title="bbox 219 1357 1862 1428">
    <p class='ocr_par' dir='ltr' id='par_1_14' title="bbox 219 1357 1862 1428">
     <span class='ocr_line' id='line_1_14' title="bbox 219 1357 1862 1428; baseline -0.001 -15"><span class='ocrx_word' id='word_1_94' title='bbox 219 1358 374 1413; x_wconf 88' lang='lat' dir='ltr'>nobis</span> <span class='ocrx_word' id='word_1_95' title='bbox 405 1357 795 1413; x_wconf 77' lang='lat' dir='ltr'>humilitatem</span> <span class='ocrx_word' id='word_1_96' title='bbox 828 1358 888 1412; x_wconf 91' lang='lat' dir='ltr'>in</span> <span class='ocrx_word' id='word_1_97' title='bbox 920 1358 1305 1426; x_wconf 86' lang='lat' dir='ltr'>orationibus,</span> <span class='ocrx_word' id='word_1_98' title='bbox 1335 1361 1392 1413; x_wconf 81' lang='lat' dir='ltr'>et</span> <span class='ocrx_word' id='word_1_99' title='bbox 1418 1357 1477 1412; x_wconf 90' lang='lat' dir='ltr'>in</span> <span class='ocrx_word' id='word_1_100' title='bbox 1496 1363 1719 1413; x_wconf 65' lang='lat' dir='ltr'>aeternae</span> <span class='ocrx_word' id='word_1_101' title='bbox 1738 1357 1862 1428; x_wconf 83' lang='lat' dir='ltr'>pin-</span> 
     </span>
    </p>
   </div>
   <div class='ocr_carea' id='block_1_15' title="bbox 216 1446 1862 1520">
    <p class='ocr_par' dir='ltr' id='par_1_15' title="bbox 216 1446 1862 1520">
     <span class='ocr_line' id='line_1_15' title="bbox 216 1446 1862 1520; baseline 0.001 -19"><span class='ocrx_word' id='word_1_102' title='bbox 216 1447 514 1520; x_wconf 84' lang='lat' dir='ltr'>guedinem</span> <span class='ocrx_word' id='word_1_103' title='bbox 531 1446 857 1502; x_wconf 88' lang='lat' dir='ltr'>dilectionis</span> <span class='ocrx_word' id='word_1_104' title='bbox 870 1463 997 1502; x_wconf 91' lang='lat' dir='ltr'>esse</span> <span class='ocrx_word' id='word_1_105' title='bbox 1009 1447 1582 1518; x_wconf 87' lang='lat' dir='ltr'>servandam.Neque</span> <span class='ocrx_word' id='word_1_106' title='bbox 1595 1447 1862 1502; x_wconf 86' lang='lat' dir='ltr'>videlicet</span> 
     </span>
    </p>
   </div>
   <div class='ocr_carea' id='block_1_16' title="bbox 215 1535 1859 1607">
    <p class='ocr_par' dir='ltr' id='par_1_16' title="bbox 215 1535 1859 1607">
     <span class='ocr_line' id='line_1_16' title="bbox 215 1535 1859 1607; baseline -0.001 -15"><span class='ocrx_word' id='word_1_107' title='bbox 215 1535 725 1606; x_wconf 86' lang='lat' dir='ltr'>orans__Dominum</span> <span class='ocrx_word' id='word_1_108' title='bbox 767 1536 994 1605; x_wconf 82' lang='lat' dir='ltr'>jactare</span> <span class='ocrx_word' id='word_1_109' title='bbox 1023 1553 1131 1591; x_wconf 88' lang='lat' dir='ltr'>sua</span> <span class='ocrx_word' id='word_1_110' title='bbox 1169 1537 1375 1591; x_wconf 88' lang='lat' dir='ltr'>merita</span> <span class='ocrx_word' id='word_1_111' title='bbox 1425 1536 1483 1590; x_wconf 88' lang='lat' dir='ltr'>iu</span> <span class='ocrx_word' id='word_1_112' title='bbox 1527 1535 1859 1607; x_wconf 86' lang='lat' dir='ltr'>exemplum</span> 
     </span>
    </p>
   </div>
   <div class='ocr_carea' id='block_1_17' title="bbox 213 1622 1860 1696">
    <p class='ocr_par' dir='ltr' id='par_1_17' title="bbox 213 1622 1860 1696">
     <span class='ocr_line' id='line_1_17' title="bbox 213 1622 1860 1696; baseline -0.002 -16"><span class='ocrx_word' id='word_1_113' title='bbox 213 1625 476 1680; x_wconf 84' lang='lat' dir='ltr'>Pharisaei</span> <span class='ocrx_word' id='word_1_114' title='bbox 527 1624 920 1696; x_wconf 87' lang='lat' dir='ltr'>superbientis</span> <span class='ocrx_word' id='word_1_115' title='bbox 971 1625 1204 1690; x_wconf 86' lang='lat' dir='ltr'>audeat,</span> <span class='ocrx_word' id='word_1_116' title='bbox 1248 1625 1389 1696; x_wconf 89' lang='lat' dir='ltr'>quin</span> <span class='ocrx_word' id='word_1_117' title='bbox 1423 1624 1619 1695; x_wconf 90' lang='lat' dir='ltr'>potius</span> <span class='ocrx_word' id='word_1_118' title='bbox 1649 1622 1860 1678; x_wconf 90' lang='lat' dir='ltr'>humili</span> 
     </span>
    </p>
   </div>
   <div class='ocr_carea' id='block_1_18' title="bbox 210 1711 1859 1785">
    <p class='ocr_par' dir='ltr' id='par_1_18' title="bbox 210 1711 1859 1785">
     <span class='ocr_line' id='line_1_18' title="bbox 210 1711 1859 1785; baseline 0 -19"><span class='ocrx_word' id='word_1_119' title='bbox 210 1729 338 1768; x_wconf 86' lang='lat' dir='ltr'>voce</span> <span class='ocrx_word' id='word_1_120' title='bbox 367 1729 431 1767; x_wconf 75' lang='lat' dir='ltr'>an</span> <span class='ocrx_word' id='word_1_121' title='bbox 481 1717 676 1768; x_wconf 88' lang='lat' dir='ltr'>mente</span> <span class='ocrx_word' id='word_1_122' title='bbox 721 1711 1078 1785; x_wconf 75' lang='lat' dir='ltr'>proclamet:</span> <span class='ocrx_word' id='word_1_123' title='bbox 1144 1713 1374 1779; x_wconf 83' lang='lat' dir='ltr'>«Deus,</span> <span class='ocrx_word' id='word_1_124' title='bbox 1427 1711 1692 1784; x_wconf 90' lang='lat' dir='ltr'>propitus</span> <span class='ocrx_word' id='word_1_125' title='bbox 1737 1717 1859 1766; x_wconf 89' lang='lat' dir='ltr'>esto</span> 
     </span>
    </p>
   </div>
   <div class='ocr_carea' id='block_1_19' title="bbox 1971 555 3625 628">
    <p class='ocr_par' dir='ltr' id='par_1_19' title="bbox 1971 555 3625 628">
     <span class='ocr_line' id='line_1_19' title="bbox 1971 555 3625 628; baseline 0.004 -17"><span class='ocrx_word' id='word_1_126' title='bbox 1971 556 2109 628; x_wconf 86' lang='lat' dir='ltr'>quia</span> <span class='ocrx_word' id='word_1_127' title='bbox 2137 561 2204 612; x_wconf 87' lang='lat' dir='ltr'>ut</span> <span class='ocrx_word' id='word_1_128' title='bbox 2248 556 2424 612; x_wconf 90' lang='lat' dir='ltr'>homo</span> <span class='ocrx_word' id='word_1_129' title='bbox 2473 557 2731 628; x_wconf 89' lang='lat' dir='ltr'>suscepit</span> <span class='ocrx_word' id='word_1_130' title='bbox 2778 555 3081 612; x_wconf 87' lang='lat' dir='ltr'>tristitiam</span> <span class='ocrx_word' id='word_1_131' title='bbox 3113 573 3325 622; x_wconf 88' lang='lat' dir='ltr'>meam,</span> <span class='ocrx_word' id='word_1_132' title='bbox 3358 561 3423 613; x_wconf 91' lang='lat' dir='ltr'>ut</span> <span class='ocrx_word' id='word_1_133' title='bbox 3451 559 3625 617; x_wconf 88' lang='lat' dir='ltr'>homo</span> 
     </span>
    </p>
   </div>
   <div class='ocr_carea' id='block_1_20' title="bbox 1969 645 3631 718">
    <p class='ocr_par' dir='ltr' id='par_1_20' title="bbox 1969 645 3631 718">
     <span class='ocr_line' id='line_1_20' title="bbox 1969 645 3631 718; baseline 0.003 -19"><span class='ocrx_word' id='word_1_134' title='bbox 1969 645 2201 701; x_wconf 89' lang='lat' dir='ltr'>locutus</span> <span class='ocrx_word' id='word_1_135' title='bbox 2232 649 2340 712; x_wconf 88' lang='lat' dir='ltr'>est,</span> <span class='ocrx_word' id='word_1_136' title='bbox 2370 649 2427 700; x_wconf 88' lang='lat' dir='ltr'>et</span> <span class='ocrx_word' id='word_1_137' title='bbox 2455 645 2617 700; x_wconf 89' lang='lat' dir='ltr'>ideo:</span> <span class='ocrx_word' id='word_1_138' title='bbox 2653 669 2679 694; x_wconf 83' lang='lat'>«</span> <span class='ocrx_word' id='word_1_139' title='bbox 2708 645 2833 700; x_wconf 89' lang='lat' dir='ltr'>Non</span> <span class='ocrx_word' id='word_1_140' title='bbox 2860 645 3010 700; x_wconf 85' lang='lat' dir='ltr'>sicut</span> <span class='ocrx_word' id='word_1_141' title='bbox 3039 662 3145 718; x_wconf 86' lang='lat' dir='ltr'>ego</span> <span class='ocrx_word' id='word_1_142' title='bbox 3172 645 3321 713; x_wconf 91' lang='lat' dir='ltr'>volo,</span> <span class='ocrx_word' id='word_1_143' title='bbox 3353 646 3456 702; x_wconf 88' lang='lat' dir='ltr'>sed</span> <span class='ocrx_word' id='word_1_144' title='bbox 3477 648 3631 704; x_wconf 77' lang='lat' dir='ltr'>sicut</span> 
     </span>
    </p>
   </div>
   <div class='ocr_carea' id='block_1_21' title="bbox 1967 733 3622 807">
    <p class='ocr_par' dir='ltr' id='par_1_21' title="bbox 1967 733 3622 807">
     <span class='ocr_line' id='line_1_21' title="bbox 1967 733 3622 807; baseline 0.001 -18"><span class='ocrx_word' id='word_1_145' title='bbox 1967 739 2032 789; x_wconf 89' lang='lat' dir='ltr'>tu</span> <span class='ocrx_word' id='word_1_146' title='bbox 2051 735 2204 789; x_wconf 82' lang='lat' dir='ltr'>vis.»</span> <span class='ocrx_word' id='word_1_147' title='bbox 2228 737 2347 789; x_wconf 86' lang='lat' dir='ltr'>Mea</span> <span class='ocrx_word' id='word_1_148' title='bbox 2375 733 2738 800; x_wconf 85' lang='lat' dir='ltr'>esttristitia,</span> <span class='ocrx_word' id='word_1_149' title='bbox 2764 750 2940 805; x_wconf 89' lang='lat' dir='ltr'>quam</span> <span class='ocrx_word' id='word_1_150' title='bbox 2966 750 3093 789; x_wconf 91' lang='lat' dir='ltr'>meo</span> <span class='ocrx_word' id='word_1_151' title='bbox 3119 735 3378 807; x_wconf 89' lang='lat' dir='ltr'>suscepit</span> <span class='ocrx_word' id='word_1_152' title='bbox 3393 737 3622 792; x_wconf 70' lang='lat' dir='ltr'>affectu&quot;.</span> 
     </span>
    </p>
   </div>
   <div class='ocr_carea' id='block_1_22' title="bbox 1969 821 3624 896">
    <p class='ocr_par' dir='ltr' id='par_1_22' title="bbox 1969 821 3624 896">
     <span class='ocr_line' id='line_1_22' title="bbox 1969 821 3624 896; baseline 0.002 -19"><span class='ocrx_word' id='word_1_153' title='bbox 1969 822 2118 895; x_wconf 85' lang='lat' dir='ltr'>Ergo</span> <span class='ocrx_word' id='word_1_154' title='bbox 2145 838 2247 893; x_wconf 91' lang='lat' dir='ltr'>pro</span> <span class='ocrx_word' id='word_1_155' title='bbox 2280 839 2373 877; x_wconf 87' lang='lat' dir='ltr'>me</span> <span class='ocrx_word' id='word_1_156' title='bbox 2419 821 2629 888; x_wconf 84' lang='lat' dir='ltr'>doluit,</span> <span class='ocrx_word' id='word_1_157' title='bbox 2666 821 2766 893; x_wconf 91' lang='lat' dir='ltr'>qui</span> <span class='ocrx_word' id='word_1_158' title='bbox 2799 839 2900 893; x_wconf 92' lang='lat' dir='ltr'>pro</span> <span class='ocrx_word' id='word_1_159' title='bbox 2932 840 2994 878; x_wconf 91' lang='lat' dir='ltr'>se</span> <span class='ocrx_word' id='word_1_160' title='bbox 3022 822 3170 877; x_wconf 86' lang='lat' dir='ltr'>nihil</span> <span class='ocrx_word' id='word_1_161' title='bbox 3213 823 3422 878; x_wconf 88' lang='lat' dir='ltr'>habuit</span> <span class='ocrx_word' id='word_1_162' title='bbox 3466 825 3624 896; x_wconf 89' lang='lat' dir='ltr'>quod</span> 
     </span>
    </p>
   </div>
   <div class='ocr_carea' id='block_1_23' title="bbox 1969 910 3625 983">
    <p class='ocr_par' dir='ltr' id='par_1_23' title="bbox 1969 910 3625 983">
     <span class='ocr_line' id='line_1_23' title="bbox 1969 910 3625 983; baseline 0.002 -18"><span class='ocrx_word' id='word_1_163' title='bbox 1969 910 2222 966; x_wconf 87' lang='lat' dir='ltr'>doleret:</span> <span class='ocrx_word' id='word_1_164' title='bbox 2247 916 2304 966; x_wconf 91' lang='lat' dir='ltr'>et</span> <span class='ocrx_word' id='word_1_165' title='bbox 2325 915 2687 983; x_wconf 85' lang='lat' dir='ltr'>sequestrata</span> <span class='ocrx_word' id='word_1_166' title='bbox 2706 910 3086 966; x_wconf 87' lang='lat' dir='ltr'>delectatione</span> <span class='ocrx_word' id='word_1_167' title='bbox 3108 911 3438 969; x_wconf 90' lang='lat' dir='ltr'>Diviuitatis</span> <span class='ocrx_word' id='word_1_168' title='bbox 3468 917 3625 969; x_wconf 63' lang='lat' dir='ltr'>aeter-</span> 
     </span>
    </p>
   </div>
   <div class='ocr_carea' id='block_1_24' title="bbox 1970 1000 3620 1072">
    <p class='ocr_par' dir='ltr' id='par_1_24' title="bbox 1970 1000 3620 1072">
     <span class='ocr_line' id='line_1_24' title="bbox 1970 1000 3620 1072; baseline -0.002 -18"><span class='ocrx_word' id='word_1_169' title='bbox 1970 1017 2076 1068; x_wconf 59' lang='lat' dir='ltr'>nae,</span> <span class='ocrx_word' id='word_1_170' title='bbox 2111 1001 2279 1055; x_wconf 61' lang='lat' dir='ltr'>tmdio</span> <span class='ocrx_word' id='word_1_171' title='bbox 2305 1016 2445 1056; x_wconf 66' lang='lat' dir='ltr'>mea;</span> <span class='ocrx_word' id='word_1_172' title='bbox 2475 1000 2836 1055; x_wconf 85' lang='lat' dir='ltr'>infirmitatis</span> <span class='ocrx_word' id='word_1_173' title='bbox 2867 1000 3138 1055; x_wconf 83' lang='lat' dir='ltr'>afﬁcitur.</span> <span class='ocrx_word' id='word_1_174' title='bbox 3175 1023 3202 1050; x_wconf 91' lang='grc'>‹‹</span> <span class='ocrx_word' id='word_1_175' title='bbox 3237 1000 3448 1057; x_wconf 87' lang='lat' dir='ltr'>Tristis</span> <span class='ocrx_word' id='word_1_176' title='bbox 3475 1006 3620 1072; x_wconf 82' lang='lat' dir='ltr'>est,»</span> 
     </span>
    </p>
   </div>
   <div class='ocr_carea' id='block_1_25' title="bbox 1968 1088 3625 1164">
    <p class='ocr_par' dir='ltr' id='par_1_25' title="bbox 1968 1088 3625 1164">
     <span class='ocr_line' id='line_1_25' title="bbox 1968 1088 3625 1164; baseline 0.003 -22"><span class='ocrx_word' id='word_1_177' title='bbox 1968 1088 2182 1159; x_wconf 90' lang='lat' dir='ltr'>inquit,</span> <span class='ocrx_word' id='word_1_178' title='bbox 2217 1112 2244 1138; x_wconf 83' lang='lat'><strong>«</strong></span> <span class='ocrx_word' id='word_1_179' title='bbox 2275 1089 2474 1144; x_wconf 90' lang='lat' dir='ltr'>anima</span> <span class='ocrx_word' id='word_1_180' title='bbox 2505 1105 2690 1160; x_wconf 89' lang='lat' dir='ltr'>usque</span> <span class='ocrx_word' id='word_1_181' title='bbox 2723 1090 2793 1144; x_wconf 88' lang='lat' dir='ltr'>ad</span> <span class='ocrx_word' id='word_1_182' title='bbox 2844 1094 3112 1145; x_wconf 90' lang='lat' dir='ltr'>mortem.</span> <span class='ocrx_word' id='word_1_183' title='bbox 3149 1111 3176 1139; x_wconf 75' lang='lat' dir='ltr'>n</span> <span class='ocrx_word' id='word_1_184' title='bbox 3207 1091 3330 1146; x_wconf 90' lang='lat' dir='ltr'>Non</span> <span class='ocrx_word' id='word_1_185' title='bbox 3387 1095 3625 1164; x_wconf 87' lang='lat' dir='ltr'>propter</span> 
     </span>
    </p>
   </div>
   <div class='ocr_carea' id='block_1_26' title="bbox 1970 1178 3624 1250">
    <p class='ocr_par' dir='ltr' id='par_1_26' title="bbox 1970 1178 3624 1250">
     <span class='ocr_line' id='line_1_26' title="bbox 1970 1178 3624 1250; baseline 0.001 -18"><span class='ocrx_word' id='word_1_186' title='bbox 1970 1180 2216 1233; x_wconf 89' lang='lat' dir='ltr'>mortem</span> <span class='ocrx_word' id='word_1_187' title='bbox 2247 1178 2433 1234; x_wconf 86' lang='lat' dir='ltr'>tristis</span> <span class='ocrx_word' id='word_1_188' title='bbox 2461 1183 2552 1235; x_wconf 91' lang='lat' dir='ltr'>est</span> <span class='ocrx_word' id='word_1_189' title='bbox 2576 1178 2882 1248; x_wconf 89' lang='lat' dir='ltr'>Dominus,</span> <span class='ocrx_word' id='word_1_190' title='bbox 2915 1179 3054 1250; x_wconf 88' lang='lat' dir='ltr'>quia</span> <span class='ocrx_word' id='word_1_191' title='bbox 3072 1194 3205 1234; x_wconf 90' lang='lat' dir='ltr'>eum</span> <span class='ocrx_word' id='word_1_192' title='bbox 3224 1179 3478 1235; x_wconf 87' lang='lat' dir='ltr'>conditio</span> <span class='ocrx_word' id='word_1_193' title='bbox 3500 1179 3624 1234; x_wconf 79' lang='lat' dir='ltr'>cer-</span> 
     </span>
    </p>
   </div>
   <div class='ocr_carea' id='block_1_27' title="bbox 1968 1266 3621 1338">
    <p class='ocr_par' dir='ltr' id='par_1_27' title="bbox 1968 1266 3621 1338">
     <span class='ocr_line' id='line_1_27' title="bbox 1968 1266 3621 1338; baseline 0.002 -17"><span class='ocrx_word' id='word_1_194' title='bbox 1968 1266 2186 1338; x_wconf 88' lang='lat' dir='ltr'>poralis</span> <span class='ocrx_word' id='word_1_195' title='bbox 2216 1268 2478 1334; x_wconf 73' lang='lat' dir='ltr'>affectus,</span> <span class='ocrx_word' id='word_1_196' title='bbox 2513 1285 2628 1322; x_wconf 92' lang='lat' dir='ltr'>non</span> <span class='ocrx_word' id='word_1_197' title='bbox 2662 1266 2908 1323; x_wconf 88' lang='lat' dir='ltr'>formido</span> <span class='ocrx_word' id='word_1_198' title='bbox 2947 1267 3153 1323; x_wconf 88' lang='lat' dir='ltr'>mortis</span> <span class='ocrx_word' id='word_1_199' title='bbox 3183 1267 3442 1324; x_wconf 70' lang='lat' dir='ltr'>offendit.</span> <span class='ocrx_word' id='word_1_200' title='bbox 3476 1269 3621 1324; x_wconf 89' lang='lat' dir='ltr'>Nam</span> 
     </span>
    </p>
   </div>
   <div class='ocr_carea' id='block_1_28' title="bbox 1971 1354 3624 1429">
    <p class='ocr_par' dir='ltr' id='par_1_28' title="bbox 1971 1354 3624 1429">
     <span class='ocr_line' id='line_1_28' title="bbox 1971 1354 3624 1429; baseline 0.004 -21"><span class='ocrx_word' id='word_1_201' title='bbox 1971 1354 2110 1426; x_wconf 86' lang='lat' dir='ltr'>quia</span> <span class='ocrx_word' id='word_1_202' title='bbox 2141 1372 2354 1427; x_wconf 87' lang='lat' dir='ltr'>corpus</span> <span class='ocrx_word' id='word_1_203' title='bbox 2403 1356 2680 1427; x_wconf 77' lang='lat' dir='ltr'>suscepit,</span> <span class='ocrx_word' id='word_1_204' title='bbox 2715 1355 2912 1411; x_wconf 86' lang='lat' dir='ltr'>omnia</span> <span class='ocrx_word' id='word_1_205' title='bbox 2955 1356 3155 1410; x_wconf 87' lang='lat' dir='ltr'>debuit</span> <span class='ocrx_word' id='word_1_206' title='bbox 3206 1373 3331 1428; x_wconf 75' lang='lat' dir='ltr'>qua:</span> <span class='ocrx_word' id='word_1_207' title='bbox 3359 1357 3624 1429; x_wconf 81' lang='lat' dir='ltr'>corporis</span> 
     </span>
    </p>
   </div>
   <div class='ocr_carea' id='block_1_29' title="bbox 1969 1444 3620 1516">
    <p class='ocr_par' dir='ltr' id='par_1_29' title="bbox 1969 1444 3620 1516">
     <span class='ocr_line' id='line_1_29' title="bbox 1969 1444 3620 1516; baseline 0.003 -18"><span class='ocrx_word' id='word_1_208' title='bbox 1969 1447 2128 1507; x_wconf 89' lang='lat' dir='ltr'>sunt,</span> <span class='ocrx_word' id='word_1_209' title='bbox 2154 1449 2220 1499; x_wconf 89' lang='lat' dir='ltr'>ut</span> <span class='ocrx_word' id='word_1_210' title='bbox 2253 1444 2522 1512; x_wconf 89' lang='lat' dir='ltr'>esuriret,</span> <span class='ocrx_word' id='word_1_211' title='bbox 2554 1444 2760 1514; x_wconf 83' lang='lat' dir='ltr'>sitiret,</span> <span class='ocrx_word' id='word_1_212' title='bbox 2793 1448 3121 1516; x_wconf 86' lang='lat' dir='ltr'>angeretur,</span> <span class='ocrx_word' id='word_1_213' title='bbox 3156 1445 3620 1515; x_wconf 86' lang='lat' dir='ltr'>contristaretur,</span> 
     </span>
    </p>
   </div>
   <div class='ocr_carea' id='block_1_30' title="bbox 1967 1531 3622 1604">
    <p class='ocr_par' dir='ltr' id='par_1_30' title="bbox 1967 1531 3622 1604">
     <span class='ocr_line' id='line_1_30' title="bbox 1967 1531 3622 1604; baseline 0.004 -18"><span class='ocrx_word' id='word_1_214' title='bbox 1967 1531 2253 1588; x_wconf 89' lang='lat' dir='ltr'>Divinitas</span> <span class='ocrx_word' id='word_1_215' title='bbox 2283 1538 2477 1588; x_wconf 88' lang='lat' dir='ltr'>autem</span> <span class='ocrx_word' id='word_1_216' title='bbox 2509 1534 2855 1588; x_wconf 89' lang='lat' dir='ltr'>commutari</span> <span class='ocrx_word' id='word_1_217' title='bbox 2879 1549 2980 1604; x_wconf 88' lang='lat' dir='ltr'>per</span> <span class='ocrx_word' id='word_1_218' title='bbox 3009 1533 3116 1588; x_wconf 91' lang='lat' dir='ltr'>hos</span> <span class='ocrx_word' id='word_1_219' title='bbox 3145 1535 3330 1590; x_wconf 89' lang='lat' dir='ltr'>nescit</span> <span class='ocrx_word' id='word_1_220' title='bbox 3358 1536 3622 1592; x_wconf 66' lang='lat' dir='ltr'>affectus.</span> 
     </span>
    </p>
   </div>
   <div class='ocr_carea' id='block_1_31' title="bbox 2039 1621 3626 1694">
    <p class='ocr_par' dir='ltr' id='par_1_31' title="bbox 2039 1621 3626 1694">
     <span class='ocr_line' id='line_1_31' title="bbox 2039 1621 3626 1694; baseline 0.003 -18"><span class='ocrx_word' id='word_1_221' title='bbox 2039 1642 2066 1670; x_wconf 89' lang='lat'>«</span> <span class='ocrx_word' id='word_1_222' title='bbox 2101 1621 2396 1678; x_wconf 89' lang='lat' dir='ltr'>Sustinete</span> <span class='ocrx_word' id='word_1_223' title='bbox 2428 1621 2541 1690; x_wconf 90' lang='lat' dir='ltr'>hic,</span> <span class='ocrx_word' id='word_1_224' title='bbox 2588 1627 2645 1677; x_wconf 92' lang='lat' dir='ltr'>et</span> <span class='ocrx_word' id='word_1_225' title='bbox 2674 1621 2928 1691; x_wconf 78' lang='lat' dir='ltr'>vigilate.</span> <span class='ocrx_word' id='word_1_226' title='bbox 2961 1623 3031 1677; x_wconf 86' lang='lat' dir='ltr'>Et</span> <span class='ocrx_word' id='word_1_227' title='bbox 3061 1639 3193 1677; x_wconf 90' lang='lat' dir='ltr'>cum</span> <span class='ocrx_word' id='word_1_228' title='bbox 3244 1625 3626 1694; x_wconf 85' lang='lat' dir='ltr'>processisset</span> 
     </span>
    </p>
   </div>
   <div class='ocr_carea' id='block_1_32' title="bbox 1968 1709 3619 1786">
    <p class='ocr_par' dir='ltr' id='par_1_32' title="bbox 1968 1709 3619 1786">
     <span class='ocr_line' id='line_1_32' title="bbox 1968 1709 3619 1786; baseline 0.006 -27"><span class='ocrx_word' id='word_1_229' title='bbox 1968 1732 1994 1760; x_wconf 91' lang='grc'>‹‹</span> <span class='ocrx_word' id='word_1_230' title='bbox 2021 1709 2350 1782; x_wconf 87' lang='lat' dir='ltr'>paululum,</span> <span class='ocrx_word' id='word_1_231' title='bbox 2381 1710 2630 1782; x_wconf 89' lang='lat' dir='ltr'>procidit</span> <span class='ocrx_word' id='word_1_232' title='bbox 2652 1727 2829 1782; x_wconf 89' lang='lat' dir='ltr'>super</span> <span class='ocrx_word' id='word_1_233' title='bbox 2849 1715 3132 1766; x_wconf 86' lang='lat' dir='ltr'>terram.»</span> <span class='ocrx_word' id='word_1_234' title='bbox 3159 1711 3304 1775; x_wconf 86' lang='lat' dir='ltr'>Quia</span> <span class='ocrx_word' id='word_1_235' title='bbox 3329 1713 3619 1786; x_wconf 82' lang='lat' dir='ltr'>praecepit:</span> 
     </span>
    </p>
   </div>
   <div class='ocr_carea' id='block_1_33' title="bbox 205 1799 3619 1904">
    <p class='ocr_par' dir='ltr' id='par_1_33' title="bbox 205 1799 3619 1904">
     <span class='ocr_line' id='line_1_33' title="bbox 205 1799 3619 1904; baseline 0 -46"><span class='ocrx_word' id='word_1_236' title='bbox 205 1801 343 1858; x_wconf 89' lang='lat' dir='ltr'>mihi</span> <span class='ocrx_word' id='word_1_237' title='bbox 366 1801 653 1874; x_wconf 85' lang='lat' dir='ltr'>peccatori</span> <span class='ocrx_word' id='word_1_238' title='bbox 675 1803 823 1870; x_wconf 72' lang='lat' dir='ltr'>(Luc.</span> <span class='ocrx_word' id='word_1_239' title='bbox 848 1805 1028 1869; x_wconf 85' lang='lat' dir='ltr'>xvm).</span> <span class='ocrx_word' id='word_1_240' title='bbox 1057 1823 1084 1850; x_wconf 86' lang='grc'><strong>››</strong></span> <span class='ocrx_word' id='word_1_241' title='bbox 1107 1801 1188 1856; x_wconf 91' lang='lat' dir='ltr'>Ne</span> <span class='ocrx_word' id='word_1_242' title='bbox 1208 1801 1440 1856; x_wconf 89' lang='lat' dir='ltr'>aridum</span> <span class='ocrx_word' id='word_1_243' title='bbox 1476 1818 1509 1856; x_wconf 90' lang='lat' dir='ltr'>a</span> <span class='ocrx_word' id='word_1_244' title='bbox 1542 1801 1853 1856; x_wconf 88' lang='lat' dir='ltr'>dilectione</span> <span class='ocrx_word' id='word_1_245' title='bbox 1891 1840 1934 1904; x_wconf 65' lang='grc' dir='ltr'>Β</span> <span class='ocrx_word' id='word_1_246' title='bbox 1968 1820 1996 1848; x_wconf 90' lang='grc'>‹‹</span> <span class='ocrx_word' id='word_1_247' title='bbox 2031 1799 2323 1855; x_wconf 89' lang='lat' dir='ltr'>Sustinete</span> <span class='ocrx_word' id='word_1_248' title='bbox 2356 1800 2451 1855; x_wconf 90' lang='lat' dir='ltr'>hic</span> <span class='ocrx_word' id='word_1_249' title='bbox 2473 1805 2528 1854; x_wconf 86' lang='lat' dir='ltr'>et</span> <span class='ocrx_word' id='word_1_250' title='bbox 2555 1800 2812 1873; x_wconf 89' lang='lat' dir='ltr'>vigilate,</span> <span class='ocrx_word' id='word_1_251' title='bbox 2844 1822 2871 1850; x_wconf 90' lang='grc'><strong>››</strong></span> <span class='ocrx_word' id='word_1_252' title='bbox 2903 1817 3017 1855; x_wconf 90' lang='lat' dir='ltr'>non</span> <span class='ocrx_word' id='word_1_253' title='bbox 3041 1817 3075 1854; x_wconf 86' lang='lat' dir='ltr'>a</span> <span class='ocrx_word' id='word_1_254' title='bbox 3103 1815 3308 1856; x_wconf 89' lang='lat' dir='ltr'>somno</span> <span class='ocrx_word' id='word_1_255' title='bbox 3331 1802 3619 1873; x_wconf 88' lang='lat' dir='ltr'>prohibet,</span> 
     </span>
    </p>
   </div>
   <div class='ocr_carea' id='block_1_34' title="bbox 207 1888 1858 1964">
    <p class='ocr_par' dir='ltr' id='par_1_34' title="bbox 207 1888 1858 1964">
     <span class='ocr_line' id='line_1_34' title="bbox 207 1888 1858 1964; baseline -0.001 -19"><span class='ocrx_word' id='word_1_256' title='bbox 207 1889 450 1964; x_wconf 75' lang='lat' dir='ltr'>proximi</span> <span class='ocrx_word' id='word_1_257' title='bbox 477 1905 576 1945; x_wconf 90' lang='lat' dir='ltr'>cor</span> <span class='ocrx_word' id='word_1_258' title='bbox 603 1893 862 1961; x_wconf 87' lang='lat' dir='ltr'>gestans,</span> <span class='ocrx_word' id='word_1_259' title='bbox 893 1890 965 1944; x_wconf 91' lang='lat' dir='ltr'>ad</span> <span class='ocrx_word' id='word_1_260' title='bbox 998 1889 1344 1960; x_wconf 87' lang='lat' dir='ltr'>placandam</span> <span class='ocrx_word' id='word_1_261' title='bbox 1377 1889 1487 1946; x_wconf 91' lang='lat' dir='ltr'>sibi</span> <span class='ocrx_word' id='word_1_262' title='bbox 1529 1888 1858 1945; x_wconf 80' lang='lat' dir='ltr'>Conditoris</span> 
     </span>
    </p>
   </div>
   <div class='ocr_carea' id='block_1_35' title="bbox 207 1978 1859 2053">
    <p class='ocr_par' dir='ltr' id='par_1_35' title="bbox 207 1978 1859 2053">
     <span class='ocr_line' id='line_1_35' title="bbox 207 1978 1859 2053; baseline -0.001 -19"><span class='ocrx_word' id='word_1_263' title='bbox 207 1980 451 2053; x_wconf 84' lang='lat' dir='ltr'>gratiam</span> <span class='ocrx_word' id='word_1_264' title='bbox 466 1979 820 2051; x_wconf 74' lang='lat' dir='ltr'>genuflectat</span> <span class='ocrx_word' id='word_1_265' title='bbox 834 1980 1194 2048; x_wconf 85' lang='lat' dir='ltr'>:juxtaeum,</span> <span class='ocrx_word' id='word_1_266' title='bbox 1215 1978 1315 2050; x_wconf 92' lang='lat' dir='ltr'>qui</span> <span class='ocrx_word' id='word_1_267' title='bbox 1335 1983 1569 2033; x_wconf 88' lang='lat' dir='ltr'>centum</span> <span class='ocrx_word' id='word_1_268' title='bbox 1588 1978 1859 2034; x_wconf 89' lang='lat' dir='ltr'>denarios</span> 
     </span>
    </p>
   </div>
   <div class='ocr_carea' id='block_1_36' title="bbox 208 2066 1857 2138">
    <p class='ocr_par' dir='ltr' id='par_1_36' title="bbox 208 2066 1857 2138">
     <span class='ocr_line' id='line_1_36' title="bbox 208 2066 1857 2138; baseline -0.002 -15"><span class='ocrx_word' id='word_1_269' title='bbox 208 2067 389 2135; x_wconf 82' lang='lat' dir='ltr'>fratri,</span> <span class='ocrx_word' id='word_1_270' title='bbox 422 2083 570 2138; x_wconf 91' lang='lat' dir='ltr'>quos</span> <span class='ocrx_word' id='word_1_271' title='bbox 609 2066 720 2122; x_wconf 90' lang='lat' dir='ltr'>sibi</span> <span class='ocrx_word' id='word_1_272' title='bbox 752 2067 1020 2132; x_wconf 85' lang='lat' dir='ltr'>debebat,</span> <span class='ocrx_word' id='word_1_273' title='bbox 1055 2067 1350 2122; x_wconf 81' lang='lat' dir='ltr'>dimittere</span> <span class='ocrx_word' id='word_1_274' title='bbox 1383 2066 1607 2133; x_wconf 88' lang='lat' dir='ltr'>nolens,</span> <span class='ocrx_word' id='word_1_275' title='bbox 1658 2067 1857 2122; x_wconf 89' lang='lat' dir='ltr'>decem</span> 
     </span>
    </p>
   </div>
   <div class='ocr_carea' id='block_1_37' title="bbox 208 2155 1857 2226">
    <p class='ocr_par' dir='ltr' id='par_1_37' title="bbox 208 2155 1857 2226">
     <span class='ocr_line' id='line_1_37' title="bbox 208 2155 1857 2226; baseline -0.002 -15"><span class='ocrx_word' id='word_1_276' title='bbox 208 2155 387 2212; x_wconf 86' lang='lat' dir='ltr'>millia</span> <span class='ocrx_word' id='word_1_277' title='bbox 417 2155 635 2210; x_wconf 87' lang='lat' dir='ltr'>talenta</span> <span class='ocrx_word' id='word_1_278' title='bbox 663 2155 776 2211; x_wconf 89' lang='lat' dir='ltr'>sibi</span> <span class='ocrx_word' id='word_1_279' title='bbox 807 2174 841 2210; x_wconf 88' lang='lat' dir='ltr'>a</span> <span class='ocrx_word' id='word_1_280' title='bbox 867 2155 1111 2211; x_wconf 90' lang='lat' dir='ltr'>Domino</span> <span class='ocrx_word' id='word_1_281' title='bbox 1143 2157 1360 2211; x_wconf 83' lang='lat' dir='ltr'>frustra</span> <span class='ocrx_word' id='word_1_282' title='bbox 1390 2156 1738 2226; x_wconf 86' lang='lat' dir='ltr'>precabatur</span> <span class='ocrx_word' id='word_1_283' title='bbox 1768 2170 1857 2209; x_wconf 88' lang='lat' dir='ltr'>re-</span> 
     </span>
    </p>
   </div>
   <div class='ocr_carea' id='block_1_38' title="bbox 213 2242 1859 2314">
    <p class='ocr_par' dir='ltr' id='par_1_38' title="bbox 213 2242 1859 2314">
     <span class='ocr_line' id='line_1_38' title="bbox 213 2242 1859 2314; baseline -0.001 -14"><span class='ocrx_word' id='word_1_284' title='bbox 213 2244 358 2300; x_wconf 87' lang='lat' dir='ltr'>mitti</span> <span class='ocrx_word' id='word_1_285' title='bbox 391 2243 602 2312; x_wconf 75' lang='lat' dir='ltr'>(Mauh.</span> <span class='ocrx_word' id='word_1_286' title='bbox 635 2248 795 2311; x_wconf 81' lang='lat' dir='ltr'>xvm)</span> <span class='ocrx_word' id='word_1_287' title='bbox 817 2261 832 2298; x_wconf 94' lang='lat'>:</span> <span class='ocrx_word' id='word_1_288' title='bbox 852 2261 921 2298; x_wconf 91' lang='lat' dir='ltr'>ne</span> <span class='ocrx_word' id='word_1_289' title='bbox 936 2245 1211 2314; x_wconf 85' lang='lat' dir='ltr'>jejunum</span> <span class='ocrx_word' id='word_1_290' title='bbox 1228 2245 1300 2299; x_wconf 91' lang='lat' dir='ltr'>ab</span> <span class='ocrx_word' id='word_1_291' title='bbox 1319 2261 1516 2298; x_wconf 87' lang='lat' dir='ltr'>amore</span> <span class='ocrx_word' id='word_1_292' title='bbox 1533 2242 1859 2298; x_wconf 86' lang='lat' dir='ltr'>Conditoris</span> 
     </span>
    </p>
   </div>
   <div class='ocr_carea' id='block_1_39' title="bbox 218 2331 1860 2406">
    <p class='ocr_par' dir='ltr' id='par_1_39' title="bbox 218 2331 1860 2406">
     <span class='ocr_line' id='line_1_39' title="bbox 218 2331 1860 2406; baseline -0.002 -17"><span class='ocrx_word' id='word_1_293' title='bbox 218 2338 410 2406; x_wconf 90' lang='lat' dir='ltr'>pectus</span> <span class='ocrx_word' id='word_1_294' title='bbox 441 2333 686 2397; x_wconf 85' lang='lat' dir='ltr'>habens,</span> <span class='ocrx_word' id='word_1_295' title='bbox 719 2331 1066 2404; x_wconf 88' lang='lat' dir='ltr'>temporalia</span> <span class='ocrx_word' id='word_1_296' title='bbox 1095 2331 1369 2403; x_wconf 68' lang='lat' dir='ltr'>qumlibet</span> <span class='ocrx_word' id='word_1_297' title='bbox 1400 2332 1597 2403; x_wconf 90' lang='lat' dir='ltr'>potius</span> <span class='ocrx_word' id='word_1_298' title='bbox 1643 2332 1700 2385; x_wconf 91' lang='lat' dir='ltr'>in</span> <span class='ocrx_word' id='word_1_299' title='bbox 1731 2349 1860 2387; x_wconf 89' lang='lat' dir='ltr'>ora-</span> 
     </span>
    </p>
   </div>
   <div class='ocr_carea' id='block_1_40' title="bbox 221 2419 1861 2494">
    <p class='ocr_par' dir='ltr' id='par_1_40' title="bbox 221 2419 1861 2494">
     <span class='ocr_line' id='line_1_40' title="bbox 221 2419 1861 2494; baseline 0 -18"><span class='ocrx_word' id='word_1_300' title='bbox 221 2422 384 2490; x_wconf 88' lang='lat' dir='ltr'>tione,</span> <span class='ocrx_word' id='word_1_301' title='bbox 405 2437 582 2494; x_wconf 89' lang='lat' dir='ltr'>quam</span> <span class='ocrx_word' id='word_1_302' title='bbox 605 2421 735 2490; x_wconf 87' lang='lat' dir='ltr'>ejus</span> <span class='ocrx_word' id='word_1_303' title='bbox 757 2420 1040 2478; x_wconf 86' lang='lat' dir='ltr'>visionem</span> <span class='ocrx_word' id='word_1_304' title='bbox 1073 2419 1348 2492; x_wconf 89' lang='lat' dir='ltr'>requirat,</span> <span class='ocrx_word' id='word_1_305' title='bbox 1383 2421 1861 2476; x_wconf 90' lang='lat' dir='ltr'>annumerandus</span> 
     </span>
    </p>
   </div>
   <div class='ocr_carea' id='block_1_41' title="bbox 224 2508 1864 2581">
    <p class='ocr_par' dir='ltr' id='par_1_41' title="bbox 224 2508 1864 2581">
     <span class='ocr_line' id='line_1_41' title="bbox 224 2508 1864 2581; baseline 0 -17"><span class='ocrx_word' id='word_1_306' title='bbox 224 2509 278 2564; x_wconf 89' lang='lat' dir='ltr'>in</span> <span class='ocrx_word' id='word_1_307' title='bbox 307 2511 406 2576; x_wconf 90' lang='lat' dir='ltr'>eis,</span> <span class='ocrx_word' id='word_1_308' title='bbox 434 2510 504 2566; x_wconf 93' lang='lat' dir='ltr'>de</span> <span class='ocrx_word' id='word_1_309' title='bbox 536 2509 756 2581; x_wconf 88' lang='lat' dir='ltr'>quibus</span> <span class='ocrx_word' id='word_1_310' title='bbox 777 2508 858 2565; x_wconf 89' lang='lat' dir='ltr'>ait</span> <span class='ocrx_word' id='word_1_311' title='bbox 885 2509 1010 2581; x_wconf 90' lang='lat' dir='ltr'>ipse</span> <span class='ocrx_word' id='word_1_312' title='bbox 1034 2526 1046 2563; x_wconf 91' lang='lat'>:</span> <span class='ocrx_word' id='word_1_313' title='bbox 1074 2533 1101 2558; x_wconf 92' lang='grc'>‹‹</span> <span class='ocrx_word' id='word_1_314' title='bbox 1129 2509 1275 2575; x_wconf 85' lang='lat' dir='ltr'>Quia</span> <span class='ocrx_word' id='word_1_315' title='bbox 1292 2515 1631 2580; x_wconf 89' lang='lat' dir='ltr'>receperunt</span> <span class='ocrx_word' id='word_1_316' title='bbox 1651 2525 1864 2564; x_wconf 88' lang='lat' dir='ltr'>merce-</span> 
     </span>
    </p>
   </div>
   <div class='ocr_carea' id='block_1_42' title="bbox 231 2596 1862 2669">
    <p class='ocr_par' dir='ltr' id='par_1_42' title="bbox 231 2596 1862 2669">
     <span class='ocr_line' id='line_1_42' title="bbox 231 2596 1862 2669; baseline -0.002 -15"><span class='ocrx_word' id='word_1_317' title='bbox 231 2599 344 2654; x_wconf 86' lang='lat' dir='ltr'>dem</span> <span class='ocrx_word' id='word_1_318' title='bbox 363 2615 526 2654; x_wconf 89' lang='lat' dir='ltr'>suam</span> <span class='ocrx_word' id='word_1_319' title='bbox 561 2597 768 2669; x_wconf 79' lang='lat' dir='ltr'>(Matth.</span> <span class='ocrx_word' id='word_1_320' title='bbox 801 2597 900 2668; x_wconf 83' lang='lat' dir='ltr'>v1).</span> <span class='ocrx_word' id='word_1_321' title='bbox 930 2620 955 2645; x_wconf 90' lang='grc'><strong>››</strong></span> <span class='ocrx_word' id='word_1_322' title='bbox 980 2597 1101 2653; x_wconf 90' lang='lat' dir='ltr'>Imo</span> <span class='ocrx_word' id='word_1_323' title='bbox 1123 2597 1336 2669; x_wconf 87' lang='lat' dir='ltr'>quippe</span> <span class='ocrx_word' id='word_1_324' title='bbox 1358 2597 1770 2668; x_wconf 87' lang='lat' dir='ltr'>cogitationem</span> <span class='ocrx_word' id='word_1_325' title='bbox 1805 2596 1862 2651; x_wconf 91' lang='lat' dir='ltr'>in</span> 
     </span>
    </p>
   </div>
   <div class='ocr_carea' id='block_1_43' title="bbox 236 2684 1863 2758">
    <p class='ocr_par' dir='ltr' id='par_1_43' title="bbox 236 2684 1863 2758">
     <span class='ocr_line' id='line_1_43' title="bbox 236 2684 1863 2758; baseline -0.001 -16"><span class='ocrx_word' id='word_1_326' title='bbox 236 2688 385 2742; x_wconf 85' lang='lat' dir='ltr'>rebus</span> <span class='ocrx_word' id='word_1_327' title='bbox 401 2686 646 2742; x_wconf 87' lang='lat' dir='ltr'>terrenis</span> <span class='ocrx_word' id='word_1_328' title='bbox 667 2703 903 2758; x_wconf 88' lang='lat' dir='ltr'>ponere,</span> <span class='ocrx_word' id='word_1_329' title='bbox 928 2685 1069 2757; x_wconf 89' lang='lat' dir='ltr'>quid</span> <span class='ocrx_word' id='word_1_330' title='bbox 1090 2691 1178 2740; x_wconf 89' lang='lat' dir='ltr'>est</span> <span class='ocrx_word' id='word_1_331' title='bbox 1194 2684 1375 2752; x_wconf 89' lang='lat' dir='ltr'>aliud,</span> <span class='ocrx_word' id='word_1_332' title='bbox 1401 2702 1577 2756; x_wconf 88' lang='lat' dir='ltr'>quam</span> <span class='ocrx_word' id='word_1_333' title='bbox 1595 2687 1863 2757; x_wconf 79' lang='lat' dir='ltr'>quaedam</span> 
     </span>
    </p>
   </div>
   <div class='ocr_carea' id='block_1_44' title="bbox 235 2773 1864 2846">
    <p class='ocr_par' dir='ltr' id='par_1_44' title="bbox 235 2773 1864 2846">
     <span class='ocr_line' id='line_1_44' title="bbox 235 2773 1864 2846; baseline -0.003 -13"><span class='ocrx_word' id='word_1_334' title='bbox 235 2776 456 2833; x_wconf 65' lang='lat' dir='ltr'>ariditas‘</span> <span class='ocrx_word' id='word_1_335' title='bbox 471 2775 684 2831; x_wconf 89' lang='lat' dir='ltr'>mentis</span> <span class='ocrx_word' id='word_1_336' title='bbox 696 2777 724 2830; x_wconf 84' lang='lat'><strong><em>?</em></strong></span> <span class='ocrx_word' id='word_1_337' title='bbox 743 2774 851 2838; x_wconf 88' lang='lat' dir='ltr'>Qui</span> <span class='ocrx_word' id='word_1_338' title='bbox 875 2780 1067 2830; x_wconf 85' lang='lat' dir='ltr'>autem</span> <span class='ocrx_word' id='word_1_339' title='bbox 1087 2773 1385 2830; x_wconf 89' lang='lat' dir='ltr'>intellectu</span> <span class='ocrx_word' id='word_1_340' title='bbox 1399 2774 1720 2829; x_wconf 76' lang='lat' dir='ltr'>cmlestium</span> <span class='ocrx_word' id='word_1_341' title='bbox 1737 2776 1864 2846; x_wconf 89' lang='lat' dir='ltr'>jam</span> 
     </span>
    </p>
   </div>
   <div class='ocr_carea' id='block_1_45' title="bbox 234 2862 1865 2936">
    <p class='ocr_par' dir='ltr' id='par_1_45' title="bbox 234 2862 1865 2936">
     <span class='ocr_line' id='line_1_45' title="bbox 234 2862 1865 2936; baseline -0.002 -16"><span class='ocrx_word' id='word_1_342' title='bbox 234 2882 319 2936; x_wconf 83' lang='lat' dir='ltr'>per</span> <span class='ocrx_word' id='word_1_343' title='bbox 345 2869 541 2920; x_wconf 88' lang='lat' dir='ltr'>sancta</span> <span class='ocrx_word' id='word_1_344' title='bbox 567 2863 860 2920; x_wconf 89' lang='lat' dir='ltr'>desideria</span> <span class='ocrx_word' id='word_1_345' title='bbox 889 2863 946 2919; x_wconf 91' lang='lat' dir='ltr'>in</span> <span class='ocrx_word' id='word_1_346' title='bbox 981 2863 1252 2934; x_wconf 89' lang='lat' dir='ltr'>supernis</span> <span class='ocrx_word' id='word_1_347' title='bbox 1275 2862 1865 2918; x_wconf 88' lang='lat' dir='ltr'>delectationibusin-</span> 
     </span>
    </p>
   </div>
   <div class='ocr_carea' id='block_1_46' title="bbox 235 2940 1863 3026">
    <p class='ocr_par' dir='ltr' id='par_1_46' title="bbox 235 2940 1863 3026">
     <span class='ocr_line' id='line_1_46' title="bbox 235 2940 1863 3026; baseline -0.002 -19"><span class='ocrx_word' id='word_1_348' title='bbox 235 2953 352 3009; x_wconf 85' lang='lat' dir='ltr'>time</span> <span class='ocrx_word' id='word_1_349' title='bbox 370 2940 708 3026; x_wconf 80' lang='lat' dir='ltr'>pascuntur,</span> <span class='ocrx_word' id='word_1_350' title='bbox 724 2951 1139 3024; x_wconf 87' lang='lat' dir='ltr'>quasilargiori</span> <span class='ocrx_word' id='word_1_351' title='bbox 1155 2951 1432 3007; x_wconf 90' lang='lat' dir='ltr'>alimento</span> <span class='ocrx_word' id='word_1_352' title='bbox 1450 2951 1863 3023; x_wconf 87' lang='lat' dir='ltr'>pinguescunt.</span> 
     </span>
    </p>
   </div>
   <div class='ocr_carea' id='block_1_47' title="bbox 236 3036 1868 3114">
    <p class='ocr_par' dir='ltr' id='par_1_47' title="bbox 236 3036 1868 3114">
     <span class='ocr_line' id='line_1_47' title="bbox 236 3036 1868 3114; baseline -0.003 -17"><span class='ocrx_word' id='word_1_353' title='bbox 236 3041 336 3097; x_wconf 84' lang='lat' dir='ltr'>Hac</span> <span class='ocrx_word' id='word_1_354' title='bbox 360 3043 508 3097; x_wconf 90' lang='lat' dir='ltr'>enim</span> <span class='ocrx_word' id='word_1_355' title='bbox 536 3040 895 3114; x_wconf 78' lang='lat' dir='ltr'>pinguedine</span> <span class='ocrx_word' id='word_1_356' title='bbox 927 3039 1182 3113; x_wconf 88' lang='lat' dir='ltr'>saginari</span> <span class='ocrx_word' id='word_1_357' title='bbox 1216 3039 1530 3094; x_wconf 88' lang='lat' dir='ltr'>Psalmista</span> <span class='ocrx_word' id='word_1_358' title='bbox 1560 3036 1868 3110; x_wconf 90' lang='lat' dir='ltr'>concupie-</span> 
     </span>
    </p>
   </div>
   <div class='ocr_carea' id='block_1_48' title="bbox 235 3125 1867 3200">
    <p class='ocr_par' dir='ltr' id='par_1_48' title="bbox 235 3125 1867 3200">
     <span class='ocr_line' id='line_1_48' title="bbox 235 3125 1867 3200; baseline -0.002 -15"><span class='ocrx_word' id='word_1_359' title='bbox 235 3136 329 3198; x_wconf 85' lang='lat' dir='ltr'>rat,</span> <span class='ocrx_word' id='word_1_360' title='bbox 358 3148 485 3186; x_wconf 86' lang='lat' dir='ltr'>cum</span> <span class='ocrx_word' id='word_1_361' title='bbox 537 3130 771 3185; x_wconf 88' lang='lat' dir='ltr'>dicebat</span> <span class='ocrx_word' id='word_1_362' title='bbox 793 3146 850 3182; x_wconf 76' lang='lat' dir='ltr'>:u</span> <span class='ocrx_word' id='word_1_363' title='bbox 885 3128 1048 3184; x_wconf 86' lang='lat' dir='ltr'>Sicut</span> <span class='ocrx_word' id='word_1_364' title='bbox 1093 3128 1262 3200; x_wconf 87' lang='lat' dir='ltr'>adipe</span> <span class='ocrx_word' id='word_1_365' title='bbox 1291 3132 1348 3182; x_wconf 91' lang='lat' dir='ltr'>et</span> <span class='ocrx_word' id='word_1_366' title='bbox 1395 3125 1750 3200; x_wconf 87' lang='lat' dir='ltr'>pinguedine</span> <span class='ocrx_word' id='word_1_367' title='bbox 1779 3143 1867 3181; x_wconf 92' lang='lat' dir='ltr'>re-</span> 
     </span>
    </p>
   </div>
   <div class='ocr_carea' id='block_1_49' title="bbox 1967 1889 3622 1959">
    <p class='ocr_par' dir='ltr' id='par_1_49' title="bbox 1967 1889 3622 1959">
     <span class='ocr_line' id='line_1_49' title="bbox 1967 1889 3622 1959; baseline 0.003 -17"><span class='ocrx_word' id='word_1_368' title='bbox 1967 1889 2135 1958; x_wconf 91' lang='lat' dir='ltr'>cujus</span> <span class='ocrx_word' id='word_1_369' title='bbox 2169 1891 2399 1959; x_wconf 89' lang='lat' dir='ltr'>tempus</span> <span class='ocrx_word' id='word_1_370' title='bbox 2431 1906 2545 1943; x_wconf 90' lang='lat' dir='ltr'>non</span> <span class='ocrx_word' id='word_1_371' title='bbox 2568 1893 2691 1944; x_wconf 90' lang='lat' dir='ltr'>erat</span> <span class='ocrx_word' id='word_1_372' title='bbox 2717 1889 3060 1944; x_wconf 87' lang='lat' dir='ltr'>imminente</span> <span class='ocrx_word' id='word_1_373' title='bbox 3080 1889 3438 1957; x_wconf 88' lang='lat' dir='ltr'>discrimine,</span> <span class='ocrx_word' id='word_1_374' title='bbox 3463 1893 3560 1947; x_wconf 87' lang='lat' dir='ltr'>sed</span> <span class='ocrx_word' id='word_1_375' title='bbox 3588 1909 3622 1947; x_wconf 91' lang='lat' dir='ltr'>a</span> 
     </span>
    </p>
   </div>
   <div class='ocr_carea' id='block_1_50' title="bbox 1969 1976 3619 2048">
    <p class='ocr_par' dir='ltr' id='par_1_50' title="bbox 1969 1976 3619 2048">
     <span class='ocr_line' id='line_1_50' title="bbox 1969 1976 3619 2048; baseline 0.002 -16"><span class='ocrx_word' id='word_1_376' title='bbox 1969 1993 2175 2032; x_wconf 90' lang='lat' dir='ltr'>somno</span> <span class='ocrx_word' id='word_1_377' title='bbox 2193 1976 2555 2033; x_wconf 81' lang='lat' dir='ltr'>infidelitatis</span> <span class='ocrx_word' id='word_1_378' title='bbox 2577 1981 2635 2033; x_wconf 91' lang='lat' dir='ltr'>et</span> <span class='ocrx_word' id='word_1_379' title='bbox 2657 1977 2916 2048; x_wconf 91' lang='lat' dir='ltr'>corporis</span> <span class='ocrx_word' id='word_1_380' title='bbox 2933 1982 2989 2033; x_wconf 91' lang='lat' dir='ltr'>et</span> <span class='ocrx_word' id='word_1_381' title='bbox 3011 1978 3244 2034; x_wconf 88' lang='lat' dir='ltr'>mentis.</span> <span class='ocrx_word' id='word_1_382' title='bbox 3271 1983 3408 2035; x_wconf 92' lang='lat' dir='ltr'>Dato</span> <span class='ocrx_word' id='word_1_383' title='bbox 3422 1983 3619 2035; x_wconf 88' lang='lat' dir='ltr'>autem</span> 
     </span>
    </p>
   </div>
   <div class='ocr_carea' id='block_1_51' title="bbox 1968 2065 3617 2139">
    <p class='ocr_par' dir='ltr' id='par_1_51' title="bbox 1968 2065 3617 2139">
     <span class='ocr_line' id='line_1_51' title="bbox 1968 2065 3617 2139; baseline 0.002 -20"><span class='ocrx_word' id='word_1_384' title='bbox 1968 2065 2052 2120; x_wconf 90' lang='lat' dir='ltr'>eis</span> <span class='ocrx_word' id='word_1_385' title='bbox 2083 2070 2389 2137; x_wconf 74' lang='lat' dir='ltr'>przecepto,</span> <span class='ocrx_word' id='word_1_386' title='bbox 2426 2070 2490 2120; x_wconf 93' lang='lat' dir='ltr'>ut</span> <span class='ocrx_word' id='word_1_387' title='bbox 2519 2065 2879 2122; x_wconf 90' lang='lat' dir='ltr'>sustinerent</span> <span class='ocrx_word' id='word_1_388' title='bbox 2925 2066 3348 2139; x_wconf 88' lang='lat' dir='ltr'>vigilarentque</span> <span class='ocrx_word' id='word_1_389' title='bbox 3396 2085 3617 2136; x_wconf 90' lang='lat' dir='ltr'>secum,</span> 
     </span>
    </p>
   </div>
   <div class='ocr_carea' id='block_1_52' title="bbox 1969 2152 3624 2227">
    <p class='ocr_par' dir='ltr' id='par_1_52' title="bbox 1969 2152 3624 2227">
     <span class='ocr_line' id='line_1_52' title="bbox 1969 2152 3624 2227; baseline 0.002 -18"><span class='ocrx_word' id='word_1_390' title='bbox 1969 2152 2276 2225; x_wconf 90' lang='lat' dir='ltr'>paululum</span> <span class='ocrx_word' id='word_1_391' title='bbox 2308 2154 2613 2227; x_wconf 90' lang='lat' dir='ltr'>procideus</span> <span class='ocrx_word' id='word_1_392' title='bbox 2637 2156 2751 2210; x_wconf 90' lang='lat' dir='ltr'>ruit</span> <span class='ocrx_word' id='word_1_393' title='bbox 2773 2157 2831 2210; x_wconf 91' lang='lat' dir='ltr'>in</span> <span class='ocrx_word' id='word_1_394' title='bbox 2864 2154 3068 2211; x_wconf 86' lang='lat' dir='ltr'>faciem</span> <span class='ocrx_word' id='word_1_395' title='bbox 3097 2173 3286 2223; x_wconf 89' lang='lat' dir='ltr'>suam,</span> <span class='ocrx_word' id='word_1_396' title='bbox 3310 2162 3368 2212; x_wconf 91' lang='lat' dir='ltr'>et</span> <span class='ocrx_word' id='word_1_397' title='bbox 3391 2156 3624 2212; x_wconf 90' lang='lat' dir='ltr'>humili-</span> 
     </span>
    </p>
   </div>
   <div class='ocr_carea' id='block_1_53' title="bbox 1967 2243 3154 2300">
    <p class='ocr_par' dir='ltr' id='par_1_53' title="bbox 1967 2243 3154 2300">
     <span class='ocr_line' id='line_1_53' title="bbox 1967 2243 3154 2300; baseline 0.002 -2"><span class='ocrx_word' id='word_1_398' title='bbox 1967 2247 2147 2298; x_wconf 86' lang='lat' dir='ltr'>tatem</span> <span class='ocrx_word' id='word_1_399' title='bbox 2182 2243 2394 2299; x_wconf 88' lang='lat' dir='ltr'>mentis</span> <span class='ocrx_word' id='word_1_400' title='bbox 2421 2244 2624 2299; x_wconf 88' lang='lat' dir='ltr'>habitu</span> <span class='ocrx_word' id='word_1_401' title='bbox 2657 2244 2851 2299; x_wconf 90' lang='lat' dir='ltr'>carnis</span> <span class='ocrx_word' id='word_1_402' title='bbox 2881 2245 3154 2300; x_wconf 89' lang='lat' dir='ltr'>ostendit.</span> 
     </span>
    </p>
   </div>
   <div class='ocr_carea' id='block_1_54' title="bbox 2044 2331 3622 2404">
    <p class='ocr_par' dir='ltr' id='par_1_54' title="bbox 2044 2331 3622 2404">
     <span class='ocr_line' id='line_1_54' title="bbox 2044 2331 3622 2404; baseline 0.005 -22"><span class='ocrx_word' id='word_1_403' title='bbox 2044 2354 2071 2381; x_wconf 85' lang='lat'><strong>«</strong></span> <span class='ocrx_word' id='word_1_404' title='bbox 2103 2333 2172 2386; x_wconf 87' lang='lat' dir='ltr'>Et</span> <span class='ocrx_word' id='word_1_405' title='bbox 2201 2332 2404 2386; x_wconf 89' lang='lat' dir='ltr'>orabat</span> <span class='ocrx_word' id='word_1_406' title='bbox 2459 2335 2542 2401; x_wconf 89' lang='lat' dir='ltr'>ut,</span> <span class='ocrx_word' id='word_1_407' title='bbox 2577 2332 2624 2387; x_wconf 91' lang='lat' dir='ltr'>si</span> <span class='ocrx_word' id='word_1_408' title='bbox 2668 2331 2792 2387; x_wconf 86' lang='lat' dir='ltr'>fieri</span> <span class='ocrx_word' id='word_1_409' title='bbox 2850 2336 3064 2404; x_wconf 90' lang='lat' dir='ltr'>posset,</span> <span class='ocrx_word' id='word_1_410' title='bbox 3122 2333 3399 2390; x_wconf 86' lang='lat' dir='ltr'>transiret</span> <span class='ocrx_word' id='word_1_411' title='bbox 3455 2335 3527 2389; x_wconf 90' lang='lat' dir='ltr'>ab</span> <span class='ocrx_word' id='word_1_412' title='bbox 3557 2349 3622 2390; x_wconf 86' lang='lat' dir='ltr'>eo</span> 
     </span>
    </p>
   </div>
   <div class='ocr_carea' id='block_1_55' title="bbox 1972 2420 3628 2494">
    <p class='ocr_par' dir='ltr' id='par_1_55' title="bbox 1972 2420 3628 2494">
     <span class='ocr_line' id='line_1_55' title="bbox 1972 2420 3628 2494; baseline 0.002 -18"><span class='ocrx_word' id='word_1_413' title='bbox 1972 2443 1998 2470; x_wconf 89' lang='grc'><em>‹‹</em></span> <span class='ocrx_word' id='word_1_414' title='bbox 2029 2420 2190 2488; x_wconf 90' lang='lat' dir='ltr'>hora,</span> <span class='ocrx_word' id='word_1_415' title='bbox 2225 2427 2282 2476; x_wconf 90' lang='lat' dir='ltr'>et</span> <span class='ocrx_word' id='word_1_416' title='bbox 2301 2421 2447 2476; x_wconf 81' lang='lat' dir='ltr'>dixit</span> <span class='ocrx_word' id='word_1_417' title='bbox 2469 2438 2480 2476; x_wconf 93' lang='lat'>:</span> <span class='ocrx_word' id='word_1_418' title='bbox 2505 2421 2670 2476; x_wconf 87' lang='lat' dir='ltr'>Abba</span> <span class='ocrx_word' id='word_1_419' title='bbox 2700 2421 2886 2487; x_wconf 85' lang='lat' dir='ltr'>Pater,</span> <span class='ocrx_word' id='word_1_420' title='bbox 2929 2420 3129 2476; x_wconf 89' lang='lat' dir='ltr'>omnia</span> <span class='ocrx_word' id='word_1_421' title='bbox 3166 2422 3272 2477; x_wconf 89' lang='lat' dir='ltr'>tibi</span> <span class='ocrx_word' id='word_1_422' title='bbox 3323 2421 3628 2494; x_wconf 85' lang='lat' dir='ltr'>possibilia</span> 
     </span>
    </p>
   </div>
   <div class='ocr_carea' id='block_1_56' title="bbox 1973 2509 3631 2576">
    <p class='ocr_par' dir='ltr' id='par_1_56' title="bbox 1973 2509 3631 2576">
     <span class='ocr_line' id='line_1_56' title="bbox 1973 2509 3631 2576; baseline 0.005 -17"><span class='ocrx_word' id='word_1_423' title='bbox 1973 2533 1999 2560; x_wconf 86' lang='lat'><strong>«</strong></span> <span class='ocrx_word' id='word_1_424' title='bbox 2035 2515 2192 2574; x_wconf 90' lang='lat' dir='ltr'>sunt,</span> <span class='ocrx_word' id='word_1_425' title='bbox 2226 2509 2478 2565; x_wconf 81' lang='lat' dir='ltr'>transfer</span> <span class='ocrx_word' id='word_1_426' title='bbox 2509 2509 2750 2564; x_wconf 88' lang='lat' dir='ltr'>calicem</span> <span class='ocrx_word' id='word_1_427' title='bbox 2775 2509 2932 2564; x_wconf 90' lang='lat' dir='ltr'>hunc</span> <span class='ocrx_word' id='word_1_428' title='bbox 2958 2527 2991 2564; x_wconf 87' lang='lat' dir='ltr'>a</span> <span class='ocrx_word' id='word_1_429' title='bbox 3024 2527 3183 2564; x_wconf 86' lang='lat' dir='ltr'>me.»</span> <span class='ocrx_word' id='word_1_430' title='bbox 3215 2511 3361 2576; x_wconf 89' lang='lat' dir='ltr'>Quid</span> <span class='ocrx_word' id='word_1_431' title='bbox 3385 2516 3511 2567; x_wconf 87' lang='lat' dir='ltr'>erat</span> <span class='ocrx_word' id='word_1_432' title='bbox 3531 2511 3631 2568; x_wconf 69' lang='lat' dir='ltr'>illa</span> 
     </span>
    </p>
   </div>
   <div class='ocr_carea' id='block_1_57' title="bbox 1970 2597 3631 2665">
    <p class='ocr_par' dir='ltr' id='par_1_57' title="bbox 1970 2597 3631 2665">
     <span class='ocr_line' id='line_1_57' title="bbox 1970 2597 3631 2665; baseline 0.002 -13"><span class='ocrx_word' id='word_1_433' title='bbox 1970 2615 2097 2665; x_wconf 92' lang='lat' dir='ltr'>vox,</span> <span class='ocrx_word' id='word_1_434' title='bbox 2124 2599 2236 2653; x_wconf 88' lang='lat' dir='ltr'>nisi</span> <span class='ocrx_word' id='word_1_435' title='bbox 2262 2615 2443 2654; x_wconf 91' lang='lat' dir='ltr'>sonus</span> <span class='ocrx_word' id='word_1_436' title='bbox 2466 2597 2828 2654; x_wconf 84' lang='lat' dir='ltr'>inﬁrmitatis</span> <span class='ocrx_word' id='word_1_437' title='bbox 2851 2602 3061 2654; x_wconf 62' lang='lat' dir='ltr'>nostra;</span> <span class='ocrx_word' id='word_1_438' title='bbox 3082 2599 3108 2652; x_wconf 87' lang='lat'><strong>?</strong></span> <span class='ocrx_word' id='word_1_439' title='bbox 3130 2598 3294 2654; x_wconf 88' lang='lat' dir='ltr'>Multi</span> <span class='ocrx_word' id='word_1_440' title='bbox 3324 2599 3517 2656; x_wconf 88' lang='lat' dir='ltr'>adhuc</span> <span class='ocrx_word' id='word_1_441' title='bbox 3547 2601 3631 2656; x_wconf 90' lang='lat' dir='ltr'>in-</span> 
     </span>
    </p>
   </div>
   <div class='ocr_carea' id='block_1_58' title="bbox 1974 2686 3631 2756">
    <p class='ocr_par' dir='ltr' id='par_1_58' title="bbox 1974 2686 3631 2756">
     <span class='ocr_line' id='line_1_58' title="bbox 1974 2686 3631 2756; baseline 0.002 -15"><span class='ocrx_word' id='word_1_442' title='bbox 1974 2686 2128 2742; x_wconf 82' lang='lat' dir='ltr'>firmi</span> <span class='ocrx_word' id='word_1_443' title='bbox 2161 2687 2588 2742; x_wconf 87' lang='lat' dir='ltr'>contristantur</span> <span class='ocrx_word' id='word_1_444' title='bbox 2633 2686 2831 2742; x_wconf 86' lang='lat' dir='ltr'>futura</span> <span class='ocrx_word' id='word_1_445' title='bbox 2861 2690 3070 2756; x_wconf 89' lang='lat' dir='ltr'>morte,</span> <span class='ocrx_word' id='word_1_446' title='bbox 3103 2688 3204 2742; x_wconf 89' lang='lat' dir='ltr'>sed</span> <span class='ocrx_word' id='word_1_447' title='bbox 3257 2687 3512 2743; x_wconf 86' lang='lat' dir='ltr'>habeant</span> <span class='ocrx_word' id='word_1_448' title='bbox 3541 2705 3631 2744; x_wconf 86' lang='lat' dir='ltr'>re-</span> 
     </span>
    </p>
   </div>
   <div class='ocr_carea' id='block_1_59' title="bbox 1975 2776 3631 2847">
    <p class='ocr_par' dir='ltr' id='par_1_59' title="bbox 1975 2776 3631 2847">
     <span class='ocr_line' id='line_1_59' title="bbox 1975 2776 3631 2847; baseline 0.001 -17"><span class='ocrx_word' id='word_1_449' title='bbox 1975 2779 2135 2830; x_wconf 88' lang='lat' dir='ltr'>ctum</span> <span class='ocrx_word' id='word_1_450' title='bbox 2167 2792 2284 2842; x_wconf 91' lang='lat' dir='ltr'>cor,</span> <span class='ocrx_word' id='word_1_451' title='bbox 2316 2776 2500 2830; x_wconf 90' lang='lat' dir='ltr'>vitent</span> <span class='ocrx_word' id='word_1_452' title='bbox 2538 2779 2786 2830; x_wconf 89' lang='lat' dir='ltr'>mortem</span> <span class='ocrx_word' id='word_1_453' title='bbox 2821 2779 3110 2846; x_wconf 89' lang='lat' dir='ltr'>quantum</span> <span class='ocrx_word' id='word_1_454' title='bbox 3145 2779 3415 2847; x_wconf 89' lang='lat' dir='ltr'>possunt,</span> <span class='ocrx_word' id='word_1_455' title='bbox 3447 2777 3549 2832; x_wconf 88' lang='lat' dir='ltr'>sed</span> <span class='ocrx_word' id='word_1_456' title='bbox 3581 2777 3631 2832; x_wconf 89' lang='lat' dir='ltr'>si</span> 
     </span>
    </p>
   </div>
   <div class='ocr_carea' id='block_1_60' title="bbox 1976 2863 3635 2938">
    <p class='ocr_par' dir='ltr' id='par_1_60' title="bbox 1976 2863 3635 2938">
     <span class='ocr_line' id='line_1_60' title="bbox 1976 2863 3635 2938; baseline 0.001 -20"><span class='ocrx_word' id='word_1_457' title='bbox 1976 2881 2090 2919; x_wconf 91' lang='lat' dir='ltr'>non</span> <span class='ocrx_word' id='word_1_458' title='bbox 2115 2864 2586 2936; x_wconf 88' lang='lat' dir='ltr'>possunt,dicant</span> <span class='ocrx_word' id='word_1_459' title='bbox 2608 2863 2762 2935; x_wconf 92' lang='lat' dir='ltr'>quod</span> <span class='ocrx_word' id='word_1_460' title='bbox 2780 2864 2903 2934; x_wconf 90' lang='lat' dir='ltr'>ipse</span> <span class='ocrx_word' id='word_1_461' title='bbox 2923 2864 3226 2930; x_wconf 90' lang='lat' dir='ltr'>Dominus,</span> <span class='ocrx_word' id='word_1_462' title='bbox 3251 2880 3365 2919; x_wconf 90' lang='lat' dir='ltr'>non</span> <span class='ocrx_word' id='word_1_463' title='bbox 3397 2869 3635 2938; x_wconf 86' lang='lat' dir='ltr'>propter</span> 
     </span>
    </p>
   </div>
   <div class='ocr_carea' id='block_1_61' title="bbox 1977 2951 3628 3025">
    <p class='ocr_par' dir='ltr' id='par_1_61' title="bbox 1977 2951 3628 3025">
     <span class='ocr_line' id='line_1_61' title="bbox 1977 2951 3628 3025; baseline 0 -17"><span class='ocrx_word' id='word_1_464' title='bbox 1977 2969 2059 3019; x_wconf 89' lang='lat' dir='ltr'>se,</span> <span class='ocrx_word' id='word_1_465' title='bbox 2087 2954 2188 3008; x_wconf 87' lang='lat' dir='ltr'>sed</span> <span class='ocrx_word' id='word_1_466' title='bbox 2221 2957 2458 3025; x_wconf 87' lang='lat' dir='ltr'>propter</span> <span class='ocrx_word' id='word_1_467' title='bbox 2488 2970 2592 3008; x_wconf 90' lang='lat' dir='ltr'>nos</span> <span class='ocrx_word' id='word_1_468' title='bbox 2623 2951 2786 3007; x_wconf 91' lang='lat' dir='ltr'>dixit.</span> <span class='ocrx_word' id='word_1_469' title='bbox 2819 2951 2967 3015; x_wconf 89' lang='lat' dir='ltr'>Quid</span> <span class='ocrx_word' id='word_1_470' title='bbox 3001 2953 3158 3008; x_wconf 90' lang='lat' dir='ltr'>enim</span> <span class='ocrx_word' id='word_1_471' title='bbox 3189 2953 3356 3020; x_wconf 82' lang='lat' dir='ltr'>dixit,</span> <span class='ocrx_word' id='word_1_472' title='bbox 3382 2977 3410 3003; x_wconf 91' lang='grc'>‹‹</span> <span class='ocrx_word' id='word_1_473' title='bbox 3441 2955 3628 3021; x_wconf 84' lang='lat' dir='ltr'>Pater,</span> 
     </span>
    </p>
   </div>
   <div class='ocr_carea' id='block_1_62' title="bbox 1977 3040 3632 3113">
    <p class='ocr_par' dir='ltr' id='par_1_62' title="bbox 1977 3040 3632 3113">
     <span class='ocr_line' id='line_1_62' title="bbox 1977 3040 3632 3113; baseline 0.001 -16"><span class='ocrx_word' id='word_1_474' title='bbox 1977 3042 2027 3098; x_wconf 92' lang='lat' dir='ltr'>si</span> <span class='ocrx_word' id='word_1_475' title='bbox 2053 3041 2173 3096; x_wconf 83' lang='lat' dir='ltr'>fieri</span> <span class='ocrx_word' id='word_1_476' title='bbox 2198 3046 2406 3113; x_wconf 88' lang='lat' dir='ltr'>potest,</span> <span class='ocrx_word' id='word_1_477' title='bbox 2439 3044 2699 3096; x_wconf 89' lang='lat' dir='ltr'>transeat</span> <span class='ocrx_word' id='word_1_478' title='bbox 2729 3058 2762 3095; x_wconf 91' lang='lat' dir='ltr'>a</span> <span class='ocrx_word' id='word_1_479' title='bbox 2793 3057 2885 3096; x_wconf 90' lang='lat' dir='ltr'>me</span> <span class='ocrx_word' id='word_1_480' title='bbox 2902 3040 3051 3096; x_wconf 86' lang='lat' dir='ltr'>calix</span> <span class='ocrx_word' id='word_1_481' title='bbox 3069 3041 3177 3097; x_wconf 88' lang='lat' dir='ltr'>iste</span> <span class='ocrx_word' id='word_1_482' title='bbox 3197 3041 3226 3096; x_wconf 85' lang='lat'><strong>?</strong></span> <span class='ocrx_word' id='word_1_483' title='bbox 3246 3063 3274 3091; x_wconf 87' lang='lat'><strong><em>«</em></strong></span> <span class='ocrx_word' id='word_1_484' title='bbox 3290 3042 3434 3098; x_wconf 84' lang='lat' dir='ltr'>Ecce</span> <span class='ocrx_word' id='word_1_485' title='bbox 3453 3041 3632 3098; x_wconf 88' lang='lat' dir='ltr'>habet</span> 
     </span>
    </p>
   </div>
   <div class='ocr_carea' id='block_1_63' title="bbox 1975 3129 3630 3201">
    <p class='ocr_par' dir='ltr' id='par_1_63' title="bbox 1975 3129 3630 3201">
     <span class='ocr_line' id='line_1_63' title="bbox 1975 3129 3630 3201; baseline 0.001 -16"><span class='ocrx_word' id='word_1_486' title='bbox 1975 3131 2334 3187; x_wconf 89' lang='lat' dir='ltr'>voluntatem</span> <span class='ocrx_word' id='word_1_487' title='bbox 2365 3129 2684 3184; x_wconf 85' lang='lat' dir='ltr'>humanam</span> <span class='ocrx_word' id='word_1_488' title='bbox 2734 3129 3022 3195; x_wconf 88' lang='lat' dir='ltr'>Christus,</span> <span class='ocrx_word' id='word_1_489' title='bbox 3070 3130 3202 3185; x_wconf 89' lang='lat' dir='ltr'>vide</span> <span class='ocrx_word' id='word_1_490' title='bbox 3239 3131 3366 3201; x_wconf 87' lang='lat' dir='ltr'>jam</span> <span class='ocrx_word' id='word_1_491' title='bbox 3405 3135 3630 3186; x_wconf 88' lang='lat' dir='ltr'>rectum</span> 
     </span>
    </p>
   </div>
   <div class='ocr_carea' id='block_1_64' title="bbox 237 3203 3632 3291">
    <p class='ocr_par' dir='ltr' id='par_1_64' title="bbox 237 3203 3632 3291">
     <span class='ocr_line' id='line_1_64' title="bbox 237 3203 3632 3291; baseline 0.001 -18"><span class='ocrx_word' id='word_1_492' title='bbox 237 3218 443 3291; x_wconf 85' lang='lat' dir='ltr'>pleatur</span> <span class='ocrx_word' id='word_1_493' title='bbox 473 3220 678 3275; x_wconf 89' lang='lat' dir='ltr'>anima</span> <span class='ocrx_word' id='word_1_494' title='bbox 707 3235 838 3272; x_wconf 90' lang='lat' dir='ltr'>mea</span> <span class='ocrx_word' id='word_1_495' title='bbox 867 3218 1038 3285; x_wconf 80' lang='lat' dir='ltr'>(Psal.</span> <span class='ocrx_word' id='word_1_496' title='bbox 1073 3216 1224 3288; x_wconf 80' lang='lat' dir='ltr'>Lxu).</span> <span class='ocrx_word' id='word_1_497' title='bbox 1254 3240 1280 3266; x_wconf 82' lang='grc'>››</span> <span class='ocrx_word' id='word_1_498' title='bbox 1305 3219 1600 3282; x_wconf 89' lang='lat' dir='ltr'>Quantum</span> <span class='ocrx_word' id='word_1_499' title='bbox 1628 3233 1760 3272; x_wconf 85' lang='lat' dir='ltr'>vero</span> <span class='ocrx_word' id='word_1_500' title='bbox 1797 3216 1864 3269; x_wconf 87' lang='lat' dir='ltr'>ad</span> <span class='ocrx_word' id='word_1_501' title='bbox 1900 3203 1941 3269; x_wconf 87' lang='lat' dir='ltr'>C</span> <span class='ocrx_word' id='word_1_502' title='bbox 1981 3237 2104 3277; x_wconf 82' lang='lat' dir='ltr'>cor:</span> <span class='ocrx_word' id='word_1_503' title='bbox 2131 3242 2159 3270; x_wconf 87' lang='lat'><strong>«</strong></span> <span class='ocrx_word' id='word_1_504' title='bbox 2184 3220 2294 3274; x_wconf 92' lang='lat' dir='ltr'>Sed</span> <span class='ocrx_word' id='word_1_505' title='bbox 2317 3236 2430 3274; x_wconf 90' lang='lat' dir='ltr'>non</span> <span class='ocrx_word' id='word_1_506' title='bbox 2455 3218 2608 3290; x_wconf 90' lang='lat' dir='ltr'>quod</span> <span class='ocrx_word' id='word_1_507' title='bbox 2633 3234 2737 3289; x_wconf 89' lang='lat' dir='ltr'>ego</span> <span class='ocrx_word' id='word_1_508' title='bbox 2756 3217 2902 3285; x_wconf 91' lang='lat' dir='ltr'>volo,</span> <span class='ocrx_word' id='word_1_509' title='bbox 2927 3219 3028 3274; x_wconf 92' lang='lat' dir='ltr'>sed</span> <span class='ocrx_word' id='word_1_510' title='bbox 3052 3219 3632 3290; x_wconf 75' lang='lat' dir='ltr'>quod~tu.nNon&#39;veni</span> 
     </span>
    </p>
   </div>
   <div class='ocr_carea' id='block_1_65' title="bbox 235 3304 1865 3379">
    <p class='ocr_par' dir='ltr' id='par_1_65' title="bbox 235 3304 1865 3379">
     <span class='ocr_line' id='line_1_65' title="bbox 235 3304 1865 3379; baseline -0.001 -19"><span class='ocrx_word' id='word_1_511' title='bbox 235 3308 403 3379; x_wconf 86' lang='lat' dir='ltr'>ipsam</span> <span class='ocrx_word' id='word_1_512' title='bbox 429 3307 741 3364; x_wconf 69' lang='lat' dir='ltr'>Dominica:</span> <span class='ocrx_word' id='word_1_513' title='bbox 765 3305 1056 3378; x_wconf 87' lang='lat' dir='ltr'>passionis</span> <span class='ocrx_word' id='word_1_514' title='bbox 1077 3306 1573 3377; x_wconf 86' lang='lat' dir='ltr'>dispensationem</span> <span class='ocrx_word' id='word_1_515' title='bbox 1595 3304 1865 3377; x_wconf 87' lang='lat' dir='ltr'>pertinet,</span> 
     </span>
    </p>
   </div>
   <div class='ocr_carea' id='block_1_66' title="bbox 235 3392 1870 3470">
    <p class='ocr_par' dir='ltr' id='par_1_66' title="bbox 235 3392 1870 3470">
     <span class='ocr_line' id='line_1_66' title="bbox 235 3392 1870 3470; baseline 0 -22"><span class='ocrx_word' id='word_1_516' title='bbox 235 3401 354 3467; x_wconf 87' lang='lat' dir='ltr'>apte</span> <span class='ocrx_word' id='word_1_517' title='bbox 380 3396 731 3470; x_wconf 82' lang='lat' dir='ltr'>appmpians</span> <span class='ocrx_word' id='word_1_518' title='bbox 749 3395 921 3451; x_wconf 89' lang='lat' dir='ltr'>morti</span> <span class='ocrx_word' id='word_1_519' title='bbox 947 3393 1226 3450; x_wconf 89' lang='lat' dir='ltr'>Dominus</span> <span class='ocrx_word' id='word_1_520' title='bbox 1248 3393 1307 3448; x_wconf 89' lang='lat' dir='ltr'>in</span> <span class='ocrx_word' id='word_1_521' title='bbox 1329 3394 1472 3449; x_wconf 89' lang='lat' dir='ltr'>valle</span> <span class='ocrx_word' id='word_1_522' title='bbox 1495 3392 1870 3466; x_wconf 87' lang='lat' dir='ltr'>pinguedinis</span> 
     </span>
    </p>
   </div>
   <div class='ocr_carea' id='block_1_67' title="bbox 234 3481 1869 3557">
    <p class='ocr_par' dir='ltr' id='par_1_67' title="bbox 234 3481 1869 3557">
     <span class='ocr_line' id='line_1_67' title="bbox 234 3481 1869 3557; baseline -0.001 -20"><span class='ocrx_word' id='word_1_523' title='bbox 234 3485 423 3550; x_wconf 89' lang='lat' dir='ltr'>oravit,</span> <span class='ocrx_word' id='word_1_524' title='bbox 441 3485 576 3557; x_wconf 83' lang='lat' dir='ltr'>quia</span> <span class='ocrx_word' id='word_1_525' title='bbox 607 3501 711 3557; x_wconf 88' lang='lat' dir='ltr'>per</span> <span class='ocrx_word' id='word_1_526' title='bbox 740 3481 945 3539; x_wconf 89' lang='lat' dir='ltr'>vallem</span> <span class='ocrx_word' id='word_1_527' title='bbox 978 3482 1351 3549; x_wconf 89' lang='lat' dir='ltr'>humilitatis,</span> <span class='ocrx_word' id='word_1_528' title='bbox 1372 3487 1428 3538; x_wconf 92' lang='lat' dir='ltr'>et</span> <span class='ocrx_word' id='word_1_529' title='bbox 1453 3482 1869 3554; x_wconf 87' lang='lat' dir='ltr'>pinguedinem</span> 
     </span>
    </p>
   </div>
   <div class='ocr_carea' id='block_1_68' title="bbox 231 3570 1870 3646">
    <p class='ocr_par' dir='ltr' id='par_1_68' title="bbox 231 3570 1870 3646">
     <span class='ocr_line' id='line_1_68' title="bbox 231 3570 1870 3646; baseline -0.002 -19"><span class='ocrx_word' id='word_1_530' title='bbox 231 3571 512 3630; x_wconf 86' lang='lat' dir='ltr'>charitatis</span> <span class='ocrx_word' id='word_1_531' title='bbox 532 3591 636 3646; x_wconf 91' lang='lat' dir='ltr'>pro</span> <span class='ocrx_word' id='word_1_532' title='bbox 658 3573 828 3628; x_wconf 88' lang='lat' dir='ltr'>nobis</span> <span class='ocrx_word' id='word_1_533' title='bbox 851 3576 1097 3628; x_wconf 86' lang='lat' dir='ltr'>mortem</span> <span class='ocrx_word' id='word_1_534' title='bbox 1113 3571 1695 3628; x_wconf 85' lang='lat' dir='ltr'>subiit.«Ilumiliavit</span> <span class='ocrx_word' id='word_1_535' title='bbox 1715 3570 1870 3625; x_wconf 91' lang='lat' dir='ltr'>enim</span> 
     </span>
    </p>
   </div>
   <div class='ocr_carea' id='block_1_69' title="bbox 233 3661 1869 3735">
    <p class='ocr_par' dir='ltr' id='par_1_69' title="bbox 233 3661 1869 3735">
     <span class='ocr_line' id='line_1_69' title="bbox 233 3661 1869 3735; baseline -0.001 -19"><span class='ocrx_word' id='word_1_536' title='bbox 233 3662 619 3735; x_wconf 83' lang='lat' dir='ltr'>semetipsum,</span> <span class='ocrx_word' id='word_1_537' title='bbox 640 3662 830 3716; x_wconf 86' lang='lat' dir='ltr'>factus</span> <span class='ocrx_word' id='word_1_538' title='bbox 841 3661 1118 3717; x_wconf 89' lang='lat' dir='ltr'>obediens</span> <span class='ocrx_word' id='word_1_539' title='bbox 1141 3661 1290 3716; x_wconf 88' lang='lat' dir='ltr'>Patri</span> <span class='ocrx_word' id='word_1_540' title='bbox 1314 3677 1500 3732; x_wconf 91' lang='lat' dir='ltr'>usque</span> <span class='ocrx_word' id='word_1_541' title='bbox 1513 3663 1584 3716; x_wconf 91' lang='lat' dir='ltr'>ad</span> <span class='ocrx_word' id='word_1_542' title='bbox 1601 3664 1869 3725; x_wconf 88' lang='lat' dir='ltr'>mortem,</span> 
     </span>
    </p>
   </div>
   <div class='ocr_carea' id='block_1_70' title="bbox 231 3748 1874 3820">
    <p class='ocr_par' dir='ltr' id='par_1_70' title="bbox 231 3748 1874 3820">
     <span class='ocr_line' id='line_1_70' title="bbox 231 3748 1874 3820; baseline 0 -17"><span class='ocrx_word' id='word_1_543' title='bbox 231 3756 462 3806; x_wconf 88' lang='lat' dir='ltr'>mortem</span> <span class='ocrx_word' id='word_1_544' title='bbox 492 3755 690 3806; x_wconf 90' lang='lat' dir='ltr'>autem</span> <span class='ocrx_word' id='word_1_545' title='bbox 714 3750 904 3804; x_wconf 90' lang='lat' dir='ltr'>crucis</span> <span class='ocrx_word' id='word_1_546' title='bbox 927 3750 1188 3820; x_wconf 77' lang='lat' dir='ltr'>(Philipp.</span> <span class='ocrx_word' id='word_1_547' title='bbox 1210 3753 1296 3817; x_wconf 79' lang='lat' dir='ltr'>Ii).</span> <span class='ocrx_word' id='word_1_548' title='bbox 1324 3772 1350 3798; x_wconf 85' lang='lat'>»</span> <span class='ocrx_word' id='word_1_549' title='bbox 1374 3751 1441 3804; x_wconf 83' lang='lat' dir='ltr'>Et</span> <span class='ocrx_word' id='word_1_550' title='bbox 1461 3751 1742 3820; x_wconf 87' lang='lat' dir='ltr'>majorem</span> <span class='ocrx_word' id='word_1_551' title='bbox 1764 3748 1874 3804; x_wconf 89' lang='lat' dir='ltr'>hac</span> 
     </span>
    </p>
   </div>
   <div class='ocr_carea' id='block_1_71' title="bbox 231 3837 1872 3909">
    <p class='ocr_par' dir='ltr' id='par_1_71' title="bbox 231 3837 1872 3909">
     <span class='ocr_line' id='line_1_71' title="bbox 231 3837 1872 3909; baseline 0.001 -19"><span class='ocrx_word' id='word_1_552' title='bbox 231 3837 582 3895; x_wconf 89' lang='lat' dir='ltr'>dilectionem</span> <span class='ocrx_word' id='word_1_553' title='bbox 603 3855 774 3894; x_wconf 90' lang='lat' dir='ltr'>nemo</span> <span class='ocrx_word' id='word_1_554' title='bbox 798 3837 996 3908; x_wconf 84' lang='lat' dir='ltr'>habet,</span> <span class='ocrx_word' id='word_1_555' title='bbox 1020 3855 1197 3909; x_wconf 87' lang='lat' dir='ltr'>quam</span> <span class='ocrx_word' id='word_1_556' title='bbox 1223 3842 1285 3891; x_wconf 91' lang='lat' dir='ltr'>ut</span> <span class='ocrx_word' id='word_1_557' title='bbox 1307 3839 1564 3893; x_wconf 87' lang='lat' dir='ltr'>animam</span> <span class='ocrx_word' id='word_1_558' title='bbox 1585 3856 1752 3894; x_wconf 88' lang='lat' dir='ltr'>suam</span> <span class='ocrx_word' id='word_1_559' title='bbox 1773 3855 1872 3909; x_wconf 93' lang='lat' dir='ltr'>po-</span> 
     </span>
    </p>
   </div>
   <div class='ocr_carea' id='block_1_72' title="bbox 236 3925 1375 4000">
    <p class='ocr_par' dir='ltr' id='par_1_72' title="bbox 236 3925 1375 4000">
     <span class='ocr_line' id='line_1_72' title="bbox 236 3925 1375 4000; baseline 0.001 -21"><span class='ocrx_word' id='word_1_560' title='bbox 236 3932 336 3980; x_wconf 78' lang='lat' dir='ltr'>nat</span> <span class='ocrx_word' id='word_1_561' title='bbox 363 3929 487 4000; x_wconf 89' lang='lat' dir='ltr'>quis</span> <span class='ocrx_word' id='word_1_562' title='bbox 517 3945 620 4000; x_wconf 91' lang='lat' dir='ltr'>pro</span> <span class='ocrx_word' id='word_1_563' title='bbox 653 3925 860 3982; x_wconf 85' lang='lat' dir='ltr'>amicis</span> <span class='ocrx_word' id='word_1_564' title='bbox 889 3925 1016 3981; x_wconf 90' lang='lat' dir='ltr'>suis</span> <span class='ocrx_word' id='word_1_565' title='bbox 1047 3927 1224 3998; x_wconf 77' lang='lat' dir='ltr'>(Joan.</span> <span class='ocrx_word' id='word_1_566' title='bbox 1265 3926 1375 3997; x_wconf 88' lang='lat' dir='ltr'>xv).</span> 
     </span>
    </p>
   </div>
   <div class='ocr_carea' id='block_1_73' title="bbox 303 4014 1875 4073">
    <p class='ocr_par' dir='ltr' id='par_1_73' title="bbox 303 4014 1875 4073">
     <span class='ocr_line' id='line_1_73' title="bbox 303 4014 1875 4073; baseline -0.001 -3"><span class='ocrx_word' id='word_1_567' title='bbox 303 4039 330 4062; x_wconf 85' lang='grc'>‹‹</span> <span class='ocrx_word' id='word_1_568' title='bbox 357 4015 417 4070; x_wconf 85' lang='lat' dir='ltr'>Et</span> <span class='ocrx_word' id='word_1_569' title='bbox 438 4017 689 4073; x_wconf 88' lang='lat' dir='ltr'>assumit</span> <span class='ocrx_word' id='word_1_570' title='bbox 719 4017 951 4070; x_wconf 90' lang='lat' dir='ltr'>Petrum</span> <span class='ocrx_word' id='word_1_571' title='bbox 981 4018 1038 4069; x_wconf 88' lang='lat' dir='ltr'>et</span> <span class='ocrx_word' id='word_1_572' title='bbox 1066 4014 1350 4069; x_wconf 87' lang='lat' dir='ltr'>Jacobum</span> <span class='ocrx_word' id='word_1_573' title='bbox 1382 4019 1439 4069; x_wconf 88' lang='lat' dir='ltr'>et</span> <span class='ocrx_word' id='word_1_574' title='bbox 1467 4015 1753 4070; x_wconf 86' lang='lat' dir='ltr'>Joannem</span> <span class='ocrx_word' id='word_1_575' title='bbox 1788 4031 1875 4070; x_wconf 91' lang='lat' dir='ltr'>se-</span> 
     </span>
    </p>
   </div>
   <div class='ocr_carea' id='block_1_74' title="bbox 230 4102 1878 4177">
    <p class='ocr_par' dir='ltr' id='par_1_74' title="bbox 230 4102 1878 4177">
     <span class='ocr_line' id='line_1_74' title="bbox 230 4102 1878 4177; baseline 0.001 -20"><span class='ocrx_word' id='word_1_576' title='bbox 230 4125 258 4150; x_wconf 76' lang='lat' dir='ltr'>u</span> <span class='ocrx_word' id='word_1_577' title='bbox 289 4121 439 4171; x_wconf 90' lang='lat' dir='ltr'>cum,</span> <span class='ocrx_word' id='word_1_578' title='bbox 461 4111 516 4160; x_wconf 89' lang='lat' dir='ltr'>et</span> <span class='ocrx_word' id='word_1_579' title='bbox 545 4104 722 4177; x_wconf 67' lang='lat' dir='ltr'>coepit</span> <span class='ocrx_word' id='word_1_580' title='bbox 744 4120 949 4176; x_wconf 87' lang='lat' dir='ltr'>pavere</span> <span class='ocrx_word' id='word_1_581' title='bbox 976 4107 1032 4158; x_wconf 87' lang='lat' dir='ltr'>et</span> <span class='ocrx_word' id='word_1_582' title='bbox 1055 4103 1281 4157; x_wconf 68' lang='lat' dir='ltr'>taedere.</span> <span class='ocrx_word' id='word_1_583' title='bbox 1307 4103 1376 4156; x_wconf 88' lang='lat' dir='ltr'>Et</span> <span class='ocrx_word' id='word_1_584' title='bbox 1398 4102 1476 4156; x_wconf 91' lang='lat' dir='ltr'>ait</span> <span class='ocrx_word' id='word_1_585' title='bbox 1497 4102 1642 4158; x_wconf 89' lang='lat' dir='ltr'>illis:</span> <span class='ocrx_word' id='word_1_586' title='bbox 1668 4103 1878 4159; x_wconf 87' lang='lat' dir='ltr'>Tristis</span> 
     </span>
    </p>
   </div>
   <div class='ocr_carea' id='block_1_75' title="bbox 228 4189 1876 4264">
    <p class='ocr_par' dir='ltr' id='par_1_75' title="bbox 228 4189 1876 4264">
     <span class='ocr_line' id='line_1_75' title="bbox 228 4189 1876 4264; baseline 0 -18"><span class='ocrx_word' id='word_1_587' title='bbox 228 4213 257 4238; x_wconf 86' lang='grc'>‹‹</span> <span class='ocrx_word' id='word_1_588' title='bbox 292 4198 380 4248; x_wconf 88' lang='lat' dir='ltr'>est</span> <span class='ocrx_word' id='word_1_589' title='bbox 399 4193 592 4248; x_wconf 88' lang='lat' dir='ltr'>anima</span> <span class='ocrx_word' id='word_1_590' title='bbox 612 4209 742 4248; x_wconf 86' lang='lat' dir='ltr'>mea</span> <span class='ocrx_word' id='word_1_591' title='bbox 760 4209 946 4264; x_wconf 89' lang='lat' dir='ltr'>usque</span> <span class='ocrx_word' id='word_1_592' title='bbox 963 4191 1036 4247; x_wconf 90' lang='lat' dir='ltr'>ad</span> <span class='ocrx_word' id='word_1_593' title='bbox 1056 4195 1324 4247; x_wconf 88' lang='lat' dir='ltr'>mortem.</span> <span class='ocrx_word' id='word_1_594' title='bbox 1345 4213 1371 4239; x_wconf 85' lang='lat'>»</span> <span class='ocrx_word' id='word_1_595' title='bbox 1387 4189 1574 4246; x_wconf 88' lang='lat' dir='ltr'>Timet</span> <span class='ocrx_word' id='word_1_596' title='bbox 1590 4190 1876 4258; x_wconf 87' lang='lat' dir='ltr'>Christus,</span> 
     </span>
    </p>
   </div>
   <div class='ocr_carea' id='block_1_76' title="bbox 223 4279 1882 4346">
    <p class='ocr_par' dir='ltr' id='par_1_76' title="bbox 223 4279 1882 4346">
     <span class='ocr_line' id='line_1_76' title="bbox 223 4279 1882 4346; baseline -0.001 -11"><span class='ocrx_word' id='word_1_597' title='bbox 223 4297 362 4337; x_wconf 87' lang='lat' dir='ltr'>cum</span> <span class='ocrx_word' id='word_1_598' title='bbox 393 4284 593 4339; x_wconf 88' lang='lat' dir='ltr'>Petrus</span> <span class='ocrx_word' id='word_1_599' title='bbox 628 4299 742 4337; x_wconf 91' lang='lat' dir='ltr'>non</span> <span class='ocrx_word' id='word_1_600' title='bbox 777 4280 999 4336; x_wconf 90' lang='lat' dir='ltr'>timeat.</span> <span class='ocrx_word' id='word_1_601' title='bbox 1028 4279 1296 4336; x_wconf 87' lang='lat' dir='ltr'>Christus</span> <span class='ocrx_word' id='word_1_602' title='bbox 1327 4279 1516 4346; x_wconf 87' lang='lat' dir='ltr'>timet,</span> <span class='ocrx_word' id='word_1_603' title='bbox 1551 4281 1756 4336; x_wconf 91' lang='lat' dir='ltr'>Petrus</span> <span class='ocrx_word' id='word_1_604' title='bbox 1788 4281 1882 4335; x_wconf 86' lang='lat' dir='ltr'>di-</span> 
     </span>
    </p>
   </div>
   <div class='ocr_carea' id='block_1_77' title="bbox 219 4368 1880 4441">
    <p class='ocr_par' dir='ltr' id='par_1_77' title="bbox 219 4368 1880 4441">
     <span class='ocr_line' id='line_1_77' title="bbox 219 4368 1880 4441; baseline -0.002 -15"><span class='ocrx_word' id='word_1_605' title='bbox 219 4371 342 4426; x_wconf 87' lang='lat' dir='ltr'>cit:</span> <span class='ocrx_word' id='word_1_606' title='bbox 375 4371 647 4428; x_wconf 85' lang='lat' dir='ltr'>Animam</span> <span class='ocrx_word' id='word_1_607' title='bbox 699 4387 890 4425; x_wconf 87' lang='lat' dir='ltr'>meam</span> <span class='ocrx_word' id='word_1_608' title='bbox 951 4386 1100 4441; x_wconf 89' lang='lat' dir='ltr'>pono</span> <span class='ocrx_word' id='word_1_609' title='bbox 1133 4386 1236 4441; x_wconf 91' lang='lat' dir='ltr'>pro</span> <span class='ocrx_word' id='word_1_610' title='bbox 1279 4372 1351 4423; x_wconf 90' lang='lat' dir='ltr'>te.</span> <span class='ocrx_word' id='word_1_611' title='bbox 1403 4368 1668 4424; x_wconf 87' lang='lat' dir='ltr'>Christus</span> <span class='ocrx_word' id='word_1_612' title='bbox 1700 4369 1880 4424; x_wconf 88' lang='lat' dir='ltr'>dicit:</span> 
     </span>
    </p>
   </div>
   <div class='ocr_carea' id='block_1_78' title="bbox 211 4457 1887 4528">
    <p class='ocr_par' dir='ltr' id='par_1_78' title="bbox 211 4457 1887 4528">
     <span class='ocr_line' id='line_1_78' title="bbox 211 4457 1887 4528; baseline 0 -14"><span class='ocrx_word' id='word_1_613' title='bbox 211 4461 435 4517; x_wconf 85' lang='lat' dir='ltr'>Anima</span> <span class='ocrx_word' id='word_1_614' title='bbox 490 4477 626 4516; x_wconf 90' lang='lat' dir='ltr'>mea</span> <span class='ocrx_word' id='word_1_615' title='bbox 673 4460 963 4514; x_wconf 89' lang='lat' dir='ltr'>turbatur.</span> <span class='ocrx_word' id='word_1_616' title='bbox 1028 4457 1352 4528; x_wconf 88' lang='lat' dir='ltr'>Utrumque</span> <span class='ocrx_word' id='word_1_617' title='bbox 1408 4473 1610 4512; x_wconf 89' lang='lat' dir='ltr'>verum</span> <span class='ocrx_word' id='word_1_618' title='bbox 1669 4463 1778 4525; x_wconf 89' lang='lat' dir='ltr'>est,</span> <span class='ocrx_word' id='word_1_619' title='bbox 1829 4461 1887 4514; x_wconf 90' lang='lat' dir='ltr'>et</span> 
     </span>
    </p>
   </div>
   <div class='ocr_carea' id='block_1_79' title="bbox 1977 3306 3632 3378">
    <p class='ocr_par' dir='ltr' id='par_1_79' title="bbox 1977 3306 3632 3378">
     <span class='ocr_line' id='line_1_79' title="bbox 1977 3306 3632 3378; baseline 0 -14"><span class='ocrx_word' id='word_1_620' title='bbox 1977 3310 2184 3369; x_wconf 84' lang='lat' dir='ltr'>facere,</span> <span class='ocrx_word' id='word_1_621' title='bbox 2213 3308 2426 3378; x_wconf 90' lang='lat' dir='ltr'>inquit,</span> <span class='ocrx_word' id='word_1_622' title='bbox 2461 3330 2488 3356; x_wconf 82' lang='lat'><strong>«</strong></span> <span class='ocrx_word' id='word_1_623' title='bbox 2521 3306 2880 3362; x_wconf 88' lang='lat' dir='ltr'>voluntatem</span> <span class='ocrx_word' id='word_1_624' title='bbox 2915 3323 3128 3374; x_wconf 90' lang='lat' dir='ltr'>meam,</span> <span class='ocrx_word' id='word_1_625' title='bbox 3155 3309 3254 3364; x_wconf 89' lang='lat' dir='ltr'>sed</span> <span class='ocrx_word' id='word_1_626' title='bbox 3273 3307 3632 3364; x_wconf 84' lang='lat' dir='ltr'>voluntatem</span> 
     </span>
    </p>
   </div>
   <div class='ocr_carea' id='block_1_80' title="bbox 1978 3395 3639 3468">
    <p class='ocr_par' dir='ltr' id='par_1_80' title="bbox 1978 3395 3639 3468">
     <span class='ocr_line' id='line_1_80' title="bbox 1978 3395 3639 3468; baseline 0 -15"><span class='ocrx_word' id='word_1_627' title='bbox 1978 3398 2105 3468; x_wconf 86' lang='lat' dir='ltr'>ejus</span> <span class='ocrx_word' id='word_1_628' title='bbox 2123 3397 2222 3468; x_wconf 90' lang='lat' dir='ltr'>qui</span> <span class='ocrx_word' id='word_1_629' title='bbox 2241 3413 2333 3451; x_wconf 90' lang='lat' dir='ltr'>me</span> <span class='ocrx_word' id='word_1_630' title='bbox 2348 3395 2507 3451; x_wconf 92' lang='lat' dir='ltr'>misit</span> <span class='ocrx_word' id='word_1_631' title='bbox 2530 3396 2711 3467; x_wconf 82' lang='lat' dir='ltr'>(Joan.</span> <span class='ocrx_word' id='word_1_632' title='bbox 2733 3397 2834 3466; x_wconf 76' lang='lat' dir='ltr'>vr).</span> <span class='ocrx_word' id='word_1_633' title='bbox 2859 3419 2886 3444; x_wconf 85' lang='lat'>»</span> <span class='ocrx_word' id='word_1_634' title='bbox 2909 3397 3087 3451; x_wconf 87' lang='lat' dir='ltr'>Suam</span> <span class='ocrx_word' id='word_1_635' title='bbox 3111 3397 3469 3453; x_wconf 83' lang='lat' dir='ltr'>voluntatem</span> <span class='ocrx_word' id='word_1_636' title='bbox 3493 3397 3639 3453; x_wconf 83' lang='lat' dir='ltr'>dixit</span> 
     </span>
    </p>
   </div>
   <div class='ocr_carea' id='block_1_81' title="bbox 1981 3483 3638 3558">
    <p class='ocr_par' dir='ltr' id='par_1_81' title="bbox 1981 3483 3638 3558">
     <span class='ocr_line' id='line_1_81' title="bbox 1981 3483 3638 3558; baseline 0.001 -18"><span class='ocrx_word' id='word_1_637' title='bbox 1981 3503 2158 3558; x_wconf 90' lang='lat' dir='ltr'>quam</span> <span class='ocrx_word' id='word_1_638' title='bbox 2189 3483 2590 3556; x_wconf 89' lang='lat' dir='ltr'>temporaliter</span> <span class='ocrx_word' id='word_1_639' title='bbox 2619 3483 2874 3556; x_wconf 91' lang='lat' dir='ltr'>sumpsit</span> <span class='ocrx_word' id='word_1_640' title='bbox 2904 3501 2972 3540; x_wconf 87' lang='lat' dir='ltr'>ex</span> <span class='ocrx_word' id='word_1_641' title='bbox 3001 3485 3255 3558; x_wconf 83' lang='lat' dir='ltr'>virgine:</span> <span class='ocrx_word' id='word_1_642' title='bbox 3279 3485 3638 3542; x_wconf 84' lang='lat' dir='ltr'>voluntatem</span> 
     </span>
    </p>
   </div>
   <div class='ocr_carea' id='block_1_82' title="bbox 1979 3572 3644 3648">
    <p class='ocr_par' dir='ltr' id='par_1_82' title="bbox 1979 3572 3644 3648">
     <span class='ocr_line' id='line_1_82' title="bbox 1979 3572 3644 3648; baseline 0.002 -20"><span class='ocrx_word' id='word_1_643' title='bbox 1979 3591 2113 3630; x_wconf 93' lang='lat' dir='ltr'>vero</span> <span class='ocrx_word' id='word_1_644' title='bbox 2143 3574 2292 3644; x_wconf 90' lang='lat' dir='ltr'>ejus,</span> <span class='ocrx_word' id='word_1_645' title='bbox 2325 3573 2423 3644; x_wconf 90' lang='lat' dir='ltr'>qui</span> <span class='ocrx_word' id='word_1_646' title='bbox 2457 3589 2590 3627; x_wconf 90' lang='lat' dir='ltr'>eum</span> <span class='ocrx_word' id='word_1_647' title='bbox 2643 3573 2824 3638; x_wconf 88' lang='lat' dir='ltr'>misit,</span> <span class='ocrx_word' id='word_1_648' title='bbox 2876 3589 3003 3627; x_wconf 89' lang='lat' dir='ltr'>eam</span> <span class='ocrx_word' id='word_1_649' title='bbox 3058 3572 3326 3629; x_wconf 84' lang='lat' dir='ltr'>videlicet</span> <span class='ocrx_word' id='word_1_650' title='bbox 3377 3574 3644 3648; x_wconf 88' lang='lat' dir='ltr'>signans,</span> 
     </span>
    </p>
   </div>
   <div class='ocr_carea' id='block_1_83' title="bbox 1983 3660 3646 3735">
    <p class='ocr_par' dir='ltr' id='par_1_83' title="bbox 1983 3660 3646 3735">
     <span class='ocr_line' id='line_1_83' title="bbox 1983 3660 3646 3735; baseline 0.001 -18"><span class='ocrx_word' id='word_1_651' title='bbox 1983 3679 2159 3735; x_wconf 88' lang='lat' dir='ltr'>quam</span> <span class='ocrx_word' id='word_1_652' title='bbox 2179 3663 2356 3717; x_wconf 90' lang='lat' dir='ltr'>intem</span> <span class='ocrx_word' id='word_1_653' title='bbox 2365 3660 2641 3732; x_wconf 88' lang='lat' dir='ltr'>poraliter</span> <span class='ocrx_word' id='word_1_654' title='bbox 2660 3665 2911 3716; x_wconf 69' lang='lat' dir='ltr'>aeternus</span> <span class='ocrx_word' id='word_1_655' title='bbox 2926 3660 3134 3716; x_wconf 89' lang='lat' dir='ltr'>habuit</span> <span class='ocrx_word' id='word_1_656' title='bbox 3153 3679 3286 3717; x_wconf 91' lang='lat' dir='ltr'>cum</span> <span class='ocrx_word' id='word_1_657' title='bbox 3303 3662 3470 3718; x_wconf 90' lang='lat' dir='ltr'>Patre</span> <span class='ocrx_word' id='word_1_658' title='bbox 3490 3678 3646 3719; x_wconf 90' lang='lat' dir='ltr'>com-</span> 
     </span>
    </p>
   </div>
   <div class='ocr_carea' id='block_1_84' title="bbox 1984 3749 3647 3818">
    <p class='ocr_par' dir='ltr' id='par_1_84' title="bbox 1984 3749 3647 3818">
     <span class='ocr_line' id='line_1_84' title="bbox 1984 3749 3647 3818; baseline 0.001 -12"><span class='ocrx_word' id='word_1_659' title='bbox 1984 3767 2244 3806; x_wconf 90' lang='lat' dir='ltr'>munem.</span> <span class='ocrx_word' id='word_1_660' title='bbox 2303 3750 2441 3805; x_wconf 89' lang='lat' dir='ltr'>Orat</span> <span class='ocrx_word' id='word_1_661' title='bbox 2493 3749 2742 3804; x_wconf 86' lang='lat' dir='ltr'>transire</span> <span class='ocrx_word' id='word_1_662' title='bbox 2793 3749 3053 3818; x_wconf 88' lang='lat' dir='ltr'>calicem,</span> <span class='ocrx_word' id='word_1_663' title='bbox 3087 3754 3154 3804; x_wconf 91' lang='lat' dir='ltr'>ut</span> <span class='ocrx_word' id='word_1_664' title='bbox 3191 3752 3459 3807; x_wconf 86' lang='lat' dir='ltr'>ostendat</span> <span class='ocrx_word' id='word_1_665' title='bbox 3513 3767 3647 3807; x_wconf 87' lang='lat' dir='ltr'>vere</span> 
     </span>
    </p>
   </div>
   <div class='ocr_carea' id='block_1_85' title="bbox 1985 3838 3646 3912">
    <p class='ocr_par' dir='ltr' id='par_1_85' title="bbox 1985 3838 3646 3912">
     <span class='ocr_line' id='line_1_85' title="bbox 1985 3838 3646 3912; baseline 0.001 -17"><span class='ocrx_word' id='word_1_666' title='bbox 1985 3839 2123 3912; x_wconf 89' lang='lat' dir='ltr'>quia</span> <span class='ocrx_word' id='word_1_667' title='bbox 2140 3845 2196 3894; x_wconf 91' lang='lat' dir='ltr'>et</span> <span class='ocrx_word' id='word_1_668' title='bbox 2225 3839 2400 3894; x_wconf 88' lang='lat' dir='ltr'>homo</span> <span class='ocrx_word' id='word_1_669' title='bbox 2419 3844 2542 3893; x_wconf 90' lang='lat' dir='ltr'>erat</span> <span class='ocrx_word' id='word_1_670' title='bbox 2567 3856 2578 3892; x_wconf 94' lang='lat'>:</span> <span class='ocrx_word' id='word_1_671' title='bbox 2607 3838 2989 3894; x_wconf 90' lang='lat' dir='ltr'>reminiscens</span> <span class='ocrx_word' id='word_1_672' title='bbox 3019 3843 3212 3894; x_wconf 85' lang='lat' dir='ltr'>autem</span> <span class='ocrx_word' id='word_1_673' title='bbox 3236 3844 3472 3912; x_wconf 88' lang='lat' dir='ltr'>propter</span> <span class='ocrx_word' id='word_1_674' title='bbox 3490 3841 3646 3912; x_wconf 90' lang='lat' dir='ltr'>quod</span> 
     </span>
    </p>
   </div>
   <div class='ocr_carea' id='block_1_86' title="bbox 1987 3926 3646 4000">
    <p class='ocr_par' dir='ltr' id='par_1_86' title="bbox 1987 3926 3646 4000">
     <span class='ocr_line' id='line_1_86' title="bbox 1987 3926 3646 4000; baseline 0 -16"><span class='ocrx_word' id='word_1_675' title='bbox 1987 3929 2206 3984; x_wconf 89' lang='lat' dir='ltr'>missus</span> <span class='ocrx_word' id='word_1_676' title='bbox 2229 3931 2334 3993; x_wconf 90' lang='lat' dir='ltr'>est,</span> <span class='ocrx_word' id='word_1_677' title='bbox 2359 3926 2582 3998; x_wconf 84' lang='lat' dir='ltr'>perlicit</span> <span class='ocrx_word' id='word_1_678' title='bbox 2603 3927 3101 3998; x_wconf 89' lang='lat' dir='ltr'>dispensationem</span> <span class='ocrx_word' id='word_1_679' title='bbox 3124 3929 3194 3983; x_wconf 91' lang='lat' dir='ltr'>ad</span> <span class='ocrx_word' id='word_1_680' title='bbox 3219 3941 3398 4000; x_wconf 89' lang='lat' dir='ltr'>quam</span> <span class='ocrx_word' id='word_1_681' title='bbox 3425 3929 3646 3984; x_wconf 89' lang='lat' dir='ltr'>missus</span> 
     </span>
    </p>
   </div>
   <div class='ocr_carea' id='block_1_87' title="bbox 1986 4016 3644 4089">
    <p class='ocr_par' dir='ltr' id='par_1_87' title="bbox 1986 4016 3644 4089">
     <span class='ocr_line' id='line_1_87' title="bbox 1986 4016 3644 4089; baseline -0.001 -16"><span class='ocrx_word' id='word_1_682' title='bbox 1986 4021 2095 4085; x_wconf 92' lang='lat' dir='ltr'>est,</span> <span class='ocrx_word' id='word_1_683' title='bbox 2129 4020 2185 4072; x_wconf 90' lang='lat' dir='ltr'>et</span> <span class='ocrx_word' id='word_1_684' title='bbox 2214 4016 2428 4070; x_wconf 87' lang='lat' dir='ltr'>clamat</span> <span class='ocrx_word' id='word_1_685' title='bbox 2453 4032 2465 4069; x_wconf 91' lang='lat'>:</span> <span class='ocrx_word' id='word_1_686' title='bbox 2490 4039 2516 4064; x_wconf 90' lang='grc'>‹‹</span> <span class='ocrx_word' id='word_1_687' title='bbox 2551 4017 2659 4071; x_wconf 92' lang='lat' dir='ltr'>Sed</span> <span class='ocrx_word' id='word_1_688' title='bbox 2699 4033 2812 4070; x_wconf 89' lang='lat' dir='ltr'>non</span> <span class='ocrx_word' id='word_1_689' title='bbox 2846 4017 3002 4087; x_wconf 89' lang='lat' dir='ltr'>quod</span> <span class='ocrx_word' id='word_1_690' title='bbox 3033 4033 3139 4088; x_wconf 88' lang='lat' dir='ltr'>ego</span> <span class='ocrx_word' id='word_1_691' title='bbox 3169 4016 3320 4087; x_wconf 89' lang='lat' dir='ltr'>volo,</span> <span class='ocrx_word' id='word_1_692' title='bbox 3354 4018 3455 4072; x_wconf 82' lang='lat' dir='ltr'>sed</span> <span class='ocrx_word' id='word_1_693' title='bbox 3489 4018 3644 4089; x_wconf 88' lang='lat' dir='ltr'>quod</span> 
     </span>
    </p>
   </div>
   <div class='ocr_carea' id='block_1_88' title="bbox 1987 4103 3642 4168">
    <p class='ocr_par' dir='ltr' id='par_1_88' title="bbox 1987 4103 3642 4168">
     <span class='ocr_line' id='line_1_88' title="bbox 1987 4103 3642 4168; baseline 0.001 -10"><span class='ocrx_word' id='word_1_694' title='bbox 1987 4107 2070 4158; x_wconf 91' lang='lat' dir='ltr'>tu.</span> <span class='ocrx_word' id='word_1_695' title='bbox 2100 4127 2126 4152; x_wconf 91' lang='grc'>››</span> <span class='ocrx_word' id='word_1_696' title='bbox 2154 4103 2213 4158; x_wconf 92' lang='lat' dir='ltr'>Si</span> <span class='ocrx_word' id='word_1_697' title='bbox 2246 4103 2494 4157; x_wconf 89' lang='lat' dir='ltr'>moritur</span> <span class='ocrx_word' id='word_1_698' title='bbox 2523 4119 2680 4158; x_wconf 90' lang='lat' dir='ltr'>mors</span> <span class='ocrx_word' id='word_1_699' title='bbox 2714 4119 2806 4157; x_wconf 88' lang='lat' dir='ltr'>me</span> <span class='ocrx_word' id='word_1_700' title='bbox 2839 4119 2952 4157; x_wconf 90' lang='lat' dir='ltr'>non</span> <span class='ocrx_word' id='word_1_701' title='bbox 2980 4104 3285 4168; x_wconf 87' lang='lat' dir='ltr'>moriente,</span> <span class='ocrx_word' id='word_1_702' title='bbox 3318 4103 3642 4160; x_wconf 89' lang='lat' dir='ltr'>secundum</span> 
     </span>
    </p>
   </div>
   <div class='ocr_carea' id='block_1_89' title="bbox 1989 4190 3644 4264">
    <p class='ocr_par' dir='ltr' id='par_1_89' title="bbox 1989 4190 3644 4264">
     <span class='ocr_line' id='line_1_89' title="bbox 1989 4190 3644 4264; baseline -0.001 -15"><span class='ocrx_word' id='word_1_703' title='bbox 1989 4209 2222 4249; x_wconf 89' lang='lat' dir='ltr'>carnem</span> <span class='ocrx_word' id='word_1_704' title='bbox 2253 4190 2534 4258; x_wconf 89' lang='lat' dir='ltr'>videlicet,</span> <span class='ocrx_word' id='word_1_705' title='bbox 2568 4195 2845 4255; x_wconf 87' lang='lat' dir='ltr'>transeat,</span> <span class='ocrx_word' id='word_1_706' title='bbox 2882 4191 2982 4255; x_wconf 88' lang='lat' dir='ltr'>ait,</span> <span class='ocrx_word' id='word_1_707' title='bbox 3031 4191 3197 4246; x_wconf 85' lang='lat' dir='ltr'>calix.</span> <span class='ocrx_word' id='word_1_708' title='bbox 3261 4191 3471 4248; x_wconf 81' lang='lat' dir='ltr'>Verum</span> <span class='ocrx_word' id='word_1_709' title='bbox 3504 4193 3644 4264; x_wconf 90' lang='lat' dir='ltr'>quia</span> 
     </span>
    </p>
   </div>
   <div class='ocr_carea' id='block_1_90' title="bbox 1991 4279 3640 4352">
    <p class='ocr_par' dir='ltr' id='par_1_90' title="bbox 1991 4279 3640 4352">
     <span class='ocr_line' id='line_1_90' title="bbox 1991 4279 3640 4352; baseline 0 -16"><span class='ocrx_word' id='word_1_710' title='bbox 1991 4299 2104 4336; x_wconf 92' lang='lat' dir='ltr'>non</span> <span class='ocrx_word' id='word_1_711' title='bbox 2138 4280 2306 4335; x_wconf 83' lang='lat' dir='ltr'>aliter</span> <span class='ocrx_word' id='word_1_712' title='bbox 2335 4280 2441 4334; x_wconf 92' lang='lat' dir='ltr'>hoc</span> <span class='ocrx_word' id='word_1_713' title='bbox 2478 4281 2596 4344; x_wconf 88' lang='lat' dir='ltr'>fiet,</span> <span class='ocrx_word' id='word_1_714' title='bbox 2631 4279 2745 4334; x_wconf 86' lang='lat' dir='ltr'>ait:</span> <span class='ocrx_word' id='word_1_715' title='bbox 2797 4302 2825 4328; x_wconf 84' lang='lat'>«</span> <span class='ocrx_word' id='word_1_716' title='bbox 2849 4279 2973 4333; x_wconf 88' lang='lat' dir='ltr'>Non</span> <span class='ocrx_word' id='word_1_717' title='bbox 3004 4280 3159 4350; x_wconf 90' lang='lat' dir='ltr'>quod</span> <span class='ocrx_word' id='word_1_718' title='bbox 3204 4295 3310 4352; x_wconf 76' lang='lat' dir='ltr'>ego</span> <span class='ocrx_word' id='word_1_719' title='bbox 3338 4279 3487 4347; x_wconf 91' lang='lat' dir='ltr'>volo,</span> <span class='ocrx_word' id='word_1_720' title='bbox 3539 4281 3640 4336; x_wconf 90' lang='lat' dir='ltr'>sed</span> 
     </span>
    </p>
   </div>
   <div class='ocr_carea' id='block_1_91' title="bbox 1993 4367 3642 4442">
    <p class='ocr_par' dir='ltr' id='par_1_91' title="bbox 1993 4367 3642 4442">
     <span class='ocr_line' id='line_1_91' title="bbox 1993 4367 3642 4442; baseline -0.001 -17"><span class='ocrx_word' id='word_1_721' title='bbox 1993 4370 2148 4442; x_wconf 92' lang='lat' dir='ltr'>quod</span> <span class='ocrx_word' id='word_1_722' title='bbox 2181 4374 2318 4424; x_wconf 85' lang='lat' dir='ltr'>tu.»</span> <span class='ocrx_word' id='word_1_723' title='bbox 2349 4369 2509 4431; x_wconf 87' lang='lat' dir='ltr'>Quod</span> <span class='ocrx_word' id='word_1_724' title='bbox 2548 4370 2744 4423; x_wconf 88' lang='lat' dir='ltr'>autem</span> <span class='ocrx_word' id='word_1_725' title='bbox 2801 4367 3028 4423; x_wconf 89' lang='lat' dir='ltr'>Patrem</span> <span class='ocrx_word' id='word_1_726' title='bbox 3079 4367 3375 4435; x_wconf 86' lang='lat' dir='ltr'>invocans,</span> <span class='ocrx_word' id='word_1_727' title='bbox 3423 4369 3642 4442; x_wconf 88' lang='lat' dir='ltr'>duplici</span> 
     </span>
    </p>
   </div>
   <div class='ocr_carea' id='block_1_92' title="bbox 1995 4455 3648 4528">
    <p class='ocr_par' dir='ltr' id='par_1_92' title="bbox 1995 4455 3648 4528">
     <span class='ocr_line' id='line_1_92' title="bbox 1995 4455 3648 4528; baseline 0 -14"><span class='ocrx_word' id='word_1_728' title='bbox 1995 4459 2230 4514; x_wconf 88' lang='lat' dir='ltr'>nomine</span> <span class='ocrx_word' id='word_1_729' title='bbox 2260 4457 2421 4528; x_wconf 87' lang='lat' dir='ltr'>dicit,</span> <span class='ocrx_word' id='word_1_730' title='bbox 2449 4457 2609 4512; x_wconf 87' lang='lat' dir='ltr'>Abba</span> <span class='ocrx_word' id='word_1_731' title='bbox 2645 4457 2831 4524; x_wconf 87' lang='lat' dir='ltr'>Pater,</span> <span class='ocrx_word' id='word_1_732' title='bbox 2870 4456 3176 4528; x_wconf 90' lang='lat' dir='ltr'>utriusque</span> <span class='ocrx_word' id='word_1_733' title='bbox 3205 4455 3426 4528; x_wconf 89' lang='lat' dir='ltr'>populi,</span> <span class='ocrx_word' id='word_1_734' title='bbox 3458 4461 3517 4513; x_wconf 89' lang='lat' dir='ltr'>et</span> <span class='ocrx_word' id='word_1_735' title='bbox 3540 4457 3648 4514; x_wconf 87' lang='lat' dir='ltr'>Ju-</span> 
     </span>
    </p>
   </div>
   <div class='ocr_carea' id='block_1_93' title="bbox 224 4541 3652 4629">
    <p class='ocr_par' dir='ltr' id='par_1_93' title="bbox 224 4541 3652 4629">
     <span class='ocr_line' id='line_1_93' title="bbox 224 4541 3652 4629; baseline -0.001 -24"><span class='ocrx_word' id='word_1_736' title='bbox 224 4549 473 4621; x_wconf 86' lang='lat' dir='ltr'>plenum</span> <span class='ocrx_word' id='word_1_737' title='bbox 531 4554 848 4621; x_wconf 89' lang='lat' dir='ltr'>utrumque</span> <span class='ocrx_word' id='word_1_738' title='bbox 907 4547 1166 4602; x_wconf 86' lang='lat' dir='ltr'>ratione:</span> <span class='ocrx_word' id='word_1_739' title='bbox 1200 4546 1352 4617; x_wconf 88' lang='lat' dir='ltr'>quod</span> <span class='ocrx_word' id='word_1_740' title='bbox 1387 4549 1444 4601; x_wconf 92' lang='lat' dir='ltr'>et</span> <span class='ocrx_word' id='word_1_741' title='bbox 1498 4545 1595 4602; x_wconf 88' lang='lat' dir='ltr'>ille</span> <span class='ocrx_word' id='word_1_742' title='bbox 1653 4548 1752 4619; x_wconf 89' lang='lat' dir='ltr'>qui</span> <span class='ocrx_word' id='word_1_743' title='bbox 1800 4554 1889 4603; x_wconf 88' lang='lat' dir='ltr'>est</span> <span class='ocrx_word' id='word_1_744' title='bbox 1922 4566 1967 4629; x_wconf 71' lang='grc' dir='ltr'><strong>Ι)</strong></span> <span class='ocrx_word' id='word_1_745' title='bbox 1999 4551 2253 4604; x_wconf 67' lang='lat' dir='ltr'>decorum</span> <span class='ocrx_word' id='word_1_746' title='bbox 2289 4546 2508 4602; x_wconf 82' lang='lat' dir='ltr'>scilicet</span> <span class='ocrx_word' id='word_1_747' title='bbox 2541 4545 2704 4601; x_wconf 89' lang='lat' dir='ltr'>illum</span> <span class='ocrx_word' id='word_1_748' title='bbox 2745 4549 2801 4600; x_wconf 88' lang='lat' dir='ltr'>et</span> <span class='ocrx_word' id='word_1_749' title='bbox 2830 4543 3137 4617; x_wconf 89' lang='lat' dir='ltr'>gentilium</span> <span class='ocrx_word' id='word_1_750' title='bbox 3171 4545 3354 4602; x_wconf 88' lang='lat' dir='ltr'>Deum</span> <span class='ocrx_word' id='word_1_751' title='bbox 3403 4541 3532 4602; x_wconf 83' lang='lat' dir='ltr'>esse</span> <span class='ocrx_word' id='word_1_752' title='bbox 3583 4562 3652 4602; x_wconf 90' lang='lat' dir='ltr'>ac</span> 
     </span>
    </p>
   </div>
   <div class='ocr_carea' id='block_1_94' title="bbox 223 4635 1892 4706">
    <p class='ocr_par' dir='ltr' id='par_1_94' title="bbox 223 4635 1892 4706">
     <span class='ocr_line' id='line_1_94' title="bbox 223 4635 1892 4706; baseline 0 -15"><span class='ocrx_word' id='word_1_753' title='bbox 223 4637 495 4706; x_wconf 81' lang='lat' dir='ltr'>inferior,</span> <span class='ocrx_word' id='word_1_754' title='bbox 545 4657 662 4694; x_wconf 89' lang='lat' dir='ltr'>non</span> <span class='ocrx_word' id='word_1_755' title='bbox 711 4637 910 4693; x_wconf 89' lang='lat' dir='ltr'>timet:</span> <span class='ocrx_word' id='word_1_756' title='bbox 964 4640 1019 4690; x_wconf 89' lang='lat' dir='ltr'>et</span> <span class='ocrx_word' id='word_1_757' title='bbox 1059 4635 1177 4702; x_wconf 86' lang='lat' dir='ltr'>ille,</span> <span class='ocrx_word' id='word_1_758' title='bbox 1210 4635 1308 4706; x_wconf 91' lang='lat' dir='ltr'>qui</span> <span class='ocrx_word' id='word_1_759' title='bbox 1362 4638 1450 4690; x_wconf 90' lang='lat' dir='ltr'>est</span> <span class='ocrx_word' id='word_1_760' title='bbox 1479 4635 1762 4706; x_wconf 89' lang='lat' dir='ltr'>superior,</span> <span class='ocrx_word' id='word_1_761' title='bbox 1795 4653 1892 4706; x_wconf 85' lang='lat' dir='ltr'>ge-</span> 
     </span>
    </p>
   </div>
   <div class='ocr_carea' id='block_1_95' title="bbox 224 4723 1893 4794">
    <p class='ocr_par' dir='ltr' id='par_1_95' title="bbox 224 4723 1893 4794">
     <span class='ocr_line' id='line_1_95' title="bbox 224 4723 1893 4794; baseline -0.001 -14"><span class='ocrx_word' id='word_1_762' title='bbox 224 4727 315 4782; x_wconf 86' lang='lat' dir='ltr'>rit</span> <span class='ocrx_word' id='word_1_763' title='bbox 349 4729 608 4782; x_wconf 85' lang='lat' dir='ltr'>timentis</span> <span class='ocrx_word' id='word_1_764' title='bbox 640 4727 933 4782; x_wconf 75' lang='lat' dir='ltr'>affectum.</span> <span class='ocrx_word' id='word_1_765' title='bbox 971 4725 1071 4780; x_wconf 87' lang='lat' dir='ltr'>Ille</span> <span class='ocrx_word' id='word_1_766' title='bbox 1109 4725 1263 4778; x_wconf 89' lang='lat' dir='ltr'>enim</span> <span class='ocrx_word' id='word_1_767' title='bbox 1321 4724 1485 4794; x_wconf 89' lang='lat' dir='ltr'>quasi</span> <span class='ocrx_word' id='word_1_768' title='bbox 1535 4723 1729 4787; x_wconf 90' lang='lat' dir='ltr'>homo,</span> <span class='ocrx_word' id='word_1_769' title='bbox 1777 4724 1893 4778; x_wconf 90' lang='lat' dir='ltr'>vim</span> 
     </span>
    </p>
   </div>
   <div class='ocr_carea' id='block_1_96' title="bbox 226 4813 1897 4888">
    <p class='ocr_par' dir='ltr' id='par_1_96' title="bbox 226 4813 1897 4888">
     <span class='ocr_line' id='line_1_96' title="bbox 226 4813 1897 4888; baseline -0.002 -18"><span class='ocrx_word' id='word_1_770' title='bbox 226 4819 446 4872; x_wconf 83' lang='lat' dir='ltr'>mortis</span> <span class='ocrx_word' id='word_1_771' title='bbox 477 4818 747 4888; x_wconf 83' lang='lat' dir='ltr'>ignorat:</span> <span class='ocrx_word' id='word_1_772' title='bbox 775 4816 886 4870; x_wconf 91' lang='lat' dir='ltr'>iste</span> <span class='ocrx_word' id='word_1_773' title='bbox 918 4819 1115 4869; x_wconf 90' lang='lat' dir='ltr'>autem</span> <span class='ocrx_word' id='word_1_774' title='bbox 1157 4813 1323 4883; x_wconf 86' lang='lat' dir='ltr'>quasi</span> <span class='ocrx_word' id='word_1_775' title='bbox 1366 4813 1516 4868; x_wconf 88' lang='lat' dir='ltr'>Deus</span> <span class='ocrx_word' id='word_1_776' title='bbox 1549 4813 1608 4866; x_wconf 91' lang='lat' dir='ltr'>in</span> <span class='ocrx_word' id='word_1_777' title='bbox 1660 4829 1897 4883; x_wconf 86' lang='lat' dir='ltr'>corpore</span> 
     </span>
    </p>
   </div>
   <div class='ocr_carea' id='block_1_97' title="bbox 230 4900 1895 4976">
    <p class='ocr_par' dir='ltr' id='par_1_97' title="bbox 230 4900 1895 4976">
     <span class='ocr_line' id='line_1_97' title="bbox 230 4900 1895 4976; baseline -0.002 -18"><span class='ocrx_word' id='word_1_778' title='bbox 230 4905 621 4971; x_wconf 85' lang='lat' dir='ltr'>constitutus,</span> <span class='ocrx_word' id='word_1_779' title='bbox 664 4903 1036 4976; x_wconf 84' lang='lat' dir='ltr'>fragilitatem</span> <span class='ocrx_word' id='word_1_780' title='bbox 1071 4901 1264 4956; x_wconf 89' lang='lat' dir='ltr'>carnis</span> <span class='ocrx_word' id='word_1_781' title='bbox 1307 4900 1563 4974; x_wconf 85' lang='lat' dir='ltr'>exponit,</span> <span class='ocrx_word' id='word_1_782' title='bbox 1599 4905 1664 4955; x_wconf 91' lang='lat' dir='ltr'>ut</span> <span class='ocrx_word' id='word_1_783' title='bbox 1694 4917 1895 4956; x_wconf 87' lang='lat' dir='ltr'>eorum</span> 
     </span>
    </p>
   </div>
   <div class='ocr_carea' id='block_1_98' title="bbox 236 4989 1900 5064">
    <p class='ocr_par' dir='ltr' id='par_1_98' title="bbox 236 4989 1900 5064">
     <span class='ocr_line' id='line_1_98' title="bbox 236 4989 1900 5064; baseline -0.002 -17"><span class='ocrx_word' id='word_1_784' title='bbox 236 4994 346 5064; x_wconf 85' lang='lat' dir='ltr'>qui</span> <span class='ocrx_word' id='word_1_785' title='bbox 365 4997 800 5050; x_wconf 87' lang='lat' dir='ltr'>sacramentum</span> <span class='ocrx_word' id='word_1_786' title='bbox 816 4992 1091 5063; x_wconf 87' lang='lat' dir='ltr'>abjurant</span> <span class='ocrx_word' id='word_1_787' title='bbox 1112 4989 1552 5055; x_wconf 87' lang='lat' dir='ltr'>incarnationis,</span> <span class='ocrx_word' id='word_1_788' title='bbox 1573 4990 1900 5045; x_wconf 87' lang='lat' dir='ltr'>excludere-</span> 
     </span>
    </p>
   </div>
   <div class='ocr_carea' id='block_1_99' title="bbox 240 5077 1900 5155">
    <p class='ocr_par' dir='ltr' id='par_1_99' title="bbox 240 5077 1900 5155">
     <span class='ocr_line' id='line_1_99' title="bbox 240 5077 1900 5155; baseline -0.001 -21"><span class='ocrx_word' id='word_1_789' title='bbox 240 5085 347 5136; x_wconf 82' lang='lat' dir='ltr'>tur</span> <span class='ocrx_word' id='word_1_790' title='bbox 374 5082 662 5155; x_wconf 90' lang='lat' dir='ltr'>impietas.</span> <span class='ocrx_word' id='word_1_791' title='bbox 716 5081 976 5153; x_wconf 90' lang='lat' dir='ltr'>Denique</span> <span class='ocrx_word' id='word_1_792' title='bbox 1007 5084 1064 5135; x_wconf 91' lang='lat' dir='ltr'>et</span> <span class='ocrx_word' id='word_1_793' title='bbox 1094 5079 1213 5134; x_wconf 74' lang='lat' dir='ltr'>haec</span> <span class='ocrx_word' id='word_1_794' title='bbox 1245 5077 1410 5140; x_wconf 84' lang='lat' dir='ltr'>dixit,</span> <span class='ocrx_word' id='word_1_795' title='bbox 1442 5084 1498 5133; x_wconf 88' lang='lat' dir='ltr'>et</span> <span class='ocrx_word' id='word_1_796' title='bbox 1546 5078 1900 5133; x_wconf 69' lang='lat' dir='ltr'>Manichacus</span> 
     </span>
    </p>
   </div>
   <div class='ocr_carea' id='block_1_100' title="bbox 245 5167 1909 5240">
    <p class='ocr_par' dir='ltr' id='par_1_100' title="bbox 245 5167 1909 5240">
     <span class='ocr_line' id='line_1_100' title="bbox 245 5167 1909 5240; baseline 0.001 -19"><span class='ocrx_word' id='word_1_797' title='bbox 245 5186 364 5224; x_wconf 89' lang='lat' dir='ltr'>non</span> <span class='ocrx_word' id='word_1_798' title='bbox 379 5172 642 5236; x_wconf 84' lang='lat' dir='ltr'>credidit,</span> <span class='ocrx_word' id='word_1_799' title='bbox 658 5169 1003 5225; x_wconf 88' lang='lat' dir='ltr'>Valentinus</span> <span class='ocrx_word' id='word_1_800' title='bbox 1018 5169 1267 5240; x_wconf 85' lang='lat' dir='ltr'>negavit,</span> <span class='ocrx_word' id='word_1_801' title='bbox 1286 5167 1540 5222; x_wconf 85' lang='lat' dir='ltr'>Marcion</span> <span class='ocrx_word' id='word_1_802' title='bbox 1555 5167 1909 5239; x_wconf 86' lang='lat' dir='ltr'>phantasma</span> 
     </span>
    </p>
   </div>
   <div class='ocr_carea' id='block_1_101' title="bbox 244 5255 1908 5329">
    <p class='ocr_par' dir='ltr' id='par_1_101' title="bbox 244 5255 1908 5329">
     <span class='ocr_line' id='line_1_101' title="bbox 244 5255 1908 5329; baseline 0 -19"><span class='ocrx_word' id='word_1_803' title='bbox 244 5257 538 5326; x_wconf 86' lang='lat' dir='ltr'>judicavit.</span> <span class='ocrx_word' id='word_1_804' title='bbox 565 5262 645 5316; x_wconf 90' lang='lat' dir='ltr'>Eo</span> <span class='ocrx_word' id='word_1_805' title='bbox 668 5263 864 5315; x_wconf 87' lang='lat' dir='ltr'>autem</span> <span class='ocrx_word' id='word_1_806' title='bbox 910 5275 1095 5329; x_wconf 88' lang='lat' dir='ltr'>usque</span> <span class='ocrx_word' id='word_1_807' title='bbox 1118 5255 1440 5321; x_wconf 87' lang='lat' dir='ltr'>hominem,</span> <span class='ocrx_word' id='word_1_808' title='bbox 1465 5273 1636 5326; x_wconf 83' lang='lat' dir='ltr'>quem</span> <span class='ocrx_word' id='word_1_809' title='bbox 1670 5257 1729 5311; x_wconf 91' lang='lat' dir='ltr'>in</span> <span class='ocrx_word' id='word_1_810' title='bbox 1759 5256 1908 5312; x_wconf 91' lang='lat' dir='ltr'>veri-</span> 
     </span>
    </p>
   </div>
   <div class='ocr_carea' id='block_1_102' title="bbox 259 5344 1914 5421">
    <p class='ocr_par' dir='ltr' id='par_1_102' title="bbox 259 5344 1914 5421">
     <span class='ocr_line' id='line_1_102' title="bbox 259 5344 1914 5421; baseline 0.002 -23"><span class='ocrx_word' id='word_1_811' title='bbox 259 5348 374 5402; x_wconf 89' lang='lat' dir='ltr'>tate</span> <span class='ocrx_word' id='word_1_812' title='bbox 397 5348 654 5421; x_wconf 90' lang='lat' dir='ltr'>corporis</span> <span class='ocrx_word' id='word_1_813' title='bbox 677 5347 1140 5414; x_wconf 90' lang='lat' dir='ltr'>demonstrabat,</span> <span class='ocrx_word' id='word_1_814' title='bbox 1165 5345 1434 5416; x_wconf 68' lang='lat' dir='ltr'>mquabat</span> <span class='ocrx_word' id='word_1_815' title='bbox 1455 5345 1661 5399; x_wconf 72' lang='lat' dir='ltr'>affectu</span> <span class='ocrx_word' id='word_1_816' title='bbox 1685 5344 1914 5401; x_wconf 88' lang='lat' dir='ltr'>utdice-</span> 
     </span>
    </p>
   </div>
   <div class='ocr_carea' id='block_1_103' title="bbox 262 5433 1912 5505">
    <p class='ocr_par' dir='ltr' id='par_1_103' title="bbox 262 5433 1912 5505">
     <span class='ocr_line' id='line_1_103' title="bbox 262 5433 1912 5505; baseline 0 -15"><span class='ocrx_word' id='word_1_817' title='bbox 262 5441 377 5490; x_wconf 80' lang='lat' dir='ltr'>ret:</span> <span class='ocrx_word' id='word_1_818' title='bbox 411 5463 437 5488; x_wconf 76' lang='grc' dir='ltr'>ιι</span> <span class='ocrx_word' id='word_1_819' title='bbox 467 5439 574 5493; x_wconf 89' lang='lat' dir='ltr'>Sed</span> <span class='ocrx_word' id='word_1_820' title='bbox 635 5443 831 5492; x_wconf 89' lang='lat' dir='ltr'>tamen</span> <span class='ocrx_word' id='word_1_821' title='bbox 867 5453 981 5491; x_wconf 92' lang='lat' dir='ltr'>non</span> <span class='ocrx_word' id='word_1_822' title='bbox 1033 5435 1186 5490; x_wconf 89' lang='lat' dir='ltr'>sient</span> <span class='ocrx_word' id='word_1_823' title='bbox 1215 5450 1320 5505; x_wconf 91' lang='lat' dir='ltr'>ego</span> <span class='ocrx_word' id='word_1_824' title='bbox 1350 5433 1500 5500; x_wconf 92' lang='lat' dir='ltr'>volo,</span> <span class='ocrx_word' id='word_1_825' title='bbox 1534 5434 1630 5488; x_wconf 91' lang='lat' dir='ltr'>sed</span> <span class='ocrx_word' id='word_1_826' title='bbox 1666 5435 1819 5489; x_wconf 90' lang='lat' dir='ltr'>sicut</span> <span class='ocrx_word' id='word_1_827' title='bbox 1849 5439 1912 5490; x_wconf 89' lang='lat' dir='ltr'>tu</span> 
     </span>
    </p>
   </div>
   <div class='ocr_carea' id='block_1_104' title="bbox 262 5523 1917 5599">
    <p class='ocr_par' dir='ltr' id='par_1_104' title="bbox 262 5523 1917 5599">
     <span class='ocr_line' id='line_1_104' title="bbox 262 5523 1917 5599; baseline -0.001 -21"><span class='ocrx_word' id='word_1_828' title='bbox 262 5523 366 5578; x_wconf 78' lang='lat' dir='ltr'>vis.</span> <span class='ocrx_word' id='word_1_829' title='bbox 394 5549 418 5574; x_wconf 79' lang='grc'>››</span> <span class='ocrx_word' id='word_1_830' title='bbox 451 5527 726 5599; x_wconf 90' lang='lat' dir='ltr'>Suscepit</span> <span class='ocrx_word' id='word_1_831' title='bbox 751 5542 887 5599; x_wconf 88' lang='lat' dir='ltr'>ergo</span> <span class='ocrx_word' id='word_1_832' title='bbox 915 5525 1274 5580; x_wconf 86' lang='lat' dir='ltr'>voluntatem</span> <span class='ocrx_word' id='word_1_833' title='bbox 1301 5538 1516 5586; x_wconf 80' lang='lat' dir='ltr'>meum,</span> <span class='ocrx_word' id='word_1_834' title='bbox 1539 5523 1794 5594; x_wconf 81' lang='lat' dir='ltr'>suscepit</span> <span class='ocrx_word' id='word_1_835' title='bbox 1820 5525 1917 5578; x_wconf 88' lang='lat' dir='ltr'>tri.-</span> 
     </span>
    </p>
   </div>
   <div class='ocr_carea' id='block_1_105' title="bbox 2003 4635 3656 4706">
    <p class='ocr_par' dir='ltr' id='par_1_105' title="bbox 2003 4635 3656 4706">
     <span class='ocr_line' id='line_1_105' title="bbox 2003 4635 3656 4706; baseline -0.002 -13"><span class='ocrx_word' id='word_1_836' title='bbox 2003 4637 2356 4694; x_wconf 88' lang='lat' dir='ltr'>Salvatorem</span> <span class='ocrx_word' id='word_1_837' title='bbox 2390 4635 2662 4690; x_wconf 88' lang='lat' dir='ltr'>ostendit.</span> <span class='ocrx_word' id='word_1_838' title='bbox 2697 4635 2852 4690; x_wconf 89' lang='lat' dir='ltr'>Idem</span> <span class='ocrx_word' id='word_1_839' title='bbox 2878 4650 3134 4705; x_wconf 87' lang='lat' dir='ltr'>namque</span> <span class='ocrx_word' id='word_1_840' title='bbox 3171 4635 3341 4700; x_wconf 86' lang='lat' dir='ltr'>abba,</span> <span class='ocrx_word' id='word_1_841' title='bbox 3393 4635 3548 4706; x_wconf 91' lang='lat' dir='ltr'>quod</span> <span class='ocrx_word' id='word_1_842' title='bbox 3595 4638 3656 4689; x_wconf 87' lang='lat' dir='ltr'>et</span> 
     </span>
    </p>
   </div>
   <div class='ocr_carea' id='block_1_106' title="bbox 2004 4722 3656 4798">
    <p class='ocr_par' dir='ltr' id='par_1_106' title="bbox 2004 4722 3656 4798">
     <span class='ocr_line' id='line_1_106' title="bbox 2004 4722 3656 4798; baseline -0.001 -18"><span class='ocrx_word' id='word_1_843' title='bbox 2004 4731 2170 4798; x_wconf 85' lang='lat' dir='ltr'>pater</span> <span class='ocrx_word' id='word_1_844' title='bbox 2195 4723 2504 4795; x_wconf 80' lang='lat' dir='ltr'>signiﬁcat,</span> <span class='ocrx_word' id='word_1_845' title='bbox 2526 4723 2625 4779; x_wconf 91' lang='lat' dir='ltr'>sed</span> <span class='ocrx_word' id='word_1_846' title='bbox 2650 4723 2799 4778; x_wconf 88' lang='lat' dir='ltr'>abba</span> <span class='ocrx_word' id='word_1_847' title='bbox 2839 4724 3164 4790; x_wconf 61' lang='lat' dir='ltr'>Hebraeum,</span> <span class='ocrx_word' id='word_1_848' title='bbox 3199 4726 3362 4795; x_wconf 84' lang='lat' dir='ltr'>pater</span> <span class='ocrx_word' id='word_1_849' title='bbox 3391 4722 3656 4778; x_wconf 58' lang='lat' dir='ltr'>Gracum</span> 
     </span>
    </p>
   </div>
   <div class='ocr_carea' id='block_1_107' title="bbox 2004 4811 3660 4885">
    <p class='ocr_par' dir='ltr' id='par_1_107' title="bbox 2004 4811 3660 4885">
     <span class='ocr_line' id='line_1_107' title="bbox 2004 4811 3660 4885; baseline -0.002 -15"><span class='ocrx_word' id='word_1_850' title='bbox 2004 4819 2092 4870; x_wconf 91' lang='lat' dir='ltr'>est</span> <span class='ocrx_word' id='word_1_851' title='bbox 2117 4817 2173 4869; x_wconf 91' lang='lat' dir='ltr'>et</span> <span class='ocrx_word' id='word_1_852' title='bbox 2193 4813 2486 4868; x_wconf 89' lang='lat' dir='ltr'>Latinum.</span> <span class='ocrx_word' id='word_1_853' title='bbox 2513 4811 2582 4866; x_wconf 89' lang='lat' dir='ltr'>Ut</span> <span class='ocrx_word' id='word_1_854' title='bbox 2614 4829 2748 4883; x_wconf 89' lang='lat' dir='ltr'>ergo</span> <span class='ocrx_word' id='word_1_855' title='bbox 2781 4816 3095 4883; x_wconf 88' lang='lat' dir='ltr'>utrumque</span> <span class='ocrx_word' id='word_1_856' title='bbox 3127 4811 3412 4885; x_wconf 89' lang='lat' dir='ltr'>populum</span> <span class='ocrx_word' id='word_1_857' title='bbox 3442 4811 3500 4866; x_wconf 87' lang='lat' dir='ltr'>in</span> <span class='ocrx_word' id='word_1_858' title='bbox 3523 4823 3660 4867; x_wconf 87' lang='lat' dir='ltr'>eum</span> 
     </span>
    </p>
   </div>
   <div class='ocr_carea' id='block_1_108' title="bbox 2005 4894 3668 4971">
    <p class='ocr_par' dir='ltr' id='par_1_108' title="bbox 2005 4894 3668 4971">
     <span class='ocr_line' id='line_1_108' title="bbox 2005 4894 3668 4971; baseline -0.001 -13"><span class='ocrx_word' id='word_1_859' title='bbox 2005 4902 2227 4959; x_wconf 87' lang='lat' dir='ltr'>creditu</span> <span class='ocrx_word' id='word_1_860' title='bbox 2237 4920 2298 4956; x_wconf 91' lang='lat' dir='ltr'>ru</span> <span class='ocrx_word' id='word_1_861' title='bbox 2309 4919 2364 4956; x_wconf 90' lang='lat' dir='ltr'>m</span> <span class='ocrx_word' id='word_1_862' title='bbox 2380 4901 2450 4956; x_wconf 87' lang='lat' dir='ltr'>ab</span> <span class='ocrx_word' id='word_1_863' title='bbox 2466 4904 2710 4971; x_wconf 89' lang='lat' dir='ltr'>utroque</span> <span class='ocrx_word' id='word_1_864' title='bbox 2723 4915 2856 4954; x_wconf 89' lang='lat' dir='ltr'>eum</span> <span class='ocrx_word' id='word_1_865' title='bbox 2871 4900 3258 4956; x_wconf 88' lang='lat' dir='ltr'>invocandum</span> <span class='ocrx_word' id='word_1_866' title='bbox 3272 4916 3401 4956; x_wconf 84' lang='lat' dir='ltr'>esse</span> <span class='ocrx_word' id='word_1_867' title='bbox 3432 4894 3668 4957; x_wconf 81' lang='lat' dir='ltr'>doceret</span> 
     </span>
    </p>
   </div>
   <div class='ocr_carea' id='block_1_109' title="bbox 2007 4987 3669 5062">
    <p class='ocr_par' dir='ltr' id='par_1_109' title="bbox 2007 4987 3669 5062">
     <span class='ocr_line' id='line_1_109' title="bbox 2007 4987 3669 5062; baseline -0.001 -16"><span class='ocrx_word' id='word_1_868' title='bbox 2007 4995 2255 5062; x_wconf 88' lang='lat' dir='ltr'>utraque</span> <span class='ocrx_word' id='word_1_869' title='bbox 2288 4990 2489 5062; x_wconf 90' lang='lat' dir='ltr'>lingua</span> <span class='ocrx_word' id='word_1_870' title='bbox 2519 5005 2656 5043; x_wconf 91' lang='lat' dir='ltr'>eum</span> <span class='ocrx_word' id='word_1_871' title='bbox 2704 4989 2929 5058; x_wconf 82' lang='lat' dir='ltr'>primus</span> <span class='ocrx_word' id='word_1_872' title='bbox 2962 4987 3086 5059; x_wconf 91' lang='lat' dir='ltr'>ipse</span> <span class='ocrx_word' id='word_1_873' title='bbox 3116 4990 3363 5045; x_wconf 84' lang='lat' dir='ltr'>invocat.</span> <span class='ocrx_word' id='word_1_874' title='bbox 3418 4993 3548 5062; x_wconf 87' lang='lat' dir='ltr'>Ipse</span> <span class='ocrx_word' id='word_1_875' title='bbox 3576 4994 3669 5047; x_wconf 88' lang='lat' dir='ltr'>est</span> 
     </span>
    </p>
   </div>
   <div class='ocr_carea' id='block_1_110' title="bbox 2011 5075 3670 5150">
    <p class='ocr_par' dir='ltr' id='par_1_110' title="bbox 2011 5075 3670 5150">
     <span class='ocr_line' id='line_1_110' title="bbox 2011 5075 3670 5150; baseline -0.001 -14"><span class='ocrx_word' id='word_1_876' title='bbox 2011 5080 2166 5136; x_wconf 89' lang='lat' dir='ltr'>enim</span> <span class='ocrx_word' id='word_1_877' title='bbox 2195 5080 2382 5134; x_wconf 90' lang='lat' dir='ltr'>bonus</span> <span class='ocrx_word' id='word_1_878' title='bbox 2403 5082 2623 5148; x_wconf 84' lang='lat' dir='ltr'>pastor,</span> <span class='ocrx_word' id='word_1_879' title='bbox 2641 5075 2738 5145; x_wconf 87' lang='lat' dir='ltr'>qui</span> <span class='ocrx_word' id='word_1_880' title='bbox 2760 5076 3019 5131; x_wconf 88' lang='lat' dir='ltr'>animam</span> <span class='ocrx_word' id='word_1_881' title='bbox 3039 5094 3207 5132; x_wconf 90' lang='lat' dir='ltr'>suam</span> <span class='ocrx_word' id='word_1_882' title='bbox 3222 5079 3321 5133; x_wconf 89' lang='lat' dir='ltr'>dat</span> <span class='ocrx_word' id='word_1_883' title='bbox 3337 5093 3440 5150; x_wconf 85' lang='lat' dir='ltr'>pro</span> <span class='ocrx_word' id='word_1_884' title='bbox 3462 5078 3670 5135; x_wconf 89' lang='lat' dir='ltr'>ovibus</span> 
     </span>
    </p>
   </div>
   <div class='ocr_carea' id='block_1_111' title="bbox 2017 5164 3668 5239">
    <p class='ocr_par' dir='ltr' id='par_1_111' title="bbox 2017 5164 3668 5239">
     <span class='ocr_line' id='line_1_111' title="bbox 2017 5164 3668 5239; baseline 0 -15"><span class='ocrx_word' id='word_1_885' title='bbox 2017 5169 2162 5238; x_wconf 87' lang='lat' dir='ltr'>suis,</span> <span class='ocrx_word' id='word_1_886' title='bbox 2200 5183 2381 5222; x_wconf 87' lang='lat' dir='ltr'>unum</span> <span class='ocrx_word' id='word_1_887' title='bbox 2415 5166 2484 5220; x_wconf 89' lang='lat' dir='ltr'>de</span> <span class='ocrx_word' id='word_1_888' title='bbox 2507 5164 2737 5219; x_wconf 90' lang='lat' dir='ltr'>duobus</span> <span class='ocrx_word' id='word_1_889' title='bbox 2763 5165 3038 5237; x_wconf 87' lang='lat' dir='ltr'>gregibus</span> <span class='ocrx_word' id='word_1_890' title='bbox 3064 5165 3209 5222; x_wconf 84' lang='lat' dir='ltr'>ovile</span> <span class='ocrx_word' id='word_1_891' title='bbox 3231 5167 3454 5239; x_wconf 84' lang='lat' dir='ltr'>perﬁcit</span> <span class='ocrx_word' id='word_1_892' title='bbox 3477 5169 3668 5239; x_wconf 82' lang='lat' dir='ltr'>(Joan.</span> 
     </span>
    </p>
   </div>
   <div class='ocr_carea' id='block_1_112' title="bbox 2016 5253 3676 5329">
    <p class='ocr_par' dir='ltr' id='par_1_112' title="bbox 2016 5253 3676 5329">
     <span class='ocr_line' id='line_1_112' title="bbox 2016 5253 3676 5329; baseline -0.001 -17"><span class='ocrx_word' id='word_1_893' title='bbox 2016 5258 2094 5329; x_wconf 87' lang='lat' dir='ltr'>x).</span> <span class='ocrx_word' id='word_1_894' title='bbox 2129 5257 2262 5311; x_wconf 88' lang='lat' dir='ltr'>Ideo</span> <span class='ocrx_word' id='word_1_895' title='bbox 2290 5253 2596 5325; x_wconf 89' lang='lat' dir='ltr'>utriusque</span> <span class='ocrx_word' id='word_1_896' title='bbox 2624 5269 2760 5307; x_wconf 88' lang='lat' dir='ltr'>voce</span> <span class='ocrx_word' id='word_1_897' title='bbox 2779 5253 2972 5324; x_wconf 85' lang='lat' dir='ltr'>gregis</span> <span class='ocrx_word' id='word_1_898' title='bbox 2991 5254 3272 5311; x_wconf 86' lang='lat' dir='ltr'>auxilium</span> <span class='ocrx_word' id='word_1_899' title='bbox 3296 5256 3482 5311; x_wconf 89' lang='lat' dir='ltr'>Patris</span> <span class='ocrx_word' id='word_1_900' title='bbox 3508 5257 3676 5329; x_wconf 86' lang='lat' dir='ltr'>flagi-</span> 
     </span>
    </p>
   </div>
   <div class='ocr_carea' id='block_1_113' title="bbox 2022 5341 3685 5413">
    <p class='ocr_par' dir='ltr' id='par_1_113' title="bbox 2022 5341 3685 5413">
     <span class='ocr_line' id='line_1_113' title="bbox 2022 5341 3685 5413; baseline 0.001 -13"><span class='ocrx_word' id='word_1_901' title='bbox 2022 5350 2123 5408; x_wconf 85' lang='lat' dir='ltr'>tat,</span> <span class='ocrx_word' id='word_1_902' title='bbox 2163 5349 2224 5398; x_wconf 92' lang='lat' dir='ltr'>ut</span> <span class='ocrx_word' id='word_1_903' title='bbox 2254 5360 2358 5397; x_wconf 88' lang='lat' dir='ltr'>nos</span> <span class='ocrx_word' id='word_1_904' title='bbox 2405 5345 2656 5412; x_wconf 88' lang='lat' dir='ltr'>utroque</span> <span class='ocrx_word' id='word_1_905' title='bbox 2685 5341 2948 5413; x_wconf 87' lang='lat' dir='ltr'>exemplo</span> <span class='ocrx_word' id='word_1_906' title='bbox 2995 5342 3155 5399; x_wconf 89' lang='lat' dir='ltr'>illius</span> <span class='ocrx_word' id='word_1_907' title='bbox 3205 5345 3525 5413; x_wconf 85' lang='lat' dir='ltr'>informati,</span> <span class='ocrx_word' id='word_1_908' title='bbox 3577 5345 3685 5401; x_wconf 83' lang='lat' dir='ltr'>ubi</span> 
     </span>
    </p>
   </div>
   <div class='ocr_carea' id='block_1_114' title="bbox 2025 5429 3675 5500">
    <p class='ocr_par' dir='ltr' id='par_1_114' title="bbox 2025 5429 3675 5500">
     <span class='ocr_line' id='line_1_114' title="bbox 2025 5429 3675 5500; baseline -0.001 -12"><span class='ocrx_word' id='word_1_909' title='bbox 2025 5435 2263 5489; x_wconf 77' lang='lat' dir='ltr'>adversa</span> <span class='ocrx_word' id='word_1_910' title='bbox 2302 5429 2608 5485; x_wconf 87' lang='lat' dir='ltr'>imminere</span> <span class='ocrx_word' id='word_1_911' title='bbox 2639 5430 3023 5499; x_wconf 88' lang='lat' dir='ltr'>senserimus,</span> <span class='ocrx_word' id='word_1_912' title='bbox 3057 5450 3162 5489; x_wconf 91' lang='lat' dir='ltr'>nos</span> <span class='ocrx_word' id='word_1_913' title='bbox 3193 5435 3420 5488; x_wconf 87' lang='lat' dir='ltr'>Patrem</span> <span class='ocrx_word' id='word_1_914' title='bbox 3469 5433 3675 5500; x_wconf 89' lang='lat' dir='ltr'>Deum,</span> 
     </span>
    </p>
   </div>
   <div class='ocr_carea' id='block_1_115' title="bbox 2029 5518 3680 5587">
    <p class='ocr_par' dir='ltr' id='par_1_115' title="bbox 2029 5518 3680 5587">
     <span class='ocr_line' id='line_1_115' title="bbox 2029 5518 3680 5587; baseline -0.003 -9"><span class='ocrx_word' id='word_1_915' title='bbox 2029 5521 2247 5578; x_wconf 73' lang='lat' dir='ltr'>Hebraei</span> <span class='ocrx_word' id='word_1_916' title='bbox 2273 5520 2434 5574; x_wconf 87' lang='lat' dir='ltr'>Abba</span> <span class='ocrx_word' id='word_1_917' title='bbox 2465 5518 2822 5587; x_wconf 87' lang='lat' dir='ltr'>invocantes,</span> <span class='ocrx_word' id='word_1_918' title='bbox 2858 5538 2976 5576; x_wconf 90' lang='lat' dir='ltr'>una</span> <span class='ocrx_word' id='word_1_919' title='bbox 3005 5523 3136 5578; x_wconf 85' lang='lat' dir='ltr'>fidei</span> <span class='ocrx_word' id='word_1_920' title='bbox 3169 5526 3225 5577; x_wconf 93' lang='lat' dir='ltr'>et</span> <span class='ocrx_word' id='word_1_921' title='bbox 3248 5520 3551 5576; x_wconf 88' lang='lat' dir='ltr'>charitatis</span> <span class='ocrx_word' id='word_1_922' title='bbox 3581 5521 3680 5573; x_wconf 90' lang='lat' dir='ltr'>de—</span> 
     </span>
    </p>
   </div>
   <div class='ocr_carea' id='block_1_116' title="bbox 267 5607 3687 5683">
    <p class='ocr_par' dir='ltr' id='par_1_116' title="bbox 267 5607 3687 5683">
     <span class='ocr_line' id='line_1_116' title="bbox 267 5607 3687 5683; baseline -0.003 -16"><span class='ocrx_word' id='word_1_923' title='bbox 267 5613 474 5672; x_wconf 67' lang='lat' dir='ltr'>°titiam</span> <span class='ocrx_word' id='word_1_924' title='bbox 505 5633 721 5672; x_wconf 89' lang='lat' dir='ltr'>meam.</span> <span class='ocrx_word' id='word_1_925' title='bbox 756 5615 1127 5672; x_wconf 83' lang='lat' dir='ltr'>Conﬁdenter</span> <span class='ocrx_word' id='word_1_926' title='bbox 1163 5611 1402 5668; x_wconf 89' lang='lat' dir='ltr'>nomino</span> <span class='ocrx_word' id='word_1_927' title='bbox 1429 5611 1745 5681; x_wconf 73' lang='lat' dir='ltr'>tristitiam,</span> <span class='ocrx_word' id='word_1_928' title='bbox 1781 5613 1920 5683; x_wconf 88' lang='lat' dir='ltr'>quia</span> <span class='ocrx_word' id='word_1_929' title='bbox 2027 5612 2257 5667; x_wconf 90' lang='lat' dir='ltr'>votione</span> <span class='ocrx_word' id='word_1_930' title='bbox 2291 5607 2625 5681; x_wconf 72' lang='lat' dir='ltr'>praesidium</span> <span class='ocrx_word' id='word_1_931' title='bbox 2657 5607 2888 5667; x_wconf 75' lang='lat' dir='ltr'>caeleste</span> <span class='ocrx_word' id='word_1_932' title='bbox 2909 5627 3259 5683; x_wconf 69' lang='lat' dir='ltr'>quaeramus.</span> <span class='ocrx_word' id='word_1_933' title='bbox 3294 5609 3456 5664; x_wconf 89' lang='lat' dir='ltr'>Unde</span> <span class='ocrx_word' id='word_1_934' title='bbox 3483 5609 3687 5662; x_wconf 87' lang='lat' dir='ltr'>doctor</span> 
     </span>
    </p>
   </div>
  </div>
