4012 6174
374 367 493 432 403

370 500 644 577 egregius
688 501 935 559 formam
976 503 1221 560 docendi
1264 519 1299 557 a
1325 501 1574 559 Domino
1622 514 1886 563 sumens,
1932 495 2016 551 ita
2043 494 2097 560 Α

374 605 516 647 suos
576 590 872 647 auditores
917 590 1277 664 alloquitur:
1328 614 1356 641 ‹‹
1386 588 1704 662 Accepistis
1751 587 2022 659 spiritum

371 678 699 750 adoptionis
748 678 1026 744 ﬁliorum,
1058 680 1119 735 in
1149 697 1265 752 quo
1295 678 1622 734 clamamus
1650 676 1813 733 Abba
1857 676 2027 730 Pater

372 771 545 838 (Rom.
576 770 717 840 vui).
754 791 782 819 ››
809 770 974 824 Abba
1002 770 1280 824 nimirum
1316 768 1420 836 illi,
1460 768 1560 839 qui
1591 768 1662 823 de
1710 766 2024 822 Israelitico

372 858 617 931 populo:
653 875 759 914 nos
783 859 971 926 Pater,
997 859 1098 930 qui
1120 859 1191 912 de
1222 858 1496 929 gentibus
1516 857 1589 912 ad
1613 857 1785 911 ﬁdem
1808 856 2022 911 Christi

370 946 664 1003 venimus.

443 1058 472 1086 ‹‹
495 1036 564 1092 Et
592 1036 767 1103 venit,
783 1034 1073 1092 etinvenit
1087 1051 1186 1091 eos
1204 1033 1580 1090 dormientes.
1604 1035 1673 1089 Et
1703 1033 1783 1088 ait
1812 1034 1978 1088 Petro
2006 1049 2020 1088 :

373 1146 402 1173 «
429 1123 651 1189 Simon,
666 1123 917 1181 dormis?
928 1124 1052 1179 Non
1067 1123 1304 1195 potuisti
1321 1140 1438 1178 una
1451 1123 1593 1179 hora
1606 1121 1874 1194 vigilare?
1890 1120 2025 1176 «Ille

374 1211 477 1284 qui
507 1229 686 1283 supra
714 1211 973 1268 dixerat:
1014 1213 1146 1267 «Et
1176 1212 1225 1267 si
1256 1228 1461 1267 omnes
1491 1211 1866 1267 scandalizati
1897 1212 2023 1264 fue-

291 1297 293 1299 ’
374 1299 511 1367 rint,
562 1317 666 1374 ego
698 1317 1001 1373 nunquam
1054 1298 1512 1364 scandalizabor,
1563 1317 1721 1355 nunc
1772 1298 2025 1353 tristitire

376 1388 781 1460 magnitudine
812 1406 1088 1446 somnum
1111 1388 1338 1444 vincere
1369 1405 1481 1443 non
1514 1392 1720 1459 potest.

446 1500 475 1528 «
508 1475 755 1549 Vigilate
798 1481 857 1533 et
897 1482 1079 1545 orate,
1125 1482 1188 1532 ut
1237 1494 1352 1533 non
1384 1476 1610 1532 intretis
1639 1476 1698 1531 in
1757 1476 2027 1531 tentatio-

376 1589 404 1617 «
434 1582 591 1621 nem.
614 1588 651 1615 ››
665 1566 1030 1638 [mpossibile
1045 1571 1133 1622 est
1150 1566 1469 1622 humanam
1491 1565 1747 1621 animam
1767 1582 1882 1621 non
1906 1571 2030 1621 ten-

374 1653 506 1709 tari.
540 1653 703 1710 Unde
732 1658 789 1710 et
818 1655 879 1709 in
908 1654 1166 1710 oratione
1198 1655 1501 1710 Dominica
1527 1654 1783 1710 dicimus
1811 1654 2025 1727 (Matth.

376 1745 483 1811 v1):
520 1766 549 1793 «
576 1743 658 1799 Ne
689 1760 795 1799 nos
823 1743 1070 1800 inducas
1101 1744 1159 1798 in
1190 1743 1594 1813 tentationem,
1622 1767 1649 1793 ››
1672 1761 1851 1815 quam
1880 1745 2030 1803 ferre

936 368 1339 432 HAYMONIS
1383 360 1921 429 HALBERSTAT.
1967 358 2210 424 EPISG.
2258 360 2428 422 Ol’P.
2474 358 2677 420 PARS
2723 358 2800 419 ll.
2836 392 2913 402 -—
2943 355 3213 419 HOMIL.

3656 352 3775 414 40»!

2201 515 2229 544 ‹‹
2259 491 2511 565 Surgite,
2543 507 2762 548 eamus.
2786 492 2929 547 Ecce
2952 489 3053 562 qui
3083 505 3175 546 me
3195 489 3403 558 tradet,
3431 500 3608 564 prope
3629 496 3775 549 est.»

2136 584 2447 654 Postquam
2465 581 2636 637 tertio
2658 586 3002 648 oraveratet
3018 578 3413 652 apostolorum
3439 585 3778 653 sequentem

2131 671 2403 727 timorem
2435 671 2775 743 poznitentia
2804 670 3211 742 impetraverat
3239 668 3669 740 corrigendum,
3694 688 3785 726 se-

2133 777 2310 816 curus
2358 761 2429 814 de
2484 759 2754 831 passione
2784 777 2894 814 sua
2924 756 3112 831 pergit
3149 757 3220 813 ad
3276 763 3693 829 persecutores,
3725 762 3785 815 et

2134 847 2286 905 ultro
2309 866 2370 904 se
2392 848 2861 905 interﬁciendum
2888 848 3123 921 prabet,
3152 846 3421 918 dixitque
3446 847 3780 920 discipulis:

2134 961 2162 987 ‹‹
2197 937 2448 1010 Surgite,
2483 955 2708 993 camus.
2737 938 2881 992 Ecce
2915 937 3015 1008 qui
3047 953 3140 991 me
3162 935 3373 1003 tradet,
3407 953 3585 1008 prope
3612 943 3721 994 est.
3757 954 3785 987 ιδ

2135 1026 2260 1082 Non
2288 1044 2390 1082 vos
2438 1026 2694 1082 inveniat
2745 1026 2914 1098 quasi
2955 1026 3231 1080 timentes
3279 1032 3338 1080 et
3383 1030 3786 1095 retractantes,

2136 1115 2287 1172 ultro
2318 1132 2631 1189 pergarnus
2649 1116 2719 1171 ad
2741 1119 3007 1182 mortem,
3034 1118 3097 1169 ut
3112 1114 3544 1181 conﬁdentiam,
3566 1120 3625 1170 et
3641 1133 3787 1188 gau-
3844 1114 3856 1121 ’

2136 1205 2297 1260 dium
2324 1205 2553 1277 passuri
2586 1204 2839 1260 videant.
3776 1220 3781 1223 λ

2210 1316 2237 1344 ‹‹
2268 1294 2516 1349 Dederat
2562 1299 2760 1349 autem
2819 1292 3065 1349 traditor
3116 1293 3204 1349 eis
3257 1292 3515 1366 signum,
3549 1294 3787 1350 dicens:

2137 1403 2166 1433 «
2198 1384 2616 1455 Quemcunque
2636 1381 2939 1439 osculatus
2966 1382 3148 1450 fuero,
3171 1383 3296 1454 ipse
3315 1386 3421 1449 est,
3444 1387 3632 1438 tenete
3652 1398 3789 1439 eum

2136 1492 2166 1521 «
2197 1476 2255 1526 et
2283 1470 2474 1526 ducite
2492 1476 2690 1526 caute.
2720 1472 2789 1526 Et
2816 1487 2950 1525 cum
2982 1470 3257 1536 venisset,
3284 1469 3479 1526 statim
3509 1472 3792 1528 accedens

2138 1582 2166 1609 «
2199 1560 2270 1614 ad
2305 1577 2462 1624 eum,
2486 1560 2597 1616 ait:
2634 1559 2840 1615 Rahbi.
2869 1560 2937 1614 Et
2952 1558 3251 1615 osculatus
3271 1564 3360 1615 est
3374 1576 3530 1615 eum.
3555 1582 3582 1609 ›ι
3605 1561 3799 1633 Impu-

2138 1649 2282 1704 dens
2311 1646 2551 1721 quidem
2599 1652 2657 1704 et
2688 1648 2970 1705 scelerata
3020 1647 3393 1714 conﬁdentia,
3445 1649 3799 1720 magistrum

2138 1736 2424 1803 invocare,
2459 1743 2516 1792 et
2567 1736 2833 1791 osculum
2877 1736 3140 1808 ingerere
3169 1735 3221 1792 ei
3267 1752 3442 1808 quem
3490 1736 3798 1793 tradebat:

376 1850 493 1889 non
527 1849 874 1931 possumus,
894 1832 1275 1931 tentationem
1294 1833 1529 1931 penitus
1559 1832 1901 1895 refutantes,
1926 1832 2026 1886 sed
2061 1868 2109 1931 Β
2138 1830 2334 1881 tamen
2349 1824 2775 1931 adhucpliquid
2798 1825 2970 1931 habet
2983 1824 3802 1931 verecundiaadiscipuli‘mum

374 1922 528 1978 vires
548 1919 878 1978 sustinendi
910 1920 969 1975 in
1004 1920 1424 1976 tentationibus
1450 1920 1848 1992 deprecantes.
1884 1921 2029 1992 Ergo

376 2015 436 2067 et
464 2009 995 2083 impresentiarum
1024 2026 1139 2065 non
1172 2009 1288 2064 ait:
1324 2032 1352 2059 «
1386 2008 1683 2080 Vigilitate
1723 2014 1781 2064 et
1809 2013 1968 2065 orate
1998 2031 2026 2059 »

378 2116 451 2156 ne
481 2098 810 2165 tentemini,
842 2098 944 2154 sed
972 2120 1000 2149 «
1032 2115 1103 2153 ne
1125 2097 1434 2153 intretis‘in
1458 2097 1893 2163 tentationem,»
1921 2098 2031 2153 hoc

378 2192 487 2257 est,
521 2205 593 2245 ne
622 2187 861 2244 tentatio
880 2204 991 2242 -vos
1020 2189 1254 2258 superet
1274 2184 1481 2241 ultima
1504 2191 1563 2242 et
1591 2186 1745 2242 intra
1765 2204 1904 2243 suos
1936 2188 2029 2242 ca-

380 2295 482 2335 sus
512 2277 902 2334 teneat.Verbi
925 2277 1133 2348 gratia,
1159 2279 1399 2347 martyr,
1418 2274 1519 2347 qui
1547 2293 1649 2347 pro
1667 2276 2032 2331 confessione

379 2365 611 2425 Domini
642 2365 991 2438 sanguinem
1030 2363 1199 2428 fudit,
1234 2367 1491 2419 tentatus
1522 2364 1757 2435 quidem
1786 2369 1895 2432 est,
1929 2364 2028 2419 sed

378 2453 718 2513 tentationis
750 2453 972 2509 retibus
995 2469 1112 2507 non
1133 2451 1369 2525 ligatus.
1404 2452 1510 2517 Qui
1533 2457 1729 2507 autem
1752 2457 1944 2525 negat,
1970 2452 2029 2507 in

380 2542 583 2616 plagas
603 2541 943 2598 tentationis
965 2539 1231 2596 incurrit.
1258 2562 1284 2589 ‹‹
1307 2540 1559 2612 Spiritus
1584 2541 1820 2612 quidem
1843 2557 2031 2613 prom-

380 2655 409 2683 ‹‹
444 2635 601 2704 ptus,
633 2647 766 2686 caro
797 2633 992 2686 autem
1024 2629 1279 2684 inﬁrma.
1308 2651 1334 2677 ››
1368 2629 1484 2684 Hoc
1512 2629 1821 2685 adversum
1852 2634 2032 2686 teme-

381 2719 566 2777 rarios
581 2721 804 2776 dictum
819 2722 926 2787 est,
953 2717 1092 2790 quia
1116 2717 1404 2790 quidquid
1425 2718 1797 2783 crediderint,
1823 2722 2035 2790 putant

379 2827 442 2867 se
459 2826 631 2882 posse
648 2807 947 2881 consequi.
971 2807 1481 2879 ltaquequantum
1500 2806 1573 2861 de
1592 2807 1798 2862 ardore
1821 2806 2033 2863 mentis

379 2897 757 2965 conﬁdimus,
778 2900 1009 2952 tantum
1037 2895 1108 2950 de
1136 2894 1330 2949 carnis
1361 2894 1673 2967 fragilitate
1698 2896 2029 2953 timeamus.

379 2986 493 3043 Sed
524 2989 721 3041 tamen
746 2985 912 3056 juxta
958 2982 1325 3053 Apostolum,
1371 2983 1581 3054 spiritu
1613 2984 1808 3040 carnis
1857 3002 2034 3056 opera

379 3074 828 3131 mortiﬁcantur.
864 3071 1022 3132 Facit
1066 3070 1163 3127 hic
1191 3071 1355 3127 locus
1384 3072 1693 3128 adversum
1726 3073 2033 3146 Eutychia-

379 3180 507 3231 nos,
540 3160 639 3235 qui
672 3160 877 3218 dicunt
900 3177 1077 3217 unam
1099 3160 1158 3216 in
1190 3160 1503 3217 Mediatore
1520 3161 1621 3216 Dei
1641 3166 1697 3217 et
1726 3162 2031 3218 hominum

2141 1930 2255 1969 non
2293 1931 2429 1969 eum
2474 1913 2666 1986 palam
2716 1913 2958 1969 tradidit
3006 1913 3497 1986 persecutoribus,
3547 1916 3648 1970 sed
3705 1932 3807 1988 per

2139 2002 2374 2076 signum
2409 2003 2614 2058 osculi.
2654 2001 2913 2074 Suscipit
2962 2008 3161 2058 autem
3193 2002 3478 2058 Dominus
3527 2001 3802 2060 osculum

2139 2091 2457 2158 traditoris,
2484 2108 2598 2146 non
2625 2089 3043 2162 quo-simulare
3069 2108 3175 2145 nos
3202 2091 3428 2156 doceat,
3457 2091 3554 2147 sed
3579 2108 3651 2147 ne
3672 2110 3803 2165 pro-

2139 2179 2418 2235 ditionem
2448 2181 2646 2252 fugere
2678 2178 2959 2245 vidcatur,
3007 2178 3183 2235 simul
3216 2183 3274 2235 et
3300 2178 3444 2234 illud
3476 2180 3651 2236 David
3689 2181 3805 2236 im-

2140 2268 2305 2341 plens
2328 2284 2341 2322 :
2380 2268 2567 2323 «Cum
2588 2268 2681 2324 his
2705 2268 2804 2340 qui
2830 2270 3079 2324 oderunt
3099 2284 3321 2340 pacem,
3340 2286 3498 2325 eram
3516 2271 3805 2342 paciﬁcus

2141 2358 2312 2429 (Ρδαι.
2347 2360 2521 2425 οχιχ).
2554 2379 2581 2406 ››

2212 2468 2239 2495 ‹‹
2275 2446 2437 2501 Unus
2467 2446 2705 2517 quidem
2737 2447 2808 2502 de
2840 2445 3358 2502 circumstantibus
3387 2448 3642 2505 educens
3678 2449 3806 2523 gla-

2141 2556 2168 2585 «
2204 2534 2388 2602 dium,
2418 2535 2708 2607 percussit
2737 2553 2968 2605 servum
3002 2535 3222 2592 summi
3245 2536 3584 2602 sacerdotis,
3609 2542 3668 2593 et
3687 2556 3811 2594 am-

2145 2643 2173 2674 «
2205 2624 2429 2694 putavit
2452 2622 2532 2677 illi
2559 2623 2949 2679 auriculam.»
2983 2625 3189 2680 Petrus
3219 2625 3327 2680 hoc
3359 2624 3515 2695 fecit,
3542 2631 3607 2681 ut
3626 2626 3809 2682 Joan-

2142 2727 2246 2767 nes
2292 2711 2648 2784 evangelista
2695 2712 2970 2778 declarat,
3022 2713 3226 2769 eodem
3272 2712 3551 2770 nimirum
3584 2715 3809 2772 mentis

2141 2817 2359 2860 amore.
2383 2816 2498 2872 quo
2529 2806 2701 2856 antea
2732 2802 2919 2856 multa
2939 2802 3174 2857 fecerat.
3209 2802 3442 2858 Sciebat
3469 2802 3628 2858 enim
3657 2821 3805 2877 quo-

2142 2888 2314 2944 modo
2347 2888 2590 2945 Phinees
2622 2890 2918 2962 puniendo
2940 2890 3254 2960 sacrilegos
3276 2892 3602 2947 mercedem
3618 2894 3807 2964 justi-

2140 2976 2233 3031 tiae
2277 2983 2336 3033 et
2384 2977 2690 3034 sacerdotii
2724 2978 2997 3049 perennis
3044 2979 3349 3051 acceperit.
3384 2980 3570 3036 Lucas
3602 2986 3805 3038 autem

2142 3066 2324 3132 addit,
2359 3066 2499 3138 quia
2522 3067 2801 3123 Dominus
2823 3072 3070 3139 tangens
3088 3067 3412 3124 auricuiam
3435 3068 3607 3137 servi,
3630 3088 3806 3127 sana-

2141 3155 2289 3210 verit
2313 3172 2445 3211 eum
2473 3173 2485 3210 :
2529 3156 2803 3228 Nunquid
2837 3172 2973 3228 ergo
3005 3155 3237 3229 pietatis
3274 3174 3393 3212 suae
3439 3157 3809 3215 obliviscitur

380 3233 628 3310 Domino
658 3256 716 3307 et
762 3250 1058 3308 Salvatore
1105 3253 1303 3305 nostro
1343 3249 1733 3321 operationem
1766 3254 1822 3306 et
1853 3267 2032 3305 unam
2065 3233 2108 3300 C
2146 3243 2451 3310 Dominus,
2489 3242 2587 3315 qui
2618 3250 2676 3299 et
2705 3244 2905 3301 hostes
2927 3262 3065 3302 suos
3097 3260 3211 3303 non
3234 3244 3454 3316 patitur
3473 3246 3808 3303 vulnerari?

382 3340 565 3398 fuisse
590 3339 972 3397 voluntatem.
1004 3343 1150 3393 Cum
1177 3338 1333 3393 enim
1366 3336 1543 3393 dicit:
1579 3360 1607 3388 ‹‹
1630 3338 1880 3409 Spiritus
1911 3339 2035 3410 qui-

383 3430 515 3486 dem
540 3432 848 3500 promptus
867 3431 975 3493 est,
1000 3441 1134 3481 caro
1160 3441 1294 3480 vero
1317 3425 1570 3492 inﬁrma,
1598 3446 1625 3473 »
1656 3426 1805 3480 duas
1835 3425 2035 3482 volun-

382 3520 532 3572 tates
558 3514 847 3571 ostendit:
880 3515 1201 3569 humanam
1223 3510 1512 3578 videlicet,
1535 3528 1662 3583 quae
1689 3517 1779 3567 est
1809 3512 2029 3568 carnis:
2072 3522 2081 3525 ’

378 3608 441 3660 et
461 3602 741 3666 divinam,
775 3619 902 3673 quae
931 3606 1021 3657 est
1052 3599 1316 3656 Deitatis.
1351 3598 1456 3655 Ubi
1488 3599 1749 3654 humana
1792 3600 2030 3671 quidem

375 3695 613 3764 propter
662 3689 1068 3745 inﬁrmitatem
1122 3687 1339 3754 carnis,
1388 3691 1618 3742 recusat
1673 3688 2025 3759 passionem,

374 3781 573 3837 divina
604 3782 800 3835 autem
832 3778 961 3850 ejus
991 3781 1081 3833 est
1110 3775 1583 3849 promptissima:
1618 3776 1896 3847 quoniam
1919 3777 2030 3831 for-

374 3869 596 3926 midare
625 3867 865 3940 quidem
898 3866 958 3920 in
980 3864 1251 3938 passione
1272 3864 1539 3920 humanae
1562 3863 1893 3937 fragilitatis
1917 3869 2024 3932 est,

371 3957 669 4030 suscipere
699 3960 893 4013 autem
941 3951 1435 4026 dispensationem
1476 3952 1789 4025 passionis,
1821 3952 2026 4010 divinis

368 4046 686 4121 voluntatis
718 4049 891 4117 atque
920 4042 1156 4099 virtutis
1187 4045 1295 4097 est.

440 4158 468 4187 ‹‹
503 4135 572 4191 Et
600 4135 811 4192 iterum
843 4133 1006 4199 abiit,
1052 4136 1110 4187 et
1139 4131 1342 4195 oravit,
1390 4132 1658 4186 eumdem
1693 4148 2022 4188 sermonem

371 4246 399 4274 «
432 4223 656 4284 dicens.
687 4245 716 4272 »
747 4221 920 4280 Solus
950 4224 1077 4277 orat
1109 4236 1211 4292 pro
1241 4219 1536 4286 omnibus,
1571 4219 1723 4275 sicut
1752 4225 1811 4276 et
1861 4221 2023 4278 solus

369 4312 590 4379 patitur
614 4320 717 4384 pro
751 4309 1059 4367 universis.
1098 4309 1472 4380 Languebant
1500 4314 1695 4365 autem
1728 4315 1783 4365 et
1826 4310 2021 4382 oppri-

371 4402 683 4458 mebantur
710 4399 1105 4472 apostolorum
1139 4397 1312 4463 oculi,
1348 4398 1653 4470 negatione
1677 4398 1888 4454 vicina.

441 4511 472 4540 ‹‹
504 4491 571 4545 Et
599 4488 757 4546 venit
778 4487 968 4553 tertio,
1004 4491 1060 4541 et
1087 4484 1168 4540 ait
1198 4485 1354 4542 illis:
1388 4486 1646 4542 Dormite
1668 4486 1816 4556 jam,
1850 4493 1909 4542 et
1939 4504 2019 4543 re-

368 4601 396 4629 ‹‹
430 4576 730 4649 quiescite.
762 4575 1008 4633 Sufﬁcit.
1038 4572 1209 4630 Venit
1238 4574 1538 4640 hora,ecce
1561 4574 1743 4631 Filius
1763 4575 2021 4632 hominis
2053 4598 2096 4662 Ι)

368 4689 397 4717 ‹‹
429 4665 691 4722 tradetur
719 4664 779 4720 in
811 4681 1023 4721 manus
1066 4666 1459 4735 peccatorum.
1492 4686 1513 4712 ι
1546 4666 1690 4718 Cum
1734 4663 2014 4722 dixisset:

365 4779 393 4806 ‹‹
427 4753 682 4812 Dormite
694 4754 822 4825 jam
840 4757 898 4809 et
917 4750 1281 4823 requiescite,
1297 4773 1324 4801 »
1350 4756 1407 4807 et
1421 4753 1791 4824 adiungeret:
1808 4753 2016 4809 «Sufﬁ-

363 4843 460 4911 cit,
491 4865 519 4896 »
541 4858 607 4901 ac
637 4841 846 4900 deinde
875 4841 1089 4898 inferre
1113 4858 1126 4896 :
1162 4863 1191 4891 «
1222 4839 1393 4895 Venit
1413 4840 1574 4909 hora,
1599 4857 1731 4897 ecce
1752 4842 2017 4898 tradetur

362 4931 544 4989 Filius
563 4930 843 4995 hominis,
863 4952 890 4980 η
921 4929 1126 5002 utique
1154 4927 1502 5000 intelligitur
1530 4933 1661 5001 post
1689 4927 1830 4984 illud
1856 4932 2012 5002 quod

362 5017 447 5076 eis
476 5021 701 5075 dictum
731 5023 856 5074 est:
894 5041 920 5069 «
949 5019 1200 5073 Dormite
1229 5022 1286 5073 et
1316 5016 1681 5090 requiescite,
1716 5039 1745 5068 ››
1779 5017 2013 5075 siluisse

360 5106 674 5164 Dominum
707 5107 1098 5179 aliquantum,
1123 5110 1187 5161 ut
1216 5106 1324 5162 hoc
1346 5108 1510 5162 ﬁeret
1538 5106 1691 5178 quod
1720 5108 2013 5178 praemise-

360 5199 473 5257 rat,
503 5199 560 5249 et
587 5196 728 5249 tunc
756 5194 1063 5250 intulisse:
1104 5217 1124 5244 ι
1152 5196 1295 5251 Ecce
1320 5195 1816 5268 appropinquabit
1846 5197 2008 5268 hora,

361 5282 481 5338 sive
509 5283 667 5338 venit
687 5282 866 5349 hora;
900 5281 1028 5337 ideo
1059 5288 1190 5354 post
1217 5282 1317 5339 illa
1344 5285 1520 5340 verba
1569 5286 1827 5357 positum
1881 5290 2005 5342 est:

363 5392 392 5422 ‹‹
423 5370 671 5435 Sufﬁcit,
701 5392 730 5420 »
766 5370 825 5426 id
856 5374 963 5434 est,
1013 5371 1152 5441 quia
1181 5373 1570 5443 requievistis,
1602 5374 1728 5444 jam
1767 5374 2002 5430 sufﬁcit.

360 5459 471 5515 Sed
504 5459 642 5531 quia
682 5463 1146 5514 commemorata
1177 5458 1303 5530 ipsa
1345 5467 1475 5517 non'
1507 5467 1595 5518 est
1640 5462 2007 5535 interpositio

2145 3331 2231 3387 Illi
2254 3332 2417 3401 justo
2451 3348 2609 3387 mors
2640 3333 2906 3405 infertur,
2941 3334 3066 3406 ipse
3098 3338 3529 3406 persecutorem
3560 3335 3810 3392 vulnera

2143 3425 2331 3488 sanat,
2366 3421 2608 3493 mystice
2639 3423 2853 3478 docens
2884 3422 3057 3479 etiam
3092 3440 3210 3490 eos,
3234 3424 3332 3496 qui
3359 3423 3417 3478 in
3449 3442 3568 3479 sua:
3595 3426 3808 3482 mortis

2142 3509 2523 3565 consensione
2545 3510 2757 3567 vulnus
2775 3512 2981 3567 animae
3013 3517 3438 3580 contraxerant,
3463 3513 3512 3569 si
3537 3513 3805 3571 fructum

2140 3596 2491 3668 poenitentiae
2524 3600 2768 3672 dignum
2803 3600 3065 3669 fecerint,
3102 3601 3349 3657 salutem
3384 3601 3617 3658 m‘ereri.

2215 3709 2235 3734 ιι
2274 3687 2341 3741 Et
2371 3691 2729 3759 respondens
2750 3690 2943 3752 Jesus,
2973 3689 3054 3745 ait
3084 3690 3202 3746 illis
3228 3707 3239 3746 :
3266 3692 3571 3763 Tanquam
3607 3694 3685 3747 ad
3720 3692 3804 3748 la-

2139 3796 2167 3825 ‹‹
2200 3778 2427 3831 tronem
2457 3776 2657 3832 existis
2675 3795 2807 3832 cum
2827 3778 3037 3851 gladiis
3058 3785 3115 3834 et
3138 3780 3391 3835 fustibus
3413 3782 3802 3852 comprehen-

2140 3884 2168 3913 ‹‹
2200 3864 2333 3920 dere
2364 3882 2456 3921 me
2481 3866 2508 3920 ?
2533 3866 2802 3929 Quotidie
2832 3882 2993 3922 eram
3023 3868 3189 3940 apud
3211 3884 3312 3924 vos
3346 3869 3406 3923 in
3440 3867 3665 3940 templo
3698 3870 3801 3926 do-

2139 3974 2167 4004 ‹‹
2200 3969 2359 4016 cens.
2390 3960 2446 4009 et
2467 3972 2581 4010 non
2616 3972 2706 4010 me
2736 3955 3026 4011 tenuistis.
3060 3978 3087 4005 »
3136 3956 3395 4012 Stultum
3437 3960 3544 4025 est,
3577 3956 3799 4031 inquit,

2133 4058 2268 4098 eum
2301 4060 2434 4098 cum
2482 4043 2695 4116 gladiis
2725 4049 2781 4098 et
2811 4044 3068 4101 fustibus
3100 4062 3380 4116 quaerere,
3412 4046 3511 4118 qui
3544 4045 3706 4103 ultro
3737 4064 3801 4104 se

2133 4130 2373 4187 tradidit
2401 4132 2611 4187 vestris
2642 4134 2948 4189 manibus:
2984 4137 3041 4188 et
3068 4134 3127 4188 in
3157 4139 3324 4190 nocte
3354 4134 3522 4206 quasi
3556 4134 3799 4191 latitan-

2134 4224 2271 4287 tem,
2295 4225 2353 4274 et
2392 4224 2614 4275 vestros
2649 4220 2850 4276 oculos
2873 4221 3264 4278 declinantem
3299 4240 3401 4295 per
3429 4223 3796 4295 proditorem

2131 4307 2501 4379 investigare,
2522 4308 2623 4379 qui
2655 4309 2914 4380 quotidie
2933 4311 2992 4365 in
3019 4311 3237 4384 templo
3264 4312 3485 4367 doceat.
3514 4312 3627 4367 Sed
3666 4314 3797 4369 ideo

2128 4396 2436 4452 adversum
2454 4413 2547 4450 me
2561 4397 2616 4450 in
2636 4398 2893 4454 tenebris
2904 4400 3362 4473 congregamini,
3378 4399 3517 4473 quia
3530 4404 3798 4474 potestas

2129 4488 2319 4539 vestra
2348 4484 2406 4537 iu
2438 4484 2693 4540 tenebris
2722 4491 2832 4541 est.

2201 4594 2229 4622 ι(
2261 4573 2426 4628 Tunc
2455 4572 2727 4645 discipuli
2760 4576 2909 4645 ejus,
2945 4575 3343 4648 relinquentes
3387 4594 3545 4644 eum,
3578 4594 3795 4633 omnes

2129 4684 2155 4710 «
2185 4661 2479 4734 fugerunt.
2498 4684 2526 4710 ››
2557 4662 2841 4733 Impletur
2859 4681 3051 4720 sermo
3077 4665 3331 4731 Domini,
3356 4666 3508 4738 quod
3536 4664 3791 4734 dixerat,

2125 4750 2278 4821 quod
2305 4765 2509 4806 omnes
2525 4750 2798 4823 discipuli
2822 4753 3359 4810 scandalizarentur
3377 4753 3433 4809 iu
3462 4753 3560 4810 illo
3580 4755 3640 4809 in
3659 4755 3793 4827 ipsa

2124 4843 2311 4896 nocte.
2359 4839 2505 4894 Nam
2532 4843 2590 4894 et
2619 4839 2667 4894 si
2698 4840 2871 4896 turba
2920 4842 3291 4914 permittente
3336 4843 3407 4898 ad
3440 4842 3791 4915 petitionem

2123 4926 2351 4983 Domini
2371 4928 2665 4999 fugerunt,
2686 4929 3018 4986 utJoannes
3040 4930 3264 4998 scribit,
3283 4948 3553 5004 pavorem
3579 4934 3786 4987 tamen

2120 5032 2187 5071 ac
2204 5015 2580 5071 timiditatem
2600 5032 2717 5071 suae
2736 5017 2950 5072 mentis
2963 5019 3368 5089 ostendebant,
3394 5036 3507 5092 quo
3531 5020 3602 5075 ad
3632 5019 3690 5074 fu
3699 5038 3787 5094 gae

2120 5103 2455 5177 praesidium
2488 5103 2898 5176 promptiores,
2926 5121 3104 5178 quam
3124 5108 3195 5164 ad
3219 5108 3493 5163 ﬁduciam
3518 5107 3785 5180 patiendi

2118 5192 2481 5249 exstiterant.

2190 5306 2217 5331 ‹‹
2243 5279 2589 5337 Adolescens
2608 5284 2805 5336 autem
2824 5282 3065 5353 quidam
3096 5284 3452 5355 sequebatur
3471 5299 3607 5338 eum
3633 5284 3785 5338 ami-

2118 5395 2145 5423 ‹‹
2179 5375 2311 5426 ctus
2342 5368 2587 5425 sindone
2629 5385 2807 5440 super
2838 5371 3014 5439 nudo,
3049 5376 3106 5426 et
3138 5376 3452 5428 tenuerunt
3501 5389 3657 5427 eum.
3715 5371 3785 5426 At

2116 5486 2143 5511 ‹‹
2176 5460 2292 5525 ille,
2328 5458 2539 5529 rejecta
2564 5457 2829 5526 sindone,
2860 5459 3054 5515 nudus
3082 5460 3338 5534 profugit
3359 5461 3431 5515 ab
3452 5460 3603 5515 eis.»
3630 5459 3784 5526 Quia

358 5547 573 5605 silentii
593 5546 844 5612 Domini,
866 5551 1167 5619 propterea
1187 5549 1837 5620 coarctatintellectum,
1860 5558 1925 5607 ut
1947 5552 2004 5606 in
2114 5550 2217 5615 ait,
2246 5547 2497 5603 amictus
2527 5545 2773 5602 sindone
2804 5564 2981 5620 super
3040 5549 3217 5617 nudo,
3252 5549 3606 5605 subauditur
3646 5564 3780 5604 cor-

356 5636 475 5694 illis
503 5637 695 5694 verbis
725 5634 841 5692 alia
867 5635 1263 5708 pronuntiatio
1295 5638 1642 5709 requiratur.

2113 5636 2361 5710 pore,id
2394 5638 2483 5690 est
2509 5650 2747 5705 corpore
2777 5652 2955 5709 super
2984 5638 3164 5707 nudo,
3202 5638 3301 5709 qui
3335 5655 3452 5694 non
3486 5636 3644 5694 aliud
3678 5636 3743 5691 in
