3872 6170
171 333 266 397 405

1329 325 1684 388 ΗΟΜῙΜΑΞ
1726 325 1826 388 DE
1871 325 2267 392 TEMPORE.

3387 325 3507 394 406

165 466 476 529 dumentum,
508 476 680 534 quam
712 456 898 517 solam
946 457 1197 518 habebat
1244 458 1570 516 sindonem.
1605 459 1744 526 Quis
1772 457 1829 527 Α
1858 461 2126 527 ret.Quod
2143 462 2298 520 enim
2312 462 2728 534 timet,naturae
2743 463 3032 539 estzquod
3052 461 3507 538 sequitur,devo.o

159 560 317 613 autem
349 551 500 607 fuerit
529 550 632 606 iste
663 549 1023 618 adolescens,
1046 549 1404 623 evangelista
1431 567 1543 605 non
1579 549 1742 605 dicit.

157 641 388 714 Quisquis
413 656 532 695 vero
556 638 743 706 fuerit,
765 639 1044 709 majorem
1071 639 1130 693 in
1153 655 1212 694 se
1236 655 1412 710 quam
1438 639 1495 692 in
1520 638 1744 694 cmteris

153 746 370 789 amorem
401 727 615 784 Domini
650 727 1043 800 permansisse
1065 728 1436 800 comprobat:
1460 727 1597 799 quia
1627 726 1745 784 illis

144 824 246 894 jam
267 816 754 891 fugientibus,ipse
776 817 957 872 donec
979 817 1052 872 ab
1076 816 1346 872 hostibus
1373 816 1746 888 comprehen-

149 911 363 964 deretur.
383 905 602 960 vinculo
633 905 937 960 charitatis
969 908 1271 971 attractus,
1297 921 1429 960 eum
1467 905 1742 976 prosequi

147 1013 239 1052 non
268 995 465 1059 omisit,
484 993 748 1065 quamvis
781 994 1028 1049 necdum
1051 992 1257 1048 habuit.
1278 993 1591 1064 perfectam
1616 993 1748 1049 cha-

147 1086 358 1148 ritatem,
379 1082 471 1154 qui
501 1100 534 1138 a
563 1082 840 1137 comitatu
872 1081 1186 1137 Salvatoris
1217 1081 1302 1136 vel
1333 1085 1530 1137 tentus
1556 1083 1746 1153 profu-

143 1189 250 1246 gere
277 1171 468 1243 potuit.
493 1169 636 1237 Quia
665 1170 817 1226 sicut
838 1170 1091 1242 perfecta
1111 1169 1364 1226 charitas
1389 1171 1542 1227 foras
1566 1170 1744 1226 mittit

145 1262 392 1324 timorem,
424 1258 500 1314 ita
534 1258 708 1314 timor
737 1263 993 1315 mentem
1027 1259 1322 1325 obsidens,
1344 1259 1742 1332 imperfectam

142 1348 302 1422 arguit
321 1347 676 1404 charitatem.
703 1348 813 1404 Sed
842 1348 1165 1403 notandum
1193 1347 1645 1420 solertius,quod
1674 1349 1744 1404 de

143 1438 226 1492 hoc
253 1436 602 1492 adolescente
632 1436 893 1492 scribens
925 1436 1298 1508 evangelista,
1354 1455 1466 1492 non
1501 1438 1602 1503 ait,
1641 1437 1741 1510 qui

141 1525 259 1598 fugit
284 1542 314 1580 a
342 1523 616 1580 comitatu
648 1525 901 1592 Domini,
921 1524 1006 1580 vel
1032 1543 1066 1580 a
1086 1527 1382 1597 sequendo
1408 1526 1739 1596 Dominum,

141 1615 216 1670 sed
246 1615 458 1686 rejecta,
493 1614 707 1686 inquit,
735 1613 1002 1680 sindone,
1028 1615 1222 1670 nudus
1253 1615 1508 1688 profugit
1535 1616 1608 1670 ab
1635 1615 1740 1671 eis.

139 1703 278 1773 Fugit
306 1701 453 1759 enim
485 1703 556 1758 ab
591 1702 878 1771 hostibus,
905 1720 1157 1775 quorum
1190 1705 1560 1775 praesentiam
1593 1705 1744 1759 dete-

138 1793 364 1848 stabatur
391 1795 445 1846 et
475 1792 645 1847 facta.
685 1791 808 1847 Non
840 1792 994 1846 enim
1029 1791 1176 1865 fugit
1207 1810 1240 1847 a
1269 1793 1513 1848 Domino
1546 1793 1741 1848 Salva-

138 1884 249 1947 tore,
281 1897 311 1935 a
338 1879 613 1952 magistro
641 1897 768 1948 suo,
801 1881 971 1951 cujus
1001 1897 1258 1936 amorem
1298 1882 1471 1937 etiam
1507 1898 1743 1954 corpore

135 1969 312 2024 absens
341 1968 513 2023 ﬁxum
545 1967 610 2024 in
643 1968 814 2024 corde
845 1970 1108 2024 servavit.
1129 1970 1325 2042 Neque
1350 1970 1562 2042 aliquis
1593 1975 1746 2027 vetat

136 2056 337 2128 intelligi
349 2057 634 2112 Joannem
650 2057 806 2112 hunc
816 2057 998 2113 fuisse
1011 2057 1744 2124 adolescentem,dilcctum

135 2162 225 2216 pris
259 2145 465 2201 caeteris
497 2146 784 2218 magistro
818 2145 1191 2218 discipulum.
1217 2148 1362 2203 Nam
1393 2153 1451 2203 et
1483 2148 1648 2203 illum
1678 2166 1743 2204 eo

134 2237 350 2305 tempore
367 2232 543 2288 fuisse
563 2233 1195 2308 adolescentem,longa
1216 2241 1346 2308 post
1359 2236 1478 2292 haec
1495 2238 1553 2292 in
1571 2254 1743 2293 carne

133 2321 223 2376 vita
239 2323 355 2393 ejus
382 2322 603 2378 indicio
633 2329 740 2378 est.
763 2323 954 2378 Potuit
983 2323 1140 2379 enim
1175 2325 1320 2390 fieri,
1346 2331 1407 2380 ut
1433 2327 1504 2381 ad
1537 2327 1742 2382 horam

133 2411 410 2466 tenentium
445 2410 725 2466 manibus
758 2411 1016 2484 elapsus,
1053 2431 1184 2469 mox
1228 2419 1525 2487 resumpto
1571 2417 1743 2470 indu-

133 2504 290 2554 mento
311 2499 541 2556 redierit
566 2516 581 2555 :
612 2505 669 2555 et
689 2501 797 2556 sub
820 2501 1002 2556 dubia
1023 2501 1150 2558 luce
1181 2503 1368 2559 noctis
1398 2521 1524 2560 sese
1555 2505 1742 2559 turbis

133 2587 424 2644 ducentium
455 2591 685 2658 Jesum,
706 2588 875 2662 quasi
899 2607 1054 2646 unus
1077 2591 1145 2645 de
1169 2591 1311 2663 ipsis
1335 2592 1739 2661 immiscuerit,

131 2676 278 2732 donec
304 2678 370 2732 ad
397 2678 619 2732 atrium
650 2677 962 2750 pontiﬁcis,
987 2680 1075 2734 cui
1101 2683 1275 2735 notus
1307 2687 1447 2746 erat,
1482 2681 1741 2753 perveni-

131 2767 375 2837 ret,juxta
404 2769 560 2839 quod
594 2767 650 2822 in
680 2785 786 2822 suo
810 2767 1115 2840 Evangelio
1148 2768 1271 2840 ipse
1303 2775 1740 2826 commemorat.

132 2853 260 2909 Sicut
288 2859 475 2911 autem
506 2857 740 2923 Petrus,
784 2856 885 2928 qui
939 2857 1172 2928 culpam
1207 2859 1532 2931 negationis
1562 2859 1742 2931 pumi-

131 2945 286 2999 tentize
311 2943 585 3017 lacrymis
608 2943 810 3012 abluit,
831 2949 887 2999 et
899 2946 1263 3002 confessione
1283 2947 1566 3002 Dominici
1591 2965 1746 3003 amo-

132 3031 192 3087 ris
202 3032 442 3089 funditus
455 3033 607 3090 exsti
619 3033 962 3104 rpavit,recu
970 3035 1326 3106 perationem
1343 3053 1545 3092 eorum
1559 3041 1746 3092 osten-

133 3120 214 3185 dit,
241 3121 328 3193 qui
359 3122 413 3176 in
447 3121 731 3194 martyrio
763 3121 1077 3178 labuntur:
1114 3125 1194 3179 ita
1223 3125 1412 3180 caeteri
1445 3125 1740 3198 discipuli,

134 3208 208 3280 qui
236 3211 297 3265 ad
329 3211 646 3268 articulum
681 3212 1220 3283 comprehensionis
1248 3213 1522 3286 fugiendo
1556 3194 1746 3286 perve-
1778 3194 1820 3261 (ἶ

135 3305 318 3370 nerant,
337 3301 628 3356 cautelam
655 3301 914 3373 fugiendi
943 3302 1154 3358 docent
1182 3319 1301 3370 eos,
1322 3303 1420 3375 qui
1455 3320 1515 3360 se
1547 3305 1743 3360 minus

133 3385 331 3446 idoneos
359 3390 427 3444 ad
456 3389 767 3445 toleranda
798 3390 1085 3463 supplicia
1114 3392 1393 3457 sentiunt,
1415 3392 1630 3465 quibus
1659 3398 1746 3449 tu-

133 3474 222 3530 tius
247 3481 326 3532 est
356 3478 565 3547 multo,
604 3479 872 3550 prscsidia
910 3479 1266 3536 latebrarum
1319 3486 1531 3552 petere,
1567 3500 1744 3554 quam

135 3579 181 3618 se
204 3565 505 3622 discrimini
540 3569 936 3625 certaminum
967 3585 1270 3641 exponere.
1307 3571 1392 3626 Ita
1435 3572 1610 3626 etiam
1640 3571 1748 3628 istc

134 3653 445 3723 adolescens,
497 3655 607 3730 qui
641 3659 853 3728 rejecta
882 3659 1128 3715 sindone
1161 3661 1356 3715 nudus
1389 3660 1645 3732 profugit
1675 3661 1746 3716 ab

139 3739 313 3813 impiis,
333 3744 565 3800 illorum
604 3749 662 3801 et
693 3763 839 3818 opus
870 3746 1138 3819 designat
1168 3751 1223 3803 et
1251 3747 1651 3820 animum,qui
1686 3753 1751 3802 ut

137 3832 413 3889 securiores
441 3836 513 3889 ab
536 3833 882 3890 incursibus
904 3835 1160 3891 hostium
1185 3837 1345 3902 fiant,
1381 3837 1665 3908 quidquid
1691 3837 1748 3892 in

137 3915 220 3972 hoc
248 3924 450 3978 mundo
482 3922 791 3995 possidere
832 3924 1122 3993 videntur,
1157 3925 1461 3996 abjiciunt,
1495 3943 1560 3980 ac
1610 3926 1751 3981 nudi

139 4008 295 4076 potius
325 4012 569 4068 Domino
626 4012 919 4079 famulari,
955 4030 1129 4085 quam
1162 4013 1506 4069 adhaerendo
1547 4015 1750 4070 mundi

141 4097 297 4164 rebus,
336 4102 644 4158 materiam
678 4102 966 4169 tentandi,
1015 4107 1189 4174 atque
1220 4120 1254 4159 a
1283 4103 1398 4158 Deo
1447 4103 1753 4159 revocandi

139 4185 445 4245 adversariis
476 4191 623 4246 dare
653 4191 1003 4256 didicerunt,
1029 4192 1200 4263 juxta
1231 4192 1560 4263 exemplum
1604 4193 1754 4248 beati

137 4270 311 4346 Joseph
336 4278 482 4349 (Gen.
504 4280 723 4349 χχχιχ),
745 4280 866 4351 qui,
886 4280 1083 4335 relicto
1107 4281 1163 4334 in
1188 4280 1458 4336 manibus
1480 4281 1754 4338 adultera:

140 4360 295 4430 pallio,
327 4367 475 4424 foras
505 4367 782 4436 exsilivit,
809 4369 1033 4426 malens
1064 4370 1180 4424 Deo
1213 4371 1428 4436 nudus,
1461 4387 1636 4442 quam
1673 4371 1756 4426 in-

143 4448 285 4508 dutus
315 4457 744 4528 cupiditatibus
777 4459 1004 4524 mundi,
1040 4458 1325 4513 meretrici
1361 4460 1593 4515 servire.

1856 551 2030 608 tionis
2053 569 2064 606 :
2086 554 2240 626 quod
2265 559 2456 628 negat,
2476 554 2834 628 obreptionis
2855 572 2868 610 :
2891 555 3044 627 quod
3069 553 3328 626 pmnitet,
3348 553 3503 612 fidei.

1853 639 2051 708 Aliter,
2072 643 2227 713 quod
2251 643 2320 697 ad
2348 643 2678 715 passionem
2701 648 2937 699 euntem
2961 642 3273 699 Dominum
3296 658 3506 714 seque-

1856 731 2030 785 batur
2060 747 2093 786 a
2122 731 2291 803 longe
2323 732 2548 797 Petrus,
2591 732 2960 804 signiﬁcabat
2989 731 3305 788 Ecclesiam
3338 747 3506 787 secu-

1855 824 2047 876 turam
2063 820 2322 891 quidem,
2338 820 2445 875 hoc
2462 821 2947 884 est,imitaturum
2962 819 3202 893 vestigia
3214 817 3503 892 passionis

1853 909 2213 974 Domini,sed
2247 908 2416 981 longe
2447 909 2797 964 diﬁ‘erenter.
2836 908 3088 964 Ecclesia
3113 907 3273 964 enim
3304 924 3409 980 pro
3438 921 3502 964 se

1853 998 2090 1069 patitur,
2111 1003 2172 1052 at
2200 997 2296 1053 ille
2329 1014 2430 1069 pro
2461 996 2734 1052 Ecclesia.
2755 1019 2782 1045 «
2809 998 2876 1051 Et
2897 996 3136 1052 sedebat
3156 1013 3292 1052 cum
3325 995 3502 1051 mini-

1857 1108 1884 1136 «
1917 1087 2074 1154 stris,
2095 1090 2152 1141 et
2175 1085 2550 1142 calefaciebat
2579 1103 2640 1141 se
2672 1086 2744 1140 ad
2765 1085 2983 1156 ignem.
3004 1108 3032 1136 »
3050 1086 3152 1142 Est
3172 1085 3501 1144 dilectionis

1853 1175 2031 1248 ignis,
2057 1180 2145 1231 est
2174 1175 2508 1247 cupiditatis
2533 1191 2545 1229 :
2572 1175 2641 1230 de
2663 1174 2773 1229 hoc
2805 1174 3055 1230 dicitur:
3089 1197 3116 1224 «
3139 1174 3340 1247 Ignem
3369 1172 3501 1228 veni

1854 1264 2084 1320 mittere
2114 1264 2172 1319 in
2202 1268 2440 1329 terram,
2460 1269 2518 1319 et
2549 1263 2686 1335 quid
2717 1262 2865 1329 volo,
2891 1263 3001 1318 nisi
3033 1266 3098 1317 ut
3127 1261 3326 1317 ardeat
3347 1261 3498 1332 (Luc.

1851 1352 1994 1423 xu)?
2021 1375 2046 1401 ››
2069 1353 2148 1407 De
2181 1351 2279 1407 illo
2312 1353 2452 1422 (Ose.
2486 1357 2582 1421 vn)
2613 1352 2866 1408 :Omnes
2895 1350 3317 1407 adulteratores
3345 1348 3503 1406 velut

1851 1441 2118 1497 clibanus
2150 1442 2327 1496 corda
2355 1457 2557 1496 eorum
2579 1459 2592 1508 ;
2613 1440 2742 1508 iste,
2764 1457 2940 1513 super
2969 1441 3269 1494 credentes
3302 1438 3360 1493 in
3393 1454 3502 1494 caa-

1853 1530 2060 1586 naculo
2091 1530 2226 1585 Sion
2266 1530 2648 1596 descendens,
2681 1529 2856 1585 variis
2901 1528 3119 1600 linguis
3168 1544 3267 1583 eos
3315 1527 3500 1584 Deum

1853 1621 2091 1676 laudare
2107 1619 2335 1675 docuit:
2358 1618 2452 1673 ille
2468 1619 2525 1674 in
2546 1619 2691 1674 atrio
2708 1617 2938 1690 Caipha:
2956 1616 3235 1672 instinctu
3257 1614 3499 1687 maligni

1853 1709 2094 1781 spiritui
2117 1709 2505 1772 accensus,ad
2525 1707 2859 1780 negandum
2882 1724 2947 1762 ac
2970 1705 3500 1777 blasphemandum

1852 1798 2167 1853 Dominum
2186 1797 2387 1853 noxias
2406 1796 2761 1868 perfidorum
2785 1795 3016 1867 linguas
3036 1793 3320 1850 armabat.
3337 1791 3501 1856 Quod

1853 1886 2006 1942 enim
2044 1885 2202 1940 intus
2235 1885 2290 1940 in
2325 1886 2498 1940 domo
2530 1883 2811 1955 principis
2843 1883 3211 1938 sacerdotum
3244 1881 3502 1953 synodus

1853 1975 2109 2046 maligna
2131 1974 2385 2046 gerebat,
2400 1973 2508 2028 hoc
2531 1972 2682 2045 ignis
2703 1971 2763 2026 in
2787 1970 2932 2028 atrio
2957 1969 3096 2026 foris
3117 1970 3268 2024 inter
3288 1969 3506 2041 frigora

1854 2062 2041 2119 noctis
2072 2061 2450 2117 materialiter
2475 2077 2757 2116 accensus
2786 2059 2972 2133 typice
2994 2057 3501 2131 praemonstrabat.

1853 2153 2194 2222 Quicunque
2226 2167 2361 2222 ergo
2400 2150 2538 2204 vitio
2568 2149 2857 2204 obnoxius
2889 2151 3080 2220 potest
3127 2147 3321 2202 dicere
3370 2163 3504 2201 cum

1854 2242 2135 2314 propheta
2151 2240 2427 2296 Domino:
2452 2262 2477 2288 ‹‹
2501 2238 2645 2304 Quia
2665 2227 2851 2293 factus
2871 2237 3023 2292 sicut
3039 2241 3168 2291 uter
3191 2235 3249 2290 in
3274 2234 3504 2308 pruina,

1844 2329 2298 2402 justiﬁcationes
2328 2332 2460 2383 tuas
2489 2345 2604 2384 non
2629 2344 2760 2382 sum
2787 2325 3004 2382 oblitus
3024 2326 3200 2393 (Psat.
3229 2323 3438 2394 cxvm).
3478 2345 3505 2372 ››

1851 2421 1913 2476 In
1946 2420 2393 2492 quibuscunque
2409 2422 2606 2472 autem
2625 2417 2924 2471 flammam
2945 2413 3248 2470 charitatis
3267 2411 3504 2468 turbida

1850 2509 2124 2564 vitiorum
2186 2507 2429 2562 flumina
2485 2506 2763 2571 obruunt,
2811 2523 2846 2559 a
2903 2502 3149 2559 Domino
3207 2501 3502 2556 audiunt:

1852 2622 1880 2650 ‹‹
1915 2597 2201 2664 Quoniam
2233 2594 2550 2651 abundavit
2575 2593 2875 2666 iniquitas,
2897 2592 3229 2662 refrigescet
3248 2589 3506 2645 Charitas

1852 2686 2172 2742 multorum
2206 2683 2406 2755 (Matth.
2438 2685 2609 2748 xxiv).
2644 2705 2671 2732 »
2705 2685 2826 2747 Quo
2877 2680 3090 2752 frigore
3140 2683 3378 2749 torpens
3427 2677 3501 2732 ad

1851 2776 2056 2832 horam
2086 2772 2385 2844 apostolus
2413 2773 2638 2831 Petrus.
2658 2770 2825 2841 quasi
2855 2769 3062 2840 prunis
3096 2767 3500 2821 ministrorum

1852 2864 2078 2935 Caiphae
2111 2859 2362 2917 caleﬁeri
2385 2857 2828 2930 cupiebat,quia
2848 2853 3186 2928 temporalis
3209 2851 3501 2909 commodi

1854 2952 2128 3010 solatium
2162 2948 2520 3022 perﬁdorum
2579 2947 2850 3004 societate
2898 2944 3211 3017 quaerebat.
3245 2943 3352 2999 Sed
3384 2957 3500 2997 non

1856 3059 2038 3107 mora,
2074 3042 2371 3110 respectus
2403 3055 2436 3092 a
2466 3036 2731 3099 Domino,
2767 3052 2899 3090 cum
2948 3034 3144 3106 ignem
3190 3047 3502 3104 pravorum

1855 3146 2114 3202 corpore,
2145 3133 2284 3182 tunc
2311 3125 2717 3181 infidelitatem
2751 3123 2922 3180 corde
2972 3121 3225 3194 reliquit,
3259 3137 3325 3175 ac
3373 3122 3506 3192 post

1856 3217 2336 3275 resurrectionem
2371 3211 2603 3269 Domini
2634 3216 2834 3268 sancto
2865 3210 2999 3284 igne
3029 3212 3347 3272 recreatus,
3380 3207 3507 3262 fun-

1854 3310 2011 3364 ditus
2042 3322 2346 3363 excessum
2380 3305 2542 3358 trinae
2589 3300 2934 3373 negationis,
2977 3298 3130 3354 trina
3176 3294 3505 3352 dilectionis

1855 3395 2215 3454 confessione
2262 3391 2548 3466 purgavit.
2597 3391 2758 3446 Tunc
2803 3387 3042 3453 etenim,
3075 3384 3366 3457 completa
3406 3382 3506 3440 illa

1857 3483 2219 3542 memorabili
2253 3481 2503 3554 piscium
2535 3484 2798 3551 captura,
2813 3495 2946 3534 cum
2978 3474 3201 3532 veniret
3220 3475 3291 3530 ad
3313 3471 3504 3528 Domi-

1858 3592 2022 3640 num,
2054 3573 2197 3627 vidit
2228 3587 2361 3626 cum
2394 3568 2701 3641 discipulis
2750 3567 2873 3623 suis
2925 3580 3144 3638 prunas
3176 3561 3418 3634 positas,
3448 3563 3506 3616 et

1857 3665 2076 3738 piscem
2107 3659 2543 3733 superpositum
2583 3662 2640 3712 et
2687 3672 2896 3728 panem
2931 3671 2943 3710 :
2981 3669 3231 3724 moxque
3276 3651 3507 3723 videns,‘

1859 3754 1950 3810 sui
1985 3751 2178 3807 cordis
2209 3766 2424 3805 arcana
2454 3745 2657 3819 prunis
2689 3743 3075 3800 inflammavit
3103 3739 3342 3798 amoris.

1931 3866 1957 3892 ‹‹
1993 3843 2060 3895 Et
2087 3839 2328 3910 quidam
2361 3841 2686 3908 surgentes,
2713 3833 2925 3889 falsum
2949 3828 3351 3890 testimonium
3373 3828 3514 3884 fere-

1863 3954 1890 3982 ‹‹
1918 3932 2060 3986 bant
2083 3929 2366 3984 adversus
2397 3942 2552 3990 eum,
2578 3924 2836 3978 dicentes
2861 3940 2872 3978 :
2900 3921 3186 3988 Quoniam
3217 3935 3324 3974 nos
3356 3914 3515 3972 audi-

1863 4043 1890 4070 ‹‹
1911 4019 2100 4074 vimus
2117 4033 2250 4072 eum
2275 4015 2596 4070 dicentem:
2622 4013 2738 4084 Ego
2761 4011 3077 4068 dissolvam
3100 4005 3384 4078 templum
3406 4004 3515 4060 hoc

1862 4134 1888 4158 ‹‹
1925 4106 2429 4173 manufestum,et
2458 4106 2589 4174 post
2619 4100 2880 4155 triduum
2913 4099 3071 4154 aliud
3105 4113 3221 4151 non
3252 4092 3517 4149 manuia-

1864 4222 1891 4248 ‹‹
1925 4201 2105 4261 ctum,
2139 4192 2456 4247 aedificabo.
2498 4213 2518 4238 η
2555 4187 2853 4254 Quomodo
2905 4185 3034 4241 falsi
3067 4188 3246 4240 testes
3275 4184 3431 4247 sunt,
3463 4177 3516 4234 si

1865 4305 1932 4343 ea
1947 4285 2150 4341 dicunt
2167 4299 2292 4354 quae
2316 4279 2626 4335 Dominum
2652 4275 2866 4330 dixisse
2884 4274 3134 4346 legimus
3149 4271 3175 4325 ?
3191 4269 3302 4325 Sed
3328 4267 3513 4323 falsus

1865 4375 2030 4432 testis
2060 4377 2169 4438 est,
2195 4369 2288 4442 qui
2326 4385 2438 4423 non
2470 4366 2671 4422 eodem
2706 4380 2884 4419 sensu
2910 4362 3067 4418 dicta
3097 4355 3368 4429 intelligit
3397 4371 3513 4426 quo

1866 4464 2160 4520 dicuntur.
2181 4457 2462 4514 Dominus
2493 4453 2648 4510 enim
2681 4454 2904 4508 dixerat
2923 4452 2994 4506 de
3014 4447 3233 4520 templo
3255 4442 3517 4516 corporis

196 4563 217 4587 «
237 4541 293 4596 Et
307 4545 895 4602 adduxeruntJesum
915 4548 985 4602 ad
1006 4564 1306 4603 summum
1332 4549 1709 4603 sacerdotem.
1733 4571 1743 4597 ›

1919 4553 1980 4619 ιὶ,
2017 4552 2114 4606 seri
2139 4550 2203 4602 in
2257 4547 2400 4618 ipsis
2438 4543 2630 4599 verbis
2662 4540 3192 4602 calumniabantur,
3223 4539 3283 4590 et
3312 4531 3517 4606 paucis

143 4625 410 4688 Summum
473 4636 840 4691 sacerdotem
899 4635 1179 4710 Caipham
1231 4635 1560 4708 significat;
1608 4637 1760 4693 sicut

142 4712 357 4778 Joannes
377 4723 738 4796 evangelista
761 4724 984 4794 scribit,
999 4728 1123 4780 erat
1143 4725 1402 4797 pontifex
1421 4725 1557 4780 anni
1577 4724 1756 4793 illius,

145 4802 198 4857 de
225 4823 324 4877 quo
352 4828 566 4868 conscn
579 4817 748 4869 tanea
773 4817 1023 4868 testatur
1046 4813 1361 4884 Josephus,
1382 4814 1535 4884 quod
1569 4814 1757 4884 ponti-

147 4889 346 4952 ficatum
379 4899 486 4956 sibi
523 4902 748 4972 absque
772 4901 977 4957 merito
999 4900 1306 4973 dignitatis
1328 4902 1587 4957 emerita
1611 4901 1764 4974 prin-

148 4978 248 5074 ?ipc
273 4985 549 5044 Romano.
585 4989 709 5045 Non
743 4993 830 5045 est
860 4990 1098 5055 mirum,
1131 4991 1176 5045 si
1209 4990 1450 5062 iniquus
1481 4991 1761 5062 pontifex,

149 5073 313 5139 Inique
337 5073 589 5143 judicat.

207 5178 230 5204 (ι
257 5159 449 5218 Petrus
482 5171 681 5222 autem
710 5185 743 5222 a
798 5167 966 5240 longe
996 5173 1230 5222 secutus
1261 5172 1347 5222 est
1397 5185 1532 5223 eum
1582 5186 1766 5240 usque

155 5263 175 5285 υ
195 5240 324 5302 intro
345 5249 399 5304 in
423 5252 640 5310 atrium
660 5255 877 5312 summi
897 5256 1214 5312 sacerdotis
1234 5272 1247 5310 :
1270 5279 1297 5304 ››
1318 5255 1521 5310 Merito
1543 5256 1766 5330 alonge

152 5337 486 5405 sequebatur,
523 5359 695 5414 quem
739 5346 1039 5416 proximus
1083 5348 1206 5400 erat
1243 5349 1580 5416 negaturus.
1615 5345 1764 5402 Nus-

154 5430 298 5510 quam
312 5426 460 5482 enim
477 5445 688 5502 negare
703 5433 972 5504 posset,si
989 5433 1216 5488 Christo
1237 5432 1534 5504 proximus
1547 5433 1768 5490 adhaes-

152 5511 497 5572 lsset.V’erum
512 5518 574 5573 in
590 5520 696 5577 hoc
709 5522 965 5577 maxima
981 5523 1150 5578 nobis
1169 5527 1258 5576 est
1274 5520 1659 5578 admiratione
1679 5542 1769 5581 ve-

158 5601 437 5669 nerandus,
453 5610 606 5678 quod
625 5611 824 5668 Jesum
847 5629 961 5667 non
981 5610 1424 5682 reliquit,cliam
1446 5627 1575 5665 cum
1601 5611 1766 5668 time-

1870 4641 2082 4697 additis
2101 4638 2184 4692 vel
2207 4635 2468 4698 mutatis,
2483 4630 2884 4704 quasijustam
2898 4624 3253 4684 calumniam
3272 4621 3514 4679 faciunt.

1870 4731 2132 4787 Salvator
2167 4725 2323 4781 enim
2355 4723 2580 4778 dixerat
2613 4738 2625 4777 :
2665 4743 2691 4770 ‹‹
2726 4719 2938 4776 Solvite
2991 4714 3276 4786 templum
3327 4711 3456 4775 hoc,
3487 4730 3516 4759 ››

1869 4821 1965 4876 isti
1999 4817 2368 4874 commutant
2395 4817 2452 4868 et
2478 4810 2672 4865 aiunt:
2695 4832 2721 4858 ‹‹
2750 4810 2862 4879 Ego
2896 4803 3206 4862 dissolvam
3231 4797 3518 4870 templum

1871 4910 1978 4965 hoc
2010 4905 2434 4963 manufestum.
2469 4922 2494 4947 n
2527 4898 2660 4962 Vos,
2694 4896 2905 4967 inquit,
2959 4891 3184 4958 solvite,
3216 4905 3332 4944 non
3361 4903 3467 4960 ego
3502 4902 3516 4942 :

1874 4998 2012 5071 quia
2041 4995 2309 5049 illicitum
2344 4995 2431 5045 est
2464 4993 2528 5042 ut
2559 5004 2663 5041 nos
2693 4985 2803 5056 ipsi
2835 4981 3004 5038 nobis
3025 4980 3522 5071 inferamusinor-

1877 5063 2012 5140 tem.
2046 5081 2262 5137 Deinde
2289 5077 2371 5132 illi
2394 5078 2656 5132 vertunt:
2679 5097 2705 5123 ‹‹
2728 5073 2796 5126 Et
2817 5089 2917 5143 per
2940 5069 3200 5130 triduum
3224 5063 3381 5120 aliud
3405 5079 3522 5118 non

1873 5172 2274 5228 manufaclum
2306 5163 2622 5224 aediﬁcabo,
2658 5186 2683 5211 ››
2723 5165 2784 5214 ut
2814 5158 3043 5231 preprie
3071 5157 3143 5211 de
3174 5152 3390 5226 templo
3420 5151 3525 5208 Ju-

1876 5262 2039 5316 (laico
2055 5258 2270 5314 dixisse
2282 5253 2563 5307 videatur.
2581 5249 2864 5304 Dominus
2877 5253 3098 5312 autem,
3113 5248 3178 5299 ut
3196 5241 3529 5299 ostenderet

1877 5348 2092 5406 animal
2116 5346 2304 5400 vivum
2330 5346 2388 5396 et
2410 5339 2642 5410 spirans
2667 5337 2974 5409 templum,
2999 5335 3225 5390 dixerat
3247 5348 3258 5387 :
3282 5354 3308 5380 ‹‹
3331 5331 3401 5385 Et
3421 5344 3526 5401 ego

1831 5501 1833 5503 ,
1877 5441 1935 5494 in
1969 5437 2158 5492 triduo
2181 5427 2475 5488 suscitabo
2501 5425 2667 5481 illud.
2691 5450 2717 5475 ››
2743 5426 2914 5482 Aliud
2937 5429 3027 5482 est
3047 5417 3528 5485 aediﬁcare,aliud

1877 5525 2181 5583 suscitare.

1952 5638 1977 5663 ‹‹
2013 5615 2080 5668 Et
2110 5623 2426 5679 exsurgens
2459 5621 2732 5662 summus
2763 5607 3032 5662 sacerdos
3065 5603 3121 5656 in
3149 5598 3427 5656 medium,
3448 5591 3532 5644 in“
