3872 6170
344 333 463 397 ⁸07

907 333 1318 399 HAYMONIS
1362 333 1905 398 HALBERSTA'I‘.
1949 331 2196 396 EPISC.
2243 334 2416 397 OPP.
2464 335 2662 398 PARS
2707 336 2888 397 ll.—
2916 332 3184 398 HOMIL.

3578 337 3675 402 408

344 468 1324 544 «terrogavitlesumﬁiceaszhlon
1336 469 1655 542 respondes
1668 468 1993 541 quidquam
2024 467 2080 535 Α
2108 466 2252 525 toris
2282 472 2676 536 contemnant,
2695 469 2825 541 ejus
2846 472 3043 524 tamen
3067 485 3249 541 usque
3272 468 3341 524 ad
3367 486 3677 529 consumma.

348 581 381 610 ιι
398 557 476 615 ιιι
494 575 566 614 ea
584 575 712 631 qua
734 557 841 614 tibi
861 558 1222 631 objiciuntur
1240 560 1311 615 ab
1338 557 1430 614 his
1445 560 1473 614 ‘l
1495 558 1593 614 llle
1618 562 1815 614 autem
1839 561 1995 614 taee-

348 670 380 698 κ
412 647 534 714 bat,
551 651 610 703 et
638 647 784 702 nihil
800 648 1123 721 respondit.
1146 671 1168 696 υ
1195 647 1285 703 Ira
1307 663 1565 720 praeceps
1582 651 1639 702 et
1662 646 1995 719 impatiens,

347 751 465 793 non
485 735 789 793 inveniens
804 736 1112 793 calumniis
1132 735 1348 803 locum,
1368 735 1586 792 excutit
1605 738 1675 792 de
1692 735 1838 792 solio
1860 752 1999 808 pon-

346 825 585 889 tiﬁcem,
610 830 677 881 ut
707 825 997 882 insaniam
1029 825 1244 881 mentis
1276 829 1435 880 metu
1466 824 1726 897 corporis
1757 825 1997 879 demon-

348 917 812 980 Itraret.Quanto
826 915 1236 970 Jesustacebat
1247 914 1317 969 ad
1334 914 1609 986 indignos
1624 913 1998 986 responsione

349 1019 478 1070 sua,
502 1002 683 1059 falsos
708 1006 885 1059 testes
904 1007 961 1059 et
986 1003 1316 1063 sacerdotes
1348 1000 1581 1074 impios,
1615 1006 1777 1058 tanto
1810 1003 1999 1074 magis

350 1093 611 1166 pontifex
658 1092 849 1147 furore
891 1096 1223 1164 superatus,
1256 1108 1389 1148 eum
1420 1093 1491 1147 ad
1526 1092 1997 1164 respondendum

350 1170 646 1254 pravorat,
678 1184 743 1235 ut
772 1198 839 1236 ex
865 1180 1123 1253 qualibet
1150 1182 1454 1237 occasione
1486 1180 1774 1239 sermonis
1804 1180 1997 1235 locum

348 1268 605 1325 inveniat
627 1269 966 1335 accusandi,
988 1269 1372 1325 nihilominus
1392 1270 1566 1325 Jesus
1587 1273 1755 1324 tacet.
1771 1268 2001 1325 Sciebat

347 1357 527 1422 enim,
558 1357 728 1429 quasi
760 1358 935 1425 Deus,
961 1359 1248 1431 quidquid
1282 1358 1700 1431 respondisset,
1730 1362 1999 1430 torquen-

348 1446 491 1502 dum
525 1447 597 1502 ad
627 1446 1007 1503 calumniam.
1029 1448 1285 1504 Rursum
1320 1464 1593 1504 summus
1622 1447 1896 1502 sacerdos
1917 1446 1999 1500 in-

347 1538 604 1607 terrogat
632 1551 791 1601 eum,
824 1539 881 1593 et
910 1535 1054 1591 dicit
1084 1536 1133 1590 ei
1167 1553 1179 1590 :
1432 1602 1437 1609 δ

420 1645 451 1674 α
468 1620 555 1679 Tu
573 1639 636 1680 es
652 1624 920 1680 Christus
941 1623 1120 1680 Filius
1143 1625 1241 1681 Dei
1261 1624 1549 1680 benedicti
1569 1624 1596 1679 ?
1611 1625 1784 1681 Jesus
1803 1628 1998 1680 autem

352 1733 381 1764 ιι
411 1711 558 1768 dixit
588 1712 670 1768 illi
708 1729 723 1769 :
757 1714 876 1786 Ego
907 1730 1039 1769 sum
1065 1731 1079 1769 :
1116 1735 1141 1763 ιι
1178 1714 1240 1769 ln
1274 1713 1546 1769 Matthaao
1576 1712 1859 1785 scriptum
1890 1718 1997 1779 est,

347 1802 505 1873 quod
523 1800 904 1875 interroganti
921 1805 978 1857 et
986 1802 1210 1873 juranti
1230 1818 1292 1859 se
1312 1802 1646 1876 pontiﬁci,si
1672 1806 1826 1859 esset
1847 1803 2001 1858 Chri-

348 1893 502 1955 stus,
524 1889 890 1963 responderit
910 1908 924 1945 :
947 1892 1030 1946 'l‘u
1061 1889 1389 1964 dixisti,pro
1406 1907 1523 1964 quo
1538 1895 1766 1947 Marcus
1782 1891 1999 1964 posuit,

349 2002 377 2029 «ι
407 1980 527 2052 Ego
556 1995 712 2043 sum,
740 2001 767 2027 ››
798 1983 865 2036 ut
892 1976 1159 2036 videlicet
1188 1981 1521 2037 ostenderet
1551 1986 1780 2037 tantum
1810 1980 2001 2038 valere

350 2069 505 2141 quod
524 2067 671 2124 dixit
683 2069 877 2126 Jesus.
901 2090 929 2118 ‹‹
951 2069 1039 2129 'l‘u
1061 2069 1258 2125 dixisti
1281 2086 1293 2125 :
1320 2093 1345 2119 υ
1366 2072 1660 2136 Quantum
1685 2070 1732 2125 si
1761 2070 1997 2141 diceret,

352 2178 381 2207 ‹‹
412 2158 532 2231 Ego
562 2173 717 2213 sum.
746 2180 773 2207 »ι
809 2179 837 2207 ‹‹
873 2157 939 2213 Et
968 2158 1241 2213 videbitis
1274 2158 1480 2215 Filium
1514 2159 1769 2216 hominis
1800 2177 1834 2216 a
1864 2161 1999 2215 dex-

348 2269 378 2297 «
411 2245 521 2302 tris
548 2246 849 2304 sedentem
879 2246 1117 2303 virtutis
1145 2247 1270 2314 Dei,
1292 2251 1350 2303 ot
1378 2248 1703 2304 venienkm
1730 2248 1790 2303 in
1823 2248 2000 2305 nubi-

350 2352 379 2386 «ι
410 2335 522 2392 bus
552 2334 702 2390 eali.
738 2357 766 2385 »ο
796 2335 855 2391 Si
885 2352 1023 2408 ergo
1052 2335 1157 2392 tibi
1190 2336 1249 2391 in
1282 2336 1535 2405 Christo,
1568 2354 1600 2391 o
1629 2337 1848 2404 Judzee,
1898 2353 1999 2410 pa-

348 2439 497 2498 gane
526 2428 587 2480 et
633 2423 919 2489 haeretica,
969 2428 1361 2497 contemptus,
1394 2425 1706 2480 inﬁrmitas
1752 2428 1812 2480 et
1858 2442 2001 2480 crux

349 2512 705 2569 contumelia
725 2517 835 2578 est,
852 2512 981 2568 vide
1004 2513 1145 2585 quia
1167 2531 1269 2587 per
1300 2513 1423 2569 haec
1445 2512 1625 2569 Filius
1648 2513 1904 2570 hominis
1926 2516 1999 2571 ad

348 2602 644 2659 dexteram
682 2602 777 2659 Dei
809 2601 995 2658 Patris
1025 2620 1319 2670 sessurus,
1354 2607 1410 2658 et
1439 2620 1508 2659 ex
1539 2607 1707 2677 partu
1757 2603 2001 2676 virginis

348 2689 526 2747 homo
548 2694 744 2757 natus,
767 2690 827 2746 in
849 2707 955 2748 sua
978 2706 1112 2747 cum
1135 2692 1262 2747 cmli
1289 2692 1547 2747 nubibus
1576 2696 1665 2747 est
1695 2693 2000 2764 majestate

347 2783 649 2837 venturus.
683 2780 846 2836 Unde
874 2784 933 2836 et
982 2781 1311 2853 Apostolus,
1343 2797 1479 2837 cum
1528 2780 1720 2837 crucis
1771 2781 2001 2852 objecta

350 2869 777 2942 descripsisset,
810 2869 1012 2925 dicens
1042 2871 1276 2942 (Philip.
1311 2873 1375 2938 ιι)
1409 2887 1421 2926 :
1457 2894 1483 2921 «
1512 2870 1618 2937 Qui
1669 2869 2002 2927 humiliavit

348 2957 752 3031 semetipsum,
772 2958 960 3015 factus
976 2958 1252 3015 obediens
1267 2976 1455 3032 usque
1471 2960 1542 3015 ad
1561 2964 1831 3028 mortem,
1849 2976 1999 3015 mor-

346 3050 466 3102 tem
495 3050 691 3103 autem
718 3046 930 3117 crucis,
976 3069 1003 3097 »
1033 3048 1301 3119 adjunxit
1329 3052 1504 3121 atque
1534 3048 1614 3104 ait
1646 3067 1658 3105 :
1695 3072 1722 3099 ‹‹
1757 3049 1999 3121 Propter

348 3136 505 3209 quod
532 3139 593 3191 et
621 3135 774 3193 Deus
801 3135 967 3192 illum
997 3137 1289 3209 exaltavit,
1308 3140 1367 3193 et
1396 3138 1631 3194 donavit
1652 3137 1734 3193 illi
1758 3155 1992 3205 nomen,

2107 556 2325 613 tionem
2358 557 2576 624 smculi,
2602 558 2659 614 in
2692 557 2833 627 illis,
2856 574 3005 630 quos
3037 575 3163 615 sors
3190 558 3469 614 electionis
3496 559 3681 619 invene-

2107 646 2200 713 rit,
2235 646 2511 702 inviolata
2537 647 2615 703 sit
2642 664 2926 703 mansura
2954 647 3215 703 castitas.

2178 758 2206 785 «
2238 737 2305 790 Et
2334 740 2633 808 cmperunt
2662 736 2905 809 quidam
2935 752 3255 809 conspuere
3282 753 3429 803 eum,
3458 741 3508 792 et
3531 737 3682 796 velare

2108 846 2135 873 ‹‹
2166 824 2367 880 faciem
2400 826 2548 897 ejus,
2581 829 2639 880 et
2667 825 2930 896 colaphis
2951 841 3086 881 eum
3111 825 3339 895 cadere,
3353 830 3407 881 et
3424 826 3587 882 dicere
3609 829 3679 883 ei:

2111 935 2132 962 ι
2167 902 2524 985 Prophctiza.
2560 916 2628 969 Et
2659 914 2910 969 ministri
2955 913 3143 986 alapis
3190 931 3317 969 eum
3364 915 3633 971 caedebant.
3661 940 3679 965 ι

2106 1002 2351 1075 Implcta
2381 1008 2470 1059 est
2517 1003 2626 1059 hoc
2677 1003 2801 1059 loco
2836 1004 3159 1076 prophe‘ia,
3190 1020 3313 1075 quae
3360 1003 3435 1058 ait
3464 1020 3475 1058 ε
3506 1028 3531 1053 ‹‹
3575 1006 3685 1061 Dedi

2108 1090 2377 1147 maxillas
2409 1108 2568 1147 meas
2599 1092 2806 1164 alapis,
2828 1097 2886 1147 ct
2918 1091 3121 1147 faciem
3154 1108 3338 1147 meam
3370 1109 3473 1147 non
3503 1093 3687 1149 avertis

2108 1180 2446 1236 confusione
2476 1186 2779 1253 sputorum
2816 1184 2945 1253 (Isa.
2982 1185 3054 1248 ι).
3080 1204 3107 1231 ››
3132 1182 3240 1236 Sed
3267 1182 3361 1246 qui
3394 1187 3519 1236 tunc
3545 1197 3688 1239 ceses

2107 1272 2197 1323 est
2223 1268 2504 1341 colaphis,
2539 1269 2658 1324 sive
2692 1269 2876 1341 alapis
2905 1269 3263 1336 Judaiorum,
3308 1269 3529 1325 ceditur
3551 1271 3686 1326 etiam

2109 1373 2264 1413 nunc
2286 1357 2667 1430 blasphemiis
2692 1358 2971 1414 falsorum
2994 1357 3566 1423 Christianorum.0ui
3585 1365 3688 1415 tunc

2110 1452 2434 1519 consputus
2462 1452 2553 1503 est
2586 1446 2786 1503 salivis
2818 1446 3167 1513 inﬁdelium,
3200 1464 3353 1503 nunc
3382 1465 3548 1520 usque
3570 1465 3693 1503 vesa-

2110 1534 2223 1590 niis
2241 1534 2473 1591 nomine
2489 1539 2662 1591 tenus
2682 1534 3005 1591 inﬁdelium
3023 1536 3585 1608 exbonoratur,atque
3602 1536 3695 1592 irri-

2109 1628 2269 1680 tatur
2288 1623 2635 1697 opprobriis.
2658 1624 3008 1681 Velaverunt
3027 1629 3226 1681 autem
3252 1624 3594 1696 faciemejus,
3609 1642 3695 1680 non

2109 1716 2175 1767 ut
2204 1728 2405 1768 eorum
2440 1712 2562 1785 ipse
2595 1713 2813 1768 scelera
2844 1731 2959 1769 non
2994 1714 3208 1781 videat,
3241 1714 3341 1770 sed
3372 1717 3432 1769 ut
3459 1731 3490 1769 a
3514 1712 3695 1786 seipsis,

2110 1802 2262 1857 sicut
2279 1802 2633 1874 quandoque
2653 1802 2834 1875 Moysi
2854 1803 3125 1869 fecerant,
3143 1801 3388 1876 gratiam
3409 1801 3699 1873 cognitionis

2108 1891 2239 1961 ejus
2259 1891 2642 1947 abscondant.
2660 1892 2714 1946 Si
2737 1892 2893 1947 enim
2917 1892 3225 1948 crederent
3245 1891 3701 1964 Moysi,erederent

2110 1978 2349 2035 forsitan
2384 1986 2442 2037 et
2472 1980 2916 2045 Domino.Quod
2947 1980 3343 2036 velamentum
3374 1996 3543 2051 usque
3568 1979 3701 2034 hodie

2110 2074 2307 2125 manet
2326 2086 2505 2141 super
2529 2086 2629 2124 cor
2648 2086 2850 2126 eorum
2875 2087 2987 2125 non
3009 2069 3351 2139 revelatum,
3374 2069 3529 2125 nobis
3546 2073 3700 2125 autem

2111 2158 2167 2213 in
2203 2157 2501 2213 Christum
2530 2158 2906 2215 credentibus
2936 2158 3201 2214 ablatum
3240 2164 3346 2215 est.
3380 2159 3557 2231 Neque
3581 2157 3701 2212 enim

2110 2247 2328 2302 frustra
2354 2263 2423 2302 eo
2454 2247 2742 2304 moriente
2771 2247 2964 2303 velum
2993 2246 3202 2319 templi
3236 2247 3479 2304 scissum
3503 2250 3583 2302 est
3607 2262 3705 2301 me-

2108 2334 2291 2401 dium,
2311 2339 2369 2390 et
2396 2352 2465 2390 ea
2494 2353 2620 2407 quae
2651 2340 2770 2392 toto
2801 2336 2945 2409 legis
2967 2340 3236 2409 tempore
3264 2337 3556 2400 latuerant,
3573 2339 3621 2390 et
3635 2336 3713 2390 ab-

2109 2424 2375 2480 scondita
2421 2424 2637 2479 carnali
2688 2425 2884 2480 Israeli
2939 2425 3192 2493 fuerant,
3230 2426 3370 2482 Novi
3412 2423 3710 2481 Testamenti

2106 2511 2431 2568 cultoribus
2463 2517 2597 2567 sunt
2627 2514 2913 2585 patefacta
2944 2517 3148 2567 sancta
3172 2519 3506 2569 sanctorum
3527 2527 3711 2566 arcana.

2108 2603 2269 2668 Quod
2301 2618 2434 2656 vero
2466 2602 2667 2658 dicunt
2697 2602 2746 2656 ei
2782 2619 2794 2655 :
2834 2625 2860 2652 ι(
2890 2601 3264 2674 Prophetizm,
3287 2624 3315 2653 ι)
3348 2606 3403 2657 et
3422 2602 3575 2672 juxta
3600 2599 3711 2653 alios

2108 2690 2494 2764 evangelistas
2527 2707 2540 2745 :
2579 2714 2606 2741 «
2655 2690 2797 2757 Quis
2826 2694 2916 2746 est
2947 2690 3047 2763 qui
3078 2695 3135 2745 te
3168 2690 3503 2763 percussit?
3528 2713 3553 2740 υ
3578 2686 3710 2760 quasi

2108 2781 2167 2835 in
2199 2779 2615 2836 contumeliam
2649 2780 2871 2836 faciunt
2901 2781 3050 2851 ejus,
3086 2780 3186 2853 qui
3217 2797 3292 2837 se
3322 2798 3355 2836 a
3376 2778 3584 2853 populis
3608 2792 3708 2849 pro-

2106 2868 2342 2942 phetam
2372 2869 2620 2925 voluerit
2649 2869 2871 2925 haberi.
2909 2869 3020 2925 Sed
3073 2869 3201 2941 ipso
3242 2869 3609 2941 dispensante,
3634 2863 3709 2937 qui

2106 2957 2345 3031 patitur,
2381 2958 2581 3014 omnia
2610 2975 2715 3031 pro
2745 2957 2914 3014 nobis
2946 2959 3115 3023 ﬁunt,
3151 2957 3314 3014 sicut
3341 2959 3532 3014 Petrus
3560 2955 3709 3010 horta-

2104 3050 2202 3103 tur
2232 3048 2280 3119 (ι
2312 3052 2460 3103 Pctr.
2493 3051 2608 3116 iv):
2642 3048 2867 3103 Christo
2898 3048 2956 3103 in
2989 3064 3163 3104 carne
3194 3064 3398 3120 passo,
3422 3063 3519 3102 nos
3548 3044 3707 3101 eadem

2105 3136 2451 3210 cogitatione
2465 3153 2782 3203 armemur,
2799 3140 2972 3209 atque
2989 3137 3057 3192 ad
3080 3135 3391 3193 toleranda
3407 3153 3502 3208 pro
3522 3132 3709 3190 nomine

348 3225 502 3307 quod
534 3227 624 3281 est
652 3241 830 3298 super
864 3242 1039 3282 omne
1088 3243 1324 3297 nomen,
1352 3232 1418 3281 ut
1463 3226 1524 3282 in
1576 3225 1811 3283 nomine
1855 3227 1995 3283 Jesu
2028 3212 2071 3278 C
2110 3228 2237 3298 ejus
2268 3225 2607 3281 irrisionum
2645 3225 2957 3298 opprobria
2987 3241 3408 3298 praeparemur.

346 3330 520 3372 omne
545 3328 696 3387 genu
728 3314 1017 3382 ﬂectatur,
1052 3313 1401 3381 omlestium,
1427 3316 1793 3371 terrestrium
1823 3319 1880 3370 et
1910 3315 1998 3370 in-

348 3402 645 3459 fernorum
661 3419 674 3456 :
693 3403 961 3458 etomnis
977 3402 1179 3475 lingua
1194 3404 1543 3458 conﬁteatur
1557 3405 1697 3474 quia
1717 3402 1999 3459 Dominus

347 3490 521 3546 Iesus
551 3489 821 3546 Christus
851 3491 910 3545 in
941 3489 1126 3563 gloria
1154 3494 1245 3547 est
1273 3490 1372 3546 Dei
1406 3491 1613 3547 Patris.
1650 3514 1676 3540 »
1730 3557 1734 3560 ,

420 3601 449 3627 «ι
479 3577 763 3633 Summus
806 3582 1002 3634 autem
1035 3579 1306 3635 sacerdos
1335 3578 1610 3635 scindens
1652 3580 1999 3636 vestimenta

348 3688 379 3722 οι
401 3682 531 3731 sua,
550 3664 662 3720 ait:
682 3665 831 3731 Quid
856 3666 1047 3722 adhuc
1068 3667 1471 3724 desideramus
1492 3672 1671 3724 testes
1686 3668 1715 3723 Ἰ
1734 3669 1996 3726 Audistis

347 3777 375 3804 ‹‹
409 3754 858 3827 blasphemiam.
895 3778 921 3803 υ
953 3758 1137 3821 Quem
1168 3756 1240 3811 de
1270 3755 1414 3814 solio
1458 3757 1804 3813 sacerdotali
1839 3758 1997 3814 furor

344 3847 701 3911 excusserat,
745 3844 1018 3899 eumdem
1068 3844 1261 3899 rabies
1310 3845 1381 3900 ad
1427 3844 1777 3902 scindendas
1806 3851 1994 3904 vestes

344 3936 636 4004 provocat.
651 3932 878 3988 Scindit
893 3933 1240 3989 vestimenta
1254 3951 1383 3999 sua,
1398 3938 1462 3989 ut
1477 3936 1745 3991 ostendat
1761 3936 1993 3994 Judzeos

344 4018 762 4076 sacerdotalem
792 4025 1011 4076 vestem
1043 4019 1128 4077 vel
1160 4018 1406 4093 gloriam
1440 4022 1784 4094 perdidisse,
1816 4029 1875 4081 et
1903 4043 1995 4081 va-

342 4123 512 4164 cuam
546 4108 743 4165 sedem
771 4108 985 4166 habere
1005 4102 1317 4183 pontiﬁcis.
1341 4112 1450 4169 Sed
1473 4116 1531 4167 et
1551 4114 1992 4171 consuetudinis

340 4195 598 4253 Iudaica:
616 4201 726 4259 est,
742 4213 877 4254 cum
894 4197 1113 4272 aliquid
1138 4198 1515 4273 blasphemiae
1532 4204 1589 4256 et
1606 4203 1772 4273 quasi
1791 4208 1993 4259 contra

341 4286 524 4342 Deum
547 4286 859 4349 audierint,
874 4287 1140 4344 scindere
1154 4287 1502 4345 vestimenta
1522 4306 1649 4356 sua,
1664 4292 1819 4363 quod
1842 4292 1989 4347 Pau-

338 4374 459 4431 lum
493 4392 726 4450 quoque
756 4380 816 4432 et
834 4375 1182 4442 Barnabam,
1207 4378 1440 4450 quando
1463 4378 1521 4433 in
1547 4379 1832 4451 Lycaonia
1851 4380 1989 4436 deo-

339 4480 474 4519 rum
504 4462 665 4521 cultu
700 4466 1145 4531 venerabantur,
1169 4465 1374 4522 fecisse
1405 4465 1655 4539 legimus
1686 4467 1818 4538 (Act.
1854 4471 1986 4537 xxv).

338 4551 593 4610 Herodes
625 4558 843 4623 autem,
876 4554 1016 4627 quia
1046 4571 1158 4610 non
1200 4554 1364 4610 dedit
1403 4554 1681 4611 honorem
1716 4557 1851 4623 Dco,
1886 4560 1985 4614 sed

338 4639 631 4714 acquievit
662 4642 1047 4698 immoderato
1081 4642 1257 4698 favori
1290 4642 1509 4715 populi,
1543 4644 1741 4699 statim
1783 4645 1855 4700 ab
1887 4663 1989 4701 an-

335 4728 464 4803 gelo
499 4744 811 4802 percussus
842 4734 952 4786 est.
986 4729 1186 4787 Altiori
1219 4734 1413 4786 autem
1460 4732 1736 4803 mysterio
1764 4734 1985 4790 factum

335 4822 443 4885 est,
468 4822 537 4875 ut
564 4819 622 4875 in
654 4818 926 4893 passione
956 4819 1188 4876 Domini
1220 4819 1480 4891 pontifex
1505 4820 1845 4878 Judieorum
1878 4841 1987 4881 sua

335 4904 461 4977 ipse
486 4907 835 4965 vestimenta
863 4907 1181 4975 discuterit,
1215 4924 1349 4963 cum
1381 4907 1573 4964 tunica
1621 4909 1850 4966 Domini
1883 4929 1987 4969 nec

335 4993 409 5048 ab
427 4994 654 5071 his,q_ui
672 5013 806 5053 eum
823 4998 1181 5064 crucillxcre,
1200 4994 1484 5052 militibus
1501 4996 1686 5053 scindi
1710 5001 1983 5070 potuerit.

338 5079 728 5161 Figurabatur
742 5084 921 5154 enim,
941 5086 1095 5157 quod
1115 5085 1507 5141 sacerdotium
1521 5084 1856 5143 Judzeorum
1881 5104 1984 5162 pro

336 5166 656 5224 sceleribus
677 5171 937 5242 ipsorum
964 5173 1306 5245 pontificum
1332 5179 1484 5231 esset
1504 5175 1986 5243 scindendum,et

335 5273 370 5311 ι
390 5272 515 5312 suae
532 5260 691 5313 statu
715 5259 1067 5333 integritatis
1088 5263 1446 5320 omnimodis
1463 5263 1825 5321 solvendum.
1841 5266 1984 5321 Soli-

334 5344 488 5423 ditas
518 5361 652 5401 vero
684 5353 897 5403 sancta:
930 5348 1275 5406 universalis
1330 5350 1614 5421 Ecclesiae,
1650 5371 1777 5425 quae
1807 5356 1983 5411 vestis
2038 5356 2045 5359 “

332 5433 421 5489 sui
458 5433 863 5507 Redemptoris
912 5436 1062 5492 solet
1109 5438 1411 5511 appellari,
1446 5457 1747 5513 nunquam
1795 5443 1984 5500 valeat

329 5521 640 5603 disrumpi,
675 5523 817 5596 quin
851 5524 1065 5597 potius,
1098 5531 1155 5582 et
1197 5527 1245 5583 si
1295 5529 1503 5597 Judaei,
1538 5530 1586 5586 si
1630 5532 1897 5601 gentiles,
1932 5534 1983 5590 si

328 5611 603 5682 heretici,
627 5613 763 5670 mali
796 5613 1066 5672 catholici
1099 5614 1490 5673 humilitatem
1520 5618 1749 5675 Domini
1783 5621 1980 5678 Salva-

2179 3337 2206 3364 ‹‹
2240 3316 2310 3369 Et
2340 3332 2472 3370 cum
2495 3319 2647 3370 esset
2670 3316 2872 3370 Petrus
2898 3313 2954 3369 in
2979 3315 3127 3369 atrio
3148 3315 3449 3383 deorsum,
3466 3312 3711 3368 venituna

2107 3425 2135 3454 ‹‹
2169 3420 2237 3458 ex
2265 3402 2497 3459 ancillis
2526 3402 2742 3459 summi
2776 3392 3117 3459 sacerdotis.
3136 3403 3370 3459 Etcum
3400 3402 3616 3458 vidisset
3632 3398 3711 3454 Pe-

2114 3512 2140 3545 σι
2170 3496 2327 3551 trum
2359 3490 2795 3548 calefacientem
2829 3508 2909 3558 se,
2935 3491 3229 3563 aspiciens
3268 3492 3431 3547 illum
3458 3489 3642 3545 ait:Et
3662 3490 3711 3540 tu

2110 3599 2137 3633 α
2167 3598 2299 3635 cum
2330 3582 2465 3635 .lcsu
2499 3580 2793 3636 Nazarene
2823 3596 2973 3636 eras.
3006 3582 3078 3635 At
3110 3580 3206 3634 ille
3242 3580 3492 3654 negavit,
3515 3577 3708 3632 dicens:

2105 3694 2134 3720 ‹‹
2168 3670 2366 3742 Neque
2397 3670 2537 3736 scio,
2574 3685 2761 3741 neque
2810 3670 2941 3724 novi
2991 3670 3131 3740 quid
3183 3669 3373 3725 dicas.
3412 3691 3440 3718 »
3467 3666 3597 3733 Quid
3625 3662 3711 3718 sibi

2101 3758 2249 3824 vult,
2272 3758 2426 3830 quod
2451 3758 2640 3830 prima
2656 3773 2789 3813 cum
2808 3758 3006 3831 prodit
3019 3756 3259 3824 ancilla,
3280 3775 3413 3814 cum
3435 3756 3532 3810 viri
3549 3752 3711 3825 utique

2105 3848 2294 3920 magis
2325 3864 2459 3903 eum
2493 3852 2807 3919 potuerunt
2856 3863 3294 3918 recognoscere,
3327 3847 3440 3902 nisi
3468 3848 3603 3900 utet
3628 3841 3713 3895 iste

2103 3953 2276 3992 sexus
2309 3951 2579 4007 peccasse
2613 3935 2666 3989 in
2704 3951 2901 3990 necem
2936 3934 3166 3990 Domini
3212 3936 3527 3999 videretur,
3555 3935 3605 3987 et
3628 3930 3713 3984 iste

2102 4041 2275 4080 sexus
2304 4024 2689 4081 redimeretur
2730 4040 2828 4094 per
2859 4024 3089 4080 Domini
3122 4024 3459 4096 passionem
3478 4023 3505 4079 ?
3528 4024 3586 4077 Et
3611 4018 3712 4074 ideo

2101 4112 2313 4168 mulier
2368 4112 2812 4168 resurrectionis
2861 4112 3073 4183 accipit
3121 4113 3319 4185 prima
3364 4108 3636 4185 mysteria,
3667 4107 3712 4159 et

2101 4203 2377 4257 mandata
2407 4201 2682 4269 custodit,
2717 4207 2782 4256 ut
2811 4206 3063 4257 veterem
3097 4198 3582 4275 praevaricationis
3606 4195 3714 4252 aha

2100 4289 2251 4346 lerat;
2272 4307 2555 4346 errorem.

2172 4404 2198 4429 «
2231 4380 2301 4435 Et
2328 4378 2467 4434 exiit
2495 4379 2650 4435 foras
2680 4383 2813 4435 ante
2844 4379 3086 4448 atrium,
3112 4382 3171 4436 et
3199 4378 3397 4453 gallus
3416 4374 3661 4435 cantavit.
3691 4392 3713 4420 ν»

2100 4469 2179 4524 De
2225 4468 2334 4523 hoc
2390 4467 2529 4539 galli
2562 4472 2738 4523 cantu
2771 4468 2959 4523 cmteri
2992 4467 3362 4542 evangelistze
3392 4470 3592 4529 tacent,
3621 4476 3710 4516 non

2019 4577 2067 4644 Ι)
2098 4562 2294 4613 tamen
2328 4559 2547 4612 factum
2579 4560 2975 4631 essovnegant,
3010 4558 3167 4614 sicut
3191 4560 3251 4613 et
3286 4557 3476 4614 multa
3502 4553 3606 4611 alia
3634 4546 3713 4606 alii

2099 4645 2328 4702 silentio
2360 4646 2785 4718 praeterierunt,
2821 4662 2950 4718 qua:
2980 4647 3075 4702 alii
3106 4651 3367 4701 narrant.

2166 4758 2194 4785 «
2231 4734 2487 4790 Rursum
2519 4738 2715 4791 autem
2767 4749 2904 4791 cum
2934 4734 3177 4791 vidisset
3205 4734 3327 4792 alia
3352 4751 3485 4791 eum
3514 4726 3710 4788 ancilla.

2097 4849 2126 4875 «
2159 4823 2329 4896 erepit
2357 4823 2547 4880 dicere
2570 4824 3109 4891 circumstantibus,
3135 4824 3274 4897 quia
3295 4823 3391 4880 hic
3410 4841 3477 4880 ex
3496 4820 3708 4876 illisest.

2097 4938 2124 4964 «
2156 4917 2228 4969 At
2272 4913 2367 4968 ille
2416 4913 2628 4968 iterum
2678 4914 2925 4985 negavit.
2964 4937 2991 4962 ››
3024 4914 3148 4969 Non
3194 4913 3315 4969 haac
3366 4912 3558 4968 eadem
3606 4920 3711 4977 quae

2096 5002 2259 5075 prius
2309 5002 2643 5068 accusabat,
2676 5001 2889 5057 ancilla
2934 5018 3063 5058 esse
3106 5003 3398 5058 credenda
3444 5005 3547 5056 est.
3590 4991 3712 5051 Dicit

2095 5108 2348 5148 namcue
2382 5090 2688 5146 Mattheus
2733 5090 3102 5162 apertissime
3135 5107 3148 5146 :
3190 5112 3213 5139 α
3246 5092 3505 5147 Exeunte
3541 5088 3709 5141 autem

2092 5177 2627 5249 illojanuam,vidit
2641 5195 2775 5233 eum
2794 5178 2909 5235 alia
2928 5180 3221 5249 ancilla,et
3237 5180 3318 5236 ait
3340 5179 3433 5235 his
3455 5173 3709 5250 quierant

2092 5268 2171 5325 ibi
2204 5269 2418 5335 (Matth.
2448 5270 2645 5336 xxv").
2683 5290 2710 5315 »
2743 5267 2802 5323 In
2837 5267 2947 5324 hac
2988 5273 3186 5324 autem
3212 5266 3541 5341 negatione
3583 5254 3708 5315 Petri

2092 5357 2397 5421 discimus,
2434 5374 2549 5411 non
2583 5356 2774 5411 solum
2806 5357 3094 5430 abnegare
3124 5357 3447 5423 Christum,
3469 5352 3561 5425 qui
3592 5345 3711 5404 dicit

2091 5463 2225 5501 eum
2260 5463 2370 5501 non
2401 5462 2530 5501 esse
2560 5444 2878 5513 Christum,
2899 5446 2998 5502 sed
3033 5446 3105 5502 ab
3135 5446 3234 5503 illo
3265 5444 3463 5509 etiam,
3482 5439 3708 5513 quicum

2091 5539 2168 5594 sit
2187 5542 2358 5609 negat
2375 5554 2437 5591 se
2454 5550 2581 5589 esse
2601 5535 3514 5592 Christianum.Dominusautem
3529 5544 3632 5584 non
3643 5522 3710 5579 ait

2090 5626 2254 5683 Petro
2290 5642 2302 5682 :
2337 5622 2700 5695 Discipulum
2734 5639 2931 5681 meum
2964 5628 3019 5683 te
3044 5625 3305 5698 negabis,
3328 5622 3432 5679 sed
3466 5640 3492 5671 α
3522 5631 3609 5674 me
3631 5627 3710 5668 οε·
