3872 6170
164 359 262 423 ιοο

1333 353 1688 417 HOMILI/E
1733 349 1835 414 DE
1878 352 2277 419 TEMPORE.

3385 364 3507 429 410
3550 361 3563 368 ’“

161 495 318 569 gabis.
351 515 371 542 ι
395 489 619 566 Negavit
645 505 782 566 ergo
812 489 1031 564 ipsum,
1081 505 1217 549 cum
1264 504 1329 546 se
1357 491 1588 563 negavit
1615 490 1744 562 ejus
1774 486 1828 554 Α
1929 510 1959 539 ‹‹
1991 490 2057 546 Et
2088 490 2465 565 interrogavit
2490 510 2624 550 eum
2647 492 2897 551 Pilatus:
2926 495 3016 552 'l‘u
3044 512 3109 553 es
3137 512 3237 555 rex
3271 500 3503 559 Jndzeos

156 599 262 639 asse
286 580 634 654 discipulum.

215 693 239 720 κ
268 671 325 725 Et
350 673 470 742 post
498 666 772 741 pusillum
805 685 1012 725 rursus
1037 667 1139 741 qui
1170 668 1747 733 astabant,dicebant

156 782 180 809 α
205 760 378 815 Petro:
415 757 553 814 Vere
597 774 663 812 ex
703 755 823 812 illis
872 773 953 815 es.
1004 758 1150 813 Nam
1181 762 1237 812 et
1276 756 1549 813 Galilaeus
1597 775 1679 813 es.
1716 780 1746 807 »

153 848 255 903 Non
282 846 421 918 quod
452 844 559 901 alia
587 844 787 918 lingua
815 844 1033 901 Galilei
1065 862 1241 918 quam
1292 846 1747 920 Hierosolymitaa

151 936 502 1009 loquerentur,
534 933 633 1006 qui
664 934 902 1007 utrique
931 934 1168 990 fuerunt
1197 935 1440 1007 Hebrai,
1464 937 1565 992 sed
1609 936 1747 1007 quia

148 1039 471 1097 unaquaeque
498 1023 791 1095 provincia
807 1028 864 1079 et
876 1022 1030 1096 regio
1042 1040 1184 1079 suas
1194 1024 1407 1080 habeat
1432 1025 1749 1098 proprieta-

150 1119 235 1177 tes,
265 1128 324 1167 ac
348 1111 709 1168 vernaculum
734 1111 1011 1184 loquendi
1043 1129 1254 1168 sonum
1276 1113 1458 1169 vitare
1482 1131 1597 1170 non
1620 1131 1749 1187 pos-

147 1203 223 1257 sit.
253 1201 398 1257 Unde
426 1200 483 1255 in
513 1199 751 1256 Actibus
778 1200 1177 1274 apostolorum
1210 1219 1345 1257 cum
1395 1202 1477 1270 hi,
1528 1203 1750 1276 quibus

150 1289 366 1362 Spiritus
391 1293 625 1344 sanctus
640 1288 952 1356 insederat,
969 1290 1231 1346 omnium
1245 1292 1504 1363 gentium
1530 1291 1748 1364 linguis

145 1378 494 1451 loquerentur,
526 1377 680 1433 inter
716 1377 864 1433 alios
895 1379 993 1451 qui
1027 1379 1316 1435 ediversis
1334 1380 1537 1436 mundi
1562 1381 1748 1453 plagis

147 1467 476 1533 advenerant,
536 1467 713 1522 etiam
771 1466 857 1522 illi
904 1467 1005 1540 qui
1062 1467 1409 1524 habitabant
1461 1470 1747 1538 Judaeum,

145 1555 323 1611 dixisse
351 1556 703 1611 referuntur:
737 1578 767 1605 «
800 1556 1003 1612 Nonne
1033 1573 1162 1612 ecce
1183 1573 1388 1613 omnes
1418 1557 1514 1613 isti
1547 1558 1648 1631 qui
1669 1558 1750 1615 lo-

146 1648 382 1716 quuntur,
415 1643 631 1699 Galilzei
644 1645 902 1700 sunt?Et
915 1646 1204 1717 quomodo
1217 1647 1551 1704 audivimus
1564 1665 1640 1703 un
1650 1665 1747 1704 us-

146 1731 354 1805 quisque
379 1731 641 1805 linguam
675 1737 934 1788 nostram
966 1734 1027 1789 in
1059 1751 1176 1806 qua
1198 1734 1318 1789 nati
1345 1736 1590 1792 sumus?
1610 1738 1744 1809 (Act.

1738 612 1743 615 »
1857 603 1885 635 α
1914 583 2095 638 rum?
2120 603 2151 632 »
2186 582 2370 639 Pilato
2393 582 2536 640 nihil
2570 584 2726 641 aliud
2768 584 3035 642 criminis
3080 585 3498 663 interrogante,

1854 670 1967 727 nisi
1999 676 2197 727 utrum
2232 690 2330 729 rex
2358 673 2690 729 Judaeorum
2713 675 2812 742 sit,
2831 680 3164 750 arguuntur
3187 677 3504 750 impietatis
3620 700 3621 703 η

1853 760 2061 825 Judaei,
2095 763 2248 834 quod
2281 778 2353 817 ne
2403 761 2549 818 falso
2607 762 2844 835 quidem
2902 764 3162 822 invenire
3208 764 3507 838 potuerint

1856 851 2008 923 quod
2035 850 2353 920 objicerent
2381 851 2690 909 Salvatori.
2725 875 2755 903 «
2786 854 2858 909 At
2887 841 2985 910 ille
3018 854 3400 927 respondens,
3423 857 3507 914 ait
3556 923 3560 926 ,

1856 962 1884 989 κ
1921 938 2037 995 illi:
2073 941 2161 995 Tu
2191 939 2357 995 dicis.
2396 962 2423 989 ››
2456 941 2550 996 Sic
2582 942 2902 1014 respondit,
2932 946 2998 998 ut
3027 948 3087 999 et
3115 958 3318 1000 verum
3351 946 3506 1003 dice-

1856 1032 1962 1094 ret,
1986 1032 2044 1083 et
2073 1045 2263 1084 sermo
2294 1029 2423 1101 ejus
2453 1028 2759 1085 calumniae
2788 1047 2907 1086 non
2931 1034 3171 1103 pateret.
3190 1030 3508 1092 Etattende

1856 1118 2011 1189 quod
2048 1116 2251 1184 Pilato,
2278 1116 2377 1189 qui
2405 1118 2463 1172 in
2494 1116 2652 1175 vitiis
2682 1119 3032 1175 sententiam
3048 1121 3291 1192 fcrebat,
3304 1123 3506 1196 aliqua

1856 1206 1916 1262 in
1948 1210 2113 1278 parte
2142 1206 2529 1278 responderit,
2562 1207 2966 1262 sacerdotibus
3011 1212 3206 1264 autem
3255 1215 3314 1266 et
3340 1212 3505 1283 prina

1856 1294 2085 1368 cipibus
2113 1295 2383 1362 noluerit,
2416 1294 2808 1368 indignosque
2832 1313 2939 1352 suo
2970 1302 3241 1354 sermone
3271 1300 3505 1370 judica—

1854 1383 2020 1438 verit.

1928 1514 1955 1539 ‹‹
1992 1489 2210 1545 Pilatus
2242 1494 2435 1546 autem
2454 1488 3248 1564 rursuminterrogaviteum,
3273 1494 3502 1554 dicens:

1858 1602 1885 1629 ‹‹
1918 1579 2041 1635 Non
2076 1579 2394 1651 respondes
2442 1578 2805 1651 quidquam?
2832 1579 2973 1635 Vide
3004 1581 3062 1635 in
3096 1584 3401 1653 quantiste
3417 1601 3506 1642 ac-

1857 1690 1885 1718 «
1919 1672 2148 1723 cusant.
2182 1667 2355 1723 Jesus
2386 1671 2580 1723 autem
2622 1666 2877 1740 amplius
2926 1668 3073 1725 nihil
3116 1673 3437 1745 respondit.
3476 1696 3503 1725 ››

1855 1754 2139 1813 Ethnicus
2162 1755 2400 1828 quidem
2429 1760 2518 1811 est
2537 1755 2633 1829 qui
2652 1756 3236 1832 condemnatJesum,
3258 1760 3357 1817 sed
3375 1776 3508 1818 cau-

143 1826 224 1887 x1.)
250 1843 276 1869 ››
304 1821 367 1876 Et
394 1821 597 1875 Petrus
626 1821 909 1877 fratribus
939 1822 1745 1894 loquensinJerusalem:«Et

1929 1862 1980 1902 m
2011 1821 2259 1901 refert-in
2276 1821 3182 1918 populum-JudzeorumuVidein
3203 1821 3507 1921 quantiste

142 1914 330 1976 notum,
362 1909 570 1981 inquit,
604 1909 825 1965 factum
858 1908 1749 1970 estomnibushabitantibusJe-

143 1998 374 2068 rusalem,
406 1997 484 2053 ita
522 2003 590 2054 ut
633 1998 1029 2071 appellaretur
1074 2015 1213 2072 ager
1258 1999 1359 2056 ille
1397 2001 1750 2059 Haceldama

144 2086 158 2156 ί
175 2092 261 2141 ξεί.
289 2092 345 2151 ll,
381 2108 408 2136 ››
437 2089 627 2153 Quare
659 2086 861 2160 lingua
893 2104 1117 2154 eorum,
1152 2087 1265 2145 nisi
1287 2090 1444 2162 quod
1475 2091 1628 2147 idem
1650 2109 1753 2148 nos

143 2189 245 2230 tuen
272 2175 431 2230 aliter
456 2175 562 2243 illi,
595 2176 708 2233 hoc
736 2180 847 2244 est,
882 2176 1354 2251 Hierosolymitaa,
1387 2178 1556 2235 aliter
1585 2196 1753 2237 sona-

143 2262 253 2321 bant
278 2262 528 2320 Galilzei?

193 2375 204 2401 ι
244 2352 549 2409 Merentem
577 2354 758 2426 erepit
788 2355 1281 2413 anathematizare
1297 2361 1353 2412 et
1369 2359 1751 2431 jurare,quia

140 2463 163 2489 «
188 2441 357 2497 nescio
386 2442 687 2499 heminam
717 2442 893 2499 istam
917 2461 1094 2516 quem
1110 2444 1322 2502 dicitis.
1339 2448 1408 2502 Et
1436 2448 1635 2503 statim
1652 2449 1751 2505 ite-

141 2554 161 2579 α
179 2548 288 2587 rum
315 2531 497 2603 gallus
527 2532 805 2588 cantavit.
838 2552 869 2583 ››
902 2532 1064 2589 Solet
1092 2534 1396 2607 Scriptura
1424 2553 1591 2593 sacra
1621 2555 1747 2594 me-

140 2617 283 2674 ritum
311 2636 642 2687 causarum,
676 2638 781 2693 per
808 2626 1026 2678 statum
1061 2624 1371 2697 designare
1396 2630 1746 2699 temporum.

142 2706 271 2763 Unde
299 2709 512 2766 Petrus‘
545 2710 652 2782 qui
712 2710 904 2766 media
963 2716 1132 2768 nocte
1188 2714 1439 2786 negavit,
1498 2717 1569 2771 ad
1611 2716 1751 2788 galli

141 2801 335 2852 cantum
376 2798 681 2870 pcenituit:
732 2800 830 2872 qui
872 2800 1049 2856 etiam
1095 2806 1228 2874 post
1266 2803 1749 2861 resurrectionem

143 2883 333 2941 Domini
360 2886 569 2943 diurna
600 2888 715 2943 sub
745 2886 874 2943 luce
903 2888 1091 2957 illum,
1113 2906 1287 2962 quem
1309 2891 1482 2947 tertio
1512 2908 1753 2965 negave-

145 2978 231 3039 rat,
261 2975 415 3031 tertio
445 2992 609 3048 aeque
643 2993 708 3032 se
740 2990 937 3033 amare
955 2978 1252 3051 professus
1274 2985 1381 3035 est.
1416 2981 1560 3046 Quia
1582 2982 1752 3038 nimi-

143 3078 264 3128 rum,
287 3064 381 3136 qui
406 3064 467 3121 in
498 3065 760 3122 tenebris
783 3066 1090 3123 oblivionis
1140 3067 1371 3136 erravit,
1421 3072 1479 3125 et
1506 3077 1750 3143 speratae

137 3150 231 3220 jam
256 3152 393 3210 lucis
421 3156 920 3212 rememoratione
943 3157 1207 3224 correxit,
1242 3163 1297 3213 et
1308 3158 1572 3230 ejusdem
1602 3176 1749 3217 verae

140 3237 255 3296 lueis
280 3244 472 3315 adepta
495 3244 831 3317 praesentia,
850 3246 1019 3318 plene
1035 3222 1221 3302 totum
1237 3222 1523 3320 quidquid
1557 3254 1746 3308 muta-
1778 3222 1828 3289 cf

137 3336 261 3386 verat
281 3333 468 3390 erexit.
501 3334 677 3390 Hunc
706 3334 1142 3408 opinorgallum
1159 3335 1411 3409 aliquem
1445 3338 1747 3396 doctorem

143 3415 565 3494 intelligendum,
598 3423 711 3495 qui
740 3425 1116 3495 nosjacentes
1129 3425 1410 3492 excitans,
1442 3432 1498 3482 et
1519 3442 1748 3486 somno-

140 3503 288 3565 lentos
313 3509 641 3584 increpans,
679 3511 866 3568 dicat:
900 3534 927 3561 ‹‹
963 3511 1261 3585 Evigilate,
1288 3514 1457 3585 justi,
1492 3520 1549 3572 et
1568 3516 1747 3575 nolite

139 3609 333 3665 peccare
362 3600 405 3672 (ι
432 3601 554 3657 Cor.
587 3602 709 3669 xv).
746 3622 779 3650 »

189 3707 211 3735 α
239 3687 295 3740 Et
320 3690 663 3747 recordatus
691 3695 780 3745 est
810 3690 1016 3745 Petrus
1045 3690 1215 3745 verbi-
1257 3693 1413 3763 quod
1441 3693 1666 3750 dixerat
1693 3694 1745 3751 ei

140 3792 161 3819 κ
180 3772 356 3832 Jesus:
388 3774 749 3852 Priusquam
777 3777 970 3851 gallus
1000 3783 1194 3834 cantet
1207 3779 1318 3844 bis,
1338 3784 1427 3836 ter
1453 3798 1547 3837 me
1570 3799 1743 3856 nega-

142 3879 162 3907 α
185 3860 274 3918 bis.
300 3866 363 3920 Et
386 3867 557 3940 ccepit
579 3868 744 3923 ﬂere.
784 3888 812 3916 »
842 3869 1025 3933 Quam
1060 3867 1263 3923 nociva
1289 3886 1596 3941 pravorum
1628 3872 1746 3928 col-

142 3943 324 4021 loquia!
358 3956 557 4011 Petrus
589 3957 727 4029 ipse
751 3955 903 4011 inter
925 3955 1194 4012 infideles
1222 3957 1310 4013 vel
1344 3958 1642 4016 hominem
1684 3978 1747 4018 se

144 4052 278 4096 nosse
302 4045 542 4117 negavit,
577 4060 761 4117 quem
786 4043 940 4099 inter
953 4044 1387 4117 condiscipulos
1391 4047 1517 4117 jam
1542 4048 1639 4103 Dei
1661 4049 1747 4106 Fi-

143 4122 252 4183 lium
278 4131 451 4189 haeret
478 4135 812 4190 confessus.
845 4133 956 4189 Sed
990 4148 1095 4189 nec
1130 4133 1189 4189 in
1222 4134 1367 4189 atrio
1394 4134 1622 4208 Caiphae
1654 4154 1746 4195 re-

142 4215 297 4274 tentus
321 4226 539 4292 poterat
566 4238 743 4295 agere
775 4221 1213 4293 paenitentiam;
1245 4223 1542 4295 egreditur
1571 4226 1744 4293 foras,

144 4306 191 4356 et
212 4304 297 4361 alii
317 4316 551 4367 narrant
581 4309 976 4383 evangelista,
1002 4315 1295 4382 quatenus
1326 4313 1398 4368 ab
1428 4311 1745 4386 impiorum

143 4394 341 4452 concilio
367 4404 648 4468 secretus,
685 4399 887 4456 sordes
917 4399 1139 4471 pavidae
1169 4400 1498 4473 negationis
1546 4402 1746 4460 liberis

146 4476 332 4541 ﬂatibus
357 4488 638 4545 absolvat.

196 4591 220 4618 «
243 4573 305 4629 Et
327 4577 629 4634 confestim
666 4592 838 4634 mane
869 4576 1182 4634 consilium
1214 4578 1494 4636 facientes
1524 4583 1743 4637 summi
1775 4591 1821 4656 ι)

146 4671 168 4700 ι
189 4664 483 4722 sacerdotes
508 4683 650 4723 cum
684 4665 1016 4723 senioribus
1046 4671 1103 4723 et
1125 4667 1355 4733 scribis,
1386 4673 1444 4724 et
1472 4669 1743 4729 universo

146 4764 165 4790 α
190 4750 414 4819 concilio,
434 4755 765 4812 vincientes
789 4756 1014 4822 ksum,
1049 4756 1361 4824 duxerunt),
1393 4762 1451 4813 et
1483 4759 1743 4815 tradide-

146 4852 167 4879 α
190 4843 305 4893 runt
325 4842 520 4901 Pilato.
552 4864 598 4895 ιι·
620 4844 749 4901 Non
772 4844 962 4901 solum
976 4845 1050 4901 ad
1071 4844 1347 4913 Pilatum,
1363 4848 1467 4902 sed
1482 4847 1657 4904 etiam
1671 4851 1742 4906 ad

148 4919 375 4987 Herodem
405 4932 622 4990 ductus
649 4937 759 5001 est,
778 4937 1102 5006 ut-aterque
1121 4934 1746 4995 Domineilluderetﬁt

147 5024 275 5072 teme
300 5021 750 5079 sollicitudinem
761 5024 1133 5079 sacerdotum
1166 5022 1394 5080 in-malo
1411 5041 1424 5079 :
1441 5029 1564 5082 tota
1574 5032 1745 5084 nocte

147 5098 490 5177 Vigilaverunt,
518 5117 587 5168 nt
615 5112 1012 5168 homicidium.
1024 5112 1304 5178 facerent,
1324 5133 1351 5165 α
1382 5114 1451 5169 Et
1479 5113 1741 5172 vinctum

151 5206 171 5233 κ
192 5188 518 5254 lmiidemnt
547 5200 752 5257 Pilato.
780 5222 808 5250 »
840 5201 1481 5259 Habebantenimhunc
1495 5220 1738 5274 morem,

150 5277 366 5350 “liquem
395 5288 831 5359 adjudieassent
856 5289 1050 5358 morti,
1085 5290 1332 5363 ligatum
1346 5290 1536 5363 judici
1556 5295 1744 5350 trada-

150 5370 262 5459 δρυῒ.
289 5373 538 5433 Attamen
570 5378 893 5434 notandum
947 5378 1104 5450 quod
1152 5396 1267 5435 non
1298 5383 1438 5435 tunc
1482 5380 1738 5454 primum

149 5444 421 5539 ligaverunt
444 5478 600 5532 eum,
632 5466 733 5522 sed
767 5482 905 5522 mox
939 5468 1428 5539 comprehensum
1480 5444 1647 5526 nocte
1680 5471 1739 5527 in

152 5534 298 5628 torto,
324 5554 387 5603 ut
420 5552 670 5611 Joannes
712 5555 987 5619 declarat,
1038 5534 1385 5628 ligaverunt,
1433 5560 1491 5613 et
1521 5559 1605 5614 sic
1636 5561 1739 5615 ad-

153 5623 398 5693 duxerant
419 5654 549 5697 eum
571 5641 643 5698 ad
671 5646 900 5701 Annam
932 5623 1211 5717 primum.

1858 1938 2155 1990 accusant.
2192 1956 2219 1983 »
2251 1933 2422 1989 Jesus
2456 1936 2649 1988 autem
2671 1932 2817 1988 nihil
2842 1935 3194 2007 respondere
3214 1936 3413 2006 voluit,
3435 1956 3507 1997 ne

1858 2022 2077 2079 crimen
2109 2021 2343 2077 diluens
2372 2022 2808 2077 dimitteretura
2827 2024 3092 2096 praeside,
3124 2029 3181 2081 et
3195 2025 3384 2083 crucis
3400 2028 3507 2084 uti-

1857 2110 1989 2167 litas
2020 2110 2368 2167 differretur.
2644 2098 2651 2101 V

1929 2243 1955 2269 ‹‹
1992 2217 2301 2275 Pontiﬁces
2332 2221 2552 2285 autem,
2575 2219 3011 2276 concitaverunt
3031 2220 3262 2277 turbam
3298 2225 3362 2278 ut
3383 2241 3504 2279 ma-

1858 2332 1885 2359 «
1920 2307 2011 2382 gis
2042 2306 2366 2363 Barabbam
2399 2305 2715 2363 dimitteret
2746 2307 2849 2364 eis.
2879 2307 3299 2383 nUsquehodie
3329 2311 3510 2368 haeret

1855 2396 2076 2453 Judaeis
2104 2413 2214 2452 sua
2243 2395 2463 2469 petitio,
2498 2413 2675 2469 quam
2705 2400 2865 2453 tanto
2886 2395 3509 2475 laboreimpetrarunt.‘

1858 2486 1964 2551 Qui
1997 2484 2152 2542 enim
2181 2485 2317 2540 dala
2345 2484 2456 2540 sibi
2489 2484 2722 2558 optione
2753 2502 2858 2559 pro
2887 2486 3027 2542 Jesu
3059 2485 3372 2557 latronem,
3404 2506 3507 2562 pro

1858 2573 2153 2632 Salvatore
2185 2573 2634 2642 interfectorem,
2669 2591 2772 2647 pro
2804 2574 3003 2631 datore
3032 2574 3159 2630 vitae
3208 2576 3510 2651 elegerunt

1857 2665 2254 2740 ademptorem
2265 2662 2489 2729 ,merito
2503 2662 2587 2718 sal
2598 2665 2754 2719 utem
2769 2662 3153 2735 perdiderunt.
3164 2668 3219 2719 et
3231 2665 3433 2733 vitam,
3454 2670 3511 2722 et

1856 2751 2176 2809 latrociniis
2206 2769 2333 2809 sese
2363 2764 2427 2807 ac
2458 2750 2763 2808 seditionis
2788 2751 3078 2807 intentum
3096 2753 3507 2826 subdiderunt,

1859 2846 1925 2900 ut
1954 2847 2011 2898 et
2040 2841 2289 2914 patriam
2318 2857 2683 2914 regnumque
2714 2857 2889 2897 suum
2920 2841 3074 2913 quod
3105 2840 3239 2915 plus
3278 2842 3506 2901 Christo

1859 2947 2143 2998 unavcre,
2179 2927 2557 3003 perdiderint,
2590 2933 2645 2984 ct
2663 2928 3159 3003 hactenus,quam
3173 2929 3509 3000 vendidere,

1858 3020 1977 3077 sive
2007 3018 2241 3088 animae,
2273 3035 2374 3075 seu
2406 3018 2666 3092 corporis
2709 3015 3039 3074 libertatem
3088 3018 3342 3093 recipere
3391 3036 3505 3076 non

1858 3107 2197 3165 meruerint.

1936 3238 1959 3266 ι
1997 3215 2218 3273 Pilatus
2249 3219 2447 3271 autem
2476 3215 2722 3273 iterum
2779 3214 3161 3288 respondens,
3221 3215 3304 3271 ait
3353 3215 3505 3273 illis:

1861 3326 1889 3357 «
1920 3302 2071 3371 Quid
2096 3321 2234 3377 ergo
2258 3302 2438 3361 vultis
2485 3302 2699 3360 faciam
2727 3303 2851 3376 regi
2888 3303 3264 3361 Judaorum?
3305 3305 3380 3360 At
3420 3302 3508 3360 illi

1856 3416 1884 3447 «
1918 3393 2131 3451 iterum
2161 3392 2586 3450 clamaverunt:
2621 3392 2907 3465 Cruciﬁge
2932 3391 3101 3449 euml
3130 3392 3356 3449 Pilatus
3375 3410 3511 3451 vero

1856 3507 1884 3535 α
1917 3483 2148 3541 dicebat
2175 3482 2289 3539 eis:
2323 3481 2474 3547 Quid
2505 3481 2662 3539 enim
2692 3479 2834 3539 mali
2865 3480 3039 3537 fecit?
3067 3504 3095 3531 »
3127 3480 3344 3538 Multas
3359 3480 3507 3539 libe-

1857 3572 2023 3635 randi
2055 3570 2412 3628 Salvatorem
2445 3569 2669 3627 Pilatus
2686 3569 3022 3647 occasiones
3036 3569 3219 3626 dedit.
3244 3569 3508 3627 Primum

1854 3659 2142 3717 latronem
2165 3660 2331 3730 justo
2360 3658 2685 3729 conferens,
2719 3658 2930 3715 deinde
2977 3657 3255 3715 inferens:
3290 3681 3319 3711 «
3351 3656 3515 3737 Quid.

1854 3767 1992 3824 ergo.
2021 3748 2195 3806 vultis
2224 3748 2434 3805 faciam
2467 3748 2597 3821 regi
2634 3747 3014 3809 Judzeorum?
3048 3770 3075 3799 ››
3107 3752 3370 3822 Cumque
3418 3766 3507 3805 re-.

1855 3839 2240 3911 sponderent:
2275 3862 2303 3888 ‹‹
2333 3837 2747 3911 Cruciﬁgaturl
2784 3859 2811 3886 »
2843 3837 3175 3895 statimnon
3188 3837 3507 3909 acquievit,

1855 3928 1978 3993 sed,
1999 3928 2170 3999 juxta
2191 3926 2637 4004 suggestionem
2651 3925 2873 3992 uxoris,
2902 3943 3029 4000 quas
3043 3925 3421 3985 mandaverat
3432 3927 3505 3994 ei,

1856 4020 1921 4073 ut
1952 4016 2258 4073 Mattheus
2288 4014 2524 4072 scribit:
2564 4037 2587 4065 ι
2621 4013 2778 4071 Nihil
2800 4013 2899 4073 tibi
2922 4019 2982 4072 et
3001 4012 3504 4085 justoilliwla-tth.

1854 4104 2051 4177 xxvu),
2088 4127 2116 4154 »
2148 4104 2273 4175 ipse
2305 4120 2537 4175 quoque
2567 4103 2929 4177 respondens
2960 4103 3081 4163 ait;
3107 4126 3137 4153 ‹‹
3168 4102 3315 4169 Quid
3349 4103 3505 4160 enim

1856 4193 1994 4250 mali
2025 4190 2199 4249 fecit?
2229 4214 2258 4241 ››
2288 4192 2411 4248 Hoc
2437 4191 2681 4249 dicendo
2711 4189 2935 4248 Pilatus
2985 4189 3247 4247 absolvit.
3278 4191 3503 4247 .lesum.

1928 4323 1956 4350 α
1989 4301 2061 4355 At
2090 4297 2174 4353 illi
2228 4296 2422 4369 magis
2468 4295 2825 4362 clamabant,
2873 4296 3163 4357 dicentes:
3219 4294 3506 4369 Crueitige

1854 4410 1885 4439 «ι
1916 4387 2083 4444 eum!
2116 4409 2145 4438 ››
2171 4382 3503 4457 Utimplemturquadinvicesimuprimspsab

1855 4492 1962 4532 nm
1990 4474 2242 4533 dixerat:
2297 4497 2325 4526 ‹‹
2356 4473 2889 4531 Οἰτωωὼοὰθωιδι.
2936 4490 3040 4531 me
3084 4488 3261 4529 canes
3306 4473 3501 4543 multi,

1854 4563 2226 4637 congregatio
2238 4561 2934 4636 malignantiumobsedit
2958 4578 3071 4618 me.
3099 4582 3129 4611 »
3160 4560 3343 4618 Isaiae
3359 4568 3519 4634 quo-‘

1853 4669 1967 4725 que
1978 4654 2041 4708 in
2055 4653 2164 4710 hac
2174 4652 2694 4724 sententiacongru
2701 4667 2770 4707 en
2776 4655 2883 4709 ter:
2892 4649 3502 4722 (Exspectaviutfaee-

1852 4748 1941 4799 ret
1960 4742 2257 4813 judicium
2289 4743 2426 4812 (lsa.
2455 4742 2545 4809 5)..
2572 4763 2601 4790 η
2632 4741 2701 4797 Et
2738 4739 2885 4796 illud
2923 4739 3223 4797 Jeremimz.
3267 4760 3297 4790 «
3330 4740 3505 4797 Facta

1853 4836 1945 4889 est
1973 4831 2117 4888 mihi
2151 4830 2467 4889 hereditas
2506 4847 2644 4887 mea
2685 4828 2841 4885 sicut
2883 4828 2975 4885 leo
3008 4827 3081 4884 min
3132 4827 3297 4894 silva,
3327 4827 3502 4884 dede~

1856 4926 1996 4977 runt
2023 4937 2201 4993 super
2229 4936 2327 4975 me
2352 4936 2551 4977 vocem
2582 4934 2759 4976 suam
2800 4918 2945 4991 (lea.
2988 4920 3125 4986 xu).-
3144 4941 3165 4970 ι
3222 4917 3505 4973 Fecerunt

1854 5015 2050 5067 autem
2081 5008 2475 5081 iniquitatem,
2507 5012 2565 5063 et
2581 5004 3500 5078 nonjustitiamesedelamomm,

1924 5140 1953 5167 «
1986 5115 2211 5171 Pilatus
2231 5117 2449 5180 autem,
2463 5112 2889 5185 volenspopulo
2903 5112 3504 5179 satisfacere,dimisit

1857 5230 1879 5256 α
1913 5205 1998 5262 eis
2032 5202 2378 5271 Blirwbam,
2402 5201 2916 5258 ettmdiditJesum
2933 5199 3503 5274 ﬂagelliscasummt

1851 5318 1881 5345 ‹‹
1914 5293 2370 5365 cruciﬁgeretur.
2406 5312 2434 5340 »
2468 5291 2640 5346 Jesus
2667 5295 2861 5346 autem
2902 5289 3231 5363 ﬂugnllatus
3279 5304 3393 5345 non
3427 5290 3499 5347 ab

1851 5382 1964 5438 alio
1996 5396 2175 5453 quam
2206 5380 2278 5434 ab
2310 5379 2437 5451 ipso
2473 5377 2655 5435 Pilato
2685 5378 3100 5452 intelligendus
3146 5383 3252 5435 est.
3284 5378 3502 5434 Scribit

1849 5485 2105 5543 namque
2136 5473 2332 5541 aperte
2357 5469 2639 5525 Joannes:
2679 5489 2716 5524 ι
2736 5469 3142 5526 Clamaverunt
3165 5484 3401 5524 rursum
3420 5468 3502 5523 di~

1849 5564 2047 5617 centes
2080 5574 2284 5614 omnes
2301 5573 2313 5613 :
2331 5557 2452 5613 Non
2469 5557 2645 5627 hunc,
2661 5559 2763 5616 sed
2780 5559 3125 5616 Barabbam.
3142 5559 3283 5615 Erat
3299 5561 3493 5612 autem

1849 5647 2140 5707 Barabbas
2154 5644 2672 5721 latro(.loan.xvm).
2692 5671 2791 5699 »--
2806 5650 3002 5709 «Tuuc
3011 5661 3146 5719 ergo
3158 5644 3382 5702 Pilatus
3391 5658 3491 5715 ap-
