4012 6174
442 333 500 392 ll
956 329 1366 392 HAYMONIS
1411 330 1947 393 HALBEIiSTAT.
1996 328 2243 390 EPISC.
2291 332 2464 392 OPP.
2509 332 2710 394 PARS
2753 332 2931 394 IL—
2963 332 3234 395 HOMIL.

3674 333 3775 398 M2

391 465 699 539 prehendit
726 465 925 523 Jesum
941 461 2030 537 ettlagellavit.uAcdeindesubjungit:
2067 462 2122 530 Α
2151 467 2276 520 tum
2311 463 2494 538 regni,
2526 465 2680 538 quod
2714 469 2846 539 post
2874 467 3207 538 passionem
3223 464 3506 521 Dominus
3537 463 3776 531 intravit,

469 577 490 606 α
528 557 595 611 Et
624 554 858 622 milites,
892 553 1206 628 plectentes
1239 571 1514 609 coronam
1547 551 2040 624 despinis,impo-

392 648 672 700 «suerunt
686 643 854 715 capiti
872 644 1221 715 ejus.»Quod
1239 643 1477 714 quidem
1491 641 1619 696 ideo
1635 640 2042 712 fecisse,atque

391 733 520 789 ideo
541 732 906 788 credendum
939 736 1026 788 est
1040 732 1467 787 militibuseum
1482 730 1847 785 illudcndum
1861 728 2039 784 tradi-

341 894 346 899 ἰ
391 821 567 889 disse,
604 825 684 887 ut,
720 820 910 876 satiati
933 821 1112 892 pannis
1130 819 1668 893 etopprobriisejus
1692 817 2042 874 Judaeimor-

390 915 507 968 tem
538 911 666 981 ejus
698 909 850 965 ultra
881 909 1045 964 sitire
1075 909 1442 965 desisterent.
1475 909 1592 964 Hoc
1609 912 1802 963 autem
1823 907 2039 961 factum

389 1004 582 1068 estut,
617 998 755 1071 quia
785 999 1070 1070 scriptum
1104 1003 1257 1054 erat:
1295 1023 1320 1047 α
1357 998 1539 1054 Multa
1568 997 1797 1070 ﬂagella
1837 1013 2040 1069 pecca-

389 1095 582 1145 torum
613 1089 785 1158 (Psal.
817 1091 991 1158 xui),
1027 1112 1053 1136 ››
1080 1088 1179 1142 illo
1195 1087 1624 1159 flagellato,nos
1654 1085 2039 1141 averberibus

388 1177 1376 1248 liberaremur,dicenteScriptura:
1414 1175 1776 1248 «Flagellum
1813 1191 2035 1246 nonap-

396 1266 812 1338 propinquabit
843 1265 1218 1321 tabernaculo
1249 1269 1346 1319 tuo
1379 1265 1553 1335 (Psal.
1585 1268 1695 1330 xc).
1734 1288 1754 1314 ιο

458 1379 485 1404 ‹‹
521 1355 734 1409 Milites
767 1360 959 1409 autem
994 1355 1285 1409 duxerunt
1315 1352 1742 1407 euminatrium
1760 1351 2033 1424 praetorii,

388 1468 412 1495 υ
448 1449 503 1500 et
533 1452 849 1507 convocant
895 1448 1074 1497 totam
1129 1443 1449 1509 cohortem,
1501 1446 1558 1496 et
1588 1441 1844 1496 induunt
1898 1458 2033 1495 eum

390 1557 410 1582 ι
451 1550 730 1606 purpura,
766 1539 823 1586 et
857 1532 1169 1604 imponunt
1199 1531 1246 1585 ei
1266 1530 1581 1602 plectentes
1600 1528 1862 1601 spineam
1879 1546 2036 1584 coro-

385 1645 409 1672 α
447 1639 606 1687 nam,
639 1627 692 1677 et
724 1625 1023 1693 cmperunt
1054 1620 1307 1674 salutare
1339 1637 1502 1674 eum:
1526 1623 1660 1674 Ave.
1688 1636 1784 1673 rex
1812 1619 2036 1673 Judazo-

386 1734 412 1760 ‹‹
446 1727 596 1768 rum.
633 1733 660 1759 »
695 1709 906 1765 Milites
937 1709 1195 1781 quidem,
1231 1707 1363 1781 quia
1380 1709 1825 1764 rexJudaeorum
1846 1707 2034 1762 fuerat

2153 553 2438 627 nobisque
2469 554 2806 610 intrandum
2826 555 3119 627 patefecit,
3136 555 3413 610 insinuat.
3429 555 3646 610 Verum
3660 552 3780 626 quia

2151 643 2296 699 dixit
2319 643 2658 715 Apostolus:
2695 666 2720 697 α
2751 645 3044 716 Quotquot
3071 643 3228 698 enim
3260 644 3320 697 in
3350 642 3581 698 Christo
3611 642 3779 717 baptif

2149 732 2262 787 zati
2295 732 2462 798 estis,
2494 733 2791 788 Christum
2823 732 3103 787 induistis
3135 732 3276 804 (Gal.
3329 736 3434 800 ιιι),
3469 754 3496 781 »
3530 736 3586 786 et
3615 731 3779 786 Isaias

2151 820 2396 875 Domino
2427 822 2496 875 de
2524 820 2750 876 electis:
2790 845 2810 869 α
2847 821 3134 876 Umnibus
3165 820 3259 876 his
3279 818 3435 875 velut
3454 823 3778 875 ornamento

2149 910 2411 965 vestieris
2443 911 2568 981 (Isa.
2602 916 2772 978 xux),
2809 932 2836 959 »
2867 914 3054 982 potest
3087 909 3142 964 in
3174 909 3284 964 hoc
3299 915 3542 979 utroque
3565 907 3778 964 Domini

2148 998 2375 1067 habitu,
2409 1015 2520 1055 non
2557 997 2926 1052 inimicorum
2943 995 3779 1068 quidemsententiaprobrosa,

2149 1088 2249 1143 sed
2277 1088 2466 1159 ipsius
2498 1085 2726 1142 Domini
2786 1085 3064 1141 electione
3111 1084 3558 1157 gloriosissima,
3602 1083 3781 1140 omnis

2147 1177 2464 1232 electorum
2497 1177 2627 1244 ejus
2649 1174 2985 1239 multitudo,
3000 1173 3198 1246 quaein
3215 1178 3500 1245 martyres
3521 1189 3782 1228 veneran-

2148 1266 2274 1333 dos,
2309 1270 2366 1320 et
2396 1263 2877 1320 caeteratidelium
2891 1261 3475 1334 plebedistinguitur,
3490 1260 3782 1333 aptissime

2145 1351 2459 1426 designari.
2491 1353 2642 1407 Alba
2671 1350 2886 1407 etenim
2917 1355 3075 1405 veste
3108 1350 3392 1413 induitur,
3407 1367 3541 1405 cum
3575 1349 3785 1405 munda

2136 1443 2438 1514 justorum
2469 1439 2838 1496 confessione
2890 1439 3307 1494 circumdatur.
3359 1439 3627 1511 Purpura
3676 1438 3783 1494 sive

2144 1548 2312 1586 cocco
2337 1530 2600 1597 vestitur,
2633 1545 2769 1584 cum
2795 1528 2854 1583 in
2869 1528 3169 1601 triumpho
3182 1527 3625 1584 victoriosorum
3640 1545 3783 1584 mar-

2143 1626 2335 1693 tyrum
2369 1618 2670 1691 gloriatur.
3009 1679 3011 1682 ι

2215 1735 2241 1758 ‹‹
2277 1711 2345 1764 Et
2375 1708 2780 1780 percutiebant
2810 1713 2986 1779 caput
3025 1707 3153 1778 ejus
3203 1707 3511 1774 arundine,
3563 1711 3623 1764 et
3654 1724 3782 1762 con-

381 1799 728 1871 appel'latus,
761 1804 818 1854 et
861 1798 969 1854 hoc
1000 1799 1047 1853 si
1095 1798 1299 1854 scribae
1333 1801 1389 1853 et
1432 1797 1762 1852 sacerdotes
1811 1796 2028 1850 crimen
2064 1833 2111 1897 Β
2143 1823 2170 1848 ‹‹
2207 1798 3042 1870 spuebanteum,etponentes
3061 1797 3785 1869 genuaadorabanteum.»

380 1889 732 1959 objecerant,
785 1887 924 1960 quia
972 1887 1081 1942 sibi
1132 1887 1191 1941 in
1244 1887 1457 1958 populo
1492 1885 1667 1940 Israel
1722 1889 2032 1957 usurparet
2064 1884 2110 1897 ”
2139 1893 2271 1943 Iirec
2302 1892 2443 1942 tunc
2473 1887 2656 1942 fecere
2684 1885 2898 1942 milites
2922 1884 3113 1951 Pilati,
3150 1885 3269 1941 haec
3301 1902 3484 1957 usque
3511 1885 3686 1940 hodie
3713 1886 3782 1940 fa-

380 1978 716 2050 imperium,
751 1976 1060 2032 illudentes
1091 1976 1198 2031 hoc
1229 1976 1468 2043 faciunt,
1503 1979 1561 2030 et
1590 1975 1878 2030 nudatum
1912 1973 2028 2046 pri-

380 2067 552 2122 stinis
576 2065 856 2131 vestibus,
890 2065 1147 2120 induunt
1177 2081 1456 2136 purpura,
1481 2081 1597 2136 qua
1628 2066 2029 2135 regesvetercs

379 2156 713 2211 utebantur.
749 2155 818 2210 Et
849 2172 950 2226 pro
979 2153 1308 2209 diademate
1339 2153 1655 2226 imponunt
1684 2153 1733 2207 ei
1765 2152 2027 2225 spineam

377 2261 675 2310 coronam,
733 2248 958 2315 sceptro
1005 2237 1185 2315 regali
1233 2243 1375 2297 dant
1421 2241 1736 2308 calamum,
1792 2246 1855 2296 ut
1883 2242 2030 2296 Mat-

377 2335 567 2390 thaeus
600 2331 823 2397 scribit,
856 2337 914 2387 et
943 2332 1190 2387 adorant
1221 2332 1389 2404 quasi
1425 2348 1644 2402 regem.
1675 2331 1790 2385 Nos
1831 2334 2027 2384 autem

379 2424 579 2479 omnia
605 2423 726 2478 haec
775 2420 1178 2493 intelligamus
1228 2421 1488 2492 mystice.
1539 2420 1839 2483 Quomodo
1870 2418 2027 2474 enim

379 2512 627 2584 Caiphae
661 2510 834 2566 dixit:
871 2533 898 2559 ‹‹
935 2511 1173 2581 Oportet
1206 2527 1387 2564 unum
1422 2509 1717 2563 hominem
1753 2507 1899 2562 mori
1925 2524 2027 2580 pro

377 2600 592 2674 populo
625 2601 807 2672 (Joa-n.
840 2604 1018 2666 xvm),
1055 2620 1081 2647 η
1118 2598 1386 2654 nesciens
1420 2598 1574 2670 quod
1609 2595 1951 2652 diceretzsic
1972 2600 2030 2651 et

376 2689 476 2745 isti
507 2687 790 2762 quidquid
827 2685 1246 2754 fecerunt,licet
1276 2686 1390 2742 alia
1419 2691 1612 2742 mente
1644 2686 2027 2751 fecerunt,ta-

377 2797 511 2834 men
543 2778 710 2834 nobis
741 2776 841 2849 qui
891 2776 1206 2843 credimus,
1249 2781 1617 2832 sacramenta
1665 2775 2022 2830 tribuebant.

379 2868 710 2923 Notandum
745 2869 961 2932 autem,
995 2865 1134 2937 quia
1163 2882 1268 2937 pro
1299 2882 1364 2920 eo
1388 2867 1541 2938 quod
1557 2864 2031 2920 Marcusait:«Et

377 2957 634 3012 induunt
663 2971 797 3010 eum
831 2972 1115 3027 purpura,
1150 2977 1178 3004 »
1212 2953 1520 3009 Matthazus
1554 2953 1636 3008 ita
1655 2954 1870 3026 posuit:
1901 2977 1928 3003 ‹‹
1961 2953 2032 3008 Et

376 3049 652 3101 exuentes
682 3059 838 3108 eum,
872 3041 1229 3098 chlamidcm
1262 3043 1591 3099 coccineam
1629 3042 2025 3098 circumdede-

378 3137 513 3190 runt
543 3133 592 3188 ei
626 3134 838 3205 (Matth.
870 3133 1130 3204 xxvn)._»
1175 3133 1281 3188 Pro
1333 3133 1492 3205 regia
1538 3131 1692 3186 enim
1740 3148 2020 3204 purpura,

2139 1978 2302 2033 ciunt
2332 1974 2583 2030 haeretici
2615 1978 2671 2030 ct
2701 1973 3788 2046 pagani,militesutiqnediaboli.Quia

2138 2065 2295 2122 enim
2329 2068 2505 2137 caput
2536 2063 2751 2119 Christi
2784 2063 3288 2136 Deus,caputejus
3319 2062 3785 2135 percutiunt,qni

2139 2172 2273 2210 eum
2304 2170 2506 2209 verum
2537 2153 2722 2208 Deum
2757 2167 2886 2207 esse
2917 2152 3311 2224 denegant.Et
3341 2151 3788 2224 quiaScriptura

2138 2261 2241 2316 per
2270 2242 2618 2297 arundinem
2652 2240 2797 2296 solet
2828 2239 3056 2310 confici,
3099 2240 3266 2312 quasi
3299 2240 3588 2296 arundine
3613 2245 3789 2313 caput

2137 2331 2353 2387 Christi
2398 2329 2615 2396 eriunt,
2646 2329 2767 2401 qui,
2801 2329 3087 2385 divinitati
3121 2329 3283 2386 illius
3300 2328 3779 2397 contradicentes,

2138 2436 2392 2475 errorem
2426 2434 2600 2473 suum
2633 2418 2979 2473 confirmare
3012 2417 3354 2474 auctoritate
3404 2435 3578 2474 sacrae
3631 2419 3786 2474 Scri-

2137 2512 2318 2581 ptura:
2351 2511 2655 2563 conantur.
2683 2507 2917 2578 Spuunt
2947 2507 3005 2561 in
3025 2506 3230 2562 [aciem
3245 2505 3478 2572 Christi,
3511 2506 3610 2579 qui
3645 2525 3787 2581 prae-

2138 2597 2388 2654 sentiam
2421 2596 2618 2669 gratia:
2649 2596 2778 2666 ejus
2808 2595 2999 2650 verbis
3039 2595 3411 2651 cxsecrandis
3443 2612 3511 2651 ex
3559 2596 3788 2652 interna

2137 2703 2294 2742 circa:
2328 2684 2540 2741 mentis
2570 2685 2801 2739 insania
2832 2684 3128 2757 conceptis
3160 2688 3464 2757 respuunt,
3497 2689 3553 2740 et
3581 2676 3786 2742 Jesum

2137 2776 2433 2832 Christum
2449 2774 2508 2830 in
2528 2791 2700 2830 carne
2718 2773 2946 2829 venisse
2959 2775 3266 2846 denegant.
3293 2775 3357 2828 Et
3377 2775 3611 2846 quidem
3633 2775 3785 2830 mili-

2136 2870 2224 2921 tes
2237 2882 2369 2921 eum
2385 2863 2552 2937 quasi
2567 2863 2665 2935 qui
2682 2863 2864 2918 Deum
2880 2863 3141 2934 seipsum
3158 2862 3788 2931 falsumdixisset,illu-

2137 2956 2340 3011 dentes
2367 2952 2710 3009 adorabant.
2745 2953 2856 3008 Sed
2889 2956 3030 3008 sunt
3057 2951 3228 3008 hodie
3241 2953 3339 3022 qui
3356 2953 3786 3025 suntgravioris

2135 3043 2401 3110 vesaniae,
2437 3043 2537 3114 qui
2569 3058 2704 3097 eum
2734 3045 2890 3096 certa
2903 3042 3015 3096 ﬁde
3031 3045 3094 3096 ut
3124 3041 3520 3098 Deumverum
3545 3042 3787 3098 adorant

2136 3134 2235 3190 sed
2269 3130 2552 3204 perversis
2583 3130 2812 3186 actibus
2844 3147 2978 3185 mox
3011 3131 3188 3186 verba
3235 3131 3363 3202 ejus
3413 3129 3580 3203 quasi
3615 3131 3788 3186 fabu-

376 3201 640 3295 chlamys
667 3221 768 3277 illa
797 3201 1063 3278 coccinea
1092 3221 1166 3276 ab
1195 3201 2019 3286 illudentibusadhibita—erat,
2055 3201 2097 3268 C
2135 3201 2641 3294 Msa—despiciunt,
2675 3236 2740 3275 ac
2775 3220 3065 3292 promissa
3095 3219 3256 3293 regni
3270 3201 3788 3293 Villius‘temporali-

377 3317 434 3369 et
457 3316 544 3368 est
573 3313 752 3367 rubra
783 3311 1051 3383 quaedam
1083 3303 1344 3383 purpura
1374 3325 1544 3366 cocco
1563 3308 1885 3364 simillima.
1916 3308 2027 3362 Po-

378 3405 493 3476 test
520 3401 675 3456 enim
707 3400 856 3466 fieri,
886 3404 950 3454 ut
981 3416 1305 3471 purpuram
1325 3398 1501 3453 etiam
1519 3397 1749 3453 Marcus
1781 3412 2029 3452 comme-

379 3487 708 3555 moraverit,
743 3505 919 3560 quam
954 3485 1216 3558 chlamys
1245 3487 1516 3554 habebat,
1554 3485 1822 3557 quamvis
1853 3483 2030 3540 cocci-

379 3593 490 3632 nea
521 3579 693 3630 esset.
724 3574 960 3648 Mystice
991 3575 1146 3631 enim
1179 3592 1458 3647 purpura,
1507 3591 1622 3646 qua
1668 3573 1912 3628 indutus
1942 3576 2032 3628 est

381 3663 686 3730 Dominus,
722 3664 850 3736 ipsa
880 3665 1008 3735 ejus
1037 3680 1385 3736 caro,quam
1411 3663 2026 3736 passionibusobjecit,

381 3753 664 3823 insinuat,
680 3754 749 3808 de
764 3770 880 3825 qua
891 3752 1195 3826 prmmissa
1208 3753 1433 3808 dixerat
1454 3752 1780 3824 prophetia:
1800 3775 1824 3801 ‹‹
1843 3753 2030 3817 Quare

381 3860 519 3916 ergo
552 3843 796 3897 rubrum
827 3847 916 3897 est
947 3842 1358 3896 indumentum
1384 3846 1573 3909 tuum,
1600 3845 1656 3896 et
1684 3841 2032 3897 vestimenta

382 3938 486 3988 tua
515 3931 667 3986 sicut
697 3929 1048 3986 calcantium
1080 3931 1139 3985 in
1169 3929 1489 3986 torculari?
1535 3930 1659 4002 (Ira.
1700 3929 1876 4001 Lxm.)
1913 3952 1938 3977 »
1967 3929 2030 3984 In

383 4037 597 4076 corona
625 4037 758 4075 vero
791 4036 968 4092 qnam
999 4020 1268 4092 portabat
1297 4019 1518 4090 spinea,
1553 4024 1884 4075 nostrorum
1901 4036 2030 4073 sus-

384 4108 570 4181 ceptio
602 4113 992 4181 peccatorum,
1027 4125 1130 4180 pro
1161 4125 1279 4180 qua
1310 4107 1573 4164 mortalis
1601 4107 1724 4162 ﬁeri
1769 4106 2032 4163 ostendi-

382 4201 499 4268 tur,
525 4198 692 4268 juxta
725 4198 876 4270 quod
911 4214 1236 4269 pra‘cursor
1263 4195 1436 4253 istius
1471 4197 1874 4253 testimonium
1905 4197 2033 4268 ejus

385 4286 696 4360 perhibens
725 4287 834 4342 ait:
869 4309 897 4335 «
930 4287 1072 4341 Ecce
1103 4301 1292 4357 agnus
1329 4285 1445 4351 Uei,
1465 4286 1708 4358 eccequi
1738 4285 2031 4358 tollitpec-

385 4381 516 4431 cata
545 4375 749 4430 mundi
779 4377 956 4442 (Joan.
994 4376 1053 4447 ι).
1085 4398 1112 4423 ››
1145 4375 1412 4446 Namque
1440 4374 1641 4447 spinas
1670 4375 1728 4428 in
1745 4375 2035 4446 signiﬁcav

383 4464 541 4519 tione
566 4467 940 4535 peccatorum
991 4462 1126 4534 poni
1177 4462 1362 4518 solere
1392 4468 1642 4518 testatur
1668 4463 1794 4534 ipse
1832 4463 2033 4518 Domi-

2136 3311 2248 3365 tius
2280 3309 2566 3366 illecebris
2598 3313 2726 3380 post
2757 3308 2928 3382 longe
2957 3312 3202 3381 ponunt.

2210 3423 2236 3450 ‹‹
2272 3399 2337 3453 Et
2365 3399 2623 3454 educunt
2651 3397 2842 3468 illum,
2871 3402 2936 3452 ut
2967 3397 3373 3470 cruciﬁgerent
3403 3415 3558 3454 eum.
3591 3399 3661 3454 Et
3690 3416 3787 3454 an-

2106 3491 2110 3496 "
2141 3513 2167 3539 ‹‹
2203 3486 2579 3569 gariaverunt
2609 3490 3052 3558 praetereuntem
3099 3485 3437 3559 quempiam
3487 3487 3784 3544 Simonem

2142 3601 2168 3629 α
2197 3577 2554 3649 Cyrenzeum,
2586 3574 2914 3630 venientem
2946 3576 3018 3630 de
3049 3574 3203 3642 villa,
3237 3580 3459 3648 patrem
3474 3575 3788 3633 Alexandri

2143 3689 2169 3716 ‹‹
2203 3670 2258 3722 et
2289 3665 2440 3732 Ruﬁ,
2474 3667 2537 3718 ut
2585 3662 2810 3720 tolleret
2856 3680 3088 3720 crucem
3121 3665 3268 3734 ejus.
3305 3688 3331 3714 ››
3384 3666 3603 3737 Magnae
3652 3669 3789 3720 tunc

2139 3753 2430 3828 opinionis
2459 3753 2660 3809 Simon
2692 3752 2800 3808 iste
2822 3753 3050 3808 videtur
3069 3751 3269 3820 fuisse,
3286 3770 3420 3808 cum
3439 3752 3539 3809 filii
3559 3770 3792 3826 quoque

2140 3845 2288 3917 ejus,
2321 3841 2488 3915 quasi
2511 3843 2637 3914 jam
2671 3839 2790 3896 noti
2822 3840 3118 3907 omnibus,
3166 3840 3548 3914 designentur
3596 3860 3666 3898 ex
3693 3859 3789 3898 no-

2143 3933 2317 3989 mine.
2353 3933 2461 3988 Sed
2489 3931 2802 3986 cavendem
2853 3946 2925 3985 ne
2956 3928 3049 3984 cui
3096 3928 3364 3985 videatur
3408 3930 3790 3999 contrarium,

2141 4024 2296 4094 quod
2325 4023 2580 4077 Joannes
2611 4017 2836 4087 scribit,
2869 4017 3064 4091 ipsum
3097 4018 3411 4076 Dominum
3431 4017 3538 4074 sibi
3563 4034 3792 4076 crucem

2143 4115 2423 4184 portasse,
2457 4108 2790 4165 czeterivero
2802 4106 3169 4180 evangelistae
3188 4107 3344 4163 hunc
3371 4107 3670 4163 Simonem
3685 4107 3795 4180 Cy—

2143 4215 2393 4255 renaeum
2426 4215 2554 4252 eam
2587 4195 2882 4268 hajulasse
2915 4197 3190 4252 referunt.
3236 4195 3427 4252 Primo
3475 4213 3731 4268 namque
3759 4214 3792 4251 a

2142 4287 2388 4344 Domino
2418 4289 2665 4357 portata,
2699 4301 2765 4340 ac
2797 4285 3006 4341 deinde
3033 4285 3280 4350 Simoni,
3310 4302 3484 4357 quem
3505 4288 3788 4345 exeuntes

2142 4377 2291 4432 forte
2319 4373 2553 4430 obvium
2586 4372 2934 4439 habuerant,
2966 4373 3255 4444 portanda
3287 4373 3560 4446 imposita
3583 4377 3689 4428 est.
3721 4373 3790 4428 Et

2141 4465 2251 4519 hoc
2281 4478 2538 4535 congruo
2566 4460 2711 4516 satis
2737 4461 2939 4517 ordine
2966 4461 3249 4531 mysterii,
3300 4479 3477 4533 quam
3510 4461 3788 4517 nimirum

386 4569 518 4617 nus,
561 4551 920 4623 protoplasto
969 4550 1030 4607 in
1089 4555 1396 4623 peccatum
1452 4551 1723 4623 prolapso
1771 4551 2032 4606 dicebat:
2066 4571 2111 4635 D
2143 4553 2267 4625 ipse
2297 4569 2510 4626 passus
2535 4553 2624 4607 est
2657 4566 2761 4623 pro
2795 4551 2986 4616 nobis,
3020 4549 3355 4622 relinquens
3390 4551 3562 4606 nobis
3598 4566 3787 4606 exem-

385 4665 414 4691 ‹‹
449 4642 627 4696 Terra
645 4645 749 4696 tua
777 4639 979 4711 spinas
1007 4645 1065 4695 et
1092 4639 1341 4695 tribulos
1371 4640 1723 4711 germinabit
1751 4638 1857 4696 tibi
1877 4643 1898 4708 ζ
1903 4640 2028 4695 Gen.

384 4735 492 4799 ιιι).
530 4752 558 4780 ››
588 4729 751 4793 Quod
783 4733 872 4786 est
904 4733 1102 4801 aperte
1121 4728 1345 4784 dicere:
1379 4728 1744 4784 Csnscientia
1773 4732 1874 4785 tua
1889 4746 2034 4800 pun-

385 4819 606 4875 ctiones
629 4818 735 4875 tibi
765 4822 822 4873 et
851 4817 1085 4873 aculeos
1113 4816 1386 4873 vitiorum
1415 4833 1718 4888 procreare
1739 4833 1853 4873 non
1883 4817 2034 4874 desi-

385 4913 518 4963 stet.
549 4909 709 4972 Quod
739 4923 896 4976 vero,
923 4908 1095 4979 juxta
1123 4904 1489 4979 evangelium
1523 4907 1706 4972 Lucae,
1755 4906 2033 4964 Dominus

387 4995 459 5049 ad
493 4996 775 5052 Herodem
806 4995 942 5052 alba
987 5000 1147 5051 veste
1197 4995 1482 5061 induitur,
1515 4995 1575 5050 in
1629 4995 1850 5051 caeteris
1899 5012 2031 5052 vero

385 5083 755 5155 evangelistis
777 5101 810 5139 a
830 5084 1120 5140 militibus
1136 5083 1306 5139 Pilati
1325 5084 1433 5139 sub
1447 5101 1738 5156 purpureo
1768 5084 1888 5140 sive
1905 5101 2034 5141 coc-

386 5171 549 5226 cineo
579 5171 783 5227 habitu
817 5171 1168 5229 illususesse
1180 5173 1538 5244 perhibetur,
1567 5172 2033 5246 collatautraque

387 5257 631 5326 ratione,
666 5259 724 5314 in
756 5276 873 5316 uno
902 5260 1234 5317 innocentia
1262 5266 1319 5316 et
1347 5260 1583 5317 castitas
1601 5265 1914 5334 assumpta:
1928 5262 2034 5318 hu-

390 5346 708 5415 manitatis,
739 5346 799 5402 in
832 5346 1010 5403 altero
1059 5353 1255 5404 autem
1302 5351 1518 5406 veritas
1572 5350 1883 5422 passionis,
1933 5367 2035 5424 per

388 5453 564 5509 quam
591 5437 662 5493 ad
695 5435 943 5508 gloriam
974 5437 1137 5510 regni
1170 5437 1520 5495 immortalis
1550 5444 1704 5496 esset
1725 5445 2031 5513 perventu-

389 5543 511 5592 rus,
544 5525 910 5598 exprimitur.
945 5525 1106 5581 Sicut
1129 5525 1286 5582 enim
1319 5545 1579 5601 purpura
1609 5529 1858 5586 colorem
1892 5547 2032 5586 san-

388 5615 586 5689 guinis
617 5616 714 5689 qui
745 5632 846 5688 pro
877 5615 1044 5672 nobis
1078 5616 2034 5688 etfususestimitatur,itaethabi-

2142 4642 2328 4714 plum,
2362 4644 2423 4695 ut
2453 4655 2772 4712 sequamur
2795 4639 3040 4711 vestigia
3069 4641 3256 4711 ejus(l
3287 4639 3531 4711 Νίκη).
3565 4639 3633 4694 Et
3653 4638 3793 4710 quia

2141 4732 2342 4787 Simon
2371 4729 2484 4785 iste
2515 4745 2630 4784 non
2661 4727 3128 4800 Hierosolymita,
3179 4729 3281 4784 sed
3333 4728 3636 4802 Cyrenaeus
3664 4743 3793 4783 esse

2143 4819 2480 4893 perhibetur
2511 4817 2766 4890 (Cyrenae
2799 4816 2956 4872 enim
2992 4815 3199 4874 civitas
3251 4818 3440 4890 Libyae
3489 4821 3595 4884 est,
3639 4819 3703 4870 ut
3730 4813 3791 4869 in

2139 4908 2379 4964 Actibus
2411 4905 2808 4979 apostolorum
2841 4904 3243 4977 1cgimus[Act.
3277 4907 3529 4977 u])rectc
3543 4919 3790 4978 pereum

2142 4995 2340 5070 populi
2369 4995 2631 5070 gentium
2649 4993 3163 5066 designantur,qui
3183 4995 3480 5066 quondam
3502 4991 3790 5066 peregrini

2142 5091 2198 5142 et
2228 5085 2488 5158 hospites
2512 5087 3018 5150 testamentorum,
3071 5101 3228 5139 nunc
3278 5083 3597 5140 obediendo
3639 5080 3792 5136 cives

2143 5179 2282 5232 sunt
2311 5172 2679 5231 etdomestici
2697 5172 2905 5239 Dei,et,
2925 5171 3227 5228 sicutalibi
3241 5172 3474 5239 dicitur,
3490 5196 3517 5221 ‹‹
3533 5169 3792 5228 heredes

2141 5263 2379 5337 quidem
2416 5262 2537 5318 Dei.
2571 5261 2899 5318 cohaeredes
2931 5265 3125 5317 autem
3157 5261 3368 5318 Christi
3399 5266 3574 5331 (Rom.
3608 5258 3729 5329 vui)
3763 5281 3791 5307 ››

2142 5354 2305 5410 Unde
2336 5356 2467 5425 apte
2488 5351 2712 5415 Simon,
2742 5350 3019 5420 obediens;
3043 5354 3292 5424 Cyrenas,
3324 5351 3797 5423 hceresinterpre-

2142 5447 2319 5498 tatur.
2353 5442 2468 5497 Nec
2501 5441 2991 5513 praetereundum,
3024 5439 3335 5512 quiaic‘em
3354 5440 3554 5497 Simon
3575 5435 3798 5494 devilla

2143 5531 2368 5589 venisse
2403 5530 2670 5587 refertur.
2703 5527 2856 5586 Villa
2883 5530 3038 5585 enim
3058 5547 3232 5602 pagus
3262 5530 3494 5598 dicitur,
3518 5529 3680 5585 unde
3702 5542 3803 5599 pa.

2145 5638 2326 5694 ganos
2356 5619 2724 5693 appellamus
2755 5636 2876 5688 eos,
2899 5636 3046 5691 quos
3077 5619 3465 5677 acivitateDei
3488 5618 3802 5686 alienos,et
