4012 6174
383 327 502 390 “3

931 324 1338 388 HAYMONIS
1385 324 1932 388 HALBERSTAT.
1980 323 2225 386 EPISC.
2273 325 2446 387 OPP.
2493 327 2691 390 PARS
2737 328 2812 389 Il.
2849 363 2924 374 —
2962 329 3232 391 HOMIL.

3662 331 3774 392 416

382 461 680 532 nolebant,
706 461 820 520 hoc
843 477 946 518 eos
973 459 1119 517 hora
1146 459 1316 516 tertia
1346 459 1549 516 fecisse
1580 459 1810 515 Marcus
1840 460 2028 515 osten-
2058 457 2111 524 A
2140 461 2197 514 et
2223 457 2526 532 pluraliter
2554 459 2798 531 dictum,
2816 461 2999 518 «secti
3029 467 3181 532 suat,
3200 479 3374 520 neum
3397 461 3468 520 de
3499 461 3620 520 solo
3633 464 3778 522 Isaia

384 551 798 619 dit,verissime
829 551 1098 608 indicans
1127 551 1316 624 magis
1338 549 1518 606 fuisse
1533 549 1844 605 Dominum
1866 567 2035 605 neca-

385 646 510 699 tum
537 641 740 714 lingua
769 641 1104 697 Judaaorum
1139 657 1316 712 quam
1353 638 1605 694 militum
1640 655 1840 695 manu.

457 753 484 780 ‹‹
519 732 587 786 Et
616 735 740 786 erat
770 729 980 786 titulus
1011 747 1199 786 causae
1226 731 1352 800 ejus
1385 727 1706 800 inscriptus
1739 744 1751 782 :
1789 729 1907 783 Rex
1937 728 2035 783 Ju-

388 842 417 871 «
447 821 726 876 decorum.
755 842 782 868 »
814 819 1043 875 Titulus
1074 819 1299 891 positus
1326 834 1505 889 supra
1535 833 1764 872 crucem
1799 817 1947 886 ejus,
1975 816 2032 870 in

387 927 502 983 quo
535 909 815 982 scriptum
850 912 999 964 erat:
1037 909 1153 963 Rex
1182 908 1542 972 Judazorum,
1576 905 1716 960 illud
1750 905 2026 977 ostendit,

385 999 537 1072 quod
559 1015 662 1054 nec
685 998 1000 1054 occidendo
1025 997 1252 1052 efﬁcere
1272 998 1819 1067 potuerunt,uteum
1837 1011 2030 1066 regem

383 1105 498 1145 non
530 1087 812 1143 haberent
845 1104 855 1142 :
893 1087 1032 1157 quia
1061 1086 1188 1154 ejus
1218 1083 1700 1139 manifestissima
1749 1088 2032 1155 potestate

382 1177 706 1233 secundum
732 1192 838 1231 sua
867 1191 1042 1246 opera
1074 1173 1332 1228 redditus
1364 1178 1473 1228 est.
1507 1172 1670 1228 Unde
1712 1173 1766 1226 in
1800 1171 2030 1226 Psalmo

383 1265 564 1320 canit:
586 1266 745 1334 «Ego
777 1268 970 1318 autem
1002 1263 1358 1318 constitutus
1389 1278 1520 1316 sum
1558 1279 1652 1316 rex
1680 1262 1831 1316 abeo
1855 1278 2032 1333 super

381 1355 523 1410 Sion
575 1359 828 1408 mentem
882 1356 1150 1407 sanetum
1200 1352 1328 1420 ejus
1361 1353 1533 1420 (Psal.
1571 1354 1652 1416 ιι).
1688 1372 1714 1398 ››
1747 1349 1853 1414 Qui
1895 1355 2028 1421 apte

378 1442 579 1510 etiam,
615 1444 888 1512 quoniam
929 1459 1021 1495 rex
1055 1445 1111 1495 ct
1143 1441 1396 1511 pontifex
1432 1443 1541 1509 est,
1574 1456 1707 1494 cum
1753 1438 2025 1494 eximiam

386 1531 536 1586 Patri
570 1549 688 1586 sua:
711 1531 904 1586 carnis
937 1529 1186 1584 hostiam
1224 1530 1282 1584 in
1316 1527 1481 1583 altari
1534 1527 1728 1583 crucis
1771 1528 2024 1594 offerret,

381 1620 534 1692 regis
567 1635 822 1693 quoque,
855 1619 953 1690 qui
1002 1636 1097 1672 rex
1144 1617 1454 1689 praedictus
1503 1621 1645 1684 erat,
1682 1616 2025 1688 dignitatem

380 1708 554 1766 titulo
584 1707 907 1778 praetendit.
944 1711 1008 1762 ut
1037 1707 1265 1761 cunctis
1299 1705 1508 1778 legere,
1541 1705 1649 1760 hoc
1682 1710 1792 1770 est,
1825 1705 2025 1760 audire

377 1803 434 1855 et
464 1799 697 1854 credere
726 1797 1056 1852 volentibus
1078 1794 1580 1866 insinuaret,quia
1597 1811 1697 1864 per
1719 1794 1907 1849 erucis
1931 1811 2024 1865 pa.
2055 1827 2102 1893 Β

375 1887 629 1942 tibulum
656 1904 769 1942 non
804 1886 1120 1957 perdiderit
1151 1884 1464 1950 Suum,sed
1487 1881 2025 1954 conﬁrmaveritpo-

375 1975 494 2032 tius
524 1981 579 2031 et
609 1974 1066 2030 corroboraverit
1090 1973 1426 2045 imperium.

447 2088 474 2114 «
509 2065 739 2121 Etcum
770 2080 836 2117 eo
874 2062 1228 2134 cruciﬁgunt
1273 2062 1421 2116 duos
1462 2060 1740 2126 latrones,
1776 2077 1956 2115 unum
1992 2077 2027 2115 a

376 2178 404 2205 ‹‹
431 2154 668 2218 dextris,
701 2156 759 2208 et
790 2152 971 2208 alium
1003 2169 1036 2206 a
1068 2150 1344 2206 sinistris.
1374 2173 1401 2200 »
1435 2149 1856 2221 Lalrones,qui
1889 2165 2024 2204 cum

373 2243 621 2299 Domino
653 2240 912 2298 cruciﬁxi
945 2245 1106 2302 sunt,
1139 2239 1475 2312 signiﬁcant
1505 2256 1606 2294 eos
1635 2238 1734 2309 qui
1769 2237 1878 2293 sub
1911 2238 2024 2292 ﬁde

374 2337 432 2389 et
462 2329 827 2388 confessione
856 2329 1094 2393 Christi,
1121 2328 1206 2384 vel
1239 2345 1424 2398 agone
1455 2326 1840 2399 martyrii,vel
1874 2344 2026 2398 quaa-

373 2419 516 2476 libet
558 2419 926 2475 continentiae
978 2417 1244 2474 arctioris
1285 2415 1554 2472 instituta
1601 2417 1874 2471 subeunt.
1911 2415 2022 2470 Sed

376 2509 715 2582 quicunque
744 2508 867 2562 haec
897 2523 1000 2578 pro
1033 2511 1246 2560 (eterna
1267 2505 1457 2560 solum
1481 2503 1816 2576 caelestique
1835 2503 2026 2575 gloria

374 2602 639 2670 egerunt,
673 2597 732 2651 hi
767 2596 1020 2668 profecto
1043 2593 1228 2650 dextri
1277 2591 1520 2648 latronis
1565 2593 1772 2648 merito
1814 2609 1879 2648 ac
1913 2593 2024 2647 ﬁde

374 2687 777 2759 designantur.
792 2686 865 2740 At
886 2683 1007 2756 qui,
1023 2683 1142 2739 sive
1155 2683 1426 2739 humanae
1449 2681 1642 2737 laudis
1669 2681 1904 2747 intuitu,
1921 2682 2023 2736 sed

374 2775 634 2849 qualibet
664 2775 862 2830 minus
891 2773 1070 2846 digna
1097 2772 1416 2828 intentione
1466 2772 1686 2825 mundo
1729 2771 2024 2828 abrenun-

375 2867 546 2930 tiant,
579 2881 695 2920 non
729 2861 1022 2918 immerito
1054 2859 1545 2932 blasphematoris
1584 2876 1649 2914 ac
1682 2858 1903 2914 sinistri
1935 2858 2022 2913 la-

375 2953 564 3010 tronis
595 2955 849 3007 mentem
885 2950 1192 3006 imitantur
1213 2952 1269 3004 et
1300 2949 1573 3014 actus,de
1595 2946 2026 3019 qualibusdicit

372 3040 686 3115 Apostolus
721 3057 733 3094 :
771 3061 798 3089 «
828 3039 886 3094 Si
921 3038 1213 3094 tradidero
1245 3053 1457 3109 corpus
1490 3053 1683 3092 meum
1716 3040 1780 3091 ut
1804 3037 2024 3104 ardeat,

373 3131 424 3188 si
453 3131 663 3187 dedero
685 3145 888 3184 omnes
923 3127 1228 3184 facultates
1244 3144 1402 3182 meas
1418 3127 1478 3182 in
1493 3127 1653 3183 cibos
1675 3142 2022 3198 pauperum,

2147 547 2513 621 intelligatur
2529 551 2555 604 ‘?
2568 552 2714 616 Quid
2729 552 2884 608 enim
2901 552 3196 620 usitatius,
3211 553 3368 609 verbi
3386 551 3590 625 gratia,
3606 570 3776 626 quam

2145 641 2211 691 ut
2241 637 2398 692 dicat
2428 637 2668 710 aliquis:
2703 641 2770 695 Et
2800 640 3000 696 rustici
3037 641 3181 696 mihi
3223 641 3530 704 insultant,
3556 641 3778 699 etiamsi

2147 743 2299 782 unus
2331 725 2592 782 insultet.
2627 729 2791 784 Tunc
2833 729 2987 784 enim
3041 734 3197 784 esset
3239 730 3616 795 contrarium,
3648 731 3782 802 quia

2144 815 2331 870 Lucas
2363 817 2432 870 de
2455 833 2570 871 uno
2600 819 3012 882 manifestavit,
3041 818 3089 873 si
3135 817 3216 872 illi
3270 817 3554 874 dixissent
3583 820 3781 875 ambos

2146 901 2399 959 latrones
2431 904 2782 961 conviciatos
2819 907 3298 972 Domino,_tamen
3323 912 3516 979 posset
3543 909 3651 963 sub
3681 927 3783 963 nu-

2142 1008 2301 1047 mero
2333 989 2542 1064 plurali
2577 1010 2730 1048 unus
2762 993 3028 1065 intelligi.
3063 995 3208 1050 Cum
3249 1012 3382 1050 vero
3412 995 3635 1051 dictum
3675 1002 3783 1062 est,
3883 986 3887 991 ’

2140 1077 2418 1149 latrones,
2434 1080 2520 1136 vel
2544 1082 2640 1153 qui
2665 1099 2795 1136 cum
2817 1099 2883 1137 eo
2906 1081 3164 1138 cruciﬁxi
3186 1087 3492 1151 erant,nec
3520 1085 3780 1140 additum

2140 1175 2246 1231 est,
2283 1169 2476 1236 ambo,
2510 1187 2622 1225 non
2658 1169 2847 1225 solum
2879 1171 2925 1225 si
2953 1172 3123 1225 ambo
3158 1170 3446 1237 fecissent,
3465 1178 3658 1244 posset
3677 1174 3782 1230 hoc

2139 1259 2273 1324 dici,
2307 1259 2407 1314 sed
2439 1259 2614 1314 etiam
2649 1260 2787 1332 quia
2818 1277 2969 1314 unus
3002 1260 3110 1316 hoc
3142 1259 3293 1328 fecit,
3327 1261 3513 1332 potuit
3569 1263 3779 1318 usitato

2139 1346 2448 1402 locutionis
2475 1349 2645 1404 modo
2678 1366 2780 1421 per
2811 1347 3097 1421 pluralem
3115 1365 3424 1405 numerum
3442 1350 3780 1423 signiﬁcari.

2137 1436 2283 1502 Quia
2308 1437 2632 1503 vero,Luca
2666 1437 3266 1505 testante,unuslatro
3299 1437 3612 1495 Dominum
3628 1439 3779 1497 blas-

2137 1523 2394 1596 phemat,
2427 1526 2667 1593 dicens;
2702 1549 2727 1576 ‹‹
2755 1525 2992 1581 Salvum
3027 1528 3113 1582 fac
3144 1527 3592 1600 temetipsumet
3609 1547 3780 1595 nos,»

2137 1611 2286 1668 alter
2315 1630 2446 1668 vero
2485 1617 2540 1668 et
2588 1613 2754 1669 illum
2797 1614 2974 1686 digna
3006 1615 3326 1672 invectione
3376 1616 3698 1690 redarguit,
3731 1623 3786 1672 et

2137 1702 2453 1757 Dominum
2477 1703 2612 1757 ﬁdei
2638 1703 3063 1775 supplicatione
3079 1709 3367 1776 precatur,
3384 1704 3583 1762 dicens
3599 1723 3613 1760 :
3628 1729 3653 1755 «
3674 1707 3782 1763 Do-

2137 1791 2311 1857 mine,
2338 1796 2631 1847 memento
2665 1792 2800 1858 mei,
2833 1809 2968 1847 cum
3004 1794 3230 1849 veneris
3260 1793 3318 1848 in
3334 1810 3577 1864 regnum
3611 1799 3783 1851 tuum

2134 1885 2730 1952 (Luc.xxm),»usque
2751 1881 3088 1936 hodieidem
3122 1881 3242 1954 geri
3278 1882 3335 1937 in
3368 1881 3787 1939 Ecclesiavide-

2139 1988 2193 2026 m
2206 1988 2271 2025 us
2284 1987 2435 2036 ,cum
2453 1969 2770 2024 mundanis
2783 1971 2922 2025 tacti
2942 1971 3500 2038 afﬁictionibus,veri
3523 1972 3636 2028 sim
3646 1973 3706 2028 ul
3733 1979 3788 2030 et

2133 2059 2262 2114 falsi
2280 2057 2616 2114 Christiani:
2635 2057 2715 2112 illi
2731 2058 3099 2130 qnidem,qui
3114 2060 3246 2114 ﬁcta
3260 2060 3785 2118 menteDominicze

2135 2147 2425 2220 passionis
2475 2153 2840 2203 sacramenta
2889 2153 3140 2221 gestant,
3175 2149 3248 2204 ad
3280 2149 3604 2221 praesentiis
3657 2150 3784 2206 vitae

2134 2237 2371 2311 gaudia,
2406 2236 2649 2309 cupiunt
2696 2235 2930 2292 liberari
2967 2255 3000 2292 a
3029 2237 3493 2311 Domino,atque
3525 2239 3788 2312 simplici

2137 2325 2454 2381 intentione
2479 2343 2612 2380 cum
2635 2325 2909 2397 Apostolo
2933 2343 3046 2381 non
3062 2326 3462 2398 glorianturin
3477 2327 3602 2384 sola
3615 2347 3788 2386 cruce

2134 2409 2363 2471 Domini
2399 2415 2583 2469 nostri
2617 2415 2753 2471 Jesu
2776 2414 3014 2480 Christi,
3030 2415 3110 2470 ita
3132 2415 3372 2489 potiusa
3391 2419 3788 2488 praesentibus

2134 2503 2413 2559 aerumnis
2443 2508 2647 2576 optant
2667 2503 2892 2569 erui,ut
2909 2503 3149 2576 spiritus
3173 2522 3349 2560 suum
3371 2508 3791 2563 commendent

2131 2594 2192 2649 in
2225 2592 2479 2648 auctoris
2513 2609 2990 2665 manus,unaque
3015 2611 3149 2650 cum
3178 2594 3303 2667 ipso
3335 2596 3495 2668 regni
3526 2595 3789 2652 ccclestis

2133 2682 2465 2739 desiderent
2495 2699 2622 2738 esse
2653 2682 2984 2754 participes.
3020 2682 3183 2739 Unde
3217 2684 3361 2739 bene
3392 2683 3507 2750 ille,
3535 2684 3643 2757 qui
3677 2687 3791 2740 ﬁde

2133 2770 2313 2825 dubia
2327 2769 2640 2824 Dominum
2653 2770 3017 2841 precabatur,
3037 2770 3302 2828 funditus
3314 2775 3792 2846 estcontemptus

2135 2877 2166 2914 a
2197 2857 2463 2927 Domino,
2499 2875 2688 2930 neque
2719 2851 2836 2914 ulla
2869 2859 3248 2932 responsione
3279 2860 3490 2934 dignus
3520 2861 3789 2920 habitus.

2131 2949 2204 3002 At
2254 2964 2386 3002 vero
2437 2963 2636 3019 preces
2695 2946 2878 3013 illius,
2903 2946 3004 3019 qui
3051 2953 3325 3005 mternam
3358 2967 3393 3005 a
3422 2967 3483 3006 se
3533 2950 3794 3008 salutem

2136 3037 2452 3109 quaerebat,
2486 3035 2576 3108 pia
2613 3051 2746 3091 mox
2779 3036 3066 3093 Dominus
3096 3038 3465 3095 exauditione
3488 3040 3795 3113 suscipere

2143 3125 2419 3199 dignatus
2449 3131 2556 3180 est.
2589 3125 2736 3190 Quia
2764 3126 3418 3200 nimirum,quicunq.ue
3448 3127 3510 3184 in
3539 3129 3792 3185 tribula-

371 3221 420 3278 si
452 3218 567 3276 alia
599 3218 768 3292 plura
793 3217 1028 3292 pietatis
1057 3233 1234 3290 opera
1254 3216 1526 3283 facerem,
1553 3196 2021 3285 utdonagratiae
2053 3196 2098 3264 (ἶ
2135 3196 2394 3272 tionibus
2423 3214 2982 3288 positi,temporalia
3009 3196 3238 3271 tantum
3263 3235 3298 3271 a
3316 3196 3795 3276 Dominosolatia

373 3309 656 3383 spiritalis
695 3308 990 3380 accepisse
1020 3306 1238 3370 videar,
1273 3304 1621 3360 charitatcm
1654 3308 1853 3358 autem
1905 3320 2020 3360 non

372 3399 641 3464 habeam,
674 3395 818 3452 nihil
851 3395 998 3452 mihi
1031 3395 1267 3466 prodest
1296 3395 1342 3460 (I
1373 3392 1494 3448 Cor.
1527 3395 1718 3460 x110.»
1757 3390 2024 3446 Beatiau-

372 3479 488 3541 tem
504 3485 606 3556 qui-
619 3501 727 3539 sua
754 3489 992 3556 propter
1005 3483 1316 3538 Dominum
1333 3479 2022 3552 etpropterEvangelium

371 3571 729 3644 relinquunt.
747 3594 773 3619 «
792 3571 950 3625 Beati
975 3569 1075 3642 qui
1103 3569 1564 3641 persecutionem
1581 3567 2025 3640 patiunturpro-

371 3660 841 3736 pterjustitiam,
877 3657 1156 3731 quoniam
1189 3658 1453 3730 ipsorum
1497 3660 1584 3712 est
1633 3673 1875 3728 regnum
1909 3673 2021 3712 ca:-

371 3737 562 3808 lorum
596 3748 803 3821 (Matth.
836 3750 916 3817 v).
956 3770 982 3794 »

443 3864 469 3890 ‹‹
505 3837 786 3896 Similiter
831 3841 889 3892 et
939 3836 1272 3891 sacerdotes
1323 3833 1543 3889 summi
1579 3833 1912 3903 illudentes,
1948 3835 2022 3890 ad

373 3953 400 3980 ‹‹
433 3928 779 3984 alterutrum
835 3941 969 3982 cum
1019 3924 1228 3980 scribis
1277 3924 1594 3980 dicebant:
1628 3922 1788 3980 Alios
1831 3923 2022 3979 salvos

375 4042 401 4066 ‹‹
427 4018 582 4083 fecit,
616 4015 873 4087 seipsum
909 4031 1025 4069 non
1056 4016 1247 4086 potest
1277 4011 1502 4069 salvum
1539 4013 1743 4073 facere.
1783 4036 1808 4061 ››
1835 4013 2020 4068 Etiam

374 4106 659 4171 nolentes,
683 4104 1037 4160 conﬁtentur
1065 4101 1266 4158 scribae
1298 4105 1355 4157 et
1385 4101 1688 4174 pontiﬁces
1719 4101 1859 4172 quia
1874 4101 2020 4158 alios

372 4194 562 4251 salvos
592 4191 806 4249 fecerit.
825 4192 1025 4265 Itaque
1053 4207 1154 4246 vos
1184 4194 1378 4245 vestra
1407 4189 1756 4246 condemdat
1786 4193 2020 4245 senten-

371 4283 471 4339 tia.
505 4281 609 4348 Qui
641 4280 798 4338 enim
838 4279 987 4336 alios
1034 4279 1225 4336 salvos
1283 4278 1436 4347 fecit,
1470 4279 1694 4350 utique,
1729 4277 1777 4333 si
1826 4277 2016 4346 vellet,

372 4373 631 4446 seipsum
664 4369 887 4427 salvere
917 4372 1162 4442 poterat.

443 4459 754 4516 «Christus
785 4475 882 4514 rex
913 4458 1090 4512 Israel
1121 4457 1439 4512 descendat
1469 4473 1625 4511 nunc
1645 4456 1716 4510 de
1749 4461 2020 4521 cruce,ut

2133 3304 2461 3377 requirunt,
2513 3320 2547 3357 a
2589 3303 3010 3376 temporalibus
3073 3309 3394 3378 reparatur,
3445 3312 3501 3361 et
3551 3309 3794 3364 aeternis

2132 3393 2362 3466 gaudiis
2393 3391 2714 3465 privantur.
2749 3393 2858 3458 Qui
2889 3393 3044 3448 enim
3076 3394 3355 3450 veraciter
3380 3395 3534 3451 bona
3583 3395 3793 3468 patria:

2132 3481 2384 3537 cmlestis
2415 3481 2738 3553 suspirant,
2771 3482 2843 3537 ad
2876 3482 2997 3537 tunc
3031 3483 3252 3555 absque
3301 3483 3422 3538 ulla
3459 3484 3794 3550 dubietate,

2131 3569 2359 3625 Christo
2393 3569 2728 3637 miserante,
2763 3570 3130 3642 perveniunt.

2203 3684 2228 3708 ‹‹
2266 3660 2334 3715 Et
2365 3659 2514 3714 facta
2539 3658 2683 3714 hora
2712 3662 2893 3724 sexta,
2924 3660 3176 3716 tenebrae
3208 3660 3370 3716 facta:
3401 3665 3542 3716 sunt
3573 3679 3684 3735 per
3709 3667 3795 3719 to-

2133 3753 2296 3803 «tam
2315 3750 2549 3815 terram,
2572 3765 2757 3820 usque
2771 3748 2830 3802 in
2845 3748 3053 3804 horam
3077 3765 3310 3805 nouam.
3328 3773 3354 3799 υ
3373 3749 3797 3808 Clarissimum

2132 3837 2336 3892 mundi
2356 3836 2554 3893 lumen
2570 3837 2807 3892 retraxit
2823 3838 3018 3894 radios
3040 3854 3200 3906 suos,
3216 3855 3288 3894 ne
3309 3843 3410 3894 aut
3431 3840 3799 3910 pendentem

2131 3925 2349 3981 videret
2370 3925 2708 3990 Dominum,
2727 3929 2828 3980 aut
2853 3925 3017 3998 impii
3043 3925 3522 3998 blasphemantes
3537 3928 3800 3985 sualuee

2131 4017 2483 4070 fruerentur.
2514 4015 2583 4069 Et
2614 4015 2935 4070 notandum
2966 4014 3107 4087 quia
3129 4015 3415 4072 Dominus
3430 4019 3596 4072 sexta
3622 4017 3797 4082 hora,

2129 4102 2596 4169 hocest,oriente
2614 4103 2740 4173 jam
2774 4101 2916 4170 sole,
2935 4091 3379 4159 resurrectionis
3409 4121 3529 4159 sua:
3562 4112 3798 4177 myste-

2129 4191 2216 4246 ria
2253 4190 2582 4247 celebravit.
2617 4191 2914 4246 Statutum
2967 4191 3124 4247 enim
3167 4191 3448 4264 temporis
3502 4191 3796 4265 signavit,

2129 4299 2244 4353 quo
2289 4281 2494 4335 effectu
2541 4279 2821 4351 temporis
2866 4279 3151 4336 exhibuit.
3203 4279 3309 4344 Qui
3361 4285 3636 4338 mortuus
3680 4287 3796 4348 est,

2128 4373 2362 4442 propter
2393 4371 2630 4440 peccata
2656 4372 2876 4437 nostra,
2889 4373 2947 4424 et
2969 4368 3284 4425 resurrexit
3306 4373 3541 4441 propter
3562 4370 3798 4441 justiﬁ-

2126 4457 2415 4514 cationem
2448 4459 2729 4512 nostram.
2744 4457 2890 4512 Nam
2905 4461 2963 4512 et
2982 4458 3164 4513 Adam
3197 4461 3469 4529 peccante
3489 4457 3793 4531 scriptum

375 4573 403 4598 α
435 4549 739 4604 videamus
769 4551 827 4602 et
856 4545 1232 4603 credamus.»
1268 4543 1660 4600 Fraudulente
1682 4543 2016 4626 promissio.
2049 4564 2096 4628 Β
2128 4551 2216 4605 est
2247 4546 2385 4618 quia
2416 4545 2665 4600 audierit
2684 4562 2884 4601 vocem
2914 4546 3144 4601 Domini
3183 4545 3288 4603 Dei
3319 4545 3793 4616 deambulantis,

373 4637 521 4706 Quid
553 4640 642 4693 est
674 4635 915 4708 plus,de
945 4651 1114 4691 cruce
1136 4633 1327 4689 adhuc
1347 4633 1632 4689 viventem
1646 4633 2017 4700 descendere,

373 4745 446 4783 au
476 4727 547 4782 de
571 4724 838 4797 sepulcro
861 4728 1160 4780 mortuum
1194 4723 1471 4794 surgere?
1501 4721 1785 4786 Surrexit,
1817 4726 1873 4777 et
1903 4740 2017 4777 non

375 4815 641 4882 creditis;
677 4830 812 4887 ergo
843 4813 1018 4869 etiam
1053 4811 1100 4867 si
1134 4812 1205 4867 de
1235 4827 1403 4865 cruce
1433 4810 1818 4879 descenderit,
1848 4811 2019 4866 simi-

378 4904 511 4959 liter
542 4921 654 4959 non
688 4901 955 4972 credetis.
991 4924 1020 4951 «
1055 4901 1123 4954 Et
1152 4898 1251 4971 qui
1283 4915 1416 4953 cum
1444 4914 1510 4953 eo
1557 4898 1817 4953 cruciﬁxi
1856 4903 2022 4955 erant

378 5017 402 5040 (ι
413 4991 972 5052 conciviabanturei.
984 4987 1312 5054 nQuomodo
1324 4987 1498 5042 hocve
1507 5004 1570 5041 ru
1581 5003 1635 5040 m
1650 4989 2023 5058 est,quando—

379 5079 613 5150 quidem
635 5096 786 5134 unus
807 5095 1008 5135 eorum
1023 5077 1500 5142 conviciatusest,
1515 5075 1840 5131 secundum
1855 5077 2020 5132 Lucae

379 5167 806 5234 testimonium,
830 5167 975 5222 alter
1004 5171 1061 5221 et
1086 5164 1448 5237 compescuit
1472 5181 1631 5231 eum,
1653 5168 1710 5220 et
1737 5163 1798 5219 in
1844 5166 2020 5221 Deum

379 5254 646 5324 credidit,
681 5255 792 5309 nisi
828 5254 1227 5327 intelligamus
1278 5253 1618 5309 Mattheum
1655 5256 1712 5308 et
1760 5253 2020 5310 Marcum

381 5344 630 5401 breviter
643 5342 1118 5415 perstringentes,
1135 5341 1244 5397 hoc
1265 5340 1390 5397 loco
1407 5339 1691 5413 pluralem
1711 5359 2022 5398 numerum

382 5451 485 5507 pro
520 5431 804 5507 singulari
835 5431 1122 5504 posuisse,
1137 5430 1287 5486 sicut
1310 5430 1366 5484 in
1391 5429 1727 5502 Epistolaad
1755 5431 2024 5488 Hebraeos

378 5521 632 5593 legimus
662 5520 841 5592 (Hebr.
857 5520 931 5590 xi)
948 5519 1044 5592 plu
1055 5518 1504 5584 raliterdictum,
1521 5542 1547 5567 ‹‹
1565 5517 1904 5575 clauserunt
1924 5538 2024 5577 ora

376 5611 638 5679 leonum,
659 5633 686 5660 »
710 5625 846 5666 cum
866 5608 1026 5667 solus
1057 5607 1260 5664 Daniel
1291 5607 1607 5680 signiﬁcari
1638 5607 2021 5681 intelligatur:

2134 4637 2191 4691 in
2240 4633 2510 4707 paradiso
2561 4633 2633 4688 ad
2683 4651 2888 4690 auram
2937 4639 3070 4706 post
3115 4634 3416 4691 meridiem
3468 4634 3624 4708 (Gen.
3676 4639 3794 4706 iu).

2128 4727 2265 4781 Post
2298 4723 2598 4778 meridiem
2629 4739 2885 4795 namque
2915 4723 3195 4778 inclinata
3223 4723 3353 4780 luce
3384 4722 3515 4779 ﬁdei
3551 4726 3660 4780 :ad
3690 4743 3798 4781 au-

2130 4831 2253 4869 ram
2287 4829 2441 4880 vero,
2473 4811 2882 4885 refrigescente
2932 4814 3150 4869 fervore
3189 4812 3491 4869 eharitatis
3527 4830 3540 4866 :
3578 4813 3798 4870 deam-

2131 4902 2342 4958 bulans
2364 4905 2556 4956 autem
2579 4901 2944 4967 audiebatur,
2960 4899 3098 4974 quia
3131 4901 3203 4956 ab
3229 4901 3463 4957 homine
3501 4905 3800 4973 peccante

2133 4992 2467 5044 recesserat.
2490 4986 2751 5043 Rationis
2765 4989 2782 5042 i
2798 4988 2996 5061 igitur,
3013 4988 3129 5046 imo
3156 4988 3371 5045 divitiae
3390 4988 3628 5063 pietatis
3642 4990 3798 5045 ordo

2132 5078 2508 5149 poscebat,ut
2537 5077 2741 5132 eodem
2775 5076 3055 5150 temporis
3087 5076 3481 5150 articulo,quo
3500 5080 3630 5133 tum
3648 5079 3798 5134 Adae

2132 5163 2530 5238 praevaricanti
2562 5163 3077 5234 occluserat,nunc
3117 5167 3326 5224 latroni
3357 5165 3646 5223 Dominus
3667 5184 3798 5240 pm-

2132 5254 2342 5312 nitenti
2366 5256 2614 5326 januam
2650 5259 2934 5311 reseraret
2964 5255 3242 5328 parad-isi,
3266 5259 3323 5310 et
3351 5273 3468 5329 qua
3497 5255 3646 5310 hora
3677 5256 3804 5328 pri-

2134 5363 2266 5400 mus
2297 5344 2482 5399 Adam
2520 5345 2812 5416 peccando
2845 5349 3092 5401 mortem
3117 5344 3254 5400 huic
3289 5345 3508 5401 mundo
3540 5343 3798 5409 invexit,

2133 5435 2334 5489 eadem
2364 5426 2511 5488 hora
2539 5434 2834 5489 secundus
2862 5435 3045 5490 Adam
3078 5439 3327 5490 mortem
3354 5433 3659 5489 moriendo
3688 5435 3802 5490 de-

2135 5525 2406 5578 strueret.

2207 5636 2231 5661 u
2260 5613 2329 5668 Et
2360 5611 2505 5667 hora
2549 5627 2703 5667 nona
2745 5611 3090 5669 exclamavit
3136 5612 3309 5670 Jesus
3355 5629 3493 5670 voce
3542 5628 3802 5685 magna,
