4012 6174
389 324 508 383 419

951 318 1363 383 HAYMONIS
1408 321 1953 383 HALBERSTAT.
2002 315 2246 381 EPISC.
2292 319 2465 380 OPP.
2511 317 2711 383 PARS
2758 319 2936 381 ll.—
2966 315 3235 382 HOMIL.

3676 324 3779 385 490

387 457 633 527 vocatus
656 457 745 508 est
775 470 808 508 a
839 453 1084 509 Domino
1106 458 1163 508 et
1190 453 1428 509 electus.
1464 451 1916 508 Consuetudinis
1931 469 2034 507 au-
2068 452 2119 518 Α
2150 451 2547 507 ministrandi.
2580 451 2702 508 Non
2735 452 2890 508 enim
2946 452 3190 525 quilibet
3234 452 3491 525 ignotus,
3539 456 3638 508 aut
3668 469 3778 509 me-

388 546 507 598 tem
528 542 782 598 Iudaicae
814 547 921 611 est,
975 559 1082 598 nec
1122 543 1445 599 ducebatur
1492 542 1548 596 in
1592 540 1847 614 culpam,
1880 557 2041 597 more

388 632 581 706 gentis
612 631 958 705 antiquae,ut
971 630 1245 687 mulieres
1261 631 1680 704 desubstantia
1695 647 1802 686 sua
1822 630 2038 685 victum

388 723 446 777 et
490 719 903 778 vestimentum
953 719 1405 794 praeceptoribus
1452 719 1877 775 ministrarent.
1914 719 2033 775 Hoc

388 801 529 883 quia
553 809 895 866 scandalum
928 808 1116 868 facere
1136 812 1371 882 poterat
1400 808 1457 862 in
1492 808 1852 872 nationibus,
1888 808 2035 863 Pau-

387 898 481 954 lus
512 899 795 970 abjecisse
827 917 888 954 se
920 903 1275 954 memoratm
1309 897 1587 969 Nunquid
1609 914 1722 952 non
1750 896 2036 952 habemus

387 992 737 1060 potestatem
769 1004 997 1043 sorores
1030 986 1304 1043 mulieres
1354 985 1849 1051 circumducendi,
1884 985 2038 1040 sicut

386 1075 577 1133 cateri
610 1075 852 1149 apostoli
887 1076 1155 1131 faciunt?
1187 1077 1293 1146 n-(I
1335 1074 1455 1131 Cor.
1489 1076 1585 1146 Ix).
1622 1073 2037 1129 Ministrabant

385 1170 583 1221 autem
616 1163 861 1220 Domino
887 1165 958 1220 de
986 1164 1320 1220 substantia
1350 1169 1549 1230 sua,ut
1571 1168 1811 1219 meteret
1831 1179 2033 1218 earum

384 1252 660 1321 carnalia,
692 1254 862 1325 cujus
892 1251 1002 1307 illa:
1035 1253 1331 1309 metebant
1349 1252 1785 1325 spiritalia.Non
1808 1268 1923 1323 quo
1945 1251 2034 1305 in-

384 1342 605 1415 digeret
634 1340 782 1397 cibis
829 1340 1108 1420 Dominus
1150 1345 1571 1408 creaturarum,
1604 1341 1701 1397 sed
1741 1345 1802 1395 ut
1830 1344 2033 1412 typum

385 1431 716 1486 ostenderet
738 1430 1335 1501 magistrorum,quod
1358 1430 1511 1484 victu
1535 1434 1710 1502 atque
1732 1429 1943 1484 vestitu
1966 1445 2035 1484 ex

383 1518 689 1591 discipulis
702 1520 978 1573 deberent
999 1534 1129 1572 esse
1144 1518 1542 1573 contenti.Sed
1568 1518 1876 1573 videamus
1898 1534 2035 1588 qua-

381 1609 465 1664 les
495 1609 739 1663 comites
771 1606 1043 1662 habuerit
1072 1623 1083 1661 :
1120 1607 1359 1663 Mariam
1394 1604 1824 1681 Magdalenam,
1853 1623 1888 1660 a
1914 1623 2034 1678 qua

298 1763 303 1767 _
381 1702 603 1771 septem
637 1696 925 1753 daemonia
954 1696 1220 1767 ejecerat,
1254 1700 1311 1751 et
1343 1694 1587 1751 Mariam
1623 1695 1825 1752 Jacobi
1857 1699 1914 1750 et
1940 1695 2035 1751 Jo-

381 1787 523 1860 sepb
557 1789 931 1842 materteram
976 1801 1168 1854 suam,
1221 1789 1279 1841 et
1335 1783 1482 1842 alias
1539 1801 1687 1857 quas
1719 1784 1778 1838 in
1811 1784 2033 1841 caeteris
2061 1823 2110 1889 Β

381 1874 706 1949 Evangeliis
737 1873 1011 1947 legimus,

454 1989 481 2017 ‹‹
508 1966 577 2020 Et
598 1980 732 2020 eum
752 1964 880 2036 jam
912 1980 1041 2019 sero
1072 1966 1229 2019 esset
1261 1964 1501 2030 factum,
1534 1962 1673 2035 quia
1717 1966 1840 2017 erat
1871 1979 2032 2034 para-

381 2078 409 2108 ‹‹
444 2070 628 2123 seeve,
661 2052 816 2125 quod
844 2056 933 2107 est
970 2054 1104 2107 ante
1146 2051 1481 2121 sabbatum,
1514 2050 1670 2107 venit
1717 2050 1933 2123 Josepb
1957 2050 2029 2104 ab

381 2168 407 2194 ‹‹
444 2142 816 2209 Arimathzea,
852 2139 1068 2196 nobilis
1117 2140 1374 2196 decurio.
1412 2163 1437 2189 ››
1497 2140 1740 2196 Decurio
1770 2144 2026 2207 vocatur,

380 2233 478 2306 qui
511 2232 588 2288 sit
617 2232 688 2287 de
714 2231 915 2287 ordine
943 2230 1136 2298 curiae,
1170 2234 1227 2285 et
1277 2229 1537 2285 ofﬁcium
1571 2229 1744 2285 curiae
1777 2229 2027 2284 admini-

380 2320 651 2393 stret,qui
677 2321 854 2376 etiam
872 2319 1110 2376 curialis
1127 2337 1159 2374 a
1182 2320 1547 2391 procurando
1574 2335 1817 2374 munera
1839 2316 2031 2393 civilia

380 2410 525 2468 solet
556 2387 855 2483 appellari.
887 2387 1244 2464 Arimatha—ia
1290 2412 1486 2463 autem
1537 2408 1667 2480 ipsa
1696 2410 1784 2462 est
1816 2387 2027 2462 Rama:

308 2567 327 2575 ο
379 2500 565 2556 thaim
599 2498 802 2553 civitas
834 2496 1057 2552 Elcanze
1080 2501 1136 2551 et
1181 2495 1493 2561 Samuelis,
1528 2495 1588 2550 in
1623 2496 1855 2568 regione
1882 2496 2025 2550 Cha-

380 2588 635 2651 nanitica
656 2589 835 2660 juxta,
857 2584 1175 2658 Diospolim
1207 2593 1497 2658 παρασκευή
1514 2601 1646 2639 vero
1677 2585 1889 2650 Graece,
1919 2584 2027 2639 La-

379 2678 499 2733 tine
525 2676 859 2751 praeparatio
891 2674 1246 2746 dicitur,quo
1278 2673 1510 2729 nomine
1538 2673 1849 2745 Judaei,qui
1876 2673 2029 2728 inter

379 2768 607 2823 Graecos
639 2765 1039 2830 morabantur,
1060 2766 1283 2819 sextam
1312 2762 1540 2819 sabbati
1562 2761 2026 2834 appellabant,eo

379 2856 536 2928 quod
567 2855 625 2910 in
661 2854 757 2910 illo
778 2871 865 2919 ea,
898 2869 1025 2924 qua
1058 2851 1276 2923 requiei
1310 2851 1539 2909 sabbati
1586 2851 1916 2906 necessaria
1943 2867 2029 2907 es-

380 2949 531 3012 sent,
566 2958 890 3016 prasparare
920 2940 1365 3011 solerent,juxta
1393 2940 1501 2995 hoc
1531 2940 1686 3013 quod
1719 2940 1790 2995 de
1810 2957 2028 2996 manna

380 3033 518 3088 olim
543 3035 895 3104 praeceptum
917 3040 1025 3085 est.
1050 3029 1258 3085 «Sexta
1278 3034 1474 3087 autem
1497 3029 1591 3084 die
1611 3027 1895 3102 colligetis
1924 3030 2027 3084 du-

378 3122 545 3195 plum
573 3120 762 3194 (Exod.
794 3119 930 3191 XVI),
965 3139 992 3168 »
1026 3122 1136 3174 etc.
1169 3117 1315 3182 Quia
1360 3134 1497 3190 ergo
1538 3117 1713 3174 homo
1743 3116 1905 3174 sexta
1933 3116 2026 3173 die

379 3192 590 3279 tactus,
616 3213 674 3266 et
702 3213 821 3265 tota
847 3214 936 3265 est
963 3207 1170 3264 mundi
1201 3211 1466 3263 creatura
1495 3206 2027 3280 perfecta,septima
2056 3192 2099 3258 (ἶ

379 3305 576 3358 autem
601 3299 875 3356 Conditor
899 3298 973 3354 ab
1004 3313 1175 3370 opere
1204 3312 1312 3351 suo
1341 3295 1643 3367 requievit,
1663 3295 1818 3351 unde
1838 3296 2027 3351 ethoc

379 3391 715 3453 sabbatum,
746 3387 857 3443 hoc
909 3390 999 3442 est
1046 3384 1306 3457 requiem
1348 3383 1529 3440 voluit
1573 3384 1838 3456 intelligi,
1873 3388 2028 3439 recte

380 3477 642 3534 Salvator
660 3476 863 3532 eadem
886 3478 1049 3530 sexta
1068 3474 1161 3528 die
1187 3471 1793 3541 cruciﬁxus,humanaa
1812 3475 2029 3527 restau-

380 3563 622 3621 rationis
650 3563 912 3635 implevit
940 3578 1242 3617 arcanum.
1267 3562 1516 3633 Ideoque
1545 3577 1679 3615 cum
1712 3559 2030 3632 accepisset

380 3654 554 3711 Jesus
585 3656 837 3716 acetum,
870 3650 1049 3705 dixit:
1086 3672 1113 3700 «
1146 3649 1632 3706 Consummatum
1662 3648 1921 3717 est,»hoc
1941 3653 2031 3705 est

380 3746 543 3800 sexta
572 3741 685 3801 die.
705 3740 861 3811 quod
893 3755 995 3809 pro
1028 3737 1233 3793 mundi
1265 3738 1574 3793 refectione
1596 3737 1874 3810 suscepit,
1900 3738 2029 3810 jam

378 3835 570 3889 totum
601 3834 691 3885 est
736 3827 1049 3901 expletum.
1096 3826 1347 3882 Sabbato
1403 3831 1599 3882 autem
1652 3827 1712 3882 in
1762 3827 2028 3899 sepulcro

382 3920 779 3993 requiescens,
815 3916 1259 3973 resurrectionis
1279 3932 1407 3987 quis
1437 3920 1637 3972 octava
1666 3916 1759 3972 die
1788 3919 2031 3972 ventura

381 4013 526 4079 erat,
552 4008 925 4079 exspectabat
951 4010 1243 4062 eventum.
1274 4004 1382 4061 Ubi
1413 4010 1624 4062 nostras
1654 4004 1832 4061 simul
1864 4005 2031 4061 devo-

379 4097 559 4154 tionis
569 4097 818 4152 acbeatae
831 4093 1510 4166 retributionispraslucet
1522 4093 2030 4167 exemplum,quos

381 4186 441 4241 in
475 4186 583 4243 hac
628 4185 866 4259 quidem
915 4183 1113 4241 saeculi
1157 4186 1323 4240 aetate
1370 4200 1475 4256 pro
1524 4183 1769 4239 Domino
1803 4183 1946 4256 pati,
1975 4184 2030 4239 et

378 4275 538 4333 velut
567 4273 789 4330 mundo
821 4290 1058 4331 necesse
1088 4276 1177 4329 est
1206 4273 1487 4346 cruciﬁgi.
1522 4272 1587 4329 In
1615 4273 1867 4346 septima
1895 4289 2029 4329 vero

380 4368 567 4432 aetate,
597 4364 655 4419 id
677 4367 766 4420 est
785 4380 918 4419 cum
942 4362 1080 4417 lethi
1110 4361 1243 4435 quis
1262 4361 1522 4418 debitum
1569 4360 1758 4430 solvit,
1789 4378 2032 4435 corpora

382 4453 620 4526 quidem
654 4452 712 4508 in
745 4450 1012 4518 tumulis,
1042 4451 1269 4507 animas
1318 4454 1514 4507 autem
1547 4455 1770 4507 secreta
1798 4450 1858 4507 in
1889 4468 2031 4523 pace

381 4559 515 4598 cum
548 4541 795 4597 Domino
825 4556 1082 4608 manere,
1125 4544 1184 4595 et
1215 4544 1348 4611 post
1398 4540 1552 4596 bona
1597 4543 1826 4612 oportet
1855 4556 2031 4611 opera

383 4629 702 4703 quiescere,
759 4630 945 4685 donec
1003 4634 1203 4683 octava
1248 4628 1483 4682 tandem
1531 4628 1800 4684 veniente
1839 4631 2026 4694 astate,

380 4720 554 4775 etiam
589 4734 830 4789 corpora
882 4718 1010 4789 ipsa
1066 4716 1489 4772 resurrectione
1518 4715 1860 4788 gloriﬁcata,
1893 4733 2028 4773 cum

382 4807 692 4864 animabus
716 4806 890 4862 simul
918 4804 1415 4878 incorruptionem
1436 4810 1660 4860 aeternis
1675 4805 2030 4862 hereditatis

384 4896 691 4968 accipiant.
726 4918 754 4947 ‹‹
790 4895 978 4966 Venit,
1021 4894 1233 4967 inquit,
1263 4893 1478 4965 Josepb
1536 4894 1609 4949 ab
1657 4894 2028 4961 Arimathaaa,

384 4984 598 5039 nobilis
609 4985 865 5049 decurio,
891 4985 991 5056 qui
1014 4989 1071 5040 et
1092 4984 1215 5055 ipse
1235 4988 1401 5039 erant
1420 4988 1762 5055 exspectans
1782 5000 2030 5056 regnum

384 5071 508 5126 Dei.
543 5072 610 5126 Et
639 5073 916 5128 audacter
943 5073 1204 5128 introivit
1232 5072 1305 5129 ad
1330 5070 1601 5139 Pilatum,
1633 5076 1689 5128 et
1709 5073 1875 5145 petiit
1904 5089 2031 5128 cor-

384 5176 496 5232 pus
525 5160 680 5215 Jesu.
717 5182 744 5211 »
777 5162 999 5233 Magna:
1034 5162 1271 5233 quidem
1319 5160 1535 5234 Joseph
1586 5162 1698 5217 iste
1728 5161 2029 5235 dignitatis

386 5248 457 5304 ad
490 5247 790 5313 saeculum,
823 5250 925 5305 sed
956 5249 1194 5322 majoris
1224 5251 1381 5323 apud
1413 5250 1596 5306 Deum
1628 5250 1820 5307 meriti
1848 5250 2031 5307 fuisse

384 5336 678 5393 laudatur.
704 5336 904 5392 Talem
927 5354 1184 5409 namque
1202 5338 1446 5395 existere
1474 5339 1734 5408 decebat,
1768 5339 1869 5411 qui
1900 5356 2031 5395 cor-

384 5442 497 5499 pus
526 5425 758 5485 Domini
785 5424 1077 5498 sepeliret,
1106 5426 1207 5498 qui
1239 5431 1297 5480 ct
1345 5443 1447 5499 per
1468 5426 1766 5499 justitiam
1796 5427 2030 5485 merito-

386 5531 518 5574 rum
550 5513 653 5571 tali
684 5513 1011 5572 ministerio
1042 5515 1256 5587 dignus
1287 5516 1512 5587 fuisset,
1544 5521 1603 5572 et
1631 5532 1734 5590 per
1760 5516 2033 5575 nobilita-

385 5609 504 5683 tem
535 5603 804 5685 potentia:
836 5603 1154 5676 saecularis,
1189 5602 1525 5665 facultatem
1555 5605 1743 5685 possit
1771 5606 2031 5666 obtinere

2059 4564 2107 4628 D

2149 541 2362 596 diocris
2390 541 2459 596 ad
2491 542 2798 613 praesidem
2845 542 3136 607 accedere,
3169 545 3226 597 et
3272 539 3530 597 cruciﬁxi
3585 558 3781 614 corpus

2146 634 2373 702 poterat
2406 630 2739 702 impetrare.

2219 742 2246 770 ‹‹
2274 718 2492 791 Joscph
2524 723 2720 775 autem
2754 722 3047 776 mercatus
3077 720 3473 785 sindonem,et
3501 719 3781 792 deponens

2147 830 2175 859 «
2209 823 2366 875 eum,
2399 807 2641 864 involvit
2672 809 2733 864 in
2766 808 3031 865 sindone.
3069 830 3096 858 »
3130 810 3198 865 Et
3227 825 3296 864 ex
3325 807 3579 881 simplici
3601 809 3781 883 sepul-

2142 900 2279 952 tura
2308 896 2542 952 Domini
2572 896 2814 954 ambitio
2842 896 3087 953 divitum
3117 898 3661 969 condemnatur,qui
3689 915 3782 956 nec

2143 984 2203 1040 in
2239 985 2485 1041 tumulis
2516 986 2755 1058 quidem
2788 991 3038 1059 possunt
3080 1002 3276 1042 carere
3306 985 3545 1041 divitiis.
3581 987 3781 1048 Possue

2145 1091 2279 1129 mus
2310 1079 2505 1130 autem
2530 1075 2701 1146 juxta
2732 1074 3175 1149 intelligentiam
3198 1074 3522 1147 spiritalem
3544 1073 3649 1131 hoc
3670 1092 3783 1135 sen-

2142 1162 2273 1232 tire,
2307 1163 2462 1235 quod
2494 1180 2704 1235 corpus
2727 1163 2958 1219 Domini
2991 1180 3104 1218 non
3136 1179 3299 1230 auro,
3327 1178 3516 1234 neque
3545 1164 3783 1236 gemmis

2143 1254 2200 1306 et
2258 1251 2464 1320 serico,
2519 1252 2621 1307 sed
2668 1251 3007 1308 linteamine
3057 1268 3268 1324 purum
3315 1250 3652 1308 obvolutum
3698 1253 3781 1319 sit,

2143 1356 2504 1412 quamquam
2536 1344 2594 1395 et
2623 1339 2733 1396 hoc
2766 1340 3077 1413 signiﬁcet,
3107 1340 3262 1411 quod
3311 1338 3409 1394 ille
3458 1340 3515 1394 in
3549 1341 3784 1398 sindone

2142 1430 2364 1483 munda
2393 1427 2634 1489 involvit
2664 1430 2886 1494 Jesum,
2921 1429 3017 1501 qui
3041 1445 3187 1500 pura
3212 1431 3404 1484 mente
3434 1445 3569 1485 eum
3602 1444 3786 1485 susce-

2143 1522 2313 1590 perit.
2345 1517 2489 1573 Ilinc
2522 1517 2791 1573 Ecclesia;
2842 1535 2970 1574 mos
3015 1517 3272 1574 obtinuit
3324 1522 3391 1573 ut
3441 1517 3784 1574 sacriﬁcium

2143 1606 2365 1679 altaris,
2399 1624 2515 1663 non
2549 1607 2607 1661 in
2640 1606 2850 1675 serico,
2885 1623 3076 1680 neque
3110 1607 3166 1661 in
3216 1623 3407 1679 panno
3457 1607 3660 1671 tincto,
3695 1608 3786 1663 sed

2142 1695 2201 1752 in
2234 1695 2354 1751 lino
2384 1700 2612 1752 terreno
2644 1694 2985 1765 celebretur,
3020 1695 3172 1753 sicut
3204 1712 3414 1767 corpus
3446 1694 3677 1752 Domini
3708 1700 3791 1753 est

2142 1785 2202 1841 in
2234 1785 2480 1841 sindone
2510 1785 2736 1841 munda
2788 1783 3110 1857 sepultum,
3134 1785 3307 1855 juxta
3336 1785 3491 1857 quod
3522 1783 3582 1840 in
3612 1785 3789 1859 gestis

2141 1872 2574 1947 pontiﬁcalibus
2604 1892 2640 1929 a
2669 1874 2840 1930 beato
2870 1890 3023 1946 papa
3060 1873 3338 1930 Silvestre
3386 1872 3641 1946 legimus
3671 1890 3790 1931 esse

2138 1967 2446 2019 statutum.
2479 1963 2559 2018 De
2590 1966 2975 2020 monumento
3015 1961 3249 2017 Domini
3305 1961 3518 2029 ferunt,
3552 1961 3656 2034 qui
3698 1978 3789 2018 no-

2139 2056 2261 2109 stra
2290 2056 2455 2108 aetate
2503 2050 2918 2123 Hierosolymis
2969 2049 3328 2108 Britanniam
3373 2066 3600 2117 venere,
3634 2051 3785 2123 quod

2138 2143 2350 2208 domus
2378 2141 2553 2197 fuerit
2581 2141 2853 2213 rotunda,
2886 2141 2957 2197 de
2987 2142 3328 2213 subjacente
3384 2158 3529 2213 rupe
3572 2142 3784 2209 excisa,

2137 2236 2311 2287 tantas
2358 2229 2708 2297 altitudinis,
2758 2236 2826 2286 ut
2871 2231 3023 2287 intro
3076 2230 3404 2286 consistens
3449 2229 3651 2297 homo,
3703 2229 3788 2284 vix

2137 2337 2317 2374 manu
2349 2323 2578 2374 extenta
2599 2318 2829 2375 culmen
2854 2317 3037 2391 possit
3059 2319 3488 2392 attingere,qua
3508 2317 3689 2374 habet
3711 2317 3787 2372 in-

2134 2408 2375 2464 troitum
2408 2409 2480 2464 ab
2513 2407 2763 2473 Oriente,
2785 2407 2879 2462 cui
2898 2407 3047 2480 lapis
3070 2406 3167 2463 ille
3188 2424 3438 2480 magnus
3468 2405 3781 2463 advolutus

2136 2501 2322 2570 aitque
2353 2496 2658 2570 appositus
2680 2497 2860 2552 est.ln
2872 2497 3042 2567 cujus
3065 2496 3425 2552 monumenti
3452 2500 3615 2567 parte
3628 2496 3786 2568 aqui-

2135 2586 2320 2643 lonari
2354 2585 2684 2658 sepulcrum
2720 2585 3052 2657 ipsum,hoc
3071 2590 3159 2641 est
3178 2584 3340 2640 locus
3359 2583 3648 2639 Dominici
3667 2600 3786 2640 cor—

2135 2676 2312 2748 poris,
2346 2675 2417 2731 de
2445 2676 2649 2731 eadem
2703 2679 2868 2747 petra
2912 2674 3099 2730 factus
3133 2678 3241 2739 est,
3274 2677 3496 2747 septem
3556 2672 3787 2728 habens

2133 2765 2310 2837 pedes
2329 2762 2737 2836 longitudinis,
2760 2763 2940 2831 trium
2961 2780 3094 2819 vero
3124 2762 3453 2835 palmarum
3486 2777 3789 2829 mensura,

2135 2858 2340 2909 caetero
2367 2852 2696 2925 pavimento
2727 2851 2904 2908 altius
2933 2852 3215 2907 eminens.
3253 2852 3358 2918 Qui
3396 2849 3672 2908 videlicet
3701 2850 3784 2906 lo-

2135 2959 2239 2999 cus
2272 2960 2386 2998 non
2420 2942 2689 3014 desuper,
2725 2941 2824 2997 sed
2857 2958 2891 2995 a
2920 2939 3097 2996 latere
3119 2940 3441 2996 meridiano
3472 2955 3574 3011 per
3596 2943 3789 2995 totum

2134 3031 2371 3105 patulus
2401 3035 2510 3098 est,
2544 3031 2700 3086 unde
2747 3046 2958 3103 corpus
3015 3029 3339 3096 inferebat;
3373 3027 3532 3083 color
3578 3032 3781 3084 autem

2133 3120 2395 3190 ejusdem
2429 3119 2797 3175 monumenti
2850 3134 2915 3173 ac
2964 3117 3159 3185 loculi,
3193 3116 3520 3172 rubicundo
3562 3121 3622 3172 ct
3655 3116 3793 3183 albo

2138 3209 2354 3265 dicitur
2379 3225 2506 3264 esse
2535 3207 2875 3280 permistus.

2679 3349 2986 3407 HOMILIA
3025 3349 3236 3406 LXVII.

2269 3456 2435 3495 FERIA
2474 3455 2686 3502 QUlNTA
2724 3455 3064 3507 PALMARUM,
3106 3456 3167 3495 IN
3204 3455 3384 3496 COENA
3421 3453 3651 3494 DOMINI.

2210 3563 2397 3634 (Joxn.
2430 3562 2575 3634 xiii.)
2609 3587 2638 3615 ‹‹
2670 3565 2735 3619 In
2766 3562 2865 3619 illo
2888 3568 3186 3637 tempore:
3218 3565 3367 3619 Ante
3388 3563 3543 3618 dicm
3571 3561 3797 3621 festum

2139 3676 2168 3704 ‹‹
2202 3652 2454 3719 Pascha,
2481 3651 2670 3708 sciens
2686 3653 2858 3708 Jesus
2882 3652 3021 3726 quia
3038 3652 3195 3708 venit
3214 3652 3358 3709 hora
3379 3651 3602 3723 ejus,ut
3626 3655 3799 3709 tran-

2139 3766 2167 3793 «
2202 3744 2326 3798 seat
2356 3758 2424 3797 ex
2452 3741 2561 3798 hoc
2596 3743 2818 3797 mundo
2852 3743 2924 3797 ad
2957 3742 3285 3797 Patremnet
3312 3738 3801 3812 reliqua.Pascha

2139 3848 2277 3899 non,
2310 3831 2463 3887 sicut
2492 3829 2732 3903 quidam
2754 3829 3111 3897 existimant,
3134 3830 3398 3886 Graecum
3431 3844 3645 3889 nomen
3683 3832 3799 3899 est,

2138 3921 2241 3976 sed
2271 3919 2597 3975 Hebraeum.
2633 3919 2854 3975 Pascha
2881 3921 3146 3976 transitus
3177 3919 3392 3974 dicitur
3436 3917 3497 3972 in
3529 3933 3641 3973 sua
3676 3916 3802 3973 lin-

2138 4008 2752 4082 gua,propterea,quia
2782 4012 2923 4063 tunc
2945 4007 3204 4080 primum
3228 4005 3450 4063 Pascha
3477 4005 3805 4063 celebravit

2138 4097 2391 4171 populus
2421 4095 2671 4165 Domini,
2705 4097 2940 4169 quando
2970 4113 3038 4152 ex
3066 4096 3307 4171 Egypto
3339 4094 3811 4168 fugientes,Ru~

2138 4186 2311 4241 brum
2345 4201 2507 4241 mare
2537 4184 2915 4240 transierunt.
2948 4184 3082 4248 Qus:
3124 4186 3311 4257 ﬁgura
3340 4182 3399 4239 in
3430 4182 3668 4239 Christo
3702 4197 3805 4238 se-

2138 4275 2400 4330 cundum
2420 4273 2723 4329 veritatem
2747 4272 2987 4344 impleta
3009 4277 3118 4339 est,
3153 4288 3286 4328 cum
3320 4288 3424 4345 per
3452 4270 3803 4344 passionem

2138 4380 2309 4420 suam
2340 4362 2617 4417 transiret
2644 4378 2713 4417 ex
2743 4360 2850 4418 hoc
2882 4361 3101 4417 mundo
3123 4362 3194 4419 ad
3226 4360 3476 4417 Patrem.
3504 4360 3592 4415 Ita
3620 4358 3804 4416 nobis

2139 4469 2369 4525 quoque
2395 4450 2823 4506 transeundum
2853 4453 2945 4506 est
2973 4467 3042 4506 ex
3064 4449 3173 4506 hoc
3203 4449 3424 4505 mundo
3444 4451 3514 4503 ad
3532 4447 3805 4514 Patrem,

2141 4559 2175 4598 a
2205 4540 2629 4612 temporalibus
2660 4539 2731 4595 ad
2764 4542 2998 4607 aeterna,
3032 4538 3106 4594 ab
3165 4538 3472 4612 iniquitate
3517 4536 3591 4593 ad
3616 4537 3807 4608 justi-

2136 4630 2302 4697 tiam,
2352 4645 2386 4683 a
2430 4627 2736 4700 deceptore
2785 4626 3018 4683 diabolo
3078 4627 3150 4682 ad
3201 4625 3563 4681 Salvatorem
3625 4624 3808 4679 Chri-

2138 4723 2318 4775 stum.
2353 4740 2380 4768 «
2412 4717 2554 4772 Cum
2587 4715 2888 4772 dilexisset
2928 4732 3088 4785 suos,
3123 4715 3221 4788 qui
3253 4718 3421 4771 erant
3451 4713 3510 4768 in
3541 4713 3806 4779 mundo,

2140 4830 2167 4858 ‹‹
2198 4822 2385 4878 usque
2415 4806 2473 4861 in
2496 4804 2671 4860 finem
2706 4804 2907 4860 dilexit
2923 4821 3078 4860 eos.»
3109 4804 3320 4876 Utique
3347 4806 3413 4858 ut
3431 4799 3546 4874 ipsi
3567 4801 3640 4857 de
3660 4800 3808 4869 hoc,

2139 4895 2239 4951 ubi
2271 4897 2457 4963 erant,
2492 4893 2563 4947 ad
2614 4909 2789 4948 suum
2832 4897 3028 4985 cappt,
3063 4891 3218 4963 quod
3272 4889 3409 4945 hinc
3456 4887 3807 4954 transisset,

2138 4986 2267 5056 ejus
2293 4981 2601 5037 dilectione
2632 4976 3075 5037 transisseﬁtJn
3106 4982 3307 5047 ﬁnem,
3339 4978 3397 5034 id
3427 4981 3516 5033 est
3545 4976 3605 5031 in
3632 4981 3813 5031 aeter-

2140 5090 2282 5128 num
2315 5070 2516 5127 dilexit
2545 5086 2664 5131 eos.
2688 5069 2789 5125 Vel
2822 5070 2881 5125 in
2913 5070 3111 5138 ﬁnem,
3136 5069 3195 5124 in
3219 5067 3468 5134 Christo,
3490 5065 3633 5137 quia
3653 5064 3811 5119 ﬁnis

2135 5161 2283 5235 legis
2314 5165 2404 5216 est
2431 5160 2720 5215 Christus.

2213 5273 2239 5301 ‹‹
2273 5251 2342 5305 Et
2370 5265 2535 5305 coena
2554 5249 2680 5320 jam
2711 5248 2882 5304 facta.
2920 5269 2946 5297 »
2980 5248 3103 5303 Non
3141 5246 3222 5302 ita
3252 5245 3535 5301 debemus
3565 5240 3816 5297 intelli-

2138 5356 2272 5413 gere
2320 5354 2543 5394 coenam
2598 5336 2837 5407 factam,
2884 5334 3061 5391 veluti
3100 5336 3227 5409 jam
3281 5333 3704 5401 consumptam
3742 5333 3817 5384 et

2136 5430 2514 5482 transactam.
2546 5424 2750 5480 Adhuc
2779 5424 2935 5480 enim
2963 5424 3464 5488 ccenabatur,cum
3493 5417 3813 5476 Dominus

2139 5516 2409 5583 surrexit,
2437 5518 2495 5569 et
2516 5515 2690 5587 pedes
2730 5513 2869 5569 lavit
2890 5509 3195 5586 discipulis
3225 5508 3389 5567 suis:
3419 5523 3557 5565 nam
3587 5510 3821 5579 postea

2139 5604 2287 5664 iteru
2297 5621 2351 5665 in
2368 5601 2717 5676 recubuit,et
2728 5601 3047 5662 buccellam
3061 5617 3167 5661 suo
3179 5599 3444 5660 traditori
3460 5594 3635 5663 dedit.
3667 5593 3835 5673 Cea,
