3872 6170
182 340 267 399 ﬁl

1341 325 1691 388 noenu/1?.
1737 327 1833 388 ne
1879 301 2285 392 'ruupoae’.

3384 342 3501 400 2:22

181 487 239 526 na
287 465 416 521 dicta
443 465 522 517 est
565 461 686 530 jam
739 461 942 531 parata
972 457 1414 513 convivantibus
1444 458 1748 530 discipulis
1779 463 1830 529 Α
1863 484 1890 509 (ι
1923 465 2222 517 aeternum.
2253 486 2279 511 ››
2311 465 2633 536 Λίιρνηυηῃ
2667 483 2770 538 pro
2803 483 3100 538 nunquam
3135 469 3362 540 posuit:
3398 473 3499 529 sed

173 572 282 614 cum
313 551 578 624 magistro.

225 668 247 695 ‹‹
275 643 398 698 Cum
428 636 680 694 diabolus
701 637 826 708 jam
861 634 1120 692 misisset
1146 635 1200 690 in
1234 652 1332 691 cor
1379 640 1444 691 ut
1496 637 1747 692 traderet

168 758 190 784 α
215 749 326 788 eum
353 730 512 784 Judas
540 726 789 782 Simonis
818 725 1156 782 Scariothis.
1194 749 1221 775 »
1249 726 1307 781 Si
1343 727 1554 798 quaeris
1603 726 1744 798 quid

164 823 370 879 missum
392 819 461 874 sit
478 817 534 872 in
555 833 650 872 cor
668 817 852 884 Judaa,
869 815 978 872 hoc
999 815 1200 888 utique
1224 819 1288 870 ut
1308 816 1562 871 traderet
1587 831 1743 871 eum.

162 910 326 969 Missio
354 909 472 971 ista,
503 904 777 979 spiritalis
808 903 1108 979 suggestio
1139 907 1226 960 est
1257 923 1268 960 :
1304 922 1419 960 non
1472 905 1529 959 in
1576 920 1746 960 aures

160 997 455 1071 corporales,
487 996 581 1050 sed
631 993 688 1048 in
740 1011 838 1048 cor
884 993 1257 1049 consentiens
1309 993 1529 1066 iniqua.
1583 992 1748 1049 Sicut

159 1087 468 1145 enim'bonas
489 1082 860 1157 cogitationes
882 1082 1168 1155 benignus
1190 1082 1432 1155 spiritus
1457 1081 1745 1146 immittit,

159 1177 223 1234 sic
248 1174 411 1230 malas
429 1173 799 1246 cogitationes
824 1171 1118 1244 malignus
1140 1171 1420 1244 suggerit.
1442 1171 1552 1226 Sed
1577 1170 1748 1225 inter-

159 1270 223 1322 est
262 1265 586 1337 quibusnam
620 1277 819 1318 eorum
871 1277 1038 1316 mens
1090 1261 1350 1316 humana
1399 1258 1743 1326 consentiat,

156 1353 310 1410 divino
339 1350 559 1417 auxilio,
587 1350 672 1406 vel
706 1341 1067 1421 deserta'per
1098 1349 1392 1412 meritum,
1425 1349 1509 1403 vel
1544 1349 1749 1419 adjuta

155 1459 234 1513 per
255 1439 501 1513 gratiam.
536 1438 672 1494 Sine
705 1439 814 1492 ﬁde
848 1438 944 1493 Dei
991 1437 1251 1510 proditor
1297 1438 1368 1491 ad
1417 1437 1743 1491 convivium

154 1548 239 1585 non
267 1529 488 1584 credens
518 1528 698 1583 Deum
734 1545 882 1592 esse,
913 1544 1086 1598 quem
1121 1528 1345 1581 tradere
1376 1543 1489 1581 non
1531 1527 1746 1598 cogita-

152 1618 541 1686 bat,videbatur
564 1621 618 1672 et
648 1617 1009 1672 tolerabatur
1037 1617 1093 1670 in
1127 1631 1192 1670 eo
1223 1631 1397 1687 quem
1432 1615 1549 1670 falli
1585 1619 1748 1687 puta-

152 1709 242 1778 bat,
272 1706 580 1770 fallebatur.
624 1707 794 1777 cujus
826 1705 1051 1761 malitia
1081 1704 1312 1760 bonitas
1343 1705 1442 1760 Dei
1477 1706 1749 1761 utebatur

151 1799 203 1852 ad
225 1796 448 1853 salutem
479 1795 744 1851 aliorum.

207 1910 228 1935 ‹‹
259 1885 439 1941 Sciens
470 1885 608 1956 quia
665 1885 860 1939 omnia
893 1884 1049 1940 dedit
1078 1884 1127 1938 ei
1164 1883 1330 1939 Pater
1359 1883 1416 1938 in
1452 1900 1685 1950 manus,
1722 1905 1749 1931 ιι

153 1991 259 2047 ergo
287 1979 336 2029 et
353 1973 548 2047 ipsum
581 1974 946 2029 traditorem.
965 1972 1108 2028 Nam
1137 1973 1184 2028 si
1219 1989 1352 2028 eum
1385 1973 1440 2026 in
1480 1972 1751 2028 manibus

151 2079 239 2118 non
261 2062 632 2130 haberet,non
659 2063 860 2134 utique
882 2061 982 2117 illo
1005 2066 1268 2117 uteretur
1295 2067 1358 2116 ut
1386 2061 1574 2116 vellet.
1595 2061 1753 2116 Scie-

151 2154 225 2206 bat
251 2153 388 2207 enim
420 2152 706 2208 Dominus
739 2153 879 2223 quid
912 2152 1125 2207 faceret
1155 2167 1256 2223 pro
1289 2151 1511 2216 amicis,
1533 2151 1630 2222 qui
1658 2167 1756 2222 pa-

148 2243 318 2297 tienter
344 2243 609 2298 utebatur
641 2242 914 2296 inimicis.
933 2241 1132 2296 Sciens
1155 2241 1328 2295 etiam
1355 2264 1380 2289 ‹‹
1408 2239 1543 2311 quia
1575 2258 1606 2293 τι
1640 2241 1752 2294 Deo

147 2353 166 2378 α
193 2331 325 2397 exiit,
356 2336 407 2386 et
437 2332 504 2386 ad
541 2332 729 2386 Deum
759 2329 937 2385 vadit.
975 2352 1002 2377 ››
1034 2329 1147 2384 Nec
1202 2331 1402 2399 Deum,
1436 2345 1567 2383 cum
1620 2329 1754 2382 inde

147 2419 308 2488 exiret,
341 2438 436 2476 nec
469 2438 574 2476 nos
609 2421 909 2485 deserens,
941 2436 1074 2474 cum
1109 2418 1340 2473 rediret.

199 2535 219 2556 «ι
249 2510 428 2583 Surgit
457 2529 489 2565 a
519 2527 707 2576 coena,
742 2514 797 2564 et
827 2508 990 2581 ponit
1033 2507 1376 2563 vestimenta
1423 2525 1550 2562 sua.
1591 2530 1610 2554 ι
1648 2509 1754 2562 Lo-

149 2602 352 2653 cuturus
407 2589 764 2671 evangelista
798 2597 868 2653 de
913 2601 1076 2652 tanta
1122 2597 1351 2652 Domini
1403 2596 1754 2664 humilitate,

151 2687 281 2758 prius
309 2690 428 2759 ejus
448 2687 859 2744 celsitudinem
883 2686 1063 2740 voluit
1085 2686 1514 2740 commendare.
1539 2687 1622 2740 Ad
1648 2685 1757 2740 hoc

151 2775 360 2848 pertinet
389 2777 542 2849 quod
589 2775 719 2838 ait:
757 2801 780 2825 ‹‹
817 2775 1018 2830 Sciens
1068 2774 1205 2846 quia
1253 2775 1452 2829 omnia
1501 2775 1661 2830 dedit
1706 2774 1756 2828 ei

151 2865 284 2920 Pater
308 2866 361 2920 in
400 2883 636 2921 manus.
674 2889 700 2913 »
732 2865 856 2920 Non
910 2865 1008 2920 Dei
1059 2864 1312 2931 Domini,
1350 2865 1447 2919 sed
1501 2862 1759 2918 hominis

151 2955 267 3007 servi
295 2953 544 3028 implevit
574 2954 861 3010 ofﬁcium.
896 2954 1083 3008 Tanta
1112 2958 1202 3008 est
1233 2953 1448 3025 quippe
1487 2951 1758 3007 humanae

151 3040 454 3099 humilitatis
475 3044 724 3110 utilitas,
746 3047 809 3098 ut
829 3059 955 3098 eam
981 3041 1417 3098 commendaret
1439 3057 1544 3096 suo
1567 3057 1759 3095 exem-

151 3129 222 3200 plo
247 3133 404 3188 etiam
437 3133 637 3188 divina
668 3130 1019 3188 sublimitas.
1040 3154 1067 3180 «
1091 3130 1289 3202 Surgit
1312 3147 1346 3184 a
1374 3146 1556 3198 etena,
1577 3151 1604 3178 »
1630 3129 1758 3186 des-

149 3218 304 3274 cendit
347 3221 414 3276 de
463 3219 824 3276 cmiestibus.
860 3245 887 3270 «
922 3219 1122 3275 Posuit
1168 3218 1515 3274 vestimenta
1565 3235 1692 3286 sua,
1727 3240 1755 3266 ››
1788 3207 1830 3273 C

144 3305 186 3360 id
211 3313 304 3379 est,
323 3309 707 3383 semetipsum
730 3309 1064 3365 exinanivit.
1088 3332 1114 3358 «
1143 3312 1286 3363 Cum
1309 3305 1629 3380 accepisset
1651 3306 1759 3361 lin-

143 3417 162 3442 α
189 3399 341 3466 teum,
374 3399 686 3472 praecinxit
718 3416 800 3465 se,
838 3421 864 3447 ››
898 3398 1146 3453 formam
1179 3396 1328 3452 servi
1362 3395 1633 3452 induens.

195 3487 400 3543 «Mittit
429 3505 656 3562 aquam
687 3488 746 3542 in
779 3487 1014 3560 pelvim,
1052 3509 1079 3535 »
1113 3487 1168 3540 id
1203 3490 1310 3551 est,
1346 3485 1497 3540 fudit
1524 3485 1758 3558 sangui-

141 3588 245 3630 nem
283 3593 445 3632 suum
498 3578 558 3632 in
621 3582 861 3648 terram,
896 3580 960 3630 ut
989 3575 1302 3630 mundaret
1332 3573 1391 3628 in
1429 3591 1491 3629 se
1521 3575 1758 3629 creden-

142 3663 260 3718 tium
285 3666 520 3739 vestigia
542 3683 680 3738 quae
703 3666 953 3722 terrenis
975 3663 1228 3740 peccatis
1253 3662 1488 3718 sordida
1511 3664 1758 3731 fuerant,

148 3755 189 3803 et
213 3757 506 3827 extergeret
533 3755 743 3819 linteo,
778 3770 894 3825 quo
940 3756 1084 3819 erat,
1120 3752 1175 3806 id
1219 3756 1327 3818 est,
1361 3752 1620 3823 corporis
1669 3752 1760 3808 sui

148 3836 288 3896 linteo
316 3861 424 3916 quo
454 3849 581 3899 erat
614 3842 986 3915 praecinctus,
1009 3845 1301 3913 purgaret,
1323 3841 1461 3912 quia
1491 3845 1610 3897 tota
1634 3842 1761 3912 ejus

149 3929 305 3998 passio
332 3937 416 3987 est
448 3931 744 4005 purgatio.
762 3931 912 3985 Dum
937 3931 1182 3985 formam
1208 3930 1356 3985 servi
1381 3930 1622 4001 accepit,
1643 3947 1759 3986 non

1781 1835 1827 1901 Β

148 4021 269 4088 quod
290 4021 534 4078 habebat
557 4020 806 4089 dimisit,
825 4021 925 4075 sed
950 4020 1100 4092 quod
1127 4036 1238 4074 non
1263 4019 1515 4074 habebat
1535 4037 1761 4074 assum-

177 4109 253 4162 sit.

148 4123 253 4176 psit.

199 4220 220 4244 κ
249 4197 403 4256 Venit
431 4218 570 4274 ergo
603 4200 676 4255 ad
718 4199 1017 4254 Simonem
1051 4198 1308 4253 Petrum.
1347 4220 1373 4246 ››
1405 4197 1528 4252 Non
1559 4196 1639 4252 ita
1671 4197 1756 4252 in-

145 4283 479 4358 telligendum
511 4293 603 4344 est
635 4287 825 4359 quasi,
860 4286 1106 4343 aliorum
1139 4285 1387 4359 pedibus
1418 4285 1644 4354 lavatis,
1665 4303 1757 4341 ve-

146 4372 292 4431 nisset
309 4376 375 4431 ad
400 4377 663 4450 primum
687 4376 1040 4448 apostolum,
1062 4376 1160 4431 sed
1183 4374 1322 4447 quia
1345 4375 1478 4430 inde
1500 4375 1756 4447 primum

147 4464 440 4533 cmpit,ideo
463 4465 799 4540 expavescit
829 4465 1054 4530 Petrus,
1074 4468 1136 4518 ut
1160 4463 1257 4518 Dei
1287 4463 1468 4518 Filius
1499 4462 1547 4518 ei
1582 4463 1758 4535 pedes

147 4545 340 4623 lavaret,
374 4555 665 4611 Dominus
699 4571 884 4620 servo,
907 4553 1058 4609 Deus
1088 4552 1593 4616 homini.Quando
1622 4568 1758 4624 ergo
1789 4575 1836 4640 Ι)

147 4641 289 4707 pedes
314 4643 740 4717 discipulorum
786 4641 976 4698 lmare
1023 4641 1216 4714 cmpit,
1249 4640 1404 4696 venit
1434 4642 1504 4696 ad
1536 4656 1692 4711 eum,
1727 4658 1760 4695 a

147 4741 236 4796 quo
262 4733 443 4804 coepit,
478 4733 536 4787 id
569 4736 682 4798 est,
702 4732 771 4786 ad
805 4731 1060 4786 Petrum.
1080 4731 1147 4785 Et
1178 4734 1319 4786 tunc
1351 4731 1554 4786 Petrus
1577 4730 1756 4802 (quod

146 4815 286 4873 etiam
316 4820 562 4892 quilibet
591 4837 795 4876 eorum
827 4819 1171 4892 expavisset)
1194 4819 1619 4892 expavit,atque
1643 4820 1754 4875 ait:

149 4905 430 4976 «Domine,
461 4915 526 4965 tu
578 4907 726 4964 mihi
774 4909 932 4964 lavas
980 4909 1201 4981 pedes?
1236 4931 1256 4958 ι
1306 4909 1392 4964 Tu
1444 4909 1618 4974 Deus,
1651 4925 1758 4982 ego

145 4989 307 5062 homo,
336 5001 396 5053 tu
429 4999 740 5065 Dominus,
773 5014 878 5070 ego
909 5015 1145 5064 servus;
1171 5001 1232 5052 tu
1265 4997 1634 5070 Redemptor,
1651 5013 1756 5070 ego

146 5091 391 5150 peccator.

204 5194 226 5220 ί(
254 5173 567 5247 Respondit
593 5177 786 5245 Jesus,
821 5181 876 5231 et
905 5175 1050 5231 dixit
1095 5175 1193 5247 ei:
1229 5175 1389 5241 Quod
1435 5192 1538 5248 ego
1588 5174 1756 5242 facio,

151 5277 173 5304 «κ
195 5263 248 5314 tu
277 5265 456 5320 nescis
488 5265 684 5334 modo,
710 5266 859 5321 scies
890 5269 1088 5320 autem
1121 5269 1389 5337 postea.»
1415 5265 1600 5335 Hujus
1623 5264 1756 5319 facti

148 5352 454 5420 mysterium
504 5355 754 5411 necdum
803 5353 1105 5427 intelligis,
1139 5354 1238 5410 sed
1296 5357 1497 5426 postea
1545 5352 1756 5408 intelli-

149 5449 248 5506 ges.

205 5548 228 5574 «
258 5528 393 5591 Quia
421 5533 472 5588 si
502 5538 563 5590 te
595 5551 705 5591 non
737 5533 950 5598 lavero,
975 5549 1090 5588 non
1122 5531 1367 5588 habebis
1400 5534 1622 5602 partem
1646 5548 1761 5588 me-

148 5617 173 5665 a
199 5630 336 5676 cum.
370 5620 519 5680 Dixit
562 5623 760 5683 Petrus
795 5640 808 5681 :
842 5622 966 5680 Non
1019 5621 1240 5680 lavabis
1289 5619 1432 5678 mibi
1471 5621 1648 5697 pedes
1698 5621 1760 5680 in

1858 551 2096 605 territus
2128 553 2504 624 responsione
2536 554 2786 624 Domini,
2815 556 2958 610 dixit
2991 573 3004 611 :

1934 661 1957 688 ‹‹
1989 639 2251 707 Domine,
2288 659 2402 698 non
2449 648 2679 698 tantum
2727 645 2924 716 pedes,
2961 645 3059 700 sed
3105 651 3161 700 et
3208 663 3418 701 manus
3451 655 3505 704 et

1858 750 1883 776 ‹‹
1921 734 2116 800 caput.
2156 752 2182 777 »
2215 731 2698 804 Quandoquidem
2729 733 2812 787 sic
2845 733 3087 790 minaris
3119 735 3367 792 lavanda
3399 738 3503 794 tibi

1857 833 1990 872 mea
2020 819 2299 887 membra,
2321 837 2434 875 non
2467 821 2655 877 solum
2685 821 2802 878 ima
2833 840 2946 877 non
2979 825 3281 892 subtraho,
3304 843 3505 882 verum

1857 906 2032 962 etiam
2064 907 2254 980 prima
2301 910 2634 966 substerne.
2669 912 2748 967 Ne
2780 911 2925 967 mihi
2956 930 3130 986 neges
3158 914 3504 986 capiendam

1856 998 2048 1051 tecum
2093 1002 2339 1068 partem,
2375 998 2596 1055 nullam
2647 999 2749 1055 tibi
2797 1017 2940 1073 nego
2988 1001 3340 1058 abluendam
3393 1006 3506 1061 mei

1856 1085 2116 1156 corporis
2147 1092 2392 1158 partem.

1931 1198 1957 1224 ‹‹
1992 1175 2311 1248 Respondit
2342 1175 2390 1230 ei
2421 1177 2592 1233 Jesus
2627 1195 2639 1232 :
2676 1179 2780 1244 Qui
2819 1179 2972 1235 lotus
3020 1186 3130 1248 est,
3163 1200 3277 1238 non
3332 1184 3509 1240 habet

1857 1287 1884 1310 ‹‹
1915 1281 2063 1336 opus
2095 1265 2204 1320 nisi
2236 1266 2412 1338 pedes
2444 1264 2654 1338 lavare,
2703 1270 2802 1323 sed
2848 1274 2938 1324 est
2969 1271 3227 1326 mundus
3258 1277 3437 1328 totus.
3478 1297 3504 1323 »

1857 1354 2156 1418 Quomodo
2187 1359 2342 1410 totus
2372 1360 2460 1411 est
2490 1358 2766 1424 mundus,
2788 1363 2844 1412 et
2875 1357 3076 1430 utique
3109 1364 3302 1416 tamen
3326 1363 3506 1434 pedes

1857 1442 1908 1497 ei
1943 1441 2172 1498 lavandi
2201 1449 2360 1508 sunt,
2393 1445 2504 1498 nisi
2539 1445 2676 1517 quia
2729 1448 2985 1502 mundus
3035 1451 3124 1504 est
3173 1450 3228 1504 in
3279 1450 3506 1507 lavacro

1858 1532 2043 1586 sancti
2078 1532 2442 1605 baptismatis
2460 1536 2486 1588 2’
2513 1534 2572 1588 In
2607 1535 2898 1607 baptismo
2929 1554 3183 1609 namque
3213 1540 3509 1596 donantur

1857 1620 2029 1676 nobis
2060 1623 2255 1676 omnia
2285 1621 2514 1678 delicta.
2543 1624 2652 1678 Sed
2688 1624 2842 1679 sicut
2873 1642 2996 1698 pes.
3022 1625 3120 1697 qui
3155 1631 3366 1684 terram
3397 1629 3508 1684 cal-

1859 1714 1970 1778 cat,
2005 1728 2120 1765 non
2151 1716 2341 1782 potest
2374 1713 2596 1784 absque
2626 1713 2899 1770 sordibus
2927 1731 3075 1782 esse,
3102 1715 3182 1770 sic
3214 1734 3384 1774 nemo
3406 1735 3508 1791 po-

1858 1803 1972 1854 test
2001 1799 2188 1854 vivere
2220 1800 2346 1856 sine
2379 1801 2649 1873 peccatis,
2685 1819 2787 1874 pro
2836 1802 3054 1875 quibus
3092 1805 3351 1875 quotidie
3381 1824 3508 1863 ora-

1861 1902 2032 1942 mus:
2069 1910 2097 1937 ‹‹
2132 1887 2368 1943 Dimitte
2419 1888 2588 1945 nobis
2633 1889 2826 1945 debita
2877 1895 3076 1946 nostra
3101 1892 3314 1963 (Matth.
3346 1895 3445 1967 v‘I).
3482 1920 3509 1946 ››

1861 1976 2074 2032 Iterum
2109 1975 2342 2048 pulvere
2372 1981 2611 2034 terrena:
2645 1978 3024 2035 habitationis
3054 1981 3231 2037 homo
3255 1983 3516 2039 sordida-

1860 2069 1977 2130 tus,
1998 2081 2232 2120 necesse
2256 2065 2430 2121 habet
2457 2067 2665 2122 iterum
2693 2067 2868 2123 lavari
2903 2086 3006 2141 per
3033 2071 3282 2142 gratiam
3307 2073 3512 2128 divine

1862 2152 2115 2225 pietatis,
2149 2153 2281 2209 licet
2315 2155 2474 2227 prius
2505 2157 2706 2210 eadem
2740 2157 2927 2228 gratia
2958 2163 3112 2212 esset
3145 2162 3304 2216 totus
3338 2178 3514 2215 mun-

1863 2243 2056 2307 datus,
2091 2242 2352 2314 apostolo
2385 2244 2607 2298 Joanne
2639 2248 2948 2301 atteslante
2984 2263 2996 2299 :
3033 2269 3060 2295 «
3097 2247 3155 2302 Si
3196 2248 3516 2305 dixerimus

1863 2331 2003 2402 quia
2032 2335 2332 2402 peccatum
2369 2349 2482 2386 non
2525 2331 2831 2398 habemus,
2865 2335 3133 2406 nosipsos
3167 2335 3514 2408 decipimus,

1863 2425 1920 2474 et
1950 2420 2162 2474 veritas
2200 2419 2254 2474 in
2309 2419 2479 2476 nobis
2525 2437 2637 2475 non
2689 2425 2777 2477 est
2808 2422 2856 2493 (I
2882 2427 3045 2480 Joau.
3082 2426 3142 2494 ι).
3179 2447 3206 2473 ››
3251 2424 3518 2488 Quotidie

1866 2509 2044 2581 igitur
2076 2510 2250 2580 pedes
2282 2507 2432 2564 lavat
2464 2509 2652 2577 nobis,
2673 2511 2772 2582 qui
2807 2511 3141 2583 interpellat
3171 2530 3274 2584 pro
3307 2515 3514 2571 nobis:

1865 2602 1919 2652 et
1951 2599 2210 2669 quotidie
2243 2615 2347 2652 nos
2393 2598 2604 2652 habere
2635 2616 2804 2670 opus,
2839 2605 2902 2653 ut
2934 2600 3110 2672 pedes
3140 2601 3424 2672 lavemus,
3459 2604 3517 2658 in

1866 2686 1994 2757 ipsa
2023 2687 2280 2741 oratione
2315 2687 2615 2740 Dominica
2647 2689 3016 2754 confitemur,
3048 2705 3180 2743 cum
3214 2690 3468 2746 dicimus
3501 2710 3514 2747 :

1867 2799 1892 2823 «ι
1931 2775 2167 2829 Dimitte
2199 2774 2371 2828 nobis
2401 2774 2594 2828 debita
2627 2779 2847 2841 nostra,
2875 2776 3026 2830 sicut
3055 2781 3111 2832 et
3140 2795 3246 2834 nos
3277 2779 3518 2834 dimitti-

1868 2881 2002 2919 mus
2033 2861 2393 2917 debitoribus
2426 2863 2662 2918 nostris.
2688 2887 2713 2911 n
2733 2888 2757 2911 ‹‹
2789 2864 2855 2918 Et
2876 2881 2975 2920 vos
2997 2867 3202 2921 mundi
3237 2868 3517 2932 estis,sed

1874 2976 1893 3002 α
1926 2969 2040 3006 non
2065 2967 2287 3006 omnes.
2304 2974 2330 3000 »
2352 2951 2512 3015 Quod
2536 2951 2905 3025 Evangelista
2927 2954 3308 3026 sequentibus
3328 2957 3519 3012 verbis

1869 3039 2122 3114 exponit,
2156 3039 2284 3095 ideo
2315 3044 2690 3096 transeamus
2721 3042 2792 3096 ad
2827 3046 3049 3098 cratera.

1941 3152 1969 3177 «
2000 3129 2315 3200 Postquam
2348 3146 2484 3202 ergo
2515 3128 2654 3184 lavit
2686 3131 2860 3202 pedes
2891 3147 3115 3186 eorum.
3138 3156 3158 3184 ι
3187 3131 3247 3187 Id
3283 3137 3389 3199 est,
3410 3133 3520 3189 im-

1869 3217 2024 3291 pleta
2041 3234 2100 3272 re
2111 3217 2458 3289 demptionis
2476 3221 2688 3273 nostra:
2707 3219 3070 3290 purgatione,
3091 3237 3194 3292 per
3214 3222 3520 3294 sanguinis

1868 3305 1959 3362 sui
1990 3306 2355 3372 eii‘usionem,
2376 3305 2596 3379 accepit
2629 3306 2977 3362 vestimenta
2999 3325 3125 3376 sua,
3146 3308 3314 3364 tertio
3337 3309 3428 3365 die
3450 3311 3520 3366 de

1869 3394 2136 3466 sepulcro
2172 3410 2503 3468 resurgens,
2537 3399 2591 3450 et
2638 3395 2840 3451 eodem
2893 3411 3127 3469 corpore
3160 3414 3274 3469 quo
3305 3398 3522 3454 morie-

1869 3485 2044 3540 batur
2075 3483 2131 3538 in
2163 3500 2352 3550 cruce,
2384 3483 2735 3539 immortalis
2767 3485 2955 3540 factus
3005 3490 3060 3540 et
3088 3486 3356 3542 vestitus.
3392 3511 3418 3536 ‹‹
3454 3489 3526 3542 Et

1869 3591 2001 3629 cum
2035 3572 2418 3642 recubuisset,
2457 3596 2483 3622 ››
2515 3573 2624 3629 hoc
2657 3578 2763 3642 est,
2789 3573 3002 3629 iterum
3027 3574 3289 3630 ascendit
3320 3575 3377 3630 in
3409 3593 3520 3631 cu:-

1868 3663 2012 3729 lum,
2048 3663 2104 3717 in
2139 3663 2434 3718 dexteram
2469 3661 2568 3717 Dei
2601 3663 2832 3731 sedens,
2867 3668 2922 3719 et
2959 3665 3016 3718 in
3065 3665 3371 3735 majestate
3422 3682 3522 3737 pa~

1868 3758 2044 3808 terna:
2076 3750 2397 3806 divinitatis
2429 3751 2798 3818 recumbens,
2821 3753 2974 3808 unde
3005 3753 3214 3808 iterum
3241 3758 3524 3809 venturus

1869 3845 1957 3897 est
1995 3841 2262 3912 judicare
2313 3840 2472 3895 vivos
2530 3844 2587 3895 et
2644 3845 2927 3896 mortuos.
2988 3842 3267 3913 Sequitur
3313 3842 3519 3898 enim:

1869 3955 1895 3980 ‹‹
1931 3929 2083 3984 Dixit
2113 3930 2196 3983 eis
2231 3945 2242 3982 :
2277 3927 2451 3982 Scitis
2479 3928 2619 4000 quid
2657 3930 2889 3984 fecerim
2941 3930 3154 3986 vobis?
3189 3953 3216 3979 ››
3267 3931 3385 3985 Hoc
3417 3931 3518 3999 ait,

1869 4018 2023 4091 quod
2058 4023 2190 4072 ante
2220 4017 2588 4088 promiserat,
2624 4019 2764 4072 dum
2800 4019 2964 4074 Petro
2992 4019 3253 4090 apostolo
3287 4037 3522 4092 respon-

1868 4107 1985 4162 dit:
2020 4130 2046 4156 (ι
2080 4106 2240 4171 Quod
2275 4121 2381 4176 ego
2415 4105 2582 4171 facio,
2616 4111 2678 4160 tu
2713 4106 2902 4161 nescis
2935 4108 3127 4173 modo,
3153 4107 3303 4162 scies
3327 4114 3520 4162 autem

1867 4200 2088 4268 postea.
2127 4217 2152 4243 υ
2183 4194 2348 4248 Nunc
2378 4197 2467 4248 est
2496 4193 2640 4247 illud
2676 4198 2809 4248 ante
2841 4195 3218 4266 promissum.

1939 4309 1965 4334 ‹‹
1999 4283 2113 4338 Vos
2143 4281 2363 4337 vocatis
2404 4298 2495 4336 me
2546 4279 2826 4352 Magister
2872 4285 2928 4337 et
2971 4281 3233 4350 Domine,
3267 4286 3323 4337 et
3373 4283 3522 4339 bene

1867 4398 1893 4424 α
1929 4372 2144 4428 dicitis.
2175 4394 2202 4421 »
2239 4370 2479 4441 Utique;
2513 4368 2652 4440 quia
2678 4383 2878 4425 verum
2915 4369 3128 4425 dicitis.
3165 4393 3192 4418 ‹‹
3228 4370 3367 4426 Sum
3402 4375 3518 4427 ete-

1874 4483 1894 4510 ι
1922 4462 2064 4516 nim.
2090 4484 2115 4510 ι)
2133 4461 2258 4515 Non
2282 4459 2623 4532 arrogantia:
2649 4463 2805 4531 typo,
2832 4460 2931 4514 sed
2957 4458 3212 4514 veritatis
3239 4459 3520 4532 obsequio

1868 4551 2031 4607 dixit.

1944 4662 1972 4692 ‹‹
2003 4639 2062 4695 Si
2095 4655 2231 4710 ergo
2257 4653 2362 4710 ego
2392 4637 2502 4693 lavi
2537 4640 2759 4692 vestros
2792 4637 2968 4709 pedes
2999 4637 3283 4692 Dominus
3314 4641 3369 4692 et
3401 4636 3520 4691 Ma;

1870 4754 1898 4782 ‹‹
1923 4729 2121 4802 gister,
2141 4732 2197 4782 et
2217 4743 2317 4782 vos
2349 4725 2574 4781 debetis
2605 4725 2751 4781 alter
2779 4725 3022 4782 alterius
3052 4725 3244 4780 lavare
3266 4725 3463 4798 pedes.
3488 4743 3516 4776 ο

1867 4820 1926 4875 Si
1956 4835 2060 4890 ego
2085 4819 2236 4872 Deus
2259 4822 2314 4870 et
2338 4815 2621 4870 Dominus
2645 4815 2840 4869 dimisi
2863 4816 3027 4870 vobis
3051 4819 3285 4886 peccata
3305 4818 3516 4880 vestra,

1867 4914 1923 4966 et
1942 4925 2044 4964 vos
2064 4907 2286 4961 debetis
2309 4904 2453 4960 alter
2474 4903 2714 4959 alterius
2739 4909 2973 4976 peccata
2994 4903 3308 4959 dimittere.
3326 4903 3391 4957 Et
3413 4902 3520 4958 hoc

1867 5004 1957 5056 est
1986 4997 2140 5070 quod
2174 4993 2484 5068 Apostolus
2515 4993 2595 5048 ait
2623 5009 2635 5046 :
2673 5016 2699 5042 ‹‹
2734 4993 3025 5048 Donantes
3055 4993 3220 5048 vobis
3251 4991 3521 5063 metipsis

1867 5089 1915 5144 si
1948 5087 2082 5160 quis
2114 5085 2392 5140 adversus
2423 5080 2677 5152 aliquem
2706 5081 2882 5138 habet
2905 5082 3224 5155 querelAm,
3244 5081 3398 5136 sicut
3418 5079 3524 5135 Do-

1867 5177 2064 5233 minus
2094 5173 2332 5229 donavit
2359 5170 2542 5233 vobis,
2577 5169 2658 5225 ita
2688 5175 2744 5225 et
2772 5188 2873 5226 vos
2904 5171 3148 5227 invicem
3179 5171 3316 5242 (Col.
3351 5170 3455 5242 ιιι).
3493 5192 3520 5219 η

1869 5267 2068 5337 Itaque
2100 5261 2266 5318 nobis
2291 5257 2499 5315 delicta
2519 5258 2826 5325 donemus,
2845 5264 2902 5314 et
2925 5277 3028 5331 pro
3052 5259 3272 5315 nostris
3293 5257 3522 5314 delictis

1868 5354 2114 5410 invicem
2137 5364 2372 5406 oremus
2395 5349 2568 5418 atque
2594 5345 2674 5401 ita
2699 5348 3135 5418 quodammodo
3157 5349 3405 5403 invicem
3430 5363 3524 5419 pe-

1868 5445 1971 5500 des
2001 5445 2230 5496 nostros
2263 5435 2544 5492 lavemus.
2581 5435 2737 5491 Licet
2768 5435 2876 5492 hoc
2925 5437 3302 5510 corporaliter
3331 5434 3518 5491 chari-

1867 5533 2002 5589 tatis
2021 5529 2210 5586 ofﬁcio
2233 5531 2288 5582 et
2311 5523 2664 5580 humilitatis
2688 5525 2952 5599 exemplo
2973 5525 3274 5598 aliquibus
3301 5523 3520 5579 utiliter

1869 5623 2055 5680 facere
2086 5617 2332 5696 placeat,
2351 5618 2547 5672 tamen
2572 5613 2910 5693 spiritaliter
2938 5615 2999 5674 in
3021 5615 3192 5674 corde
3220 5611 3513 5674 omnibus.
