4012 6174
404 325 522 384 493

907 281 911 286 ι
964 320 1373 384 HAYMONIS
1421 321 1962 386 HALBERSTAT.
2009 322 2255 386 EPISC.
2307 326 2478 386 OPP.
2528 325 2726 386 PARS
2774 325 3249 386 lI.—-IIOMIL.

3692 324 3802 382 424

403 455 697 529 agendum
728 458 836 520 est,
858 458 920 508 ut
951 454 1145 510 debita
1177 461 1377 510 nostra
1409 455 1652 512 invicem
1685 456 2055 512 dimittamus
2081 459 2137 525 Α
2170 463 2254 514 est
2287 475 2355 514 ex
2402 457 2587 524 vobis,
2623 457 2736 514 nisi
2775 475 2843 514 ex
2887 457 3052 514 vobis
3101 458 3292 512 iturus
3339 460 3426 510 est
3477 455 3578 526 qui
3629 455 3808 510 tradet

403 545 592 610 nobis,
626 544 780 599 sicut
810 561 844 597 a
874 543 989 598 Deo
1023 544 1192 600 nobis
1222 545 1418 600 debita
1450 551 1650 602 uestra
1696 545 1912 601 dimitti
1956 547 2055 602 de-

403 649 734 705 precamur.
768 633 1048 704 Sequitur
1080 649 1094 686 :

2167 564 2258 601 me
2282 548 2309 601 ?

2242 659 2262 686 a
2292 636 2670 709 Aspiciebant
2711 653 2846 708 ergo
2899 637 2970 692 ad
3023 634 3268 691 invicem
3319 622 3610 706 discipuli,
3645 631 3806 688 haesi-

479 763 501 788 ιι
535 743 736 804 Amen,
771 753 942 793 amen
973 736 1101 794 dico
1133 739 1318 809 vobis,
1355 757 1472 795 non
1503 745 1594 796 est
1624 757 1826 797 servus
1868 742 2026 812 majo

2165 747 2192 774 ‹‹
2228 729 2424 782 tantes
2450 726 2520 781 de
2543 741 2659 796 quo
2684 725 2919 782 diceret.
2944 748 2970 774 »
2995 725 3087 780 Sic
3111 724 3327 796 quippe
3346 722 3405 776 in
3429 722 3512 779 eis
3533 727 3656 776 erat
3674 737 3806 794 erga

402 849 432 877 «
462 826 699 882 domino
730 843 858 892 suo,
891 843 1080 897 neque
1109 827 1412 900 apostolus
1445 830 1636 899 major
1661 847 1726 886 eo
1761 830 1860 902 qui
1894 831 2056 886 misit

401 939 430 966 «
460 915 650 970 illum.
682 914 740 969 Si
774 914 892 970 haec
921 915 1084 970 scitis
1115 917 1266 972 beati
1322 917 1504 983 eritis,
1539 918 1590 973 si
1619 918 1868 974 feceritis
1900 934 1986 974 ea.
2021 939 2049 969 »

399 1005 517 1060 Hoc
550 1004 678 1059 ideo
709 1001 1026 1075 dixit,quia
1053 1003 1269 1060 laverat
1291 1006 1466 1077 pedes
1488 1006 1911 1079 discipulorum
1936 1024 2054 1062 mav-

398 1093 582 1164 gister
611 1091 979 1162 humilitatis,
998 1098 1064 1147 ut
1084 1093 1257 1148 verbo
1287 1099 1345 1149 et
1373 1093 1634 1166 exemplo
1667 1112 1764 1151 eos
1797 1097 2050 1151 instrue-

399 1187 486 1236 ret
517 1181 572 1235 in
605 1179 904 1235 eharitatis
935 1181 1146 1236 ofﬁcio.

469 1310 498 1338 ‹‹
530 1288 650 1342 Non
683 1288 756 1342 de
783 1288 1059 1342 omnibus
1089 1289 1272 1355 vobis,
1302 1312 1331 1338 »
1355 1291 1410 1345 id
1445 1295 1554 1356 est.
1576 1308 1691 1346 non
1716 1307 1918 1346 omnes
1949 1309 2050 1349 vos

395 1377 593 1432 beatos
624 1376 774 1431 dico.
811 1399 837 1424 ‹‹
872 1377 989 1448 Ego
1041 1377 1160 1433 scio
1210 1395 1356 1450 quos
1403 1379 1698 1452 elegerim,
1737 1402 1757 1428 ν
1795 1382 1864 1436 ad
1898 1381 2048 1437 hanc

396 1465 838 1531 beatitudinem,
873 1469 937 1518 ut
972 1483 1236 1521 meorum
1289 1483 1568 1539 sequaces
1601 1473 2043 1541 praeceptorum.

395 1579 420 1605 ‹‹
445 1555 553 1610 Sed
590 1559 654 1609 ut
675 1553 987 1624 implentur
1008 1555 1342 1627 Scriptura:
1369 1556 1474 1619 Qui
1499 1557 1814 1612 manducet
1836 1575 2044 1630 panem

393 1666 418 1693 (ι
455 1659 685 1698 mecum
718 1641 934 1696 levabit
962 1648 1166 1698 contra
1197 1659 1288 1698 me
1320 1645 1656 1700 calcaneum
1692 1663 1889 1701 suum.
1923 1670 1950 1696 »
1984 1648 2042 1703 Id

391 1733 497 1797 est,
534 1729 780 1784 caleabit
810 1746 920 1784 me.
956 1731 1271 1785 Manducat
1302 1749 1511 1803 panem
1545 1749 1656 1788 non
1691 1734 1762 1788 ad
1795 1734 2044 1790 salutem

391 1819 524 1891 sibi,
559 1820 660 1874 sed
693 1820 762 1874 ad
799 1835 1028 1891 poenam
1067 1836 1080 1874 :
1116 1819 1256 1890 quia
1301 1822 1696 1888 manducavit,
1734 1828 1798 1878 ut
1846 1823 2049 1880 lateret
2080 1829 2124 1893 Β

390 1905 670 1982 proditor,
705 1924 818 1963 non
869 1913 933 1962 ut
961 1909 1268 1980 proﬁceret
1300 1914 1543 1965 amator.
1579 1911 1726 1976 Quid
1759 1917 1851 1968 est
1889 1914 2044 1984 quod

389 1997 502 2054 alio
534 1997 658 2053 loco
691 1997 834 2052 dixit
858 2014 871 2052 :
899 2020 926 2046 «
952 1997 1152 2053 Nonne
1178 2015 1274 2053 vos
1299 1999 1605 2054 duodecim
1637 2000 1866 2074 clegi,et
1892 2019 2043 2057 unus

387 2103 456 2141 ex
485 2087 648 2142 vobis
679 2085 946 2142 diabolus
965 2089 1054 2141 est
1075 2088 1248 2154 (Joan.
1277 2088 1354 2158 V1)
1375 2087 1403 2142 ‘I
1428 2110 1455 2136 »
1477 2091 1535 2144 et
1556 2087 1649 2143 hic
1672 2089 1845 2144 dicit:
1874 2114 1900 2140 «
1926 2091 2042 2164 Ege

389 2177 509 2231 scio
539 2192 687 2247 quos
716 2175 988 2248 elegerim
1009 2176 1037 2230 ?
1067 2198 1093 2225 »
1129 2176 1356 2232 Electus
1387 2182 1476 2232 est
1522 2177 1677 2233 enim
1709 2177 1805 2234 ille
1834 2180 2039 2246 Judas,

389 2281 504 2320 non
537 2265 608 2319 ad
643 2264 1087 2329 beatitudinem,
1110 2265 1209 2320 sed
1235 2266 1306 2319 ad
1331 2266 1675 2338 perditionis
1698 2269 2001 2340 perﬁdiam
2027 2285 2039 2325 :

387 2354 461 2408 ob
492 2353 738 2408 salutem
773 2354 998 2419 mundi,
1057 2370 1168 2407 non
1205 2371 1395 2419 suam,
1431 2355 1568 2427 quia
1599 2357 1821 2412 dictum
1853 2362 1940 2412 est
1970 2359 2040 2413 de

385 2459 532 2499 en:«
558 2441 764 2497 Melius
787 2446 940 2496 esset
963 2442 1185 2496 homini
1207 2440 1290 2495 illi
1327 2443 1374 2497 si
1410 2460 1522 2498 non
1559 2445 1761 2500 fuisset
1794 2452 2036 2502 natus.»

355 2538 357 2540 ’
385 2531 485 2586 Isti
517 2548 670 2597 vero,
706 2531 776 2585 de
808 2531 1025 2602 quibus
1077 2530 1250 2584 modo
1294 2532 1439 2586 dixit
1473 2550 1484 2586 :
1526 2555 1545 2580 α
1592 2534 1708 2605 Ego
1741 2535 1859 2589 scio
1891 2552 2038 2606 quos

383 2620 680 2694 elegerim,
718 2645 738 2671 ι
779 2620 850 2674 ad
885 2619 1304 2676 beatitudinem
1355 2627 1577 2676 aeternae
1627 2624 1823 2695 gloriae
1871 2625 2033 2680 electi

384 2717 540 2768 sunt.

453 2840 480 2866 ‹‹
515 2817 736 2874 Amodo
766 2818 894 2872 dico
927 2817 1108 2884 vobis,
1143 2817 1354 2888 inquit,
1412 2819 1757 2892 priusquam
1807 2823 1926 2887 ﬁat,
1973 2827 2037 2878 ut

389 2931 410 2958 ι
448 2906 721 2971 credatis,
754 2923 886 2961 cum
937 2907 1154 2961 factum
1189 2906 1379 2976 fuerit,
1414 2909 1550 2980 quia
1583 2925 1686 2980 ego
1721 2929 1871 2966 sum.
1911 2937 1934 2960 υ
1972 2913 2030 2967 1d

380 3000 489 3062 est,
521 3012 626 3068 ego
659 3011 789 3050 sum
822 2995 892 3049 de
939 3012 1053 3066 quo
1103 2994 1203 3050 illa
1251 2995 1552 3070 Scriptura
1583 3000 1897 3070 prmcessit,
1934 3001 2032 3057 ubi

380 3085 602 3139 dictum
630 3089 720 3138 est
745 3099 756 3139 :
784 3107 810 3132 «
837 3083 941 3148 Qui
973 3083 1286 3140 manducet
1309 3102 1537 3142 mecum
1566 3104 1798 3159 panem,
1820 3087 2034 3145 levabit

379 3189 556 3245 super
587 3189 680 3228 me
707 3172 1041 3228 calcaneum
1076 3173 1247 3245 (Psal.
1283 3177 1392 3246 xc).
1433 3199 1460 3223 η

451 3304 478 3331 ‹‹
515 3279 627 3346 Qui
651 3279 862 3352 accipit
903 3279 952 3334 si
1004 3296 1178 3352 quem
1229 3279 1466 3351 misero,
1519 3300 1608 3338 me
1659 3285 1888 3357 accipit.
1923 3285 2031 3351 Qui

378 3394 406 3419 ‹‹
441 3374 638 3426 autem
684 3385 776 3425 me
825 3368 1057 3441 accipit,
1085 3368 1295 3440 accipit
1344 3387 1478 3425 eum
1528 3373 1627 3442 qui
1663 3389 1754 3427 me
1786 3373 1965 3429 misit.
2000 3397 2028 3423 ››

377 3458 521 3513 Cum
555 3457 675 3511 haec
707 3456 956 3522 dicebat,
987 3473 1101 3512 non
1136 3456 1420 3512 unitatem
1455 3462 1673 3515 natura:
1704 3460 2026 3525 divisit,sed

378 3544 670 3600 mittentis
715 3543 1115 3601 auctoritatem
1168 3545 1442 3600 ostendit.
1477 3546 1568 3600 Sic
1613 3547 1812 3618 utique
1845 3567 2026 3606 unus-

378 3631 628 3705 quisque
657 3649 790 3687 eum
825 3632 1034 3703 quiest
1057 3632 1276 3687 missus
1297 3633 1564 3704 accipiat,
1585 3641 1647 3690 ut
1673 3637 1730 3690 in
1754 3636 1870 3704 illo,
1891 3654 2025 3694 eum

376 3721 479 3793 qui
513 3720 673 3776 misit
718 3719 966 3791 accipiat
1011 3721 1095 3774 vel
1149 3722 1428 3776 attendat.
1464 3723 1522 3777 Si
1573 3741 1710 3796 ergo
1759 3729 2026 3783 attendas

374 3810 667 3865 Christum
694 3810 750 3864 in
779 3809 965 3875 Patre,
986 3809 1244 3864 invenies
1267 3810 1536 3883 discipuli
1571 3822 1981 3887 prmceptorem
2009 3835 2021 3873 :

373 3900 419 3955 si
457 3903 651 3954 autem
684 3897 951 3953 attendas
979 3897 1206 3953 Patrem
1241 3899 1298 3954 in
1333 3899 1494 3968 Filio,
1531 3902 1787 3959 invenies
1821 3906 2023 3979 unige-

373 3987 477 4042 niti
512 3986 834 4060 genitorem
865 4002 877 4039 :
914 4003 978 4040 ac
1009 3987 1094 4041 sic
1144 3987 1200 4041 in
1252 4005 1342 4054 eo,
1370 3989 1473 4061 qui
1506 3991 1722 4047 missus
1755 3997 1863 4064 est,
1897 3995 2024 4050 sine

371 4075 489 4132 ullo
522 4074 731 4147 accipit
759 4091 951 4130 errore
984 4075 1330 4134 mittentem.

443 4206 468 4232 ‹‹
503 4182 649 4237 Cum
680 4181 801 4238 haec
835 4181 1077 4238 dixisset
1104 4183 1300 4249 Je-sus,
1320 4186 1591 4243 turbatus
1609 4191 1699 4244 est
1719 4189 2023 4261 spiritu,et

368 4294 396 4322 ‹‹
432 4275 787 4344 protestatus
819 4275 926 4339 est,
955 4276 1010 4326 et
1039 4272 1216 4328 dixit:
1243 4276 1448 4343 Amen,
1471 4293 1641 4331 amen
1673 4277 1802 4333 dico
1832 4280 2018 4349 vobis,

365 4383 394 4411 «
431 4361 572 4432 quia
603 4377 757 4416 unus
787 4377 855 4416 ex
897 4360 1062 4416 vobis
1112 4363 1299 4417 tradet
1349 4381 1461 4419 me.
1495 4385 1522 4414 »
1557 4365 1835 4422 Turbavit
1881 4385 2022 4425 eum

363 4448 681 4505 imminens
712 4449 1006 4521 passio,et
1028 4450 1349 4521 periculum
1383 4453 1736 4523 proximum,
1757 4461 1813 4510 et
1843 4458 2019 4512 tradi-

2163 815 2515 887 magistrum
2537 831 2713 870 suum
2739 815 2834 887 pia
2850 813 3123 880 charitas,
3141 817 3205 876 ut
3220 817 3416 868 tamen
3434 828 3532 866 eos
3554 810 3805 868 humana

2161 901 2412 959 alterum
2446 902 2729 959 dealtero
2775 902 3105 959 stimularet
3152 901 3484 956 infirmitas.
3515 901 3660 955 Nota
3706 899 3810 955 fuit

2161 991 2476 1064 unicuique
2530 1009 2638 1048 sua
2667 991 3051 1058 conscientia,
3086 991 3187 1047 sed
3220 990 3460 1046 alterius
3493 989 3804 1062 incognita.

2233 1105 2261 1128 ‹‹
2294 1081 2431 1136 Erat
2462 1085 2657 1140 autem
2692 1081 3038 1135 recumbens
3071 1095 3224 1134 unus
3253 1095 3321 1134 ex
3349 1077 3657 1150 discipulis
3684 1077 3806 1148 ejus

2079 1215 2086 1220 .
2161 1191 2188 1218 ‹‹
2217 1169 2274 1224 in
2297 1169 2432 1224 sinu
2454 1171 2614 1237 Jcsu,
2635 1186 2811 1241 quem
2833 1167 3116 1241 diligebat
3135 1168 3329 1224 Jesus.
3355 1189 3382 1216 ››
3406 1165 3564 1232 Quod
3589 1164 3808 1222 dixerat

2158 1256 2217 1312 in
2251 1258 2406 1326 sinu,
2428 1257 2601 1329 paulo
2631 1262 2765 1330 post
2793 1257 2934 1312 dicit
2954 1274 3130 1328 super
3151 1261 3356 1329 pectus
3375 1253 3512 1311 Jesu
3535 1272 3548 1308 :
3576 1254 3698 1326 ipse
3719 1260 3808 1310 est

2156 1347 2434 1412 Joannes,
2456 1348 2626 1418 cujus
2647 1351 2734 1402 est
2757 1346 2863 1402 hoc
2887 1345 3283 1418 Evangelium,
3301 1345 3453 1400 sicut
3469 1347 3668 1416 postea
3687 1359 3805 1398 ma-

2158 1437 2486 1492 nifestatur.
2519 1437 2656 1492 Erat
2685 1434 2840 1492 enim
2875 1436 2994 1490 haec
3045 1451 3248 1490 eorum
3298 1433 3655 1490 consuetudo
3704 1432 3803 1504 qui

2157 1542 2354 1581 sacras
2378 1525 2546 1581 nobis
2567 1525 2794 1580 litteras
2817 1524 3249 1589 ministrarunt,
3273 1527 3336 1578 ut
3357 1522 3591 1594 quando
3613 1520 3684 1576 ab
3709 1521 3808 1576 ali-

2155 1631 2272 1686 quo
2318 1631 2521 1670 eorum
2572 1614 2771 1669 divina
2829 1613 3180 1668 narrabatur
3237 1611 3505 1677 historia,
3555 1626 3687 1664 cum
3738 1611 3805 1666 ad

2155 1704 2415 1776 seipsum
2446 1704 2687 1771 veniret,
2706 1707 2986 1774 tanquam
3011 1702 3081 1758 de
3111 1701 3224 1757 alio
3254 1701 3623 1773 loqueretur:
3648 1704 3706 1754 et
3729 1700 3807 1755 sic

2155 1810 2216 1848 se
2249 1793 2529 1848 insereret
2559 1791 2909 1847 ordinationi
2967 1790 3319 1846 narrationis
3350 1807 3490 1856 sua),
3525 1793 3804 1859 tanquam

2156 1899 2349 1936 rerum
2382 1886 2682 1953 gestarum
2717 1880 2985 1952 scriptor,
3023 1897 3138 1936 non
3186 1883 3465 1950 tanquam
3497 1877 3686 1950 ipsius
3719 1877 3812 1933 sui

2154 1971 2512 2042 praedicator.
2567 1971 2686 2025 Hoc
2742 1970 2880 2025 fecit
2934 1975 2992 2026 et
3049 1970 3257 2024 beatus
3312 1968 3558 2040 Moyses,
3600 1966 3683 2022 ita
3740 1966 3807 2023 de

2152 2059 2364 2131 seipse,
2399 2063 2678 2131 tanquam
2713 2059 2784 2113 de
2813 2057 2930 2114 alio
2960 2061 3173 2113 cuncta
3206 2055 3480 2113 narravit.
3515 2053 3809 2126 Diligebat

2152 2165 2267 2202 non
2300 2164 2419 2220 przn
2447 2147 2724 2203 omnibus
2755 2164 2962 2214 unum,
2981 2147 3082 2203 sed
3105 2146 3387 2218 quiddam
3411 2145 3470 2200 in
3492 2161 3558 2200 eo
3585 2143 3806 2212 dilexit,

2151 2236 2304 2308 quod
2337 2235 2397 2291 in
2429 2235 2558 2292 aliis
2591 2253 2706 2292 non
2733 2234 2950 2302 dilexit,
2977 2235 3033 2290 id
3063 2239 3172 2302 est,
3196 2238 3260 2289 ut
3280 2249 3419 2305 pace
3438 2233 3721 2288 transiret
3744 2249 3808 2287 ex

2151 2322 2258 2379 hac
2288 2325 2424 2389 vita,
2460 2342 2574 2380 non
2608 2341 2710 2396 per
2736 2324 3071 2396 passionem
3104 2323 3299 2378 ﬁniret
3328 2322 3477 2377 hanc
3508 2321 3710 2376 vitam.
3746 2321 3805 2376 In

2149 2413 2283 2467 sinu
2306 2413 2540 2472 Jesu,id
2567 2419 2653 2469 est
2675 2413 2734 2468 in
2769 2413 3097 2478 secreto,de
3129 2429 3243 2483 quo
3266 2409 3413 2466 illud
3444 2409 3802 2474 mirabile,et

2147 2501 2204 2557 in
2239 2502 2514 2558 omnibus
2545 2502 2774 2558 saeculis
2805 2500 3135 2557 inauditum
3169 2499 3450 2555 cruciavit
3471 2514 3800 2554 sacramen-

2146 2596 2273 2645 tum
2308 2608 2320 2645 :
2357 2614 2384 2640 «
2421 2593 2478 2646 ln
2523 2590 2805 2663 principio
2836 2595 2959 2646 erat
2989 2589 3266 2655 Verbum,
3301 2592 3359 2643 et
3386 2587 3643 2642 Verbum
3673 2591 3799 2642 erat

2145 2681 2301 2752 apud
2331 2680 2540 2744 Deum,
2570 2689 2626 2734 et
2659 2684 2809 2733 Dens
2839 2682 2963 2733 erat
2993 2677 3248 2732 \‘crhum
3282 2677 3456 2748 (Joan.
3492 2680 3550 2742 ι).
3591 2700 3614 2721 »ι

2219 2794 2244 2819 α
2280 2769 2475 2824 lnnuit
2504 2773 2700 2822 autem
2735 2768 2872 2822 huic
2903 2766 3103 2822 Simon
3140 2766 3364 2832 Petrus,
3399 2771 3456 2819 et
3483 2765 3628 2819 dixit
3659 2765 3736 2820 ei.
3774 2789 3792 2815 ι

2146 2858 2446 2913 lnnuendo
2478 2857 2622 2911 dicit
2642 2874 2754 2911 non
2779 2855 3069 2927 loquendo
3093 2871 3105 2908 :
3128 2853 3535 2926 signiﬁcando,
3565 2871 3680 2908 non
3710 2871 3797 2909 so-

2144 2948 2360 3002 nando.
2385 2946 2535 3013 Quid
2557 2945 2698 3000 dicit
2720 2944 3012 2998 innuendo
3034 2943 3060 2997 '?
3085 2942 3246 3008 Quod
3273 2941 3574 3013 sequitur:
3601 2966 3628 2990 υ
3655 2942 3796 3008 Quis

2145 3057 2173 3085 ‹‹
2205 3041 2294 3092 est
2326 3035 2396 3090 de
2426 3051 2541 3106 quo
2572 3032 2758 3088 dicit?
2787 3056 2813 3082 ››
2838 3032 2969 3087 Haec
2999 3031 3173 3088 verba
3204 3029 3406 3085 Petrus
3438 3029 3657 3096 innuit»,
3682 3047 3794 3087 non

2142 3142 2286 3181 sono
2319 3123 2494 3187 vocis,
2529 3123 2630 3178 sed
2663 3125 2822 3176 motu
2857 3119 3116 3193 corporis
3147 3117 3314 3174 dixit.

2214 3235 2239 3260 ‹‹
2290 3213 2489 3283 Itaque
2555 3227 2689 3266 cum
2757 3208 3122 3264 recubuisset
3188 3205 3283 3264 ille
3355 3225 3536 3280 supra
3591 3213 3797 3280 pectus

2138 3302 2299 3358 Jesu.
2337 3324 2364 3348 »
2398 3299 2500 3354 Hic
2530 3303 2620 3354 est
2651 3297 2852 3370 utique
2897 3295 3145 3370 pectoris
3177 3296 3342 3352 sinus
3374 3297 3672 3369 sapientia:
3704 3313 3793 3353 se-

2138 3394 2386 3445 cretum.

2213 3499 2239 3526 ‹‹
2271 3475 2422 3532 Dicit
2449 3475 2500 3531 ei
2535 3492 2548 3530 :
2583 3474 2846 3540 Domine,
2879 3473 3012 3545 quis
3060 3474 3192 3529 est?
3223 3471 3545 3545 Respondit
3587 3471 3640 3527 ei
3689 3472 3789 3529 Je-

2138 3590 2163 3616 ‹‹
2199 3582 2332 3620 sus:
2358 3565 2461 3620 Cui
2491 3581 2595 3636 ego
2628 3563 2940 3618 intinctam
2972 3580 3180 3635 panem
3216 3579 3540 3635 perrexere.
3561 3562 3790 3620 Etcum

2141 3677 2160 3704 α
2194 3642 2530 3708 intinxisset
2548 3669 2778 3725 panem,
2801 3651 2957 3707 dedit
2973 3651 3134 3706 Juda:
3154 3650 3788 3707 Simonislscariothis.

2140 3767 2160 3793 α
2197 3745 2266 3798 Et
2296 3748 2428 3814 post
2459 3759 2690 3814 panem,
2713 3746 2851 3796 tunc
2881 3740 3139 3796 introivit
3169 3740 3228 3794 in
3259 3739 3424 3794 illum
3457 3744 3721 3794 Satanas.
3761 3762 3787 3788 »

2135 3834 2456 3905 Expressus
2486 3837 2575 3886 est
2603 3831 2867 3898 traditor,
2905 3831 3132 3884 nudata:
3167 3835 3304 3884 sunt
3350 3829 3577 3884 latebra:
3617 3833 3786 3883 tene»

2134 3923 2392 3978 brarum.
2414 3921 2636 3976 Bonum
2672 3925 2759 3975 est
2791 3920 2941 3991 quod
2977 3919 3338 3991 accepit,scd
3374 3917 3526 3972 malo
3559 3935 3665 3972 suo
3697 3935 3790 3973 ac-

2131 4011 2283 4082 cepit
2312 4029 2324 4065 :
2356 4010 2493 4082 quia
2524 4007 2676 4064 male
2709 4009 2926 4062 bonum
2979 4006 3171 4063 malus
3220 4006 3460 4078 accepit.
3493 4005 3596 4060 Hic
3625 4005 3785 4062 enim

2131 4102 2372 4156 docetur
2400 4111 2576 4171 quam
2609 4097 2920 4170 diligenter
2960 4097 3130 4152 nobis
3175 4096 3492 4151 cavendum
3526 4094 3603 4149 sit
3632 4094 3789 4152 male

2130 4189 2388 4261 accipere
2419 4188 2658 4242 bonum.
2686 4185 2933 4242 Multum
2963 4185 3179 4258 quippe
3202 4184 3466 4250 interest,
3490 4201 3602 4240 non
3637 4185 3782 4255 quid

2129 4277 2400 4349 accipiat,
2432 4278 2531 4332 sed
2564 4275 2696 4348 quis
2727 4273 2975 4348 accipiat
3009 4291 3022 4329 :
3054 4291 3158 4330 nec
3190 4274 3359 4346 quale
3388 4272 3465 4329 sit
3493 4273 3646 4345 quod
3682 4273 3785 4329 da-

2127 4371 2243 4432 tur,
2262 4366 2363 4422 sed
2396 4364 2588 4436 qualis
2619 4365 2698 4420 sit
2727 4363 2851 4435 ipse
2882 4363 2974 4418 cui
3007 4363 3197 4418 datur.
3220 4362 3462 4418 Intravit
3481 4378 3619 4436 ergo
3647 4366 3786 4435 post

2128 4455 2283 4510 hunc
2307 4471 2516 4526 panem
2544 4454 2791 4508 Satanas
2822 4453 2881 4507 in
2916 4451 3146 4508 Domini
3179 4451 3542 4517 traditorem,
3575 4454 3641 4506 ut
3667 4451 3782 4506 sibi

362 4537 506 4634 toris
538 4538 882 4609 impendens
917 4555 1147 4602 manus,
1183 4541 1354 4610 cujus
1403 4540 1596 4598 fuerat
1626 4545 2017 4617 praecognitus
2045 4565 2094 4634 ι)
2117 4545 2244 4614 jam
2277 4544 2555 4598 traditum
2583 4541 2816 4614 plenius
2847 4542 3192 4613 possideret,
3215 4541 3272 4595 in
3307 4557 3483 4613 quem
3506 4540 3669 4612 prius
3693 4539 3783 4594 in-

363 4624 618 4681 animus.
650 4625 944 4681 Turbatus
975 4631 1064 4682 est
1093 4626 1288 4699 itaque
1320 4629 1551 4701 Spiritu.
1588 4635 1752 4687 tanto
1801 4633 2014 4690 scelere

361 4715 682 4770 traditoris.
716 4715 971 4771 Turbata
1001 4721 1090 4771 est
1119 4715 1178 4770 in
1211 4733 1278 4771 eo
1311 4723 1512 4774 nostra
1533 4719 1865 4791 inﬁrmitas,
1901 4740 2018 4779 non

363 4821 469 4858 sua
502 4809 779 4876 potestas.
800 4805 960 4859 Sicut
990 4821 1093 4875 pro
1123 4805 1293 4860 nobis
1323 4823 1534 4878 passus
1565 4811 1774 4877 est,ita
1792 4828 1895 4883 pro
1923 4829 2021 4868 no-

362 4893 452 4947 bis
480 4894 746 4948 turbatus
779 4898 886 4950 est.
912 4893 1020 4956 Qui
1050 4910 1188 4967 ergo
1223 4900 1579 4966 protestante
1611 4904 1880 4955 mortuus
1906 4906 2015 4970 est,

360 4986 684 5051 potestante
733 4983 1000 5038 turbatus
1049 4988 1156 5048 est,
1206 5001 1276 5038 ne
1321 4990 1518 5041 nostra
1566 4989 1924 5059 perturbatio
1956 4991 2014 5045 in

361 5069 825 5140 deeperationem
858 5072 1050 5138 cadat,
1084 5073 1184 5128 sed
1218 5072 1276 5127 in
1311 5074 1686 5131 miseratione
1717 5078 2014 5149 proximo-

361 5173 490 5211 rum
514 5175 629 5213 una
649 5159 988 5230 pmnitentia
1004 5166 1373 5232 peccatorum
1395 5161 1482 5219 vel
1504 5169 1833 5222 nostrorum
1858 5185 2017 5223 aver-

360 5251 549 5301 tatur:
575 5246 718 5318 quia
749 5247 907 5302 illius
939 5249 1296 5318 perturbatio
1327 5257 1526 5308 nostra
1554 5257 1643 5309 est
1671 5254 2010 5312 consolatio.

360 5357 388 5384 «
419 5335 624 5401 Amen,
646 5351 813 5390 amen
837 5335 968 5391 dico
995 5337 1178 5404 vobis,
1202 5338 1340 5409 quia
1362 5357 1515 5396 unus
1542 5358 1611 5396 ex
1640 5343 1804 5398 vobis
1825 5345 2016 5401 tradet

359 5438 471 5477 me.
508 5444 535 5470 ››
569 5422 732 5480 Unus
763 5419 1028 5492 numero,
1062 5442 1175 5481 non
1208 5429 1449 5496 merito;
1485 5429 1693 5500 specie,
1729 5449 1842 5487 non
1891 5434 2011 5487 vir-

356 5515 516 5580 tute;
540 5511 949 5568 commistione
980 5514 1286 5586 corporali,
1312 5533 1424 5572 non
1455 5518 1687 5574 vinculo
1719 5519 1967 5593 spiritali
1994 5541 2006 5590 ;

358 5601 551 5659 carnis
583 5601 979 5675 adjunctione,
1001 5619 1115 5660 non
1147 5605 1338 5660 cordis
1369 5605 1566 5663 socius
1596 5609 1836 5666 unitate.
1861 5609 2007 5675 Quid

2123 4638 2396 4700 traverat,
2441 4637 2503 4686 ut
2531 4631 2842 4703 deciperet.
2873 4630 3046 4686 Auxit
3077 4630 3233 4685 enim
3266 4633 3570 4703 peccatum
3599 4629 3780 4684 tradi-

2125 4721 2302 4778 tionis
2333 4719 2708 4793 praesumptio
2732 4719 3080 4776 sacramenti
3108 4735 3121 4773 :
3146 4735 3282 4774 cum
3303 4715 3524 4773 homini
3549 4716 3779 4789 ingrato

2127 4810 2404 4866 intrasset
2433 4808 2600 4881 panis
2637 4808 2690 4863 in
2723 4812 3006 4879 ventrem,
3033 4807 3220 4863 hostis
3249 4806 3310 4861 in
3343 4810 3621 4862 mentem.
3647 4806 3778 4861 For-

2124 4900 2302 4955 tassis
2323 4914 2458 4970 ergo
2476 4898 2644 4969 panis
2667 4896 2895 4952 intincti
2922 4895 3078 4951 illius
3095 4895 3434 4969 signiﬁcans
3456 4893 3776 4962 ﬁctionem,

2125 4989 2224 5060 qui
2258 4989 2430 5042 ﬁctus
2461 4988 2531 5041 ad
2563 5003 2788 5042 cmnam
2818 4984 2977 5041 venit
3007 4986 3251 5052 amicus,
3271 4988 3329 5040 et
3359 4983 3546 5040 falsus
3564 4983 3636 5038 ad
3660 5000 3781 5038 ma-

2124 5078 2375 5149 gistrum
2405 5074 2564 5130 vadit
2594 5073 2938 5145 discipulus.

2193 5189 2219 5215 «
2254 5165 2416 5229 Quod
2449 5164 2611 5231 facis,
2647 5163 2734 5220 fac
2765 5162 2957 5218 citius.
2995 5187 3019 5211 ››
3053 5163 3177 5218 Non
3218 5159 3488 5235 praecepit
3519 5160 3769 5226 facinus,

2121 5255 2222 5312 sed
2254 5253 2516 5326 praedixit
2541 5253 2703 5309 Judre
2727 5252 2969 5321 malum,
2991 5252 3158 5308 nobis
3180 5252 3422 5308 bonum.
3442 5249 3588 5316 Quid
3613 5250 3768 5305 enim

2119 5343 2282 5399 Juda:
2313 5343 2502 5414 pejus,
2521 5346 2576 5397 et
2597 5340 2736 5413 quid
2765 5341 2933 5397 nobis
2954 5339 3185 5406 melius,
3207 5357 3386 5413 quam
3410 5339 3664 5394 traditus
3686 5340 3772 5394 est

2119 5431 2348 5486 Christo
2371 5431 2442 5485 ab
2471 5429 2567 5486 illo
2587 5429 2788 5486 utilis?
2806 5431 2921 5485 Hoc
2941 5429 3189 5502 est,plus
3208 5432 3446 5502 paratus
3465 5427 3535 5482 ad
3553 5426 3771 5498 passio-

2119 5536 2458 5592 nem,quam
2479 5519 2661 5574 iratus
2673 5519 2745 5574 ad
2760 5518 3070 5575 vindictam
3082 5535 3217 5587 ,non
3232 5522 3353 5574 tam
3367 5517 3437 5574 ad
3453 5514 3768 5589 perniciem

2119 5609 2324 5684 perﬁdi
2348 5607 2632 5665 saeviendo
2654 5607 2817 5677 dixit,
2841 5624 3016 5682 quam
3041 5607 3112 5663 ad
3137 5605 3390 5664 salutem»
3410 5604 3672 5662 ﬁdelium
3697 5604 3767 5660 fe-
