4012 6174
391 350 509 407 427

954 349 1366 411 HAYMONIS
1413 349 1954 409 IIALBERSTA'I‘.
1999 346 2242 408 EPISC.
2293 347 2463 407 OPP.
2511 347 2710 407 PARS
2758 348 2832 406 ll.
2867 378 2936 388 —
2971 346 3237 408 HOMIL.

3679 346 3792 409 4‘28

395 481 622 536 sistere.
656 481 788 536 Ideo
815 485 980 538 tanta
1026 499 1236 538 manus
1285 482 1658 537 inimicorum
1697 485 2048 554 congregata
2077 483 2130 546 Α
2161 480 2338 551 hujus
2371 481 2677 551 expressit,
2709 478 3417 550 sicutLueassolus,quod
3434 479 3794 549 ejusauricu-

393 574 502 634 est,
539 574 600 623 ut
614 568 813 624 nullus
826 571 1402 641 apprehendentibus
1414 571 1517 630 .vel
1537 569 2043 632 contradicere,vel

393 657 703 721 defendere
731 659 933 715 Jesum
967 661 1224 715 auderet.
1246 661 1327 716 lta
1345 661 1700 731 quippeejus
1733 660 2048 714 absconde-

397 747 572 804 batur
600 751 880 818 potestas,
914 754 969 803 et
1001 749 1427 804 obtendebatur
1455 750 1786 814 infirmitas,
1834 754 1897 803 ut
1926 748 2046 804 hac

400 831 658 892 inimicis
688 837 1018 894 necessaria
1047 838 1382 893 viderentur
1400 839 1679 893 adversus
1711 855 1867 894 eum.
1896 839 2046 892 Bene

405 929 577 980 utens
609 925 797 981 bonus
827 925 1019 996 malis,
1050 931 1108 982 et
1131 927 1348 982 faciens
1381 929 1531 983 bona
1556 929 1626 983 de
1657 928 1848 994 malis,

479 1035 507 1065 «
536 1014 708 1072 Jesus
756 1018 1036 1081 autem,»
1069 1016 1220 1070 sicut
1267 1017 1625 1088 evangelista
1673 1022 1908 1073 seeutus
1941 1017 2048 1070 ad—

397 1102 616 1173 junxit,
626 1102 848 1158 «sciens
862 1103 1060 1160 omnia
1072 1120 1199 1175 quae
1212 1109 1455 1160 ventura
1467 1111 1634 1160 erant
1654 1122 1830 1176 super
1846 1122 2000 1160 eum.
2019 1127 2045 1154 »

405 1191 637 1246 Sciebat
665 1194 723 1246 et
749 1191 933 1248 voluit
962 1196 1025 1247 ut
1055 1194 1667 1265 comprehenderetur,
1687 1195 1826 1266 quia
1847 1196 1919 1249 ad
1941 1194 2051 1248 hoc

401 1279 557 1333 venit
587 1279 644 1333 in
670 1281 979 1346 mundum,
1014 1286 1078 1336 ut
1108 1282 1217 1336 hoc
1251 1283 1411 1337 ﬁeret
1441 1285 1591 1356 quod
1618 1284 1823 1351 voluit;
1860 1307 1888 1332 ‹‹
1923 1300 2052 1355 pro-

403 1368 579 1422 cessit
591 1374 644 1423 et
658 1369 804 1424 dixit
822 1387 833 1423 :
852 1372 1032 1435 Quem
1047 1371 1344 1441 quaeritis?
1378 1394 1403 1420 ››
1420 1373 1705 1427 Processit
1727 1377 1964 1444 paratus
1978 1373 2050 1427 ad

405 1457 759 1527 passionem,
793 1463 848 1512 et
897 1460 1264 1530 interrogans
1314 1478 1488 1532 quem
1539 1466 1887 1532 quarerent,
1935 1477 2051 1515 non

405 1545 574 1616 quasi
605 1545 846 1618 ignarus
877 1563 1078 1602 eorum
1103 1548 1441 1617 voluntatis,
1475 1551 1574 1604 sed
1620 1553 1684 1604 ut
1716 1550 1936 1605 scirent
1963 1549 2053 1622 ip-

407 1650 540 1688 sum
572 1649 701 1689 esse
733 1651 907 1706 quem
941 1641 1284 1707 quaererent.

481 1744 509 1773 «
544 1723 1014 1794 Responderunt:
1049 1726 1249 1781 Jesum
1284 1727 1665 1782 Nazarenum.
1691 1751 1717 1777 ››
1747 1729 1920 1783 Jesus
1942 1729 2055 1783 Na-

404 1829 648 1870 zarenus
679 1813 1006 1875 dicebatur.
1041 1814 1178 1885 quia
1209 1815 1267 1868 in
1300 1816 1579 1871 Nazereth
1596 1816 2055 1880 nutritusest,ut

405 1900 747 1972 impleretur
776 1903 1108 1973 prophetia:
1146 1927 1173 1952 ‹‹
1209 1905 1492 1969 Quoniam
1525 1905 2058 1961 Nazareusvocabi-

406 1994 522 2054 tur.
559 2012 586 2039 ››
620 2012 648 2040 ‹‹
679 1990 831 2046 Dicit
858 1992 972 2047 eis:
1007 1992 1124 2064 Ego
1143 2009 1297 2048 sum.
1336 2015 1362 2042 ››
1393 1993 1517 2050 Non
1535 1995 1842 2050 abscondit
1856 2011 1936 2059 se,
1957 1994 2059 2050 sed

401 2080 685 2149 ostendit,
721 2080 859 2152 quia
887 2081 1182 2136 voluntate
1215 2099 1321 2137 sua
1349 2083 1546 2153 posuit
1587 2084 1844 2139 animam
1890 2099 2058 2139 suam

409 2185 514 2240 pro
550 2171 793 2242 mundo.

479 2282 505 2306 ‹‹
543 2259 745 2316 Stabat
775 2263 972 2314 autem
1006 2264 1063 2316 et
1091 2260 1295 2327 Judas,
1330 2261 1428 2333 qui
1463 2263 1728 2317 tradebat
1747 2278 1902 2329 eum,
1925 2278 2058 2316 cum

411 2368 439 2396 «
474 2346 644 2419 ipsis.
678 2347 751 2403 Ut
775 2363 912 2419 ergo
942 2348 1089 2402 dixit
1136 2350 1251 2404 eis:
1305 2351 1420 2423 Ego
1453 2367 1609 2420 sum,
1659 2351 1929 2406 abierunt
1972 2368 2058 2404 re-

419 2460 446 2486 ‹‹
479 2441 756 2504 trorsum,
790 2441 846 2491 et
876 2437 1211 2493 ceciderunt
1242 2438 1299 2492 in
1331 2444 1569 2494 terram.
1607 2440 1772 2494 υἱ]ὺὶ
1791 2445 1927 2494 tunc
1949 2439 2058 2493 mi-

412 2525 583 2582 litum
597 2525 1151 2594 eohors,etministri
1169 2527 1497 2600 principum
1514 2545 1578 2583 ac
1592 2528 2062 2583 Pharisaeorum?

412 2614 510 2670 ubi
544 2617 730 2669 terror
759 2619 814 2669 et
846 2615 1150 2670 munimen
1178 2618 1516 2671 armorum?
1547 2617 1766 2690 Nempe
1809 2635 1927 2672 una
1955 2633 2062 2671 vox

412 2702 686 2758 dicentis:
721 2725 748 2753 «
784 2704 902 2775 Ego
929 2720 1085 2766 sum,
1121 2727 1147 2755 η
1164 2709 1385 2760 tantam
1409 2706 1638 2761 turbam
1658 2707 2060 2773 odiiferocem,

412 2791 708 2863 armisque
739 2791 1081 2858 terribilem,
1113 2793 1232 2848 sive
1267 2793 1382 2848 ullo
1414 2793 1527 2848 telo
1551 2796 1859 2866 percussit,
1896 2812 2061 2867 repu-

410 2880 498 2947 lit,
531 2885 588 2937 et
616 2880 839 2936 stravit.
873 2881 1027 2936 Deus
1059 2882 1213 2936 enim
1249 2881 1462 2938 latebat
1484 2882 1544 2938 in
1563 2899 1754 2949 carne,
1781 2889 1837 2940 et
1853 2883 2062 2956 sempi-

409 2974 614 3025 ternus
641 2969 766 3024 dies
793 2969 874 3024 ita
905 2970 1186 3025 membris
1217 2971 1626 3028 occultabatur
1663 2972 1959 3040 humanis,
1995 2977 2061 3028 ut

407 3057 648 3114 laternis
676 3062 734 3113 et
745 3057 971 3114 facibus
985 3064 1339 3131 quareretur
1351 3061 1703 3116 occidendus
1719 3079 1753 3116 a
1780 3061 2055 3118 tenebris.

404 3169 434 3196 ‹‹
466 3146 584 3219 Ego
615 3163 767 3209 sum,
807 3168 836 3195 ››
869 3146 1028 3209 dicit.
1060 3147 1346 3219 etimpios
1365 3149 2059 3220 dejecit.Quidjudicatu-

2157 570 2270 625 lam
2305 570 2591 624 Dominus
2625 569 2894 642 tetigerit,
2928 574 2985 624 et
3015 567 3308 623 sanavarit
3337 583 3494 622 eum.
3540 567 3794 622 Malchus

2155 663 2350 712 autem
2385 658 2801 729 interpretatur
2831 665 3172 728 regnaturus.
3198 656 3346 723 Quid
3379 673 3513 727 ergo
3531 657 3685 711 auris
3698 673 3796 728 pro

2158 747 2402 802 Domino
2433 751 2737 818 amputata
2768 751 2870 801 eta
2889 746 3129 802 Domino
3143 745 3796 818 sanatasigniﬁcat,nisi

2157 837 2423 891 auditum
2455 840 2762 907 amputata
2774 840 3061 891 vetustate
3079 839 3438 898 renovatum,
3454 839 3518 888 ut
3540 833 3614 890 sit
3632 835 3688 889 in
3705 851 3800 889 no-

2156 925 2330 980 vitate
2364 925 2631 996 spiritus,
2665 930 2721 979 et
2747 941 2860 980 non
2891 923 3250 978 invetustate
3269 923 3506 978 litteras?
3527 925 3687 988 Quod
3709 924 3797 979 cui

2159 1015 2486 1085 praestitum
2519 1031 2551 1069 a
2581 1014 2810 1069 Christo
2836 1014 3026 1079 fuerit,
3042 1013 3415 1084 quisdubitet
3429 1017 3798 1085 regnaturum

2159 1108 2299 1158 tunc
2331 1120 2457 1158 esse
2479 1120 2614 1158 cum
2629 1102 2891 1158 Christo?
2904 1103 3115 1158 Servus
3141 1103 3335 1157 dictus
3347 1105 3803 1173 estpropterser-

2157 1192 2400 1246 vitutem
2434 1191 2708 1263 legalem;
2742 1195 2984 1246 sanatus
3031 1195 3223 1245 autem
3277 1189 3510 1255 dicitur,
3565 1196 3796 1262 propter

2160 1280 2551 1352 evangelicam
2585 1281 2931 1336 libertatem.
2951 1281 3187 1344 Factum
3220 1284 3417 1334 tamen
3437 1279 3586 1333 Petri
3610 1278 3801 1334 Domi-

2162 1387 2275 1424 nus
2337 1369 2702 1441 improbavit,
2737 1374 2794 1424 et
2836 1369 3105 1440 progredi
3156 1367 3310 1422 ultra
3362 1367 3689 1439 prohibuit,
3723 1368 3803 1422 di-

2163 1474 2330 1512 ροηδε
2539 1513 2545 1519 ,

2235 1570 2262 1596 ‹‹
2300 1547 2459 1602 Mitte
2488 1546 2749 1620 gladium
2782 1550 2951 1601 tuum
2982 1546 3039 1600 in
3056 1546 3613 1618 vaginam.Calicem
3635 1563 3808 1618 quem

2165 1659 2192 1684 ‹‹
2227 1636 2387 1690 dedit
2416 1635 2558 1690 mihi
2594 1636 2781 1701 Pater,
2816 1653 2930 1690 non
2963 1635 3157 1690 bibam
3189 1633 3380 1690 illum.
3416 1658 3443 1683 ››
3473 1635 3596 1689 Neu
3617 1634 3808 1690 bibam

2165 1724 2357 1793 illum,
2390 1724 2817 1796 interrogative,
2850 1724 2936 1780 vel
2966 1723 3317 1796 increpative
3347 1724 3658 1796 legendum
3707 1728 3812 1790 est,

2166 1814 2332 1885 quasi
2369 1813 2638 1869 dixisset:
2669 1814 2871 1868 Nonne
2898 1813 3094 1868 bibam
3128 1813 3296 1868 illum
3347 1813 3584 1868 calicem
3637 1829 3811 1884 quem

2169 1905 2336 1957 Pater
2369 1903 2513 1956 mihi
2546 1903 2744 1957 bibere
2775 1902 3082 1974 praecepit?
3115 1905 3300 1968 Quare
3318 1903 3590 1958 resistere
3611 1901 3814 1956 volun-

2169 1992 2270 2048 tati
2302 1992 2387 2046 vis
2419 1991 2835 2063 omnipotentis
2866 1991 3073 2062 Patris,
3107 1992 3223 2046 imo
3255 2002 3313 2047 et
3343 1991 3551 2047 salutis
3583 1996 3700 2046 tua;
3735 2007 3820 2047 ca-

2170 2081 2305 2136 lici?
2336 2082 2398 2134 In
2432 2097 2538 2135 suo
2569 2080 2785 2152 quippe
2807 2081 2959 2155 facto
2991 2080 3088 2136 illo
3122 2080 3445 2153 discipulus
3468 2081 3816 2154 magistrum

2169 2170 2477 2225 defendere
2507 2168 2709 2235 voluit,
2744 2169 2978 2224 nescius
3001 2170 3192 2224 adhuc
3206 2170 3708 2242 dispensationem
3726 2185 3820 2241 pa-

2169 2263 2345 2313 ternae
2377 2259 2718 2324 voluntatis,
2744 2259 2897 2330 quod
2912 2275 2980 2313 ex
2998 2259 3106 2314 hoc
3138 2258 3262 2314 fieri
3275 2262 3584 2314 venturum
3601 2257 3817 2314 voluis-

2128 2362 2131 2364 '
2171 2352 2277 2403 set.
2314 2349 2476 2412 Quod
2511 2353 2704 2402 autem
2739 2365 2772 2402 a
2803 2348 2971 2403 Patre
2997 2347 3106 2403 sibi
3149 2347 3289 2403 dicit
3334 2349 3535 2403 datum
3583 2346 3822 2402 calicem

2169 2437 2484 2508 passionis,
2516 2436 2769 2508 profecto
2801 2436 2946 2491 illud
2990 2440 3098 2500 est,
3150 2437 3304 2508 quod
3355 2437 3435 2492 ait
3478 2436 3820 2508 Apostolus:

2178 2547 2204 2578 ι(
2227 2526 2284 2580 Si
2319 2526 2472 2580 Deus
2504 2542 2606 2596 pro
2641 2526 2829 2592 nobis,
2865 2526 2997 2598 quis
3021 2525 3490 2596 contranns?qui
3523 2525 3665 2580 Filio
3694 2542 3826 2598 pro-

2171 2614 2296 2686 prio
2331 2631 2442 2669 non
2477 2615 2751 2687 perpecit,
2791 2616 2889 2669 sed
2908 2614 3194 2688 pronobis
3215 2613 3827 2670 omnibustradiditil-

2170 2703 2292 2758 lum
2325 2705 2497 2772 (ltom.
2533 2707 2677 2770 vm).
2718 2727 2744 2750 ›ι
2771 2703 2985 2759 Verum
3019 2707 3221 2759 auctor
3251 2703 3433 2776 hujus
3462 2702 3664 2758 calicis
3719 2707 3822 2769 est,

2171 2792 2343 2848 etiam
2379 2793 2504 2865 ipse
2535 2791 3156 2864 quibibit,undeidem
3172 2791 3641 2863 Apostolusaitzu
3664 2791 3826 2847 Chri-

2171 2886 2297 2936 stus
2328 2881 2530 2936 dilexit
2564 2898 2690 2951 nos,
2723 2885 2780 2936 et
2811 2876 3052 2936 tradidit
3081 2880 3462 2952 semetipsum
3495 2897 3602 2952 pro
3649 2879 3823 2935 nobis

2169 2969 2520 3026 oblationem
2554 2974 2610 3025 et
2640 2969 2890 3025 hostiam
2942 2969 3075 3037 Deo,
3111 2969 3169 3024 in
3221 2968 3456 3026 odorem
3509 2969 3820 3024 suavitatis

2169 3061 2295 3127 (Isa.
2330 3059 2404 3128 v).
2445 3084 2470 3107 »ι

2245 3171 2265 3198 α
2300 3149 2519 3204 Cohors
2551 3165 2706 3220 ergo,
2741 3148 3106 3218 e'ttribunus,
3139 3147 3820 3203 etministriJudzeorum

401 3253 506 3291 rus
535 3235 729 3302 faciet,
747 3235 1216 3307 quijudicandus
1233 3238 1336 3291 hoc
1352 3219 1523 3292 fecit?
1545 3237 1682 3309 quid
1707 3219 2057 3310 regnaturus
2087 3219 2129 3285 (ἶ
2171 3261 2197 3287 ‹‹
2233 3219 2800 3309 comprehenderunt
2857 3237 3059 3292 Jesum
3117 3241 3174 3292 et
3224 3235 3552 3309 ligaverunt
3602 3253 3762 3291 eum.
3800 3257 3820 3282 ν

405 3325 636 3396 poterit,
669 3325 768 3396 qui
802 3325 1122 3380 moriturus
1155 3326 1262 3380 hoc
1295 3326 1522 3396 potuit?
1552 3328 1620 3381 Et
1652 3343 1806 3382 nunc
1840 3328 2058 3398 ubique

406 3429 510 3484 per
538 3412 952 3484 Evangelium:
986 3435 1013 3462 ‹‹
1043 3413 1160 3484 Ego
1191 3430 1345 3479 sum,
1385 3437 1411 3462 »
1445 3415 1585 3468 dicit
1615 3415 1902 3480 Christus,
1940 3420 1996 3470 et
2027 3433 2060 3471 a

406 3501 627 3556 Judais
657 3505 1025 3571 exspectatur
1054 3501 1471 3566 Antichristus,
1505 3507 1570 3556 ut
1602 3507 1752 3557 retro
1798 3504 2056 3572 redeant,

410 3592 468 3644 et
494 3588 554 3642 in
585 3593 799 3644 terram
831 3589 1063 3644 cadant.
1097 3589 1284 3652 Quare
1298 3592 1694 3661 quivenerunt
1711 3592 1783 3646 ad
1806 3608 2061 3664 compre-

413 3677 790 3732 hendendum
821 3693 938 3732 non
966 3681 1299 3743 tenuerunt,
1331 3695 1366 3732 a
1385 3695 1501 3749 quo
1518 3679 1860 3736 audierunt:
1897 3704 1924 3730 «
1945 3682 2060 3754 Ego

414 3765 591 3821 sum?
619 3787 648 3820 ››
681 3763 768 3820 Illi
797 3766 1135 3835 quaerebant
1164 3783 1298 3820 eum
1331 3767 1822 3838 comprehendere
1839 3773 1896 3824 et
1918 3771 2062 3826 occi-

411 3855 568 3917 dere,
601 3853 683 3908 illi
716 3854 1011 3925 quaarebat
1041 3871 1140 3910 eos
1171 3855 1455 3911 redimere
1484 3861 1541 3912 et
1572 3857 1875 3925 viviﬁcare,
1928 3875 2061 3931 pro-

411 3947 537 4016 pter
569 3943 722 4014 quod
753 3943 910 3998 venit
941 3945 1014 3998 ad
1045 3961 1150 3999 nos
1205 3945 1471 4000 Ostendit
1488 3947 1883 4018 quaerentibus
1909 3953 2062 4019 pote-

409 4036 644 4098 statem,
675 4032 813 4104 quia
842 4031 1047 4087 habuit
1075 4033 1131 4086 in
1166 4037 1448 4104 potestate
1479 4034 1738 4090 animam
1762 4053 1931 4092 suam
1960 4054 2060 4109 po-

409 4137 566 4187 nere,
598 4121 836 4192 quando
869 4121 1083 4192 posuit,
1118 4121 1262 4178 hora
1293 4123 2063 4195 passionisostendit,utno-

412 4214 543 4265 stre:
590 4209 1007 4281 redemptionis
1037 4210 1379 4282 impleretur
1410 4213 1776 4284 mysterium.

488 4321 515 4348 ‹‹
550 4298 769 4355 Iterum
801 4314 938 4370 ergo
965 4315 1065 4355 eos
1096 4299 1502 4372 interrogavit:
1540 4303 1720 4366 Quem
1740 4302 2061 4373 quaeritis?»

414 4387 472 4442 Si
502 4387 782 4458 quaeritis,
816 4403 997 4458 quare
1028 4404 1141 4442 non
1167 4388 1627 4458 apprehenditis,
1648 4390 1759 4444 nisi
1787 4390 1923 4462 quia
1944 4408 2060 4445 non

416 4481 507 4531 est
535 4475 594 4531 in
625 4479 817 4531 vestra
849 4480 1130 4547 potestate
1160 4476 1636 4546 apprehendendi
1667 4478 1830 4546 hora,
1869 4479 1968 4534 sed
2001 4479 2060 4535 in

333 4612 344 4622 .
415 4565 545 4633 ejus
575 4562 674 4634 qui
704 4563 861 4619 venit
890 4569 954 4618 ut
983 4563 1494 4635 apprehendatur?

487 4673 514 4701 ‹‹
552 4651 640 4706 Illi
657 4657 851 4708 autem
871 4653 1170 4708 dixerunt:
1190 4653 1388 4710 Jesum
1407 4655 2058 4729 Nazarenam.Respon-

415 4764 444 4791 ‹‹
477 4741 562 4796 dit
592 4741 796 4797 Jesus:
833 4741 959 4796 Dixi
990 4742 1156 4797 vobis
1189 4743 1324 4813 quia
1355 4759 1459 4815 ego
1508 4761 1660 4800 sum.
1698 4745 1756 4800 Si
1799 4762 1936 4817 ergo
1968 4763 2061 4800 me

415 4853 443 4880 ‹‹
479 4831 760 4902 quaeritis,
792 4830 966 4885 sinite
996 4830 1104 4886 hos
1157 4830 1334 4886 abire.
1377 4856 1394 4880 η
1431 4832 1706 4888 Inimicos
1757 4834 1967 4901 videte,
2007 4840 2065 4888 et

414 4919 522 4974 hoc
559 4919 780 4974 faciunt
809 4919 964 4988 quod
989 4919 1191 4988 jubet:
1226 4919 1399 4975 sinite
1431 4920 1536 4976 hos
1569 4921 1729 4976 abire
1760 4939 1916 4993 quos:
1945 4939 2060 4977 non

412 5007 538 5062 vult
569 5007 773 5078 perire.
809 5005 1086 5076 Nunquid
1118 5012 1311 5063 autem
1345 5026 1458 5063 non
1489 5014 1868 5081 erantpostea
1892 5011 2060 5066 mori-

414 5097 528 5150 turi
548 5084 580 5149 ?'
606 5095 719 5149 Cur
739 5111 873 5167 ergo
904 5095 951 5149 si
1004 5102 1139 5150 tunc
1190 5104 1570 5164 morerentur,
1629 5100 1892 5170 perderet
1938 5117 2056 5166 eos,

415 5183 527 5238 nisi
562 5182 701 5252 quia
732 5184 990 5238 nondum
1025 5183 1081 5238 in
1116 5202 1248 5240 eum
1281 5187 1364 5241 sic
1401 5187 1734 5252 credebant,
1769 5190 2062 5258 quomodo

413 5271 660 5326 credunt
689 5272 1026 5344 quicunque
1060 5291 1173 5328 non
1208 5275 1493 5345 pereunt?

485 5382 513 5409 «
545 5357 744 5416 Simon
763 5377 897 5433 ergo
917 5362 1140 5426 Petrus,
1160 5363 1383 5418 habens
1396 5363 2059 5436 gladium,eduxiteum,

413 5471 440 5499 ‹‹
474 5452 530 5504 et
560 5449 851 5519 percussit
881 5450 1172 5520 pontificis
1203 5460 1528 5520 servnm,et
1550 5455 2057 5525 absciditejusau-

415 5559 444 5588 ‹‹
470 5536 714 5593 riculam
745 5539 1062 5599 dexteram.
1098 5541 1235 5596 Erat
1264 5546 1460 5597 autem
1494 5561 1703 5599 nomen
1725 5561 1886 5599 servo
1919 5543 2061 5600 Mal-

411 5649 441 5688 «
473 5625 640 5686 chus.
669 5648 697 5679 »
730 5627 900 5686 Solus
930 5627 1022 5687 hic
1054 5629 1409 5706 evangelista
1437 5631 1609 5688 etiam
1656 5649 1867 5689 nomen
1906 5632 2056 5691 servi

2168 3325 2745 3396 Comprehenderunt
2775 3326 2845 3380 ad
2880 3341 3051 3397 quem
3093 3329 3484 3390 accesserunt,
3542 3325 3827 3396 quoniam

2170 3412 2293 3468 dies
2325 3413 2440 3481 ille,
2475 3413 2556 3467 illi
2587 3430 2718 3468 vero
2741 3415 2992 3469 tenebris
3011 3416 3482 3485 permanserunt,
3500 3429 3606 3468 nec
3627 3413 3826 3468 audie-

2169 3501 2632 3557 runtzuAccedite
2645 3503 2716 3556 ad
2730 3501 3552 3570 eum,ctilluminamini(Psal.
3569 3502 3830 3571 mnia)»

2170 3591 2333 3656 Tunc
2364 3595 2581 3658 autem,
2616 3591 2852 3663 quando
2878 3591 2976 3645 illo
3007 3592 3180 3646 modo
3210 3608 3344 3646 eum
3367 3590 3830 3661 comprehende-

2171 3683 2327 3745 runt,
2359 3684 2500 3734 tunc
2517 3680 2588 3735 ab
2602 3696 2667 3735 eo
2682 3679 2912 3751 longius
2926 3680 3346 3735 discesserunt.
3363 3702 3389 3728 «
3413 3681 3478 3733 Et
3492 3679 3827 3751 ligaverunt

2169 3785 2326 3833 eum,
2363 3791 2390 3817 ››
2422 3785 2455 3822 a
2485 3785 2599 3840 quo
2614 3767 2752 3823 solvi
2770 3768 2963 3840 potius
2978 3767 3122 3823 velle
3137 3769 3484 3823 debuerunt.
3507 3767 3828 3838 Postquam

2172 3861 2590 3928 persecutores.
2615 3856 3062 3921 tradenteJuda,
3097 3856 3586 3927 comprehensum
3635 3855 3830 3910 Domi-

2171 3964 2312 4001 num
2328 3946 2893 4019 ligaverunt,quinos
2906 3945 3106 4000 dilexit
3118 3950 3173 3999 et
3183 3945 3426 4000 tradidit
3439 3944 3828 4015 semetipsum

2172 4053 2274 4107 pro
2288 4035 2643 4101 nobis,etcui
2659 4035 2826 4088 Pater
2838 4051 2952 4088 non
2979 4033 3255 4106 pepercit,
3277 4034 3374 4088 sed
3399 4050 3501 4106 pro
3517 4033 3693 4088 nobis
3706 4049 3830 4088 om-

2172 4124 2349 4179 nibus
2378 4123 2622 4178 tradidit
2650 4139 2815 4177 eum:

2242 4236 2270 4263 «
2303 4213 2686 4267 Adduxerunt
2712 4213 2782 4265 ad
2837 4213 3061 4266 Annam
3115 4210 3394 4283 primum.
3433 4232 3458 4259 ››
3511 4210 3627 4264 Nec
3670 4209 3829 4264 enim

2169 4301 2426 4356 Joannes
2454 4300 2628 4354 istam
2659 4303 2811 4353 tacet
2841 4317 3078 4355 causam
3111 4316 3290 4370 quare
3305 4299 3410 4354 hoc
3427 4297 3833 4365 fecissent,di-

2173 4405 2340 4444 cens:
3466 4432 3468 4434 -

2244 4501 2270 4528 ‹‹
2307 4479 2440 4533 Erat
2467 4477 2620 4532 enim
2655 4493 2820 4531 socer
2847 4476 3094 4548 Caiphae,
3127 4476 3226 4548 qui
3260 4481 3384 4530 erat
3414 4473 3832 4547 pontit'exanni

2092 4586 2137 4649 D
2174 4588 2201 4616 «
2234 4565 2410 4620 illius.
2447 4567 2578 4619 Erat
2600 4570 2793 4620 autem
2808 4565 3174 4636 Caiphasqui
3202 4563 3513 4620 consilium
3542 4563 3832 4617 deditJu-

2171 4678 2197 4704 ‹‹
2233 4654 2393 4718 daeis,
2423 4653 2559 4725 quia
2587 4653 2818 4726 expedit
2851 4670 3036 4708 unum
3069 4649 3370 4708 hominem
3403 4651 3550 4706 mori
3581 4667 3688 4723 pro
3728 4667 3834 4723 po-

2173 4765 2200 4792 ‹‹
2235 4742 2390 4815 pulo.
2425 4765 2450 4790 ››
2482 4742 2702 4797 Ductus
2733 4742 2912 4797 estad
2945 4743 3171 4796 Annam
3206 4741 3484 4813 primum,
3530 4744 3586 4794 et
3617 4745 3827 4812 postea

2172 4833 2244 4887 ad
2275 4831 2577 4904 Caipham,
2612 4835 2674 4885 ut
2703 4830 2968 4903 cognatio
3001 4830 3305 4903 sanguinis
3337 4828 3574 4885 sceleris
3606 4845 3709 4883 eos
3745 4827 3832 4882 fa—

2170 4925 2323 4975 ceret
2353 4924 2672 4976 consortes.
2707 4920 2902 4991 Moyse
2925 4920 3194 4990 jubente,
3225 4923 3580 4991 przsceptum
3615 4920 3746 4972 erat
3765 4919 3832 4969 ut

2170 5008 2475 5080 pontifices
2507 5008 2771 5079 patribus
2802 5009 3196 5072 succederent,
3232 5013 3296 5062 ut
3335 5005 3732 5078 generationis
3766 5004 3827 5058 in

2169 5097 2572 5152 sacerdotibus
2607 5095 2783 5151 series
2815 5100 3270 5151 conservaretur.
3301 5096 3496 5150 Refert
3525 5093 3827 5165 Josephus

2173 5185 2349 5241 istum
2382 5184 2664 5256 Caipham
2695 5183 2870 5239 unius
2901 5188 3130 5239 tantum
3145 5183 3368 5240 anniab
3397 5182 3620 5239 Herode
3637 5180 3830 5253 pretio

2171 5273 2488 5331 redemisse
2519 5273 2932 5328 sacerdotium.
2964 5273 3086 5328 Non
3121 5277 3209 5328 est
3236 5288 3373 5344 ergo
3401 5270 3620 5325 mirum
3651 5268 3698 5323 si
3722 5267 3834 5322 ini-

2171 5379 2324 5434 quus
2347 5362 2603 5433 pontifex
2634 5362 2902 5432 iniquum
2929 5361 3242 5431 judicaret.
3269 5361 3432 5432 Saepe
3451 5359 3550 5430 qui
3575 5373 3678 5430 per
3697 5372 3833 5411 ava-

2171 5451 2364 5506 ritiam
2398 5452 2468 5506 ad
2484 5451 2877 5506 sacerdotium
2897 5451 3138 5518 accedit,
3154 5447 3621 5520 perinjustitiam
3635 5460 3831 5501 versa-

2169 5545 2266 5596 tur
2296 5540 2353 5594 in
2386 5556 2472 5604 eo,
2507 5543 2573 5594 ut
2603 5539 2952 5596 sceleratum
2984 5537 3217 5594 initium
3269 5537 3500 5594 funesto
3541 5536 3656 5591 ﬁne
3685 5549 3828 5588 con-

2175 5633 2527 5688 summetur.
