3872 6170
116 386 208 444 429

1275 373 1626 433 HOMlLl/E
1671 376 1714 432 D
1729 377 1769 434 Ε
1813 374 2209 434 ΊΊδΖΜΡυΙίΕ.

3320 342 3451 441 λιδσ

171 526 193 563 α
220 507 532 584 Sequebatur
554 507 769 572 autem,
788 504 996 577 inquit,
1019 504 1217 560 Jesum
1243 504 1440 560 Simon
1458 506 1679 574 Petrus,
1714 508 1763 572 Α
1796 530 1821 555 ‹‹
1859 506 2086 562 locutus
2117 524 2247 563 sum
2282 506 2494 562 nihil.»
2524 506 2666 572 Quid
2701 512 2789 562 est
2815 500 2967 580 quod
2995 506 3186 579 palam
3211 525 3273 563 se
3295 480 3448 575 dicei

112 627 131 652 ‹‹
159 604 203 656 et
227 598 354 654 alius
373 592 700 665 discipulus.
733 617 751 641 ι
800 594 1077 657 Quisnam
1104 594 1181 648 sit
1200 593 1309 649 iste
1336 593 1682 665 discipulus,

110 706 199 747 non
224 693 406 743 temere
424 683 827 738 afﬁrmandum
849 687 955 742 est.
979 683 1116 755 quia
1134 687 1375 739 tacetur.
1401 682 1556 737 Solet
1586 701 1685 738 au-

106 785 195 834 tem
222 776 352 831 idem
404 773 648 828 Joannes
692 772 773 827 ita
832 790 893 829 se
950 771 1297 845 signiﬁcare,
1332 776 1390 827 et
1445 772 1679 839 addere,

105 891 125 917 α
151 881 295 938 quem
319 861 572 934 diligebat
599 860 773 917 Jesus
799 861 973 934 (Joan.
1006 864 1150 929 xm).
1174 883 1201 911 »
1230 861 1516 917 Fortassis
1546 877 1682 933 ergo

101 960 141 1010 et
166 954 243 1008 hic
266 953 374 1024 ipse
402 954 485 1006 est
514 949 791 1023 quijuxta
819 967 1046 1007 crucem
1071 950 1210 1005 Jesu
1233 950 1448 1015 stabat,
1474 949 1565 1003 cui
1587 949 1684 1005 ille

102 1041 263 1098 m‘atris
291 1038 695 1096 commendavit
722 1040 1069 1094 custodiam.
1114 1034 1262 1094 Dicit
1291 1045 1347 1093 et
1376 1038 1683 1095 Matthaeus

99 1132 149 1187 de
169 1129 345 1185 Petro:
375 1152 400 1179 ‹‹
432 1128 632 1183 Petrus
671 1128 1025 1199 sequebatur
1054 1145 1188 1184 eum
1219 1145 1253 1183 a
1282 1127 1451 1200 longe
1477 1128 1679 1199 (Matth.

96 1219 208 1289 xm)
236 1240 258 1269 ι
293 1217 639 1289 Sequebatur
670 1217 977 1271 Dominum
1007 1234 1041 1271 a
1073 1216 1260 1288 longe,
1280 1216 1381 1288 qui
1405 1220 1528 1271 erat
1547 1232 1681 1271 eum

96 1312 381 1380 negaturus,
406 1309 467 1360 ut
486 1305 703 1360 videret
726 1305 921 1360 ﬁnem.
942 1304 1042 1360 Vel
1067 1322 1261 1361 amore
1286 1304 1572 1377 magistri,
1595 1302 1680 1360 vel

94 1396 303 1450 humana
329 1393 677 1459 curiositate,
701 1393 849 1449 scire
874 1394 1117 1465 cupiens
1139 1392 1277 1464 quid
1308 1393 1562 1465 pontifex
1585 1395 1682 1464 ju-

94 1484 265 1539 dicaret
280 1484 343 1538 de
360 1483 516 1552 Jesu,
547 1487 745 1537 utrum
764 1499 897 1538 eum
922 1483 1046 1538 neci
1072 1482 1383 1549 addiceret,
1409 1500 1480 1537 an
1508 1481 1681 1555 flage—

92 1573 143 1628 lis
163 1589 347 1626 caesum
378 1570 712 1626 dimitteret.

143 1684 165 1712 α
191 1659 497 1732 Discipulus
528 1665 748 1725 autem,
771 1660 985 1732 inquit,
1015 1659 1111 1714 ille
1141 1664 1263 1716 erat
1294 1664 1466 1716 notus
1498 1660 1684 1732 ponti-

89 1772 108 1800 ι‹
132 1750 297 1816 iici,et
324 1749 558 1805 intravit
576 1766 710 1805 cum
740 1748 876 1805 Jesu
903 1750 959 1803 in
993 1748 1206 1804 atrium
1239 1748 1550 1821 pontificis.
1586 1749 1684 1804 Pe-

90 1861 108 1888 α
128 1842 231 1894 tros
258 1842 443 1894 autem
462 1838 660 1896 stabat
688 1838 760 1893 ad
791 1837 1005 1893 ostium
1027 1838 1199 1894 foras.
1228 1860 1255 1885 ››
1281 1838 1456 1893 Foras
1478 1841 1674 1893 autem

84 1928 249 1993 stabat,
278 1926 371 2000 qui
402 1931 726 2000 negaturus
754 1931 878 1982 erat
925 1927 1263 1993 Dominum,
1311 1943 1415 1982 nec
1445 1928 1569 1983 erat
1614 1925 1674 1980 in

85 2013 281 2081 Christo,
311 2016 405 2086 qui
435 2015 739 2071 Christum
760 2014 1019 2071 conﬁteri
1056 2032 1169 2069 non
1206 2015 1316 2069 fuit
1345 2031 1545 2069 ausus.

130 2122 151 2150 «ι
182 2103 344 2158 Exivit
366 2120 503 2175 ergo
526 2102 859 2175 discipulus
884 2101 1036 2159 alius
1058 2101 1157 2174 qui
1190 2108 1313 2158 erat
1344 2107 1516 2158 notus
1550 2120 1686 2174 pon-

84 2212 102 2238 «
124 2190 256 2254 tilici,
278 2196 329 2247 et
356 2192 499 2247 dixit
526 2191 800 2258 ostiariis,
830 2196 888 2247 et
906 2190 1227 2273 introduxit
1256 2191 1511 2247 Petrum.
1539 2189 1685 2245 Dixit

81 2303 99 2326 ιι
122 2295 232 2352 ergo
250 2281 407 2336 Petro
428 2280 648 2337 ancilla
672 2278 1229 2352 ostiariazNunquid
1260 2290 1316 2334 et
1336 2284 1396 2334 tu
1420 2296 1488 2333 ex
1510 2278 1683 2334 disci-

82 2391 99 2417 υ
124 2369 249 2439 potis
276 2386 335 2425 es
358 2369 622 2425 hominis
650 2369 859 2425 istius?
882 2368 1033 2424 Dixit
1055 2368 1178 2424 ille:
1205 2369 1330 2425 Non
1353 2385 1559 2425 sum.»
1581 2368 1685 2424 Hic

79 2457 363 2528 agnoscitur
381 2474 565 2530 quam
590 2474 788 2513 verum
813 2457 908 2524 sit,
938 2456 1093 2529 quod
1114 2456 1341 2513 Veritas
1360 2456 1531 2529 paulo
1553 2461 1685 2512 ante

81 2547 164 2598 ait:
198 2566 218 2594 ι
245 2547 383 2612 Quia
412 2547 543 2603 sine
580 2564 672 2602 me
695 2546 838 2601 nihil
859 2547 1101 2619 potestis
1124 2545 1311 2609 facere
1334 2548 1506 2612 (Joan.
1532 2548 1684 2613 xv)»

82 2632 184 2689 Ecce
208 2635 471 2690 columna
501 2636 832 2693 fortissima
860 2635 930 2690 ad
967 2636 1142 2689 unius
1174 2652 1329 2689 aurae
1362 2633 1686 2707 impulsum

80 2726 166 2777 lota
182 2726 538 2782 contremuit.
568 2724 676 2780 Ubi
705 2723 807 2780 illa
828 2724 1221 2797 promittentis
1247 2724 1508 2790 audacia,
1533 2728 1591 2778 et
1616 2724 1688 2777 de

80 2811 435 2883 seplurimum
487 2813 954 2887 prmsumentis‘?
1002 2813 1097 2868 ubi
1153 2816 1294 2867 sunt
1342 2813 1517 2882 verba
1563 2810 1683 2877 illa,

1706 1882 1752 1945 B

77 2902 261 2969 quando
290 2903 404 2959 ait:
457 2926 485 2953 ‹‹
521 2904 719 2970 Quare
760 2919 874 2957 non
912 2918 1150 2975 possum
1184 2901 1350 2973 sequi
1383 2906 1437 2957 te
1471 2901 1688 2956 modo?
1742 2896 1759 2905 ’

80 2986 283 3045 animam
313 3009 504 3048 meam
540 3008 653 3065 pro
675 2997 730 3045 te
758 3007 971 3063 ponam
992 2995 1179 3059 (Joan.
1200 2990 1342 3060 xu)?
1372 3013 1392 3038 υ
1426 2989 1541 3045 Hoc
1569 3004 1686 3043 non

76 3082 135 3130 est
152 3080 296 3151 sequi
317 3081 701 3153 magistrum,
726 3096 788 3136 se
812 3095 1019 3151 negare
1039 3076 1396 3151 discipulum
1420 3093 1567 3133 esse.
1593 3076 1687 3133 Sic

78 3180 128 3217 ne
155 3183 243 3237 pro
283 3168 528 3224 Domino
565 3167 767 3224 anima
795 3168 1054 3239 ponitur,
1087 3171 1153 3222 ut
1180 3167 1291 3222 hoc
1321 3182 1392 3221 ne
1424 3166 1546 3231 ﬁat,
1579 3182 1686 3220 vox

1792 594 1973 667 loqui,
2027 597 2085 652 in
2116 595 2342 652 occulto
2384 595 2528 652 nihil
2560 595 2740 669 loqui,
2776 596 2916 651 dum
2975 596 3123 653 alios
3165 597 3451 667 apostolis

1792 686 1955 751 dixit,
1984 704 2114 742 cum
2140 704 2242 758 per
2272 685 2577 758 parabolas
2605 686 2791 741 turbis
2814 685 3187 757 loqueretur:
3218 706 3247 735 «
3270 684 3446 742 Vobis

1792 775 1994 831 datum
2015 780 2101 829 est
2119 792 2289 831 nosse
2307 775 2652 847 mysterium
2677 774 2837 846 regni
2862 775 2983 845 Dei,
3007 773 3228 831 caeteris
3249 778 3445 831 autem

1792 863 1852 918 in
1885 862 2178 934 parabolis
2204 868 2400 932 (Marc.
2425 863 2578 934 1v)?»
2607 861 3059 936 Intelligendum
3090 867 3180 919 est
3207 864 3292 919 ita
3310 880 3444 920 eum

1792 953 2028 1010 dixisse:
2064 952 2291 1007 «Palam
2313 951 2543 1007 locutus
2565 970 2695 1008 sum
2717 953 2994 1020 mundo,»
3018 969 3085 1009 ac
3109 952 3157 1009 si
3182 952 3443 1010 dixisset:

1792 1041 1957 1098 Multi
1983 1058 2074 1097 me
2090 1041 2278 1114 palam
2304 1041 2619 1096 audierunt
2636 1040 3055 1112 loquentem,et
3075 1058 3309 1099 rursum
3328 1058 3444 1099 non

1791 1134 1957 1187 erant
1999 1129 2215 1204 palam,
2259 1130 2454 1203 ipsum
2504 1128 2717 1185 etenim
2762 1127 2977 1202 palam,
3010 1130 3445 1203 quodammodo

1792 1226 1917 1276 erat
1942 1220 2154 1292 palam,
2181 1223 2236 1274 et
2258 1219 2509 1291 quodam
2535 1218 2707 1273 modo
2727 1235 2838 1274 non
2859 1223 2983 1274 erat
3003 1217 3217 1290 palam.
3248 1218 3444 1276 Palam

1792 1309 2007 1381 quippe
2039 1311 2164 1363 erat
2212 1308 2352 1379 quia
2392 1305 2560 1362 multi
2583 1307 2929 1381 audiebant,
2962 1311 3020 1362 et
3074 1324 3280 1364 rursus
3328 1325 3445 1367 non

1792 1402 1915 1454 erat
1948 1396 2139 1469 palam
2162 1396 2299 1469 quia
2322 1412 2434 1450 non
2457 1395 2879 1469 intelligebant.
2905 1397 2974 1451 Et
3002 1396 3156 1468 quod
3177 1412 3451 1457 seorsum

1792 1485 2100 1557 discipulis
2117 1485 2486 1557 loquebatur,
2508 1501 2619 1539 non
2647 1484 2701 1538 in
2721 1482 3449 1556 occultoutiqueloquebas

1790 1580 1905 1630 tur.
1927 1574 2066 1640 Quis
2100 1590 2353 1645 namque
2384 1573 2441 1628 in
2474 1571 2700 1630 occulto
2727 1571 3006 1645 loquitur,
3028 1572 3127 1645 qui
3150 1589 3343 1633 coram
3361 1577 3455 1639 tot,

1792 1662 2133 1719 hominibus
2151 1662 2435 1733 loquitur,
2458 1677 2591 1716 cum
2620 1660 2901 1732 scriptum
2926 1660 3001 1717 sit
3024 1677 3038 1717 :
3058 1685 3084 1710 ‹‹
3109 1661 3171 1717 In
3189 1662 3446 1729 oreqduo~

1793 1768 1924 1807 rum
1959 1750 2044 1807 vel
2075 1751 2253 1806 trium
2287 1749 2530 1805 testium
2561 1750 2740 1804 stabit
2769 1765 2941 1805 omne
2969 1750 3211 1807 verbum
3259 1750 3442 1822 (Deut.

1791 1840 1963 1911 xvn);
1994 1863 2021 1889 »
2054 1839 2378 1911 praesertim
2411 1837 2459 1894 si
2492 1838 2601 1893 hoc
2632 1836 2892 1909 loquitur
2919 1830 3126 1910 paucis
3153 1839 3310 1910 quod
3344 1854 3449 1910 per

1791 1946 1890 1985 eos
1919 1928 2090 1984 vellet
2118 1928 2482 1983 innotescere
2513 1925 2738 1992 multis,
2784 1942 2921 1998 ergo
2974 1930 3033 1981 et
3070 1925 3180 1981 hoc
3228 1925 3446 1998 ipsum.

1792 2018 1947 2090 quod
1972 2018 2043 2073 ab
2074 2034 2141 2072 eo
2163 2016 2384 2072 dictum
2412 2014 2716 2071 videbatur
2737 2013 2982 2081 occulte,
3015 2013 3450 2086 quodammodo

1793 2124 1907 2162 non
1940 2106 2244 2161 dicebatur
2273 2105 2331 2160 in
2364 2104 2611 2160 occulto.
2644 2103 2791 2166 Quia
2815 2119 2928 2158 non
2952 2103 3034 2159 ita
3062 2101 3367 2158 dicebatur
3390 2106 3456 2157 ut

1793 2194 1865 2250 ab
1898 2195 1991 2251 bis
2011 2194 2225 2267 quibus
2244 2194 2468 2248 dictum
2491 2194 2680 2248 fuerat
2703 2196 3009 2256 taceretur,
3035 2191 3136 2247 sed
3160 2192 3239 2247 ita
3260 2191 3454 2265 potius

1795 2289 1861 2339 ut
1889 2299 2311 2355 usquequaque
2344 2280 2706 2354 prazdicatur.

1871 2394 1896 2423 α
1928 2372 2075 2439 Quid
2109 2388 2200 2427 me
2230 2369 2600 2443 interrogas?
2637 2370 2935 2442 Interroga
2963 2385 3061 2425 eos
3099 2368 3199 2442 qui
3244 2368 3449 2425 audie-

1796 2486 1822 2512 «
1861 2465 1997 2517 runt
2029 2460 2170 2533 quid
2202 2456 2434 2515 lOcutus
2466 2476 2598 2514 sum
2631 2458 2795 2531 ipsis.
2828 2454 2971 2513 Ecce
2994 2457 3050 2513 hi
3084 2457 3281 2513 sciunt
3320 2474 3449 2531 qua:

1796 2574 1822 2601 ‹‹
1853 2550 2097 2606 dixerim
2132 2547 2486 2622 ego.»0uasi
2509 2546 2777 2603 dixisset:
2804 2546 2949 2612 Quid
2983 2562 3076 2602 me
3096 2546 3443 2618 interrogas,

1795 2656 1830 2695 a
1859 2657 1975 2712 quo
2032 2637 2329 2693 veritatem
2364 2636 2567 2691 audire
2618 2652 2734 2689 non
2779 2633 3100 2699 desideras,
3133 2634 3233 2689 sed
3269 2650 3444 2705 quem

1796 2729 2074 2784 damnare
2105 2726 2314 2798 cupis?
2355 2725 2653 2795 Interroga
2683 2722 2871 2795 magis
2900 2739 3020 2787 eos,
3069 2722 3138 2778 de
3191 2739 3442 2794 quorum

1795 2818 1965 2874 dictis
1990 2833 2101 2871 non
2131 2815 2348 2870 habeas
2371 2812 2670 2868 invidiam.
2698 2812 2781 2867 lta
2802 2810 3145 2883 temperavit
3161 2809 3445 2866 Dominus

1795 2923 1966 2963 suam
1996 2903 2456 2976 responsionem,
2481 2906 2544 2956 ut
2567 2917 2670 2957 nec
2693 2901 2994 2960 veritatem
3022 2904 3235 2969 tacere,
3257 2915 3362 2955 nec
3384 2915 3447 2955 se

1794 2995 2103 3051 defendere
2135 2993 2444 3048 videretur.

1867 3108 1893 3133 α
1932 3088 2061 3139 Haec
2092 3086 2285 3139 autem
2317 3097 2449 3136 cum
2482 3080 2742 3146 dixisset,
2765 3097 2921 3136 unus
2954 3078 3239 3136 assistens
3275 3077 3450 3134 mini-

1797 3197 1824 3223 ‹‹
1858 3177 2113 3228 strorum
2148 3170 2306 3227 dedit
2336 3169 2566 3241 alapam
2610 3170 2771 3235 Jesu,
2813 3168 3049 3224 dicens:
3084 3167 3180 3224 Sic
3211 3183 3450 3239 respon-

75 3254 247 3311 ancille
278 3257 640 3314 formidetur
663 3258 689 3312 Τ
718 3258 868 3314 Sane
896 3257 1006 3312 hoc
1036 3256 1159 3313 loco
1194 3255 1683 3311 considerandum
1717 3246 1758 3311 C
1798 3285 1825 3312 «ι
1859 3262 1961 3316 des
1992 3259 2249 3334 pontiﬁci
2273 3259 2300 3314 ‘I
2329 3278 2354 3311 ο
2394 3258 2496 3314 Ilic
2544 3256 2823 3331 impletur
2851 3257 3007 3329 quod
3038 3255 3449 3330 prophetatum

78 3346 316 3414 estquam
346 3346 758 3418 periculosum
807 3346 884 3402 sit
925 3345 1256 3401 Christiano
1288 3343 1687 3399 Christianum

77 3443 120 3483 se
140 3448 247 3488 esse
269 3451 504 3507 negare.
535 3434 675 3491 Non
695 3433 851 3489 enim
875 3435 1081 3489 Petrus
1104 3433 1161 3487 in
1182 3433 1289 3488 hoc
1313 3433 1438 3489 loco
1460 3432 1604 3488 dixit
1630 3448 1691 3488 se

77 3514 322 3577 Christum
341 3540 590 3596 negare,
607 3522 707 3578 sed
726 3520 1081 3594 discipulum
1097 3521 1332 3588 Christi;
1348 3526 1544 3577 tamen
1568 3521 1693 3593 ipse

76 3603 290 3666 Christus
313 3616 447 3671 ante
473 3610 818 3686 pradixerit
845 3628 858 3666 :
894 3633 921 3661 «
955 3612 1065 3666 Ter
1097 3627 1188 3666 me
1215 3615 1533 3682 negaturus
1562 3626 1645 3665 es.
1664 3630 1692 3659 ιι

78 3695 154 3758 Qui
166 3699 301 3755 enim
315 3701 458 3756 disci
464 3720 503 3773 p
512 3701 574 3757 ui
588 3718 687 3755 um
701 3717 763 3756 se
774 3699 985 3754 Christi
1003 3699 1228 3771 negavit
1243 3698 1693 3764 esse,Christum

77 3787 292 3857 negavit;
325 3789 634 3855 similiter,
667 3787 763 3861 qui
796 3804 859 3844 sc
906 3787 1303 3844 Christianum
1344 3791 1517 3860 negat
1567 3802 1695 3843 esse

77 3880 265 3946 propter
293 3878 554 3951 aliquem
596 3878 892 3945 timorem,
942 3877 1119 3933 etiam
1157 3876 1453 3932 Christum
1503 3878 1694 3947 negat.

129 3986 151 4009 α
176 3964 407 4024 Stabant
432 3973 646 4026 autem
668 3967 815 4023 servi
839 3970 897 4022 et
922 3965 1177 4022 ministri
1205 3966 1273 4021 ad
1299 3982 1539 4038 prunas,
1562 3963 1702 4035 quia

82 4070 97 4095 ι
117 4049 270 4124 frigus
293 4062 436 4128 erat,
462 4063 525 4114 et
557 4055 986 4113 calefaciebant
1008 4072 1090 4111 se.
1126 4078 1153 4103 υ
1186 4054 1393 4127 Frigus
1424 4057 1547 4109 erat
1576 4053 1701 4108 inti-

81 4136 285 4200 delitatis
313 4146 373 4201 in
405 4145 699 4203 cordibus
725 4143 960 4199 illorum
984 4144 1278 4199 intantum
1306 4143 1479 4198 etiam
1512 4147 1577 4197 ut
1605 4141 1701 4197 ille

79 4229 298 4305 princeps
326 4234 743 4308 apostolorum
786 4232 844 4288 in
876 4250 943 4289 co
970 4232 1183 4305 frigore
1220 4236 1531 4305 torpescat,
1567 4232 1704 4305 quia

84 4318 283 4377 necdum
311 4323 508 4380 calore
534 4322 732 4380 sancti
762 4321 1013 4394 Spiritus
1043 4321 1444 4377 inﬂammatus
1469 4320 1576 4376 fuit
1600 4339 1615 4388 ;
1643 4321 1704 4375 in

81 4419 165 4474 quo
189 4424 293 4466 non
322 4413 523 4469 solum
582 4411 713 4484 ipse
746 4411 957 4466 iterum
990 4416 1124 4483 post
1170 4414 1472 4482 acceptum
1516 4408 1703 4466 sancti

84 4490 288 4564 Spiritus
306 4501 536 4557 donum
563 4518 684 4557 non
708 4499 906 4557 timuit
931 4499 1223 4555 Christum
1248 4516 1443 4554 coram
1463 4498 1709 4570 impera-

1800 3350 1983 3405 estde
2007 3365 2101 3404 eo:
2137 3371 2165 3400 «
2199 3348 2339 3403 Dedi
2364 3346 2627 3402 maxillas
2646 3362 2807 3402 meas
2835 3345 3297 3418 percutientibus
3320 3345 3447 3415 (lca.

1801 3446 1873 3507 ι).
1897 3460 1923 3488 ››
1942 3436 2237 3493 Percussit
2256 3453 2387 3493 eum
2413 3435 2580 3509 quasi
2604 3451 2768 3490 reum
2789 3433 3210 3507 responsionis,
3234 3433 3335 3489 sed
3354 3431 3451 3488 ille

1800 3529 2018 3600 injuste
2049 3542 2360 3600 percussus
2389 3528 2690 3581 mansuete
2722 3524 3048 3595 respondit:

1876 3641 1903 3668 ‹‹
1939 3616 1999 3673 Si
2031 3613 2183 3671 male
2231 3614 2461 3670 locutus
2497 3631 2652 3678 sum,
2679 3612 3083 3668 testimonium
3113 3609 3351 3684 perhibe
3381 3610 3453 3666 de

1804 3729 1831 3756 α
1856 3705 2031 3762 malo.
2059 3725 2086 3754 »
2118 3703 2324 3759 Omnis
2363 3702 2560 3775 itaque
2583 3701 2681 3777 qui
2709 3706 2910 3757 contra
2934 3700 3234 3757 veritatem
3263 3698 3452 3771 loqui-

1804 3800 1922 3863 tur,
1948 3793 2099 3849 male
2118 3791 2410 3865 loquitur:
2437 3792 2484 3848 si
2509 3808 2614 3864 ego
2635 3795 2830 3851 autem
2851 3790 3151 3847 veritatem
3176 3806 3291 3847 non
3312 3787 3453 3862 dixi,

1806 3884 1880 3939 da
1900 3881 2303 3939 testimonium
2331 3886 2532 3937 contra
2549 3897 2642 3936 me
2667 3879 2728 3936 in
2749 3896 2865 3952 quo
2888 3879 3261 3936 mendacium
3284 3877 3458 3934 dixis-

1807 3990 1951 4029 sem.
1975 3995 2001 4021 ‹‹
2026 3972 2083 4025 Si
2108 3974 2304 4025 autem
2337 3971 2504 4037 bene,
2538 3992 2567 4022 »
2600 3969 2657 4024 id
2689 3974 2778 4026 est
2806 3985 2957 4036 vere,
2993 3991 3021 4019 ‹‹
3054 3967 3196 4040 quid
3227 3983 3320 4023 me
3351 3983 3458 4022 caa-

1788 4061 1899 4117 dis
1924 4061 1947 4115 '2
1968 4083 1995 4111 ››
2036 4060 2181 4126 Quid
2208 4059 2264 4113 in
2294 4058 2407 4113 ista
2430 4057 2808 4130 responsione
2836 4057 3049 4122 verius,
3072 4054 3459 4119 mansuetius,

1802 4140 2026 4223 iustius
2044 4148 2071 4203 ?
2100 4148 2157 4202 Si
2186 4147 2510 4220 cogitemus
2533 4146 2665 4217 quis
2687 4145 2972 4217 acceperit
2996 4143 3246 4215 alapam,
3268 4157 3463 4197 nonne

1808 4238 2092 4295 vellemus
2123 4252 2256 4291 eum
2288 4234 2389 4306 qui
2442 4233 2728 4305 percussit
2759 4236 2860 4305 aut
2889 4231 3107 4290 ccelesti
3162 4232 3296 4302 igne
3326 4245 3461 4284 con-

1813 4326 1992 4395 sumi,
2021 4330 2122 4382 aut
2149 4330 2303 4380 terra
2331 4322 2667 4379 dehiscente
2698 4320 2939 4386 sorberi,
2974 4324 3075 4375 aut
3131 4321 3477 4390 correptum.

1815 4414 2102 4473 daemonio
2133 4412 2416 4468 volutari?
2438 4410 2585 4476 Quid
2611 4410 2767 4465 enim
2794 4409 3003 4466 horum
3030 4425 3131 4481 per
3146 4406 3464 4481 potentiam

1817 4522 1930 4561 non
1954 4501 2259 4576 potuisset,
2284 4518 2385 4574 per
2408 4516 2581 4574 quem
2611 4499 2795 4554 factus
2816 4502 2906 4554 est
2930 4497 3211 4563 mundus,
3239 4494 3348 4551 nisi
3373 4511 3471 4566 pa-

84 4582 172 4677 tore
194 4592 243 4642 et
255 4590 471 4662 populo
496 4592 771 4647 Romano
791 4587 1076 4659 conﬁteri,
1105 4588 1204 4644 sed
1226 4587 1400 4643 etiam
1419 4587 1583 4659 pueri
1606 4587 1680 4641 im

1879 4592 2082 4650 :ntiam
2107 4609 2211 4648 nos
2243 4591 2448 4647 docere
2480 4587 2808 4657 maluisset,
2831 4604 2864 4642 a
2894 4603 3009 4659 quo
3036 4584 3290 4642 vincitur
3304 4601 3470 4640 mun-

84 4666 250 4747 herbes
276 4684 330 4733 et
357 4679 599 4752 puellae,
620 4678 808 4735 sancti
841 4678 1096 4750 Spiritus
1127 4676 1317 4732 calore
1339 4676 1708 4741 inﬂammati,

82 4755 330 4823 Christum
354 4768 603 4842 publice
622 4784 807 4840 usque
830 4767 900 4822 ad
921 4771 1166 4821 mortem
1192 4766 1638 4827 conﬁtebantur,
1657 4771 1716 4819 et

84 4861 163 4915 P70
188 4868 247 4907 eo
293 4859 441 4911 mori
478 4874 605 4912 non
650 4856 1010 4920 metuebant,
1060 4871 1235 4927 quem
1282 4854 1532 4927 clavnger
1587 4852 1712 4909 οωιὶ

82 4937 302 4998 confiteri
328 4946 401 5001 ad
430 4946 622 5002 unius
646 4944 869 5000 ancilla:
902 4961 1096 4999 vocem
1131 4942 1481 4999 formidavit.

138 5048 159 5074 ε(
189 5028 439 5089 Pontifex
488 5050 637 5105 ergo
674 5033 1051 5104 interrogavit
1079 5032 1283 5087 Jesum
1314 5032 1383 5087 de
1414 5030 1717 5103 discipulis

86 5134 103 5155 α
130 5116 235 5172 suis
262 5126 317 5175 et
346 5122 420 5178 de
448 5121 728 5178 doctrina
756 5122 905 5193 ejus.
942 5144 961 5170 ι
994 5121 1115 5175 Non
1141 5120 1554 5193 cognoscendae
1576 5120 1720 5175 veri-

84 5203 195 5258 tatis
236 5223 427 5267 amore
472 5211 884 5284 interrogavit,
914 5211 1012 5265 sed
1048 5215 1113 5265 ut
1142 5226 1379 5264 causam
1436 5208 1722 5264 inveniret

85 5304 175 5360 qua
217 5296 387 5355 etiam
421 5298 700 5355 accusari
741 5302 958 5372 posset,
1006 5303 1062 5354 et
1089 5299 1242 5361 tradi
1278 5298 1538 5354 Romano
1571 5315 1720 5370 prae-

85 5376 176 5435 sidi
202 5386 268 5440 ad
298 5388 739 5445 damnandum.

144 5471 514 5548 «Respondit
547 5477 605 5533 ei
633 5477 839 5533 Jesus:
892 5478 1009 5550 Ego
1064 5475 1257 5549 palam
1312 5474 1540 5531 locutus
1590 5493 1722 5531 sum

87 5579 107 5602 ιε
137 5565 360 5632 mundo,
393 5582 506 5640 ego
542 5583 776 5641 semper
804 5567 974 5622 docui
1004 5565 1062 5621 in
1086 5582 1383 5640 synagoga
1413 5570 1471 5620 et
1497 5566 1551 5620 in
1584 5569 1725 5621 tem-

88 5664 111 5698 a
135 5644 238 5725 ple,
270 5668 386 5732 quo
419 5666 638 5716 omnes
663 5655 848 5717 Judaei
882 5660 1295 5728 convenerant,
1322 5658 1378 5714 et
1406 5655 1466 5712 in
1497 5653 1725 5716 occulto

1822 4684 1933 4739 dus
1959 4682 1986 4737 ?
2017 4682 2183 4737 Forte
2212 4679 2427 4752 aliquis
2456 4678 2550 4733 hic
2581 4677 2723 4733 dicit
2766 4692 2944 4749 quare
2976 4675 3218 4732 alteram
3266 4671 3470 4729 maxil-

1824 4771 1938 4827 lam
1958 4769 2180 4843 percuti
2205 4786 2319 4824 uon
2335 4767 2527 4823 daret?
2547 4767 2882 4823 Secundum
2905 4767 3256 4838 praeceptum
3273 4778 3471 4828 suum,

1825 4861 2022 4932 itaque
2073 4876 2186 4914 non
2220 4857 2411 4914 solum
2444 4856 2685 4912 alteram
2718 4854 2878 4911 dedit
2924 4852 3222 4909 maxillam
3270 4866 3474 4924 percu-

1826 4949 2017 5015 tienti,
2049 4948 2151 5004 sed
2182 4948 2357 5003 etiam
2386 4950 2569 5001 totum
2593 4962 2804 5017 corpus
2828 4960 3000 5001 suum
3034 4943 3105 4998 ad
3140 4940 3481 5013 crucifigen-

1827 5040 1967 5093 dum
2002 5037 2258 5092 tradidit.
2284 5037 2352 5092 Et
2382 5033 2571 5107 magis
2590 5034 2715 5088 vult
2745 5038 3029 5105 praecepta
3061 5048 3169 5088 sua
3196 5029 3483 5086 Dominus

1827 5127 1887 5183 in
1921 5126 2114 5182 cordis
2172 5122 2595 5195 tranquillitate
2626 5139 2877 5191 servare,
2908 5138 3086 5194 quam
3120 5120 3179 5175 in
3224 5117 3486 5191 corporis

1830 5215 2216 5272 ostentatione
2251 5214 2669 5268 demonstrare.

1903 5328 1930 5354 ‹‹
1965 5305 2031 5359 Et
2065 5304 2227 5359 misit
2257 5318 2390 5357 eum
2420 5303 2611 5356 Annas
2632 5300 2877 5373 ligatum
2899 5300 2971 5356 ad
2988 5298 3270 5373 Caipham
3300 5294 3487 5371 ponti-

1834 5418 1859 5443 ‹‹
1896 5392 2085 5449 ﬁcem.
2113 5414 2139 5442 »
2173 5391 2241 5446 Ili
2273 5391 2387 5446 duo
2429 5391 2628 5445 Annas
2658 5393 2717 5444 et.
2745 5388 2994 5462 Caiphas
3039 5387 3331 5461 principes
3362 5386 3486 5441 fue-

1834 5489 1971 5538 runt
2001 5481 2389 5548 sacerdotum,
2438 5482 2494 5533 et
2524 5495 2627 5551 per
2655 5478 2806 5535 vices
2838 5495 3065 5535 annuas
3096 5473 3486 5534 sacerdotium

1836 5569 2331 5629 administrabant
2358 5585 2371 5625 :
2423 5571 2480 5623 et
2509 5572 2633 5623 erat
2659 5570 2801 5625 tunc
2831 5583 3021 5624 annus
3068 5564 3316 5645 Caiphae,
3349 5575 3485 5618 cum

1838 5677 2052 5740 passus
2082 5663 2169 5719 est
2215 5656 2499 5720 Christus.
2546 5657 2615 5716 Et
2643 5656 2997 5717 credendum
3045 5658 3133 5711 est
3161 5648 3485 5710 secundum
