4012 6174
410 340 515 400 431

969 337 1383 398 HAYMONIS
1430 336 1972 397 IIALBERSTAT.
2019 334 2260 395 EPISC.
2311 335 2480 396 OPP.
2526 337 2730 397 PARS
2778 337 2854 396 ΙΙ.
2884 335 3254 397 -—IlOMIL.

3703 340 3818 397 432

407 469 766 528 voluntatem
799 469 1028 542 Caiphae
1061 470 1277 525 factum
1301 487 1448 537 esse,
1480 474 1542 524 ut
1573 468 1736 541 prius
1758 469 2065 524 duceretur
2092 474 2139 537 Α
2178 486 2335 540 gena:
2359 469 2580 538 judicis
2611 469 2782 524 domo
2813 469 3198 525 contaminari
3229 469 3598 536 timebant,et
3630 469 3822 526 fratris

411 561 485 617 ad
517 564 768 624 Annam,
803 563 868 614 ut
913 559 1158 614 minoris
1187 559 1368 631 culpa:
1399 559 1708 624 videretur,
1741 557 1788 613 si
1823 557 2061 614 alterius

412 663 644 722 quoque
666 649 1096 705 consacerdotis
1118 647 1206 703 sui
1222 649 1598 703 damnaretur
1621 648 1927 703 sententia.
1950 648 2060 702 Sed

411 754 546 794 cum
580 736 822 793 dixisset
850 737 1205 810 evangelista
1234 737 1387 808 quod
1412 753 1545 792 eum
1572 735 1814 808 ligatum
1841 735 2064 791 miserit

411 829 608 882 Annas
631 828 702 882 ad
727 826 1026 899 Caipham,
1054 843 1318 883 reversus
1340 831 1430 881 est
1452 827 1522 881 ad
1556 825 1748 881 locum
1784 826 2064 880 narratio-

411 915 527 982 nis,
572 915 671 970 ubi
722 915 1036 987 reliquerat
1083 915 1334 982 Petrum,
1379 919 1442 969 ut
1473 914 1787 986 explicaret
1817 915 1970 984 quod
2003 913 2062 967 in

413 1005 587 1060 domo
609 1005 784 1058 Annae
818 1005 888 1058 de
918 1003 1073 1059 trina
1102 1004 1229 1074 ejus
1261 1003 1566 1076 negatione
1597 1003 1935 1075 contigerat.

486 1116 513 1141 «
550 1093 685 1147 Erat
731 1097 948 1158 autem,
1009 1093 1217 1164 inqmt,
1280 1092 1481 1147 Simon
1521 1097 1728 1148 Petrus
1791 1097 1974 1156 stans,
2008 1095 2066 1146 et

415 1203 445 1232 ‹‹
473 1179 818 1236 calefaciens
867 1197 949 1236 se.
977 1204 1003 1230 ››
1039 1181 1152 1236 Hoc
1185 1167 1533 1254 recapitulat
1563 1181 1716 1254 quod
1767 1187 1900 1236 ante
1937 1181 2063 1252 jam

411 1269 663 1336 dixerat;
699 1269 907 1325 deinde
938 1287 1065 1342 quae
1089 1276 1288 1327 secuta
1319 1276 1455 1326 sunt
1476 1271 1706 1343 jungit:
1733 1295 1758 1320 ‹‹
1786 1271 2068 1325 Dixerunt

414 1381 440 1407 ‹‹
474 1375 608 1430 ergo
639 1358 720 1413 ei:
755 1359 1031 1430 Nunquid
1054 1364 1109 1415 et
1137 1365 1198 1415 tu
1231 1377 1298 1415 ex
1327 1359 1632 1433 discipulis
1663 1362 1792 1431 ejus
1823 1377 1882 1415 es
1904 1360 1930 1414 ‘2
1956 1360 2064 1414 Ne-

415 1468 443 1494 ‹‹
475 1447 630 1518 gavit
661 1446 777 1514 ille,
811 1452 866 1503 et
896 1447 1038 1504 dixit
1074 1467 1085 1505 :
1123 1450 1244 1504 Non
1278 1466 1432 1505 sum.
1467 1473 1492 1500 »
1525 1450 1653 1504 Jam
1688 1448 1864 1504 semel
1900 1465 2067 1521 nega-

413 1539 572 1591 verat
602 1536 672 1591 ad
703 1536 925 1592 ancilla
952 1554 1170 1606 vocem,
1223 1555 1353 1594 ecce
1385 1539 1594 1594 iterum
1628 1539 1829 1594 eodem
1858 1537 2065 1593 timore

413 1624 756 1696 perterritus
785 1625 948 1694 dixit,
981 1627 1068 1681 vel
1101 1628 1348 1698 negavit.
1385 1627 1604 1682 Deinde
1636 1632 1698 1682 ut
1728 1627 1896 1682 tertia
1929 1644 2066 1698 quo-

412 1729 526 1785 que
557 1713 786 1786 negatio
819 1715 1211 1786 perﬁceretur,
1245 1719 1301 1770 et
1324 1716 1382 1770 in
1416 1733 1481 1770 eo
1515 1716 1754 1771 verbum
1787 1717 1885 1772 Dei
1921 1733 2066 1788 prae-

413 1801 662 1857 dicentis
683 1801 1043 1874 impleretur.

488 1890 690 1946 «Dicit
714 1891 764 1946 ei
795 1909 950 1947 unus
972 1908 1039 1947 ex
1061 1893 1242 1948 servis
1266 1893 1581 1966 pontiﬁcis,
1607 1898 1890 1967 cognatus
1916 1895 2064 1965 ejus,

413 2001 442 2031 «
471 1980 641 2052 cujus
671 1980 919 2036 abscidit
976 1981 1180 2037 Petrus
1225 1982 1588 2038 auriculam:
1623 1983 1824 2038 Nonne
1873 1999 1978 2054 ego
2011 1986 2068 2038 te

408 2091 435 2118 ι(
470 2069 586 2123 vidi
611 2069 670 2123 in
692 2066 860 2124 horto
883 2085 1016 2124 cum
1054 2069 1152 2125 illo
1177 2070 1437 2126 ?lterum
1470 2088 1627 2144 ergo,
1673 2072 1824 2126 sicut
1874 2075 2064 2131 antea.

403 2179 432 2205 «
471 2158 701 2229 negavit
734 2157 955 2222 Petrus,
987 2163 1044 2214 et
1077 2159 1272 2214 statim
1322 2160 1513 2231 gallus
1544 2161 1816 2215 cantavit.
1849 2184 1874 2208 η
1926 2161 2068 2215 Ecce

408 2247 619 2301 medici
645 2252 732 2302 est
763 2249 1051 2320 completa
1075 2249 1392 2320 prazdictio,
1421 2250 1616 2319 aegroti
1641 2251 1900 2304 convicta
1924 2266 2065 2321 prae-

412 2334 692 2406 sumptio.
726 2335 849 2390 Non
901 2337 1057 2391 enim
1093 2339 1306 2392 factum
1341 2343 1428 2393 est
1458 2339 1609 2410 quod
1646 2338 1752 2392 iste
1803 2338 2062 2393 dixerat:

415 2446 441 2472 ‹‹
470 2424 741 2479 Animam
759 2441 943 2481 meam
965 2443 1067 2498 pro
1083 2431 1135 2480 te
1150 2443 1384 2498 ponam,
1413 2449 1438 2474 ››
1454 2427 1552 2482 sed
1577 2427 1790 2481 factum
1811 2426 2062 2497 estquod

413 2511 510 2568 ille
541 2513 908 2585 praedixerat:
945 2538 971 2564 ‹‹
1007 2515 1117 2570 Ter
1149 2532 1240 2570 me
1273 2516 1533 2587 negabis.
1561 2539 1586 2564 ››
1621 2515 1730 2570 Sed
1762 2516 1882 2570 haec
1914 2515 2063 2570 trina

415 2601 646 2674 negatio
679 2603 931 2671 timoris,
961 2604 1115 2658 trina
1159 2605 1521 2660 confessione
1553 2604 1769 2660 amoris
1801 2603 2064 2668 diluitur,

413 2689 672 2746 Necdum
697 2690 805 2746 fuit
827 2709 991 2747 amor
1017 2693 1112 2764 qui
1149 2695 1302 2750 foras
1335 2695 1590 2749 mitteret
1622 2694 1885 2749 timorem
1918 2712 1930 2761 ;
1965 2695 2064 2748 sed

409 2778 602 2835 adhuc
635 2780 815 2836 timor
844 2781 1069 2837 servilis
1101 2782 1280 2838 valuit
1315 2783 1369 2838 in
1404 2785 1575 2839 corde
1605 2785 1770 2855 ejus:
1806 2783 1904 2839 sed
1941 2800 2068 2838 nee-

405 2868 546 2923 dum
582 2870 837 2940 respexit
885 2887 1041 2936 eum,
1076 2872 1173 2944 qui
1216 2873 1335 2927 haec
1369 2871 1632 2944 praedixit
1660 2873 1750 2941 ei;
1803 2873 1904 2928 sed
1957 2871 2066 2928 hoc

408 2973 623 3028 magna
647 2959 742 3013 Dei
775 2959 1208 3031 dispensatione
1226 2966 1454 3034 gestum
1489 2979 1617 3018 esse
1639 2963 1869 3017 credere
1901 2962 2068 3017 debe-

410 3061 565 3110 mus,
590 3050 882 3118 quatenus
904 3048 1020 3114 ille.
1045 3051 1134 3105 cui
1163 3068 1296 3107 oves
1321 3069 1459 3107 suas
1476 3051 1546 3106 ad
1579 3053 1802 3107 Patrem
1836 3051 2065 3106 rediens
2119 3083 2122 3087 λ

412 3132 678 3190 Christus
728 3139 1245 3194 commendaturus
1299 3144 1441 3205 erat,
1488 3158 1588 3212 per
1617 3157 1785 3196 suam
1817 3141 2066 3195 disceret

2173 558 2501 613 innocentis
2534 559 2818 630 sanguine
2863 576 2977 613 nou
3022 558 3325 613 timebant.
3375 558 3684 613 Sciendum
3734 564 3825 613 est

2173 646 2309 718 quid
2345 645 2420 702 sit
2443 646 2593 702 inter
2615 647 2832 702 Pascha
2861 651 2918 702 et
2939 647 3062 701 dies
3085 650 3454 720 Azymorum.
3482 647 3700 702 Pascha
3732 648 3823 702 di-

2172 737 2409 791 cebatur
2441 736 2668 808 proprie
2702 737 2825 792 dies
2857 735 2954 792 illa
2982 735 3040 791 in
3075 753 3193 808 qua
3223 753 3410 809 agnus
3433 737 3503 792 ad
3523 753 3822 809 vesperam

2173 825 2609 897 quartadecima
2627 823 2764 880 luna
2783 825 3184 893 occidebatur;
3205 828 3426 897 septem
3446 825 3570 880 dies
3585 843 3827 898 sequen-

2173 919 2282 979 tes,
2315 913 2438 968 dies
2486 915 2834 985 Azymorum
2885 913 3244 969 dicebantur.
3299 913 3431 969 Dies
3479 916 3824 986 Azymorum

2176 1004 2410 1057 fuerunt
2443 1002 2499 1056 in
2553 1003 2768 1073 quibus
2800 1003 2944 1058 nihil
2995 1004 3405 1057 fermentatum
3443 1003 3498 1057 in
3553 1004 3826 1059 domibus

2173 1090 2407 1147 illorum
2441 1092 2642 1146 debuit
2671 1091 2912 1146 inveniri
2941 1108 2954 1145 :
2991 1092 3090 1147 sed
3122 1096 3315 1146 tamen
3359 1092 3481 1146 dies
3533 1091 3827 1164 paschalis

2175 1180 2638 1235 inveniturinter
2659 1181 2782 1236 dies
2804 1181 3152 1252 Azymorum
3177 1180 3490 1244 nominari,
3526 1186 3589 1236 ut
3623 1182 3679 1235 in
3715 1181 3826 1236 alio

2174 1268 2481 1339 Evangelio
2516 1267 2764 1340 legitur:
2797 1293 2822 1317 ‹‹
2856 1269 3051 1323 Prima
3092 1273 3285 1324 autem
3341 1268 3430 1324 die
3477 1271 3826 1342 Azymorum

2174 1361 2545 1414 accesserunt
2595 1357 2865 1429 discipuli
2900 1358 2970 1412 ad
3002 1357 3228 1423 Jesum,
3268 1357 3567 1412 dicentes:
3604 1359 3711 1413 Ubi
3745 1359 3828 1414 vis

2175 1464 2449 1518 paremus
2481 1446 2585 1500 tibi
2619 1447 2918 1502 comedere
2950 1447 3257 1502 Pascha?»
3290 1447 3495 1518 (Matth.
3521 1448 3698 1518 XXVI.)
3731 1448 3825 1503 Se-

2177 1535 2414 1606 quitur:

2248 1675 2272 1699 ‹‹
2309 1652 2492 1706 Exivit
2523 1667 2658 1723 ergo
2679 1651 2898 1707 Pilatus
2928 1651 2996 1707 ad
3019 1669 3118 1708 eos
3140 1652 3316 1719 foras,
3348 1659 3404 1708 et
3433 1653 3618 1707 dixit:
3643 1654 3830 1718 Quam

2177 1764 2203 1789 ‹‹
2239 1741 2668 1796 accusationem
2717 1739 2935 1798 atl‘ertis
2987 1741 3264 1797 adversus
3295 1741 3448 1796 hunc
3482 1740 3832 1796 hominem?

2097 1846 2143 1911 Β
2175 1852 2200 1877 ‹‹
2239 1829 2684 1900 Responderunt
2713 1833 2769 1883 et
2813 1829 3083 1886 dixerunt
3113 1830 3204 1886 ei:
3259 1829 3318 1884 Si
3371 1847 3484 1885 non
3537 1835 3696 1886 esset
3745 1829 3833 1884 hic

2177 1941 2202 1966 ‹‹
2240 1917 2596 1984 malei'actor,
2628 1935 2744 1973 non
2777 1917 2880 1973 tibi
2915 1919 3366 1974 tradidissemus
3397 1935 3552 1973 eum.
3589 1942 3617 1968 ››
3669 1917 3834 1973 Hunc

2176 2005 2332 2060 enim
2349 2022 2568 2061 morem
2586 2006 2879 2062 habebant
2899 2007 3106 2073 Judari,
3125 2011 3372 2079 utquem
3388 2011 3573 2062 morte
3587 2007 3834 2078 dignum

2177 2095 2584 2166 dijudicarent,
2619 2095 2878 2150 vinctum
2929 2113 3063 2150 eum
3109 2097 3341 2167 prmsidi
3374 2096 3692 2151 traderent.
3746 2101 3834 2150 ln-

2175 2188 2562 2255 terrogentur,
2597 2188 2770 2256 atque
2802 2186 3191 2256 respondeant
3216 2185 3288 2240 ab
3312 2184 3634 2240 immundis
3666 2185 3837 2257 spiri-

2175 2273 2335 2328 tibus
2354 2273 2602 2339 liberati,
2628 2272 2888 2346 languidi
2907 2273 3118 2342 sanati,
3145 2274 3354 2346 leprosi
3375 2273 3836 2340 mundati,surdi

2177 2361 2501 2426 audientes,
2529 2362 2674 2416 muti
2697 2361 3022 2434 loquentes,
3046 2363 3180 2417 caeci
3202 2363 3484 2428 videntes,
3512 2363 3734 2417 mortui
3760 2379 3837 2416 re-

2176 2454 2504 2522 surgentes,
2540 2455 2738 2505 utrum
2771 2451 2849 2505 sit
2881 2450 3220 2507 malefactor
3245 2452 3438 2508 Jesus.
3464 2452 3574 2505 Sed
3609 2451 3729 2506 ista
3759 2451 3838 2504 di-

2176 2539 2402 2603 cebant,
2437 2540 2506 2593 de
2539 2539 2756 2610 quibus
2787 2557 2890 2610 per
2920 2539 3272 2612 Prophetam
3294 2540 3420 2611 ipse
3451 2539 3833 2611 praedixerat:

2176 2651 2202 2676 ‹‹
2239 2627 2660 2683 Retribuebant
2683 2628 2826 2682 mihi
2873 2627 3028 2684 mala
3050 2646 3154 2700 pro
3177 2629 3347 2684 bonis
3369 2631 3540 2699 (Psal.
3573 2635 3792 2694 xxxiv).
3811 2651 3835 2674 »

2246 2777 2271 2801 ‹‹
2308 2752 2461 2808 Dixit
2483 2769 2618 2825 ergo
2645 2753 2729 2806 eis
2748 2752 3003 2808 Pilatus:
3039 2753 3296 2825 Accipite
3329 2769 3462 2808 eum
3497 2769 3620 2817 vos,
3655 2757 3720 2807 et
3751 2769 3833 2808 se-

2175 2864 2201 2890 ‹‹
2236 2843 2493 2896 cundum
2525 2841 2711 2912 legem
2753 2845 3007 2896 vestram
3035 2842 3296 2913 judicate
3339 2859 3493 2896 eum.
3534 2864 3560 2890 ››
3611 2841 3835 2896 Justior

2174 2929 2283 2983 fuit
2312 2929 2630 3001 illisjudex
2660 2929 2918 3002 gentilis.
2955 2931 3128 2996 Quasi
3167 2930 3418 2985 diceret:
3467 2931 3678 3001 Legem
3735 2930 3831 2985 ha-

2173 3019 2344 3085 betis,
2369 3024 2424 3074 et
2445 3020 2768 3074 secundum
2786 3018 2972 3092 legem
2994 3023 3246 3074 vestram
3261 3020 3521 3090 judicate
3539 3035 3676 3075 eum
3696 3037 3710 3075 τ
3738 3037 3832 3075 vos

2173 3108 2385 3163 melius
2417 3108 2601 3164 nostis
2629 3107 2768 3180 quid
2795 3109 2865 3164 de
2894 3108 3112 3164 talibus
3143 3113 3333 3164 vestra
3362 3108 3728 3180 lexjudieet:
3756 3124 3834 3163 se

412 3221 784 3296 fragilitatem
819 3225 914 3280 alii
950 3227 1231 3296 misereri,
1265 3232 1321 3283 et
1353 3196 1596 3284 fratriim
1647 3229 1848 3300 culpas
1899 3229 2062 3301 igno-
2095 3214 2137 3279 C
2177 3197 2444 3301 cundum,
2469 3197 2621 3301 (ἶξλοξῘ
2655 3199 2882 3301 iam?“
2925 3196 3144 3301 semis’
3170 3197 3449 3301 luiti‘fat'f;
3498 3221 3524 3246 “
3550 3197 3834 3253 Dixerunt”

413 3327 593 3378 scere,
629 3313 768 3368 dum
801 3331 974 3370 suum
1008 3317 1409 3371 recordaretur
1439 3322 1774 3388 peccatum:
1819 3322 1876 3372 et
1927 3317 2068 3372 alio-

414 3417 544 3455 rum
573 3403 823 3474 compati
848 3404 1035 3474 possit
1057 3404 1376 3476 fragilitati,
1403 3406 1501 3476 qui
1527 3406 1618 3459 sui
1639 3423 1810 3460 casus
1829 3406 2067 3476 ignarus

415 3505 531 3543 non
563 3493 734 3544 esset.
770 3490 1006 3546 Peracta
1037 3492 1231 3562 itaque
1262 3492 1414 3547 trina
1435 3493 1540 3548 hac
1564 3494 1870 3564 negatione
1893 3493 2065 3560 Petri,

414 3592 681 3631 reversus
697 3581 785 3633 est
802 3578 1158 3652 evangelista
1175 3581 1243 3634 ad
1265 3581 1527 3636 ordinem
1554 3581 1902 3638 narrationis
1925 3599 2064 3652 suae,

413 3664 511 3718 ubi
535 3681 662 3720 eam
697 3665 1014 3738 reliquerat
1037 3685 1050 3722 :

484 3753 852 3809 «Adducunt
898 3772 1034 3827 ergo
1063 3756 1266 3812 Jesum
1301 3758 1371 3812 ad
1416 3758 1693 3830 Caipham
1749 3760 1808 3814 in
1861 3763 2064 3832 praete-

411 3864 438 3890 ‹‹
474 3841 646 3897 rium.
675 3864 703 3890 υ
734 3844 817 3898 Ad
839 3844 1118 3916 Caipham
1143 3846 1358 3918 quippe
1384 3847 1455 3902 ab
1473 3850 1639 3903 Anna
1661 3848 1882 3921 collega
1902 3853 1959 3904 et
1980 3867 2068 3906 so-

409 3946 541 3986 cero
571 3931 699 4001 ejus
729 3931 953 3988 dixerat
983 3933 1254 3989 missum.
1290 3936 1399 3991 Sed
1435 3936 1481 3992 si
1510 3937 1580 3992 ad
1630 3936 1929 4010 Caipham,
1963 3955 2068 3994 cur

408 4018 468 4074 in
499 4017 836 4091 praetorium
859 4022 886 4076 ?
912 4023 1068 4094 quod
1092 4023 1234 4079 nihil
1255 4023 1414 4080 aliud
1446 4026 1568 4080 vult
1597 4025 1863 4100 intelligi,
1887 4044 2064 4099 quam

408 4107 506 4164 ubi
526 4125 741 4179 prazses
767 4109 988 4166 Pilatus
1009 4110 1330 4178 habitabat,
1356 4118 1454 4169 aut
1481 4115 1874 4171 damnationis
1907 4115 2064 4171 Chri-

407 4197 481 4253 sti
514 4213 694 4254 causa
723 4199 972 4272 Caiphas
1021 4202 1270 4273 perrexit
1301 4202 1358 4258 in
1410 4204 1744 4276 praatorium
1793 4205 1866 4260 ad
1914 4205 2064 4261 Pila-

403 4289 554 4351 tum,
580 4290 682 4342 aut
712 4287 932 4344 Pilatus
965 4289 1022 4344 in
1051 4291 1224 4345 domo
1258 4291 1488 4364 Caiphaz
1522 4293 1855 4364 praetorium
1889 4293 2066 4349 habe-

402 4376 523 4433 bat.
551 4377 619 4432 Et
648 4381 810 4434 tanta
832 4378 942 4434 luit
971 4379 1316 4451 amplitudo,
1341 4387 1404 4435 ut
1427 4385 1705 4453 utrosque
1736 4400 1942 4455 capere
1967 4401 2066 4456 po-

403 4465 634 4533 tuisset,
661 4472 717 4522 et
747 4485 1012 4523 seorsum
1048 4469 1407 4524 habitantem
1443 4470 1747 4526 dominum
1781 4489 1978 4537 suum,
2011 4477 2068 4528 et

404 4569 667 4645 seorsum
693 4555 954 4645 judieem
982 4556 1172 4645 l'erret.
1210 4557 1351 4612 Ecce
1375 4563 1598 4629 quanta
1617 4563 1708 4614 est
1730 4559 2060 4616 sollicitudo
2092 4579 2138 4645 D

401 4642 771 4698 sacerdotum
804 4644 862 4700 in
893 4644 1067 4713 malo,
1102 4649 1220 4701 tota
1252 4652 1419 4702 nocte
1449 4646 1833 4719 vigilaverunt
1863 4653 1926 4704 ut
1957 4649 2061 4704 ho-

402 4728 706 4786 micidium
758 4733 1031 4789 facerent.
1083 4758 1110 4785 «
1142 4735 1276 4790 Erat
1306 4740 1500 4790 autem
1534 4752 1724 4792 mane.
1759 4759 1786 4786 »
1823 4737 1889 4791 Et
1922 4738 2056 4808 ipsi,

399 4819 454 4874 id
493 4824 581 4875 est
613 4821 710 4892 qui
747 4821 1039 4878 ducebant
1077 4823 1302 4889 Jesum,
1363 4846 1390 4872 «
1428 4842 1542 4878 non
1601 4824 1950 4880 introierunt
1999 4827 2057 4880 in

401 4931 427 4956 ‹‹
462 4909 820 4978 praetorium.
851 4935 878 4960 ››
911 4911 1019 4966 hoc
1041 4915 1129 4966 est
1160 4911 1217 4965 in
1241 4928 1370 4967 eam
1395 4912 1614 4984 partem
1645 4913 1856 4968 domus
1878 4931 2056 4985 quam

400 4993 624 5051 Pilatus
648 5001 899 5053 tenebat.
935 4999 992 5054 Si
1027 4999 1154 5070 ipsa
1176 4999 1387 5055 domus
1408 5004 1530 5054 erat
1559 5000 1810 5072 Caiphae,
1835 5019 1939 5057 cur
1961 5020 2058 5058 au-

401 5086 520 5136 tem
555 5099 669 5138 non
699 5085 1044 5141 introierunt
1075 5089 1127 5141 in
1157 5088 1488 5157 przetorium
1512 5089 1539 5142 ’ἶ
1570 5090 1876 5161 Exponens
1917 5108 2055 5146 cau-

399 5185 562 5224 sam:
599 5195 626 5219 ‹‹
646 5172 716 5226 Ut
735 5191 846 5227 non
868 5176 1425 5241 contaminarentur,
1453 5177 1661 5249 inquit,
1687 5179 1788 5233 sed
1814 5183 1878 5233 ut
1901 5197 2061 5235 man-

396 5280 425 5308 ‹‹
460 5257 742 5314 ducerent
791 5262 1030 5316 Pascha.
1055 5285 1081 5309 ››
1103 5263 1234 5318 Dies
1265 5265 1419 5320 enim
1443 5267 1533 5337 agi
1555 5271 1804 5338 cmperat
1824 5270 2060 5342 Azymo-

395 5362 550 5410 rum,
587 5347 804 5418 quibus
835 5349 1041 5404 diebus
1069 5353 1488 5409 contaminatio
1522 5354 1636 5410 illis
1670 5361 1792 5411 erat
1825 5356 1879 5411 in
1915 5358 2054 5414 alie-

395 5451 538 5489 num
572 5435 971 5492 habitaculum
998 5437 1232 5494 intrare.
1253 5441 1296 5496 Ο
1321 5443 1501 5514 impia
1524 5449 1577 5497 et
1599 5444 1779 5500 stulta
1801 5447 2052 5516 cazcitas,

396 5523 736 5581 habitaculo
756 5524 1022 5582 videlicet
1053 5526 1240 5584 alieno
1272 5547 1332 5586 se
1363 5531 1559 5586 violari
1603 5537 1970 5604 putaverunt,
1996 5541 2052 5592 et

396 5628 512 5677 non
544 5614 778 5689 proprio
809 5614 1022 5674 scelere
1067 5616 1358 5693 inquinari
1393 5637 1454 5678 se
1485 5621 1760 5679 videbant
1787 5623 1799 5680 !
1830 5625 2050 5683 Alieni-

2179 3309 2204 3334 ‹‹
2241 3302 2376 3358 ergo
2415 3285 2638 3341 Judaei:
2683 3286 2861 3342 Nobis
2911 3303 3024 3342 non
3076 3286 3211 3342 licet
3257 3287 3578 3342 interficere
3631 3302 3833 3359 quem-

2179 3398 2205 3424 ‹‹
2235 3391 2434 3445 quam.
2463 3395 2488 3421 ››
2523 3375 2670 3436 Quid
2693 3379 2783 3429 est
2803 3376 2958 3447 quod
2983 3374 3243 3447 loquitur
3263 3375 3469 3430 insana
3491 3373 3836 3430 crudelitas?

2178 3479 2251 3517 an
2284 3479 2398 3518 non
2433 3461 2862 3518 interﬁciebant
2903 3480 3076 3535 quem
3110 3464 3583 3519 interﬁciendum
3635 3464 3835 3519 offere-

2178 3551 2364 3606 bant?
2394 3558 2478 3606 An
2513 3568 2627 3606 non
2661 3551 2806 3608 forte
2838 3552 3282 3620 interﬁciebant,
3307 3553 3444 3606 dum
3465 3551 3831 3607 clamabant:

2177 3639 2481 3712 Crucitige,
2516 3638 2819 3712 crueifige!
2841 3662 2867 3688 ››
2888 3641 3036 3706 Quid
3061 3646 3148 3696 est
3169 3641 3323 3713 quod
3351 3640 3651 3694 dixerunt:
3679 3663 3709 3689 ‹‹
3736 3640 3838 3695 No-

2177 3728 2269 3782 bis
2297 3746 2410 3784 non
2435 3727 2568 3784 licet
2592 3729 2916 3784 interficere
2940 3745 3321 3801 quemquam,
3348 3751 3374 3776 ››
3398 3729 3538 3783 dum
3563 3728 3654 3782 lex
3678 3745 3840 3783 man-

2177 3817 2277 3873 dat
2310 3817 2653 3883 homicidas,
2686 3817 3003 3884 adulteros,
3054 3824 3112 3873 et
3147 3819 3353 3873 talium
3385 3834 3515 3872 reos
3547 3816 3833 3872 scelerum

2176 3907 2438 3962 occidere
2467 3906 2556 3960 vel
2592 3905 2871 3978 lapidare,
2905 3907 3019 3962 nisi
3053 3909 3199 3962 forte
3248 3906 3355 3961 hoc
3386 3907 3515 3960 ideo
3548 3905 3837 3960 dixissent

2177 4001 2413 4068 propter
2442 3996 2810 4052 sanctitatem
2847 3995 2958 4050 diei
2989 3996 3141 4062 festi,
3167 4001 3233 4050 ut
3253 4013 3367 4051 non
3390 3995 3591 4050 liceret
3622 3995 3711 4050 eis
3745 4012 3834 4050 se-

2175 4087 2436 4140 cundum
2466 4085 2652 4157 legem
2685 4085 2742 4139 in
2777 4085 2869 4140 die
2918 4085 3064 4141 festo
3092 4086 3352 4142 occidere
3399 4084 3728 4149 hominem,
3764 4084 3833 4140 ob

2176 4176 2344 4245 cujus
2375 4173 2484 4229 diei
2517 4174 2646 4228 festi
2692 4175 3122 4230 venerationem
3148 4175 3322 4231 etiam
3357 4175 3696 4248 prseterium
3737 4175 3832 4244 ju-

2175 4263 2321 4318 dicis
2351 4263 2569 4317 intrare
2601 4262 2958 4318 noluerunt?
2987 4265 3309 4332 Quomodo,
3343 4281 3375 4319 o
3407 4263 3617 4329 Judaei,
3642 4279 3675 4317 o
3700 4260 3829 4318 falsi

2177 4352 2469 4421 Israelitae,
2505 4369 2618 4406 non
2652 4351 2947 4408 occidistis
2978 4370 3112 4409 eum
3137 4370 3309 4426 quem
3336 4350 3828 4425 apprehpendistis,

2176 4457 2351 4512 quem
2375 4441 2648 4508 duxistis,
2675 4459 2849 4513 quem
2874 4443 3103 4514 praesidi
3128 4441 3476 4505 tradidistis,
3501 4457 3674 4513 quem
3700 4456 3829 4494 cru-

2176 4529 2329 4601 ciﬁgi
2363 4531 2722 4601 poposcitis?
2773 4531 2984 4586 Audite
3034 4533 3190 4603 quod
3238 4536 3442 4587 contra
3486 4546 3589 4584 vos
3631 4535 3745 4595 est,
3777 4533 3829 4583 et

2161 4619 2289 4689 jam
2323 4618 2605 4690 propheta
2637 4617 2964 4674 clamabat:
3009 4642 3036 4669 ‹‹
3070 4621 3195 4675 Filii
3243 4618 3574 4686 hominum,
3625 4619 3828 4674 dentes

2169 4723 2372 4762 eorum
2406 4723 2568 4762 arma
2599 4711 2657 4762 et
2695 4706 2939 4781 sagittae,
2973 4711 3029 4763 et
3055 4707 3256 4781 lingua
3286 4725 3487 4764 eorum
3537 4706 3826 4762 machara

2168 4801 2342 4852 acuta
2373 4797 2540 4868 (Psal.
2578 4797 2748 4868 va).»
2779 4797 2920 4852 Ecce
2941 4797 3158 4868 quibus
3181 4797 3380 4864 armis,
3410 4797 3626 4869 quibus
3649 4797 3825 4868 sagit-

2167 4886 2264 4952 tis,
2299 4903 2414 4957 qua
2445 4885 2733 4940 machasra
2775 4887 3005 4958 justum
3039 4886 3436 4941 intert'ecistis.
3470 4885 3683 4941 Deinde
3735 4902 3821 4939 se-

2167 4975 2368 5046 quitur
2396 4974 2785 5047 evangelista:

2237 5113 2261 5139 ‹‹
2300 5089 2372 5144 Ut
2402 5106 2592 5146 sermo
2614 5091 2754 5146 Jcsu
2792 5091 3136 5164 impleretur
3177 5109 3351 5165 quem
3383 5091 3546 5156 dixit,
3597 5089 3818 5163 signifi-

2169 5203 2197 5230 «
2230 5197 2370 5234 cans
2403 5197 2519 5250 qua
2547 5185 2700 5235 esset
2733 5185 2918 5236 morte
2951 5181 3293 5237 moriturus.
3321 5205 3347 5231 »ι
3383 5187 3581 5254 Itaque
3613 5179 3820 5236 intelli-

2166 5269 2422 5341 gendum
2473 5273 2560 5324 est
2590 5268 2903 5324 Dominum
2949 5269 3058 5326 hoc
3108 5270 3440 5344 significare
3484 5288 3599 5326 non
3645 5268 3816 5325 aliam

2167 5362 2413 5413 mortem
2439 5358 2649 5424 crucis,
2683 5359 2781 5414 sed
2817 5358 2977 5414 illam
3013 5365 3259 5416 mortem
3291 5377 3408 5433 qua
3448 5360 3634 5416 Judaei
3683 5373 3814 5414 eum

2164 5447 2438 5520 gentibus
2471 5449 2779 5502 tradebant
2811 5449 2881 5504 ad
2911 5449 3318 5516 occidendum,
3352 5449 3576 5505 minore
3622 5453 3812 5504 tamen

2163 5537 2378 5592 scelere
2409 5554 2584 5608 quam
2615 5537 2823 5604 Judaei,
2857 5538 2958 5609 qui
2992 5555 3053 5594 se
3082 5538 3192 5595 isto
3237 5539 3408 5594 modo
3449 5539 3521 5595 ab
3571 5539 3696 5609 ejus
3725 5536 3811 5591 in-

2160 5627 2495 5685 terfecliene
2539 5626 2695 5685 velut
2726 5626 2946 5687 alienos
2998 5627 3184 5686 facere
3230 5629 3560 5700 voluerunt,
3593 5644 3705 5686 non
3750 5629 3811 5683 ut
