4012 6174
218 325 315 389 433

1430 333 1788 398 ΗΟΜΙιῐίΕ
1832 336 1934 399 DE
1977 335 2375 404 TEMPORE.

3487 348 3606 416 434
3674 293 3678 298 Δ

219 478 395 557 eorum
428 458 785 531 innocentia,
818 462 920 522 sed
961 468 1026 521 ut
1054 463 1350 524 dementia
1396 472 1841 527 monstraretur.
1872 473 1926 541 Α
1957 471 2135 530 clesia
2162 475 2451 534 est:unde
2479 479 2537 534 et
2557 475 2629 535 ad
2660 480 2930 537 sanctam
2961 473 3204 538 Mariam
3236 482 3485 557 angelus
3502 484 3606 542 ait:

222 551 496 625 Sequitur.

276 666 298 692 ι(
330 641 595 699 Introivit
618 642 832 699 iterum
865 643 924 699 in
955 646 1290 718 praetorium
1320 647 1560 715 Pilatus,
1594 654 1651 705 et
1680 666 1847 705 voca-

224 731 340 786 «vit
367 731 594 799 Jesum,
619 737 677 788 et
696 732 841 787 dixit
869 733 920 789 ei
954 751 968 790 :
1004 735 1089 790 Tu
1123 752 1186 792 es
1216 752 1315 791 rex
1339 736 1763 794 Judaeorum?»
1782 738 1845 794 In

223 821 294 878 his
320 822 510 877 verbis
533 821 791 878 ostendit
824 822 1048 879 Pilatus
1078 825 1188 880 hoc
1225 826 1459 882 Judaeos
1488 827 1772 899 objccisse
1795 828 1847 884 ei

167 944 176 951 ~
225 910 480 979 criminis,
513 915 580 965 ut
609 911 827 967 diceret
857 928 919 968 se
951 929 1148 986 regem
1180 931 1311 971 esse
1341 915 1700 972 Judaeorum.

281 1001 647 1074 «Respondit
675 1002 882 1058 Jesus:
917 1004 965 1058 A
994 1004 1304 1077 temetipso
1334 1004 1444 1061 hoc
1475 1006 1642 1075 dicis,
1662 1024 1732 1062 an
1749 1007 1845 1062 alii

228 1089 309 1146 tibi
335 1090 608 1146 dixerunt
638 1091 709 1146 de
740 1107 831 1147 me
855 1092 883 1146 ?
916 1114 943 1141 »
976 1093 1209 1149 Sciebat
1238 1094 1440 1166 utique
1469 1095 1752 1152 Dominus
1791 1100 1849 1152 et

128 1220 133 1225 ι
228 1180 354 1253 quod
400 1178 525 1253 ipse
577 1180 991 1254 interrogabat,
1025 1186 1082 1237 et
1130 1184 1285 1255 quod
1328 1183 1424 1240 ille
1454 1200 1846 1257 responsurus

230 1267 316 1324 fuit
344 1286 356 1323 :
381 1269 478 1323 sed
512 1272 710 1324 tamen
741 1268 853 1324 dici
884 1269 1087 1338 voluit,
1116 1288 1229 1327 non
1263 1277 1501 1345 propter
1516 1274 1848 1346 se,quiom-

229 1358 306 1413 nia
330 1356 566 1423 sciebat,
600 1358 699 1413 sed
731 1362 969 1431 propter
1019 1377 1145 1428 nos,
1182 1365 1245 1416 ut
1289 1362 1641 1418 scriberetur
1689 1364 1841 1435 quod

231 1464 313 1503 nos
338 1446 449 1503 cire
478 1446 679 1502 voluit.

285 1561 307 1587 «
338 1536 654 1609 Respondit
682 1535 940 1593 Pilatus:
974 1538 1253 1611 Nunquid
1286 1557 1390 1613 ego
1421 1540 1661 1597 Judaaus
1681 1543 1846 1597 sum?

228 1652 248 1679 α
273 1643 402 1701 gens
422 1631 523 1681 tua
552 1629 611 1682 et
641 1627 946 1698 pontiﬁces
999 1627 1086 1684 tui
1130 1629 1496 1685 tradiderunt
1543 1634 1601 1686 te
1648 1630 1792 1687 mihi
1827 1649 1840 1688 :

227 1715 393 1788 «quid
419 1715 604 1772 fecisti
626 1715 655 1771 ’ἶ
675 1738 704 1765 ››
723 1715 981 1775 Abstulit
1001 1735 1034 1772 a
1054 1734 1115 1774 se
1146 1718 1562 1792 suspicionem,
1577 1737 1695 1792 qua
1716 1738 1845 1793 pos-

224 1810 297 1905 set
320 1805 504 1878 putari
535 1822 570 1861 a
603 1805 918 1879 semetipso
952 1806 1166 1863 dixisse
1197 1808 1353 1880 quod
1399 1809 1601 1866 Jesum
1646 1826 1840 1882 regem
1872 1846 1919 1911 Β

224 1893 421 1949 dixerat
449 1910 577 1950 esse
606 1895 1040 1966 Judmorumﬁd
1054 1897 1393 1953 seaJudaeis
1424 1898 1720 1971 accepisse
1750 1900 1844 1955 de-

221 1984 858 2055 monstrans,dicendo:
893 2008 920 2034 ‹‹
955 1984 1062 2049 Qui
1097 1985 1327 2042 iecisti?
1350 2011 1377 2038 «
1404 1987 1558 2044 Satis
1589 1987 1845 2044 ostendit

222 2070 345 2127 illud
376 2073 423 2128 ei
453 2088 558 2144 pro
589 2072 835 2129 crimine
855 2072 1171 2144 objectum,
1203 2077 1486 2146 tanquam
1519 2075 1761 2131 diceret:
1782 2074 1840 2131 Si

218 2177 396 2233 regem
462 2167 520 2217 te
565 2178 765 2236 negas,
814 2162 954 2235 quid
1018 2162 1208 2218 fecisti
1257 2169 1320 2219 ut
1367 2164 1615 2219 traderis
1657 2162 1842 2218 mihi?

214 2250 371 2313 Quasi
402 2250 618 2307 mirum
651 2268 766 2307 non
789 2250 1027 2316 esset,si
1046 2252 1569 2323 puniendusjudiei
1594 2253 1843 2308 tradere-

211 2341 314 2409 tur,
347 2340 443 2413 qui
476 2357 539 2398 se
569 2340 788 2396 diceret
818 2357 1012 2414 regem
1045 2357 1193 2397 esse.
1226 2340 1284 2396 Si
1331 2345 1526 2398 autem
1567 2341 1676 2397 hoc
1723 2358 1840 2397 non

211 2428 430 2498 diceret,
463 2430 844 2502 qumrendum
876 2430 949 2485 ab
979 2428 1078 2486 illo
1126 2434 1283 2487 esset
1332 2431 1471 2503 quid
1504 2430 1664 2487 aliud
1697 2430 1842 2487 forte

211 2516 447 2585 fecisset,
482 2518 637 2573 unde
659 2516 811 2579 tradi
835 2517 1025 2589 judici
1050 2517 1265 2592 dignus
1293 2522 1466 2575 esset.

276 2629 302 2655 ‹‹
334 2606 650 2680 Respondit
677 2608 849 2663 Jesus
878 2626 891 2663 :
926 2608 1194 2682 Regnum
1226 2625 1421 2663 meum
1446 2625 1561 2663 non
1615 2610 1705 2663 est
1744 2608 1840 2664 dc-

209 2718 235 2743 η
265 2694 367 2750 hoc
397 2697 637 2752 mundo.
666 2695 725 2751 Si
748 2714 816 2752 cx
845 2696 956 2753 hoc
986 2697 1629 2768 mundoessetreguum
1645 2714 1841 2754 meum

208 2808 233 2834 ‹‹
268 2784 509 2841 ministri
544 2786 661 2842 mei
695 2785 895 2858 utique
926 2786 1288 2842 decertarent
1320 2790 1383 2841 ut
1420 2803 1534 2841 non
1583 2786 1844 2843 traderer

207 2895 234 2921 α
265 2873 495 2932 ὖυάωἰε.
548 2875 714 2930 Nunc
777 2879 973 2931 autem
1042 2892 1287 2949 regnum
1352 2891 1549 2930 meum
1597 2892 1711 2930 non
1755 2878 1845 2932 est

204 2985 231 3011 ‹‹
262 2962 587 3020 hinc.»Hoc
615 2968 702 3020 est
733 2965 888 3037 quod
923 2965 1113 3020 bonus
1143 2964 1423 3037 magister
1451 2963 1598 3020 scire
1627 2980 1841 3020 nosvo-

200 3050 449 3109 luit.Sed
473 3053 639 3126 prius
670 3054 839 3110 nobis
870 3054 1327 3109 demonstranda
1361 3054 1548 3110 fuerat
1577 3071 1724 3108 vana
1743 3053 1844 3109 ho-

200 3140 420 3199 minum
453 3144 525 3199 de
556 3160 733 3215 regno
763 3144 891 3215 ejus
921 3142 1140 3216 opinio,
1157 3143 1277 3198 sive
1301 3141 1718 3217 gentium.sive
1737 3143 1842 3198 Ju-

1958 566 2068 619 «Et
2090 565 2355 639 regnabit
2377 566 2437 622 in
2461 566 2899 626 domoJacobin
2911 573 3289 637 aeternumet
3301 573 3463 645 regni
3481 575 3610 646 ejus

1957 668 2073 708 non
2105 654 2215 710 erit
2245 656 2382 710 linis
2407 660 2432 722 (
2441 657 2565 712 Luc.
2599 657 2640 728 1)
2676 675 2689 712 :
2727 680 2755 708 ››
2789 658 3049 730 spiritale
3081 675 3351 732 regnum,
3384 678 3502 734 quo
3546 662 3606 719 in

1956 741 2117 799 caelis
2148 749 2370 817 regnat,
2385 746 2789 803 demonstrare
2809 748 3030 816 volens,
3044 765 3163 804 non
3176 748 3428 818 carnale,
3447 752 3607 824 quod

1954 847 2105 903 saepe
2135 832 2299 905 impii
2331 835 2549 891 habent
2579 834 2637 889 in
2670 836 2778 892 hoc
2813 837 3150 893 mundo.De
3180 855 3358 912 regno
3380 840 3599 912 quippe

1955 935 2064 975 suo
2093 919 2234 977 dicit
2263 922 2437 995 paulo
2468 928 2677 980 antem
2694 924 2774 981 De
2807 926 3027 982 mundo
3058 943 3175 983 non
3208 927 3368 997 estis,
3383 929 3605 1003 sedego

1953 1024 2055 1064 vos
2086 1010 2157 1066 de
2182 1013 2402 1068 mundo
2435 1011 2582 1086 elegi
2609 1014 2795 1085 (Joan.
2818 1018 2938 1083 xv.)
2970 1036 2998 1063 »
3479 1056 3482 1058 η

2028 1119 2056 1149 ‹‹
2091 1098 2244 1154 Dixit
2274 1100 2469 1173 itaque
2499 1103 2551 1157 ei
2584 1102 2802 1159 Pilatus
2835 1120 2848 1159 :
2884 1126 2912 1155 «
2944 1104 3093 1177 Ergo
3124 1120 3222 1160 rex
3256 1110 3315 1161 et
3352 1106 3458 1161 tu?
3493 1107 3601 1163 Re-

1956 1209 1983 1239 ‹‹
2001 1188 2421 1260 sponditJesus
2436 1208 2448 1245 :
2465 1191 2551 1245 Tu
2568 1190 2715 1247 dicis
2729 1191 2869 1263 quia
2881 1208 2978 1248 rex
2989 1209 3121 1248 sum
3137 1210 3263 1267 ego.
3281 1214 3308 1243 »
3325 1194 3449 1249 Non
3464 1194 3604 1266 quia

1954 1291 2016 1332 se
2048 1293 2241 1350 regem
2271 1278 2471 1334 timuit
2500 1280 2975 1347 confiteri,sed:«
2993 1283 3078 1338 Tu
3113 1282 3261 1339 dicis
3286 1305 3313 1332 »
3330 1282 3434 1349 ait,
3455 1286 3519 1338 ut
3547 1286 3606 1339 et

1950 1380 2152 1421 verum
2184 1367 2419 1437 diceret,
2453 1372 2509 1424 et
2539 1372 2871 1441 sermoejus
2893 1368 3200 1426 calumniae
3215 1387 3329 1427 non
3354 1374 3600 1443 pateret.
3682 1408 3687 1413 -

1953 1453 2185 1511 Dictum
2212 1460 2328 1512 est:
2351 1480 2379 1508 ‹‹
2394 1459 2479 1513 Tu
2505 1457 2672 1525 dicis,
2690 1479 2718 1508 »
2750 1475 2816 1514 ac
2839 1458 2886 1514 si
2919 1458 3446 1517 diceret:Carnalis
3477 1476 3604 1516 car-

1954 1543 2163 1601 naliter
2192 1545 2594 1603 dicis.Deinde
2616 1547 2955 1620 subjungit:
2987 1572 3012 1598 ‹‹
3042 1549 3159 1614 Εκο
3188 1547 3248 1604 in
3280 1547 3392 1604 hoc
3423 1552 3598 1605 natus

1953 1658 1981 1685 ‹‹
2016 1650 2170 1702 sum,
2203 1639 2259 1690 et
2288 1636 2359 1690 ad
2403 1635 2511 1691 hoc
2539 1637 2664 1692 veni
2690 1636 2747 1690 in
2783 1637 3069 1692 mundum
3103 1641 3169 1693 ut
3196 1637 3600 1694 testimonium

1952 1747 1979 1774 ‹‹
2014 1723 2351 1797 perhibeam
2386 1726 2684 1781 veritati.»
2715 1728 2841 1782 Non
2871 1732 2961 1782 est
2991 1728 3367 1799 producenda
3416 1728 3597 1799 hujus

1950 1813 2313 1885 pronominis
2343 1812 2587 1887 syllaba,
2618 1815 2774 1887 quod
2808 1814 2889 1871 ait
2917 1832 2929 1870 :
2962 1815 3023 1871 In
3071 1815 3182 1872 hoc
3223 1819 3395 1874 natus
3438 1833 3596 1883 sum,

1951 1905 2234 1974 tanquam
2266 1902 2474 1959 dixerit
2507 1922 2518 1959 :
2555 1905 2617 1959 In
2644 1904 2751 1959 hac
2788 1921 2848 1959 re
2878 1909 3052 1960 natus
3082 1922 3236 1972 sum,
3266 1906 3367 1961 sed
3413 1905 3601 1961 corri-

1951 1991 2483 2065 pienda,tanquam
2515 1992 2852 2049 dixerit:Ad
2884 1993 2994 2050 hoc
3025 1996 3199 2050 natus
3223 2011 3379 2061 sum,
3411 1993 3500 2049 vel
3526 1995 3599 2049 ob

1951 2079 2063 2135 hoc
2095 2084 2268 2137 natus
2300 2081 2615 2151 sum,sicut
2636 2082 2825 2138 aitzAd
2848 2082 3167 2139 hocvcniin
3184 2084 3603 2140 mundum.»ln

1951 2170 2147 2225 Graeco
2171 2187 2426 2243 namque
2447 2170 2757 2245 Evangelia
2782 2171 2928 2227 nihil
2943 2176 3074 2245 post
3094 2170 3602 2243 hujuslocutionis

1953 2259 2497 2332 ambiguum.Unde
2527 2259 2907 2316 manifestum
2934 2265 3024 2316 est
3052 2277 3187 2317 eum
3218 2258 3602 2334 temporalem

1951 2347 2312 2405 nativitatem
2328 2366 2492 2405 suam
2508 2348 3252 2423 hiecommemorasse,qua
3264 2344 3602 2405 incarnatus

1948 2436 2106 2493 venit
2138 2438 2195 2493 in
2219 2438 2538 2493 mundum:
2571 2455 2686 2494 non
2726 2437 2889 2493 illam
2920 2438 3045 2495 sine
3077 2438 3267 2503 initio,
3297 2455 3414 2510 qua
3443 2438 3603 2495 Deus

1951 2528 2094 2592 erat,
2128 2541 2231 2597 per
2268 2542 2447 2598 quam
2490 2527 2661 2581 Pater
2708 2526 2970 2582 condidit
3019 2527 3306 2582 mundum
3343 2543 3355 2582 :
3392 2525 3600 2598 utique

1951 2615 2242 2669 nascendo
2275 2615 2344 2670 de
2374 2614 2632 2686 Virgine,
2666 2619 2731 2669 ut
2760 2615 3164 2670 testimonium
3190 2614 3492 2686 perhibeat
3511 2631 3602 2670 ve-

1951 2702 2134 2758 ritati.
2165 2703 2276 2758 Sed
2317 2702 2455 2775 quia
2495 2720 2612 2758 non
2666 2703 2934 2759 omnium
2991 2707 3081 2758 est
3124 2703 3290 2769 ﬁdes,
3332 2701 3602 2773 adjunxit

1952 2796 2125 2864 atque
2154 2792 2237 2847 ait
2270 2809 2282 2846 :
2318 2814 2345 2840 «
2376 2791 2580 2847 Omnis
2610 2792 2712 2864 qui
2743 2795 2831 2847 est
2860 2807 2928 2847 ex
2946 2790 3203 2859 veritate,
3224 2788 3596 2846 auditmeam

1953 2904 1982 2932 «
2014 2896 2234 2936 vocem.
2254 2880 2469 2935 »Audit
2492 2880 2694 2952 utique
2726 2878 3101 2936 interioribus
3132 2877 3471 2949 auribus,id
3485 2880 3597 2945 est,

1952 2969 2148 3025 obedit
2198 2986 2338 3026 mete
2390 2968 2536 3036 voci,
2571 2970 2726 3041 quod
2762 2969 3131 3024 tantumdem
3160 2967 3396 3035 valeret,
3430 2966 3600 3040 quasi

1952 3058 2411 3114 diceret:Credit
2442 3058 2769 3114 mihi.Cum
2800 3059 2998 3130 itaque
3029 3056 3297 3113 Christus
3333 3056 3598 3114 testimo-

1953 3147 2118 3202 nium
2152 3145 2417 3219 perhibet
2445 3146 2695 3215 veritati,
2724 3146 2975 3219 profecto
3015 3138 3433 3203 testimonium
3467 3161 3598 3218 per-

194 3230 518 3299 daeorum,a
546 3232 764 3304 quibus
793 3231 851 3287 id
885 3230 1103 3288 Pilatus
1136 3216 1425 3288 audierat:
1447 3232 1617 3304 quasi
1632 3231 1839 3287 fuisset
1869 3216 1911 3282 C
1948 3235 2110 3291 hibet
2138 3216 2249 3291 sibi
2285 3253 2298 3290 :
2333 3237 2460 3308 ejus
2491 3236 2709 3308 quippe
2725 3216 2845 3291 'vox
2875 3238 2991 3290 est:
3016 3259 3044 3286 «
3072 3235 3190 3308 Ego
3221 3251 3353 3292 sum
3385 3216 3600 3291 veritas

184 3326 496 3394 propterea
526 3330 712 3379 morte
743 3322 1103 3394 plectendus,
1129 3322 1282 3394 quod
1310 3320 1582 3377 illicitum
1615 3321 1836 3376 affecta-

191 3410 353 3476 verit,
387 3428 654 3484 regnum,
680 3411 766 3467 vel
796 3410 1074 3484 quoniam
1105 3410 1294 3467 solent
1324 3410 1653 3483 regnaturis
1690 3409 1835 3465 invi-

194 3497 328 3567 dere
356 3506 687 3572 regnantes.
718 3501 950 3557 Poterat
980 3503 1175 3556 autem
1208 3501 1504 3566 dominus,
1539 3500 1694 3572 quod
1716 3498 1796 3555 ait
1821 3517 1834 3554 :

197 3612 223 3635 «
260 3588 520 3662 Regnum
557 3606 757 3645 meum
790 3607 903 3645 non
935 3594 1024 3645 est
1054 3590 1124 3645 de
1156 3590 1264 3645 hoc
1288 3589 1528 3655 mundo,
1560 3612 1587 3637 ››
1623 3589 1693 3644 ad
1718 3588 1833 3661 pri-

198 3691 353 3733 mam
417 3677 931 3751 interrogationem
998 3676 1262 3750 prasidis
1325 3677 1695 3749 respondere,
1736 3676 1836 3731 ubi

200 3764 342 3820 dixit
372 3783 384 3820 :
410 3789 438 3816 α
469 3767 557 3823 Tu
591 3782 653 3822 es
687 3783 787 3821 rex
812 3766 1189 3822 Judzeorum?
1218 3787 1245 3815 »
1282 3766 1381 3821 sed
1413 3782 1546 3821 eum
1581 3764 1837 3821 vicissim

203 3852 797 3927 interrogans,utrum
818 3854 928 3910 hoc
959 3872 992 3909 a
1022 3855 1336 3927 semetipso
1369 3854 1604 3922 diceret,
1639 3856 1710 3908 an
1735 3871 1836 3908 au-

204 3940 377 3998 disset
406 3944 478 3999 ab
502 3943 654 4009 aliis,
698 3942 797 3998 illo
845 3944 1252 4015 respondente,
1299 3943 1605 4000 ostendere
1653 3942 1839 3997 voluit

207 4027 313 4085 hoc
330 4031 433 4088 sibi
463 4033 618 4105 apud
653 4032 819 4087 illum
852 4032 1032 4093 fuisse
1046 4031 1304 4090 aJudaais
1322 4031 1481 4088 velut
1505 4031 1723 4087 crimen
1742 4032 1838 4086 oh—

203 4118 427 4190 jectum,
452 4121 809 4194 patefaciens
858 4121 1027 4178 nobis
1073 4122 1452 4195 cogitationes
1502 4121 1835 4189 hominum,

211 4223 344 4279 quas
373 4210 491 4283 ipse
523 4215 763 4268 noverat
790 4211 1069 4284 quoniam
1099 4228 1258 4266 vana:
1308 4213 1466 4266 sunt.
1495 4211 1655 4275 Quod
1703 4226 1837 4265 vero

214 4294 285 4350 ait
315 4316 326 4353 :
353 4324 378 4349 ‹‹
411 4299 678 4373 Regnum
710 4316 910 4356 meum
942 4317 1057 4356 non
1089 4305 1180 4357 est
1210 4300 1280 4355 de
1310 4300 1418 4355 hoc
1451 4300 1691 4367 mundo,
1728 4321 1754 4347 »
1778 4298 1835 4354 id

212 4391 291 4440 est
318 4387 367 4443 in
404 4388 511 4444 hoc
536 4389 784 4457 mundo,
819 4389 1036 4457 audite,
1069 4406 1274 4445 omnes
1307 4406 1471 4461 reges
1500 4389 1835 4445 terraezNon

213 4475 351 4530 venit
377 4478 667 4533 Christum
701 4495 948 4551 regnum
980 4477 1204 4545 tollere,
1237 4478 1337 4534 sed
1370 4478 1509 4533 dare
1536 4494 1549 4533 :
1580 4495 1696 4533 non
1722 4477 1837 4532 mi-

1946 3323 2120 3397 (Joan.
2152 3324 2347 3395 x1v).»
2393 3323 2491 3379 llic
2540 3324 2913 3400 commendat
2961 3323 3233 3396 gratiam,
3265 3339 3367 3396 per
3414 3339 3594 3395 quam

1943 3412 2128 3469 vocati
2161 3430 2367 3468 sumus
2416 3412 2510 3467 Ait
2538 3412 2733 3485 itaque
2766 3430 2779 3468 :
2804 3435 2832 3462 ‹‹
2866 3411 3071 3468 Omnis
3101 3411 3201 3484 qui
3231 3414 3323 3467 est
3348 3428 3419 3467 ex
3446 3410 3597 3467 veri-

1943 3505 2063 3556 tate
2092 3501 2255 3556 audit
2285 3517 2481 3557 voeem
2507 3518 2765 3556 meam.»
2796 3501 2921 3556 Non
2955 3500 3083 3555 ideo
3107 3503 3196 3556 est
3223 3517 3291 3555 ex
3332 3499 3595 3567 veritate,

1946 3590 2085 3662 quia
2114 3591 2242 3661 ejus
2298 3591 2464 3645 audit
2515 3606 2735 3655 vocem,
2794 3590 2894 3644 sed
2942 3589 3072 3644 ideo
3125 3588 3290 3644 audit
3331 3587 3471 3661 quia
3527 3605 3598 3645 ex

1942 3678 2184 3735 veritate
2211 3683 2318 3746 est,
2361 3678 2418 3732 id
2448 3682 2558 3746 est,
2601 3678 2739 3751 quia
2755 3677 2861 3732 hoc
2900 3675 2981 3732 illi
3019 3677 3237 3734 donum
3264 3683 3331 3733 ex
3351 3675 3594 3733 veritate

1946 3766 2223 3823 collatum
2254 3772 2363 3824 est.
2405 3766 2567 3831 Quod
2617 3766 2758 3839 quid
2790 3770 2875 3821 est
2909 3765 3068 3821 aliud
3103 3782 3301 3839 quam,
3335 3765 3591 3822 donante

1946 3855 2195 3923 Christo,
2230 3857 2464 3911 credere
2495 3856 2554 3910 in
2587 3853 2929 3910 Christum?
2959 3853 3272 3927 Sequitur:

2019 3969 2046 3994 ‹‹
2083 3943 2233 4000 Dicit
2253 3944 2300 4001 ei
2334 3944 2553 3999 Pilatus
2588 3961 2602 3999 :
2630 3944 2777 4008 Quid
2810 3947 2900 3998 est
2944 3943 3195 4000 veritas?
3225 3943 3340 3999 Nec
3391 3959 3591 4015 exspe-

1947 4033 2124 4089 ctavit
2154 4032 2355 4088 audire
2388 4032 2529 4105 quid
2562 4033 2941 4104 responderet
2968 4031 3019 4088 ei
3040 4033 3233 4099 Jesus,
3269 4032 3407 4104 quia
3445 4033 3593 4090 forte
3662 4072 3681 4081 η

1946 4122 2162 4195 dignus
2192 4138 2307 4176 non
2332 4120 2442 4175 fuit
2471 4120 2694 4186 audire,
2712 4120 2813 4176 sed
2842 4138 2854 4175 :
3406 4178 3443 4197 _

2019 4234 2047 4261 ‹‹
2080 4215 2222 4265 Cum
2244 4210 2365 4265 hwc
2387 4208 3364 4277 dixisset,iterumexiitadJudzeos,
3456 4208 3602 4263 dixit

1947 4324 1975 4351 ‹‹
2009 4299 2093 4356 eis
2126 4317 2138 4354 :
2172 4299 2290 4371 Ego
2322 4296 2542 4353 nullam
2577 4296 2806 4352 invenio
2838 4297 2897 4351 in
2929 4313 2995 4352 eo
3026 4312 3287 4352 causam.
3320 4296 3590 4355 Eshcon-

1947 4414 1975 4439 ‹‹
1991 4389 2237 4446 suetudo
2260 4392 2451 4444 vestra
2473 4391 2538 4443 ut
2562 4404 2744 4442 unum
2766 4386 3067 4443 dimittam
3087 4384 3251 4442 vobis
3282 4385 3341 4441 in
3374 4385 3596 4442 Pascha

1948 4503 1976 4528 ‹‹
2000 4477 2177 4534 vultis
2209 4476 2503 4533 dimittam
2534 4476 2697 4532 vobis
2729 4494 2923 4550 regem
2946 4473 3595 4542 Juda‘eorum?»Credo,

218 4568 504 4635 nuere,sed
522 4584 762 4640 augere.
797 4567 1013 4640 Regem
1045 4583 1261 4634 se,non
1294 4570 1498 4623 contra
1538 4565 1700 4635 dixit,
1735 4567 1836 4622 sed
1867 4586 1912 4649 Ι)
1945 4584 2078 4622 cum
2116 4565 2353 4621 dixisset
2387 4564 2605 4621 Pilatus
2639 4564 2827 4629 :Quid
2859 4568 2949 4620 est
2979 4561 3211 4629 veritas,
3236 4560 3296 4617 in
3338 4564 3595 4618 mentem

220 4654 499 4711 carnaliter
526 4656 586 4712 in
618 4655 727 4712 hoc
751 4656 970 4712 mundo
992 4672 1055 4712 se
1086 4672 1326 4729 regnare
1356 4672 1470 4712 non
1505 4654 1666 4710 dixit.
1686 4655 1834 4720 Quid

220 4746 297 4795 est
321 4745 464 4800 enim
497 4762 767 4817 regnum,
785 4745 899 4800 nisi
933 4746 1234 4802 credentes
1255 4745 1313 4799 in
1339 4744 1514 4800 eum?
1536 4745 1695 4810 Quod
1722 4749 1838 4799 tra-

222 4828 304 4884 det
329 4850 561 4906 regnum
598 4841 711 4890 Deo
741 4834 893 4890 Patri
924 4833 985 4889 in
1017 4834 1130 4889 ﬁne
1159 4832 1377 4901 saeculi,
1400 4832 1456 4888 id
1489 4837 1575 4889 est
1589 4833 1843 4889 adducet

222 4918 279 4974 ad
310 4925 472 4979 Deum
495 4924 756 4991 Patrem,
790 4926 855 4979 ut
882 4922 1008 4980 sine
1039 4923 1153 4979 fine
1185 4926 1388 4997 regnet
1418 4939 1550 4979 cum
1573 4922 1691 4978 illo.
1727 4922 1839 4978 Sed

220 5012 274 5062 ut
296 5007 391 5067 hoc
422 5012 712 5084 probaret,
730 5015 794 5067 ut
815 5029 1060 5085 regnum
1087 5012 1215 5084 ejus
1247 5012 1317 5068 de
1347 5012 1457 5068 hoc
1488 5012 1707 5068 mundo
1724 5029 1839 5067 non

219 5104 367 5171 esset,
398 5101 610 5173 adjecit
645 5119 657 5157 :
689 5124 716 5151 ‹‹
751 5101 809 5157 Si
860 5118 929 5156 ex
976 5100 1084 5157 hoc
1129 5102 1349 5156 mundo
1398 5105 1554 5156 esset
1594 5116 1839 5174 regnum

222 5200 408 5257 meum,
438 5189 696 5247 ministri
728 5189 842 5246 mei
874 5189 1076 5262 utique
1108 5189 1469 5245 decertarent
1500 5194 1563 5245 ut
1583 5207 1695 5245 non
1730 5192 1843 5245 tra-

221 5273 359 5333 derer
378 5278 616 5335 Judzeis.
637 5302 666 5328 ››
689 5280 814 5335 Non
840 5278 1127 5335 ait:Nunc
1159 5282 1353 5334 autem
1386 5294 1626 5349 regnum
1644 5295 1840 5334 meum

220 5379 315 5421 non
341 5374 425 5424 est
453 5368 692 5435 hic,sed
724 5386 840 5424 non
872 5372 961 5424 est
990 5367 1268 5424 hinc.Hic
1297 5372 1385 5422 est
1415 5367 1569 5422 enim
1595 5384 1841 5439 regnum

218 5454 325 5524 ejus
351 5474 536 5530 usque
568 5458 626 5512 in
662 5459 838 5513 ﬁnem
869 5456 1087 5523 saeculi,
1121 5456 1222 5512 sed
1251 5455 1310 5511 in
1345 5455 1562 5510 sanctis
1593 5456 1739 5521 suis,
1772 5457 1843 5511 de

219 5543 408 5614 quibus
434 5546 583 5601 dixit
610 5546 670 5602 in
704 5545 816 5601 alio
848 5544 1157 5618 Evangelio
1184 5563 1241 5601 :«
1260 5546 1520 5615 Regnum
1557 5545 1655 5599 Dei
1692 5544 1845 5601 intra

216 5646 300 5689 vos
340 5640 427 5693 est
460 5637 619 5707 (Luc,
650 5634 808 5708 xvu).
858 5635 1002 5691 Nam
1050 5620 1314 5706 regnum.
1340 5633 1440 5688 Dei
1487 5638 1689 5689 sancta
1735 5636 1844 5690 Ec-

1944 4656 2029 4711 illi
2058 4656 2286 4711 venisse
2307 4653 2582 4710 continuo
2594 4653 3081 4710 consuetudinem
3103 4650 3462 4718 Judaaorum,
3478 4667 3599 4723 qua

1949 4745 2172 4802 solebat
2201 4744 2286 4799 eis
2318 4742 2613 4800 dimittere
2645 4759 2829 4798 unum
2861 4741 2921 4797 in
2947 4740 3203 4797 Pascha:
3236 4742 3296 4797 et
3326 4739 3455 4795 ideo
3477 4754 3594 4794 non

1948 4833 2301 4907 exspectavit
2328 4837 2393 4888 ut
2422 4832 2653 4888 audiret
2682 4832 2755 4888 ab
2808 4831 2950 4887 Jesu
2999 4828 3141 4902 quid
3171 4832 3327 4885 esset
3354 4826 3591 4896 veritas,

1948 4940 2022 4979 ne
2052 4939 2216 4978 mora
2239 4922 2422 4989 fieret,
2454 4938 2588 4977 cum
2623 4919 2965 4977 recoluisset
2995 4935 3217 4976 morem
3248 4934 3364 4991 quo
3409 4916 3599 4990 possit

1949 5012 2034 5069 eis
2064 5028 2165 5084 per
2190 5009 2412 5065 Pascha
2442 5008 2679 5064 dimitti.
2715 5009 2844 5063 Haec
2875 5023 3006 5064 vero
3030 5006 3393 5064 consuetudo
3423 5006 3597 5063 dimi-

1947 5100 2107 5157 tendi
2137 5098 2402 5155 fortassis
2431 5102 2668 5170 propter
2698 5095 2921 5151 Pascha
2944 5095 3095 5167 apud
3110 5095 3344 5152 Judaaos
3370 5091 3599 5153 reman-

1948 5189 2043 5258 sit,
2076 5193 2132 5244 et
2166 5185 2506 5243 memoriam
2538 5183 2904 5240 liberationis
2933 5183 3169 5240 illorum
3197 5202 3266 5241 ex
3314 5186 3596 5260 Egypto;

1952 5279 2090 5351 quia
2123 5277 2181 5332 in
2216 5275 2437 5332 Pascha
2473 5273 2703 5329 liberati
2757 5277 2899 5329 sunt
2929 5292 2961 5328 a
2990 5274 3289 5331 servitute.
3322 5275 3436 5331 Sed
3483 5293 3605 5331 om-

1952 5384 2055 5423 nes
2086 5364 2389 5421 audientes
2400 5362 3072 5431 clamaveruntrursum,
3089 5380 3296 5421 omnes
3309 5363 3601 5421 dicentes:

2026 5481 2050 5506 υ
2069 5456 2193 5510 Non
2227 5454 2402 5520 hunc,
2419 5452 2518 5508 sed
2541 5452 2888 5507 Barabbam.
2906 5453 3055 5508 Erat'
3071 5453 3367 5509 Barabbas
3381 5452 3550 5509 latro.
3574 5475 3601 5501 ››

1952 5544 2239 5601 Barrabas
2259 5543 2369 5598 iste
2393 5542 2543 5613 ﬁlius
2571 5542 2833 5611 magistri
2853 5541 3509 5614 eorum,interpretatur,
3544 5541 3602 5595 id

1954 5639 2042 5691 est
2072 5631 2309 5699 diaboli,
2345 5631 2445 5703 qui
2483 5631 2765 5704 magister
2810 5630 2921 5687 fuit
2962 5630 3049 5688 vel
3097 5631 3234 5686 huic
3281 5628 3491 5685 latroni
3539 5628 3598 5681 in
