4012 6174
320 296 325 299 ~
430 282 549 367 435

1010 280 1418 343 HAYMONIS
1467 280 2003 342 HALBEItSTA'l‘.
2054 279 2297 341 EPISC.
2345 267 2519 342 OPP.
2565 282 2764 342 PAltS
2811 282 2887 343 Il.
2921 316 2996 326 —
3028 280 3296 344 HOMIL.

3712 283 3815 347 436

412 413 1465 488 celeresuoleJulae‘sinimpietate
1498 413 1765 487 perfidiae
1793 413 2073 471 suaeNon
2108 416 2158 482 Α
2191 436 2219 465 ‹‹
2252 412 2467 469 timuit.
2512 414 2582 470 Et
2631 413 2936 488 ingressus
2976 419 3068 471 est
3113 414 3469 491 praetorium_
3496 414 3723 487 iterum,
3767 427 3818 491 et

412 500 915 579 reprehendimus,
950 520 982 559 o
1003 492 1385 576 Iudaei,'quod
1417 521 1519 576 per
1547 503 1770 581 Pascha
1801 504 2057 561 liberatis

415 590 744 657 noeentem,
778 593 880 648 sed
929 594 1084 666 quod
1129 593 1424 649 occidistis
1471 592 1866 649 innocentem.
1896 595 2057 659 Quod

415 676 614 740 tamen
647 683 762 738 nisi
788 683 1183 747 ﬁeret,verum
1219 683 1437 738 Pascha
1463 700 1575 737 non
1609 683 1913 739 fieret.Sed
1931 701 2059 738 um-

419 766 526 828 bra
549 771 811 828 veritatis
830 778 867 827 'a
881 771 1101 827 Judazis
1124 771 1455 827 errantibus
1474 772 1798 838 tenebatur,
1816 779 1872 827 et
1895 773 2065 828 mira-

2187 526 2215 552 «
2243 503 2388 559 dixit
2420 504 2492 558 ad
2525 503 2761 560 Jesum:
2792 505 2954 561 Unde
2978 524 3040 562 es
3064 510 3125 561 tu
3144 505 3171 560 ?
3191 506 3362 562 Jesus
3379 509 3573 561 autem
3605 522 3817 577 respon-

2169 600 2196 627 (ί
2235 611 2369 651 sum
2404 614 2519 651 non
2566 595 2726 649 dedit
2756 595 2873 651 ei.»
2907 596 3025 651 Hoc
3056 595 3357 651 silentium
3390 594 3622 650 Domini
3657 600 3805 650 nostr

2169 683 2308 739 Jesu
2354 685 2566 740 Christi
2610 703 2723 740 non
2775 684 2951 741 semel
3007 686 3247 759 factum,
3280 682 3506 739 collatis
3552 685 3801 740 omnium

2170 774 2661 846 evangelistarum
2723 775 3160 830 narrationibus
3210 772 3517 846 reperitur,
3571 779 3626 828 et
3666 776 3807 845 apud

420 861 525 917 bili
556 861 991 934 dispensatione
1040 860 1249 915 divinae
1300 860 1596 932 sapientia:
1649 878 1748 931 per
1795 861 2066 917 homines
2175 863 2469 936 principes
2500 865 2892 927 sacerdotum,
2927 868 2984 918 et
3014 864 3169 939 apud
3219 863 3528 928 Herodem,
3562 866 3619 918 et
3666 864 3805 935 apud

422 949 659 1006 fallaces
690 951 953 1019 ejusdem
987 951 1206 1004 umbrae
1237 950 1446 1005 veritas
1498 949 1869 1021 implebatur.
1905 952 2065 1015 Quod

424 1044 490 1094 ut
516 1056 717 1094 verum
742 1038 963 1094 Pascha
993 1039 1175 1103 fieret,
1202 1038 1472 1094 Christus
1499 1038 1657 1095 velut
1696 1038 1819 1094 ovis
1853 1039 2069 1095 immo-

427 1127 676 1183 labatur.

497 1240 527 1267 «
558 1218 722 1272 Tune
738 1215 1123 1289 apprehendit
1154 1216 1607 1283 PilatusJesum,
1623 1224 1678 1273 et
1693 1218 2024 1291 flagellavit'
2044 1240 2070 1268 »

427 1306 545 1361 Hoc
570 1294 793 1362 Pilatus
822 1324 934 1362 non
966 1309 1039 1362 ob
1070 1306 1227 1363 aliud
1259 1293 1466 1363 fecisse
1498 1308 1823 1363 credendus
1837 1309 2075 1372 est,nisi

429 1400 493 1450 ut
513 1396 640 1466 ejus
669 1394 903 1466 injuriis
932 1394 1119 1451 Judaei
1149 1395 1341 1459 satiati
1365 1396 1631 1451 sufﬁcere
1650 1396 1761 1451 sibi
1782 1396 2076 1452 existima~

430 1488 581 1550 rent,
615 1487 669 1540 et
702 1501 886 1556 usque
917 1486 986 1540 ad
1021 1486 1149 1557 ejus
1182 1490 1426 1540 mortem
1462 1485 1660 1540 szevire
1709 1485 2077 1541 desisterent.

430 1574 515 1629 Ad
546 1573 655 1629 hoc
688 1560 961 1646 pertinet,
981 1575 1138 1646 quod
1162 1574 1315 1630 idem
1340 1590 1552 1646 praeses
1584 1574 1879 1630 cohortem
1913 1592 2082 1631 suam

434 1652 713 1735 permisit
729 1663 936 1728 facere,
970 1680 1100 1735 quae
1125 1668 1457 1735 sequuntur
1491 1681 1503 1718 :

508 1774 536 1803 ‹‹
570 1753 641 1807 Et
670 1751 1242 1837 milites,plectentes
1273 1769 1545 1808 coronam
1580 1753 1650 1809 de
1679 1753 1867 1824 spinis
1891 1753 2075 1825 impo-
2119 1789 2162 1855 Β

438 1864 465 1891 ‹‹
488 1844 734 1897 suerunt
754 1841 929 1913 capiti
960 1842 1088 1913 ejus
1113 1860 1125 1908 ;
1159 1832 1215 1896 et
1244 1845 1403 1897 veste
1435 1859 1730 1913 purpurea
1760 1842 2083 1897 circumde-

443 1951 471 1980 ι(
502 1930 715 1986 derunt
743 1947 898 1996 eum,
932 1934 989 1986 et
1017 1931 1327 1986 veniebant
1363 1932 1434 1986 ad
1467 1948 1623 1997 eum,
1658 1936 1715 1987 et
1764 1932 2040 1987 dicebant
2072 1950 2083 1987 :

442 2043 470 2070 «
504 2019 1200 2086 Ave,rexJudzeorum:et
1225 2021 1443 2076 dabant
1462 2021 1520 2076 ei
1555 2019 1823 2092 alapas.»
1854 2021 1945 2075 Sic
1977 2021 2086 2076 im-

442 2107 756 2180 plebantur
786 2126 913 2181 quae
939 2108 1283 2181 praedixerat
1308 2111 1378 2165 de
1410 2127 1470 2165 se
1500 2110 1896 2165 Christus:sic
1936 2126 2088 2165 mar-

444 2201 598 2269 tyres
629 2197 701 2254 ad
734 2198 933 2254 omnia
962 2198 1448 2265 informabantur,
1471 2216 1597 2270 quae
1621 2199 2091 2271 persecutoribus

447 2274 719 2343 libuisset
749 2287 956 2353 facere,
974 2289 1341 2359 perferenda:
1363 2288 1447 2343 sic
1481 2288 1783 2360 paululum
1809 2286 2092 2344 occeulta-

449 2378 623 2435 batur
642 2378 944 2434 tremenda
967 2379 1242 2449 potentia,
1258 2395 1383 2451 quae
1396 2379 1918 2433 commendabatur
1931 2379 2092 2451 prius

451 2466 735 2522 imitanda
766 2465 1172 2538 patientiazsic
1200 2468 1637 2539 regnum,quod
1663 2468 1732 2522 de
1751 2467 1859 2522 hoc
1873 2469 2093 2522 mundo

448 2572 563 2611 non
578 2555 1047 2627 erat,superbum
1065 2556 1823 2629 mundumanonatrocitate
1836 2573 2099 2628 pugnan-

448 2644 530 2723 di,
564 2644 665 2700 sed
698 2642 956 2715 patiendi
987 2644 1320 2700 humilitate
1351 2646 1663 2717 superavit.
1689 2644 1782 2701 Sic
1812 2644 1955 2699 illud
1971 2661 2098 2724 gra-

451 2751 527 2789 nu
539 2749 591 2789 m
607 2732 1118 2806 multiplicandum
1141 2734 1542 2810 seminabatur
1553 2733 2018 2806 poenahorribili,
2037 2737 2100 2791 ut

452 2827 654 2900 postea
684 2821 999 2894 pullularet
1028 2823 1087 2877 in
1119 2822 1324 2894 gloria.

525 2935 552 2963 ‹‹
585 2910 736 2967 Exiit
762 2910 977 2966 iterum
1005 2910 1228 2968 Pilatus
1259 2913 1435 2979 foras,
1470 2913 1616 2969 dixit
1655 2913 1739 2969 eis
1776 2931 1789 2969 :
1826 2914 1966 2969 Ecce
1997 2913 2099 2969 ad-

455 3025 483 3051 ‹‹
517 3001 669 3056 duco
716 3016 850 3055 eum
898 3000 1063 3056 vobis
1108 3002 1281 3057 foras.
1333 3006 1398 3056 ut
1446 3003 1812 3074 cognoscatis
1862 3002 2001 3075 quia
2040 3001 2100 3056 in

459 3113 486 3140 ‹‹
522 3106 588 3145 eo
620 3087 841 3165 nullam
872 3105 1112 3165 causam
1144 3090 1394 3146 invenio.
1414 3090 1566 3146 Exiit
1588 3108 1732 3163 ergo
1762 3091 1936 3147 Jesus
1970 3108 2101 3164 por-

2178 952 2429 1007 Pilatum
2458 957 2680 1008 :tamen
2700 959 2932 1026 propter
2956 953 3105 1021 illos,
3125 952 3343 1026 quibus
3361 952 3708 1023 respondere
3724 969 3810 1006 no-

2178 1040 2309 1107 luit,
2345 1043 2415 1097 ad
2450 1042 2559 1097 hoc
2592 1044 2726 1098 data
2756 1048 2845 1111 est
2874 1044 2944 1098 de
2979 1059 3127 1114 agno
3158 1040 3508 1107 similitudo,
3535 1045 3596 1095 ut
3626 1039 3683 1096 in
3714 1058 3807 1097 suo

2183 1130 2411 1186 silentio
2444 1149 2557 1187 non
2583 1149 2739 1197 reus,
2763 1132 2862 1187 scd
2894 1132 3174 1186 innocens
3198 1131 3531 1187 haberetur.

2256 1243 2285 1269 «
2320 1221 2639 1293 ReSpondit
2666 1221 2840 1276 Jesus
2875 1238 2887 1276 :
2927 1221 3051 1275 Non
3083 1219 3327 1276 haberes
3376 1218 3682 1274 adversum
3735 1236 3816 1275 me

2188 1333 2215 1358 ‹‹
2251 1309 2430 1364 ullam
2466 1296 2834 1381 potestatem,
2872 1308 2985 1364 nisi
3018 1309 3120 1364 tibi
3147 1309 3349 1363 datum
3382 1311 3535 1363 esset
3557 1308 3813 1378 desuper.

2190 1420 2216 1447 ‹‹
2252 1398 2561 1469 Propterea
2592 1399 2689 1469 qui
2726 1398 2965 1453 tradidit
2996 1415 3088 1453 me
3130 1397 3255 1463 tibi,
3290 1397 3484 1467 majus
3529 1402 3817 1468 pec-catum

2192 1510 2218 1537 «
2253 1486 2447 1542 habet.
2484 1508 2511 1535 »
2561 1488 2704 1565 Ecce
2747 1487 3070 1559 respondit,
3121 1490 3176 1542 et
3214 1490 3409 1541 tamen
3452 1503 3566 1541 non
3620 1486 3828 1557 ubique

2194 1575 2516 1647 respondit,
2542 1593 2654 1631 non
2694 1576 2848 1631 sicut
2888 1593 3022 1632 reus
3070 1576 3191 1631 sive
3248 1575 3507 1640 dolosas,
3542 1574 3640 1630 sed
3689 1574 3832 1630 sicut

2196 1680 2405 1736 agnus,
2440 1663 2551 1720 hoc
2582 1669 2670 1720 est
2701 1666 2853 1720 sicut
2883 1663 3131 1737 simplex
3168 1669 3342 1737 atque
3396 1663 3673 1730 innocens
3729 1680 3832 1719 non

2195 1754 2424 1825 aperuit
2448 1772 2512 1810 os
2543 1772 2739 1810 suum.
2758 1754 3002 1815 Proinde
3018 1753 3114 1809 ubi
3131 1771 3244 1811 non
3267 1753 3674 1825 respondebat,
3694 1752 3835 1808 sicut

2196 1843 2318 1899 ovis
2349 1842 2554 1899 silebat
2590 1861 2603 1898 :
2646 1833 2741 1898 ubi
2777 1843 3182 1914 respondebat,
3199 1844 3349 1898 sicut
3373 1842 3831 1914 pastordocebat.

2186 1932 2472 1987 Dicamus
2502 1949 2637 2003 ergo
2671 1932 2826 2004 (μιοά
2865 1931 3032 1997 dixit,
3068 1931 3221 2004 quod
3272 1935 3331 1987 et
3377 1949 3480 2004 per
3530 1929 3834 2003 Apostolos

2198 2021 2397 2075 docuit
2431 2038 2442 2076 :
2478 2021 2617 2093 quia
2649 2038 2763 2076 non
2797 2045 2823 2071 ‹‹
2858 2026 2946 2077 est
2988 2024 3244 2093 potestas
3297 2019 3406 2079 nisi
3440 2038 3473 2075 a
3523 2020 3635 2076 Deo
3669 2022 3834 2092 (llam.

2200 2110 2344 2181 xm).
2372 2132 2399 2158 »
2426 2110 2493 2165 Et
2520 2110 2659 2181 quia
2691 2110 2824 2182 plus
2851 2115 3050 2182 peccat
3077 2109 3176 2182 qui
3210 2110 3515 2182 potestatis
3568 2109 3837 2164 innocen-

2199 2204 2316 2254 tem
2348 2199 2732 2263 occidcndum
2765 2198 2941 2255 livore
2982 2199 3176 2264 tradit,
3210 2214 3384 2270 quam
3410 2203 3669 2270 potestas
3702 2199 3838 2273 ipsa,

2202 2289 2249 2342 si
2283 2306 2417 2344 eum
2450 2305 2582 2343 cum
2617 2288 2823 2344 timore
2854 2288 3096 2345 alterius
3130 2287 3368 2359 majoris
3414 2288 3725 2359 potestatis
3752 2304 3841 2343 oc-

2202 2376 2364 2434 cidit.
2390 2378 2588 2432 Talem
2621 2378 2837 2450 quippe
2869 2379 3155 2434 Dominus
3182 2377 3365 2433 Pilato
3407 2378 3646 2433 dederat
3688 2382 3841 2450 pote-

2204 2472 2516 2528 statem,ut
2544 2473 2699 2522 esset
2729 2466 2906 2521 etiam
2939 2467 3050 2522 sub
3081 2462 3324 2523 Ctesaris
3366 2470 3671 2538 potestate,
3712 2483 3841 2538 qua-

2205 2560 2441 2627 propter
2470 2556 2662 2627 inquit
2695 2574 2707 2611 :
2735 2556 2909 2611 «Non
2930 2555 3173 2611 haberes
3206 2556 3511 2611 adversum
3545 2572 3637 2610 me
3670 2553 3843 2610 ullam

2207 2647 2578 2714 potestatem,
2614 2666 2640 2691 »
2672 2646 2728 2700 id
2763 2633 2871 2707 est,
2903 2644 3488 2716 qnantulamcunque
3514 2643 3725 2712 babes,
3746 2641 3846 2699 nisi

2206 2732 2316 2787 hoc
2348 2733 2563 2804 ipsum,
2593 2733 2878 2806 quidquid
2911 2738 3019 2801 est,
3040 2733 3142 2787 tibi
3176 2738 3329 2788 esset
3349 2733 3551 2789 datum
3581 2734 3846 2805 desuper.

2208 2822 2319 2878 Sed
2351 2821 2629 2894 quoniam
2661 2823 2782 2878 scio
2816 2826 3103 2895 quantum
3137 2821 3213 2877 sit
3241 2822 3379 2894 (non
3420 2822 3578 2877 enim
3620 2826 3849 2877 tantum

2210 2916 2318 2972 est.
2354 2916 2420 2967 ut
2447 2910 2552 2966 tibi
2583 2910 2921 2967 omnimodo
2952 2909 3202 2965 liberum
3246 2910 3363 2978 sit),
3381 2933 3409 2961 «
3445 2914 3719 2982 proptere
3750 2908 3842 2983 qui

2210 3001 2455 3058 tradidit
2478 3019 2567 3057 me
2597 3001 2722 3067 tibi,
2750 3003 3255 3073 majuspeccatum
3279 2998 3851 3073 habet.»lllequippe

2214 3108 2307 3145 me
2329 3096 2442 3145 tum
2460 3089 2728 3162 potestati
2762 3088 3001 3145 tradidit
3022 3087 3351 3155 invidendo,
3366 3093 3425 3143 tu
3443 3105 3572 3144 vero
3588 3089 3851 3145 eamdem

461 3162 915 3249 «tansspineam
939 3194 1210 3233 coronam
1227 3183 1284 3234 et
1297 3197 1655 3253 purpureum
1689 3180 2101 3251 vestimentum
2135 3155 2177 3223 C
2215 3184 2558 3249 potestatem
2593 3179 2767 3233 inme
2792 3178 3215 3234 exercitaturus
3260 3194 3322 3233 es
3363 3178 3679 3233 metuendo
3709 3196 3722 3233 :
3757 3193 3853 3231 nec

462 3292 489 3319 ‹‹
523 3273 582 3324 et
610 3267 754 3323 dicit
784 3267 869 3323 eis
902 3285 916 3322 :
952 3269 1094 3323 Ecce
1124 3267 1318 3323 homo.
1351 3269 1498 3323 Hinc
1530 3274 1771 3340 apparet
1795 3287 1907 3324 non
1942 3270 2104 3341 igno-

462 3360 627 3413 rante
657 3355 839 3411 Pilato
869 3355 991 3411 haec
1021 3374 1054 3410 a
1086 3355 1373 3415 militibus
1408 3357 1579 3424 facta,
1605 3355 1722 3412 sive
1753 3356 2104 3428 permiserit,

462 3443 798 3500 illascilicet
819 3461 996 3499 causa
1027 3460 1203 3515 quam
1238 3462 1417 3515 supra
1437 3445 1714 3512 diximus,
1743 3451 1807 3500 ut
1834 3445 1952 3501 haec
1979 3446 2107 3516 cjus

462 3530 716 3587 ludibria
760 3531 982 3586 inimici
1022 3532 1410 3588 libentissime
1442 3532 1719 3598 viderent,
1753 3539 1809 3589 et
1861 3533 2107 3590 ulterius

460 3619 807 3693 sanguinem
841 3636 953 3675 non
987 3619 1766 3693 sitirent.Egrediebatur’ad
1792 3639 1889 3678 eos
1910 3623 2102 3689 Jesus,

459 3696 697 3781 portans
727 3691 993 3780 spineam
1016 3725 1288 3764 coronam
1321 3713 1378 3765 et
1407 3727 1767 3782 purpureum
1799 3713 2107 3767 vestimen-

459 3804 766 3853 tumznon
814 3797 1008 3853 clarus
1058 3798 1323 3870 imperio,
1365 3800 1468 3854 sed
1514 3800 1721 3871 plenus
1768 3801 2100 3873 opprobrio.

459 3888 584 3941 «Et
613 3886 753 3942 dicit
799 3887 884 3942 eis
917 3904 930 3941 :
964 3888 1107 3942 Ecce
1137 3888 1331 3942 homo.
1368 3909 1394 3935 »
1419 3888 1478 3943 Si
1509 3890 1625 3961 regi
1659 3889 1953 3955 invidetis,
1978 3892 2102 3962 jam

458 3975 694 4051 parcite,
711 3975 848 4048 quia
876 3977 1166 4047 dejectum
1185 3976 1412 4032 videtis.
1432 3977 1900 4051 Flagellatusest,
1917 3980 2105 4052 spinis

457 4058 768 4122 ceronatus
799 4062 1245 4132 est,ludibriosa
1273 4071 1429 4121 veste
1461 4068 1714 4123 amictus
1744 4073 1852 4133 est,
1887 4070 2103 4124 amaris

457 4153 732 4210 conviciis
762 4153 973 4209 illusus
986 4156 1093 4211 est.
1111 4153 1327 4226 alapsis
1341 4171 1525 4211 caesus
1537 4160 1652 4211 est:
1674 4157 1848 4211 fervet
1861 4157 2105 4229 ignomi-

457 4243 575 4311 nia,
608 4242 880 4317 frigescat
907 4242 1126 4298 invidia
1157 4261 1169 4298 ε
1205 4245 1303 4298 sed
1338 4260 1450 4298 non
1488 4245 1761 4317 frigescit,
1790 4246 2103 4302 inardescit

458 4331 653 4405 potius
683 4336 740 4388 et
768 4330 1060 4387 increscit.

529 4420 721 4476 «Cum
751 4437 887 4493 ergo
913 4421 1198 4475 vidissent
1227 4438 1361 4476 eum
1392 4421 1698 4493 pontitices
1728 4427 1785 4478 et
1817 4424 2096 4490 ministri,

2217 3268 2477 3324 timendo
2506 3267 3101 3339 quidem,praesertim
3137 3265 3724 3333 innocentem,homo
3759 3266 3855 3321 bo-

2218 3356 2432 3411 minem
2466 3373 2579 3410 non
2613 3356 2783 3411 debet
2812 3355 3092 3420 occidere,
3124 3355 3223 3410 sed
3266 3360 3460 3410 tamen
3508 3353 3566 3409 id
3618 3354 3855 3410 zelando

2216 3447 2401 3501 facere
2430 3444 2615 3499 multo
2646 3446 2835 3517 magis
2866 3444 3085 3500 malum
3116 3448 3205 3499 est
3245 3460 3421 3515 quam
3473 3443 3758 3500 timendo.
3792 3443 3858 3498 Et

2213 3532 2342 3589 ideo
2374 3552 2487 3588 non
2522 3534 2601 3587 ait
2624 3552 2793 3590 verax
2826 3533 3137 3606 magister:
3171 3532 3277 3596 Qui
3320 3549 3411 3587 me
3461 3532 3708 3587 tradidit
3757 3530 3858 3588 tibi

2215 3623 2341 3695 ipse
2395 3623 2570 3678 habet
2615 3626 2937 3695 peccatum,
2972 3628 3249 3693 tanquam
3298 3620 3389 3676 ille
3422 3638 3536 3676 non
3568 3621 3813 3676 haberet
3844 3637 3857 3674 :

2215 3713 2311 3767 sed
2329 3712 2436 3768 ait:
2457 3735 2482 3762 ‹‹
2500 3714 2690 3784 majus
2706 3712 2880 3767 habet
2906 3716 3227 3783 peccatum,
3250 3710 3544 3764 «utetiam
3566 3727 3627 3764 se
3646 3710 3863 3765 habere

2214 3801 2761 3874 intelligeret.Nque
2788 3801 2944 3856 enim
2980 3804 3282 3872 propterea
3312 3798 3455 3853 illud
3488 3797 3723 3853 nullum
3756 3801 3861 3863 est,

2213 3891 2355 3963 quia
2386 3890 2493 3945 hoc
2525 3892 2720 3960 majus
2751 3894 2860 3944 est.

2284 4003 2310 4028 ‹‹
2348 3980 2566 4035 Exinde
2595 3977 3123 4051 qurerebatPilatus
3154 3976 3447 4033 dimittere
3477 3993 3636 4033 eum.
3657 4000 3684 4026 ι)
3716 3974 3862 4044 Quid

2211 4074 2297 4124 est
2328 4069 2434 4123 hoc
2457 4069 2610 4140 quod
2636 4068 3131 4132 dicitumexinde,
3152 4089 3177 4114 »ι
3193 4067 3358 4138 quasi
3384 4071 3550 4122 antes
3582 4083 3698 4121 non
3714 4081 3868 4138 quie-

2213 4158 2412 4213 rebat?
2445 4158 2592 4227 Lege
2623 4158 2944 4227 superiora,
2979 4162 3034 4211 et
3063 4155 3319 4210 invenies
3341 4156 3703 4226 jamdudum
3728 4170 3863 4210 eum

2210 4263 2466 4318 quaarere
2495 4246 2788 4300 dimittere
2808 4247 3030 4301 Jesum.
3054 4245 3274 4300 Exinde
3296 4244 3495 4315 itaque
3529 4243 3864 4316 intelligen-

2209 4336 2350 4389 dum
2381 4341 2469 4390 est
2500 4338 2734 4407 propter
2763 4333 2894 4395 hoc.
2927 4333 2983 4389 id
3027 4338 3115 4388 est
3152 4350 3221 4389 ex
3269 4349 3469 4399 causa,
3503 4350 3577 4388 ne
3622 4333 3868 4393 haberet

2210 4428 2510 4493 peccatum
2526 4421 2836 4477 occidendo
2852 4421 3218 4477 innocentem
3235 4420 3346 4477 sibi
3364 4421 3868 4492 traditum,quam

456 4533 484 4559 ‹‹
519 4509 873 4577 clamabant,
925 4510 1185 4564 dicentes
1222 4527 1235 4565 :
1270 4510 1571 4582 Cruciﬁge,
1616 4511 1889 4584 cruciﬁge
1939 4530 2092 4568 eum.
2130 4524 2174 4587 Ι)
2204 4509 2292 4565 vis
2322 4509 2523 4564 mitius
2550 4525 2796 4580 peccans
2827 4525 3005 4580 quam
3033 4507 3238 4574 Judaei,
3271 4507 3371 4579 qui
3394 4506 3563 4561 illum
3594 4507 3646 4562 ei
3676 4505 3866 4561 tradi-

455 4622 484 4648 ‹‹
519 4597 675 4653 Dixit
703 4597 787 4653 eis
817 4594 1072 4653 Pilatus:
1098 4598 1352 4669 Accipite
1380 4615 1513 4654 eum
1545 4600 2092 4673 vos,etcruciligite.

456 4709 485 4737 α
517 4686 634 4758 Ego
683 4685 841 4741 enim
873 4703 987 4742 non
1028 4686 1255 4742 invenio
1286 4687 1345 4742 in
1375 4704 1441 4743 eo
1471 4705 1729 4743 causam.
1766 4689 2099 4761 Responde-

456 4798 484 4826 «
517 4780 654 4855 ruent
680 4775 867 4831 Judaei
906 4792 918 4830 :
951 4775 1066 4831 Nos
1097 4774 1285 4847 legem
1346 4776 1653 4851 habemus,
1686 4782 1741 4833 et
1772 4779 2097 4834 secundum

455 4887 482 4915 ‹‹
517 4863 699 4936 legem
734 4864 905 4920 debet
937 4863 1259 4936 mori,quia
1292 4863 1503 4919 Filium
1536 4865 1627 4920 Dei
1653 4883 1713 4921 se
1738 4866 1934 4921 fecit.»
1956 4868 2099 4923 Ecee

454 4952 636 5008 altera
664 4954 854 5026 major
887 4953 1103 5009 invidia
1137 4971 1149 5008 :
1184 4970 1359 5025 parva
1392 4953 1491 5009 illa
1522 4954 1740 5027 quippe
1772 4956 2094 5024 videbatur,

453 5039 917 5097 velutall'ectaret
940 5059 1180 5115 regnum
1196 5041 1400 5098 illicito
1416 5061 1560 5099 ausu
1582 5043 1748 5115 regiae
1773 5044 2093 5116 potestatis,

451 5133 508 5183 et
540 5134 732 5184 tamen
766 5136 1037 5186 neutrum
1070 5131 1182 5187 sibi
1214 5134 1381 5187 Jesus
1405 5132 2093 5206 mendaciterusurpavit.

453 5217 552 5271 sed
588 5221 902 5290 utrumque
931 5236 1130 5274 verum
1164 5226 1287 5275 est:
1322 5225 1378 5275 et
1411 5220 1748 5293 unigenitus
1782 5222 1881 5278 Dei
1916 5222 2094 5278 Filius

451 5308 560 5370 est,
593 5308 650 5358 et
680 5321 777 5360 rex
804 5322 839 5361 a
887 5310 996 5361 Deo
1039 5307 1393 5363 constitutus
1431 5325 1609 5380 super
1650 5309 1784 5363 Sion
1836 5315 2090 5366 montem

453 5397 722 5449 sanctum
741 5394 869 5465 ejus
886 5413 897 5449 :
913 5398 969 5449 et
992 5401 1304 5468 utrumque
1329 5414 1483 5452 nunc
1516 5399 1962 5463 demonstraret,
1981 5399 2092 5454 nisi

453 5488 670 5554 quanto
701 5487 827 5538 erat
854 5483 1160 5554 potentior,
1178 5489 1338 5540 tanto
1361 5486 1562 5540 mallet
1585 5494 1737 5542 esset
1761 5488 2089 5560 patientior.

524 5596 549 5620 ‹‹
585 5571 727 5627 Cum
762 5587 899 5643 ergo
931 5570 1190 5627 audisset
1220 5572 1439 5629 Pilatus
1470 5572 1577 5629 hoc
1608 5577 1869 5644 verbum,
1904 5578 2092 5650 magis

2207 4598 2412 4653 derant
2455 4597 2859 4653 occidendum.
2913 4596 3130 4652 Exinde
3178 4612 3334 4667 ergo,
3369 4594 3429 4651 id
3478 4599 3568 4651 est
3607 4596 3739 4650 ideo
3792 4610 3865 4648 ne

2210 4688 2319 4742 hoc
2369 4693 2673 4759 peccatum
2723 4688 2934 4742 faceret
2970 4703 2981 4742 :
3016 4703 3131 4740 non
3186 4678 3343 4741 nunc
3392 4686 3604 4758 primo,
3640 4685 3744 4740 sed
3791 4684 3867 4738 ab

2208 4775 2374 4832 initio
2395 4775 2691 4847 quaerebat
2715 4792 2849 4831 cum
2885 4774 3200 4830 dimittere.

2280 4888 2307 4913 ‹‹
2340 4864 2523 4920 Judaei
2546 4870 2738 4920 autem
2771 4864 3122 4930 clamabant,
3150 4863 3407 4919 dicentes
3437 4880 3449 4919 :
3484 4863 3544 4918 Si
3578 4863 3739 4920 hunc
3773 4861 3868 4917 di-

2208 4978 2233 5003 ‹‹
2254 4953 2591 5011 mittis.n‘on
2623 4970 2684 5008 es
2732 4953 2956 5008 amicus
2979 4951 3463 5007 Caesaris.0mnis
3481 4952 3637 5007 enim
3667 4949 3777 5022 qui
3802 4966 3867 5004 se

2207 5067 2234 5092 «
2252 5059 2446 5114 regem
2464 5042 2617 5108 facit,
2637 5041 3223 5097 contradicitCzesari.
3240 5062 3263 5091 ι»
3285 5041 3567 5113 Majorem
3581 5041 3865 5096 timorem

2173 5145 2266 5186 'se
2295 5132 2554 5204 ingerere
2586 5135 2935 5202 putaverunt
2965 5130 3167 5199 Pilato,
3203 5129 3475 5186 terrendo
3508 5130 3582 5185 de
3601 5129 3863 5184 Caesare.

2207 5225 2269 5275 ut
2295 5220 2579 5276 occideret
2601 5218 3397 5291 Christumquamsuperius
3419 5218 3517 5273 ubi
3541 5219 3823 5273 dixerant
3851 5235 3864 5270 :

2206 5332 2231 5359 ‹‹
2249 5307 3275 5382 Noslcgemhabemus,etsecundum
3289 5306 3477 5381 legem
3494 5308 3661 5363 debet
3675 5306 3866 5369 mori,

2204 5398 2344 5470 quia
2366 5397 2572 5453 Filium
2597 5397 2695 5453 Dei
2727 5416 2787 5453 se
2822 5397 2971 5453 fecit.
2998 5420 3025 5446 »
3060 5397 3272 5452 Eorum
3308 5395 3494 5467 legem
3529 5393 3871 5469 quippeille

2204 5505 2319 5543 non
2350 5486 2547 5541 timuit
2577 5492 2641 5540 ut
2661 5487 2964 5555 occideret,
2982 5487 3081 5542 sed
3108 5485 3293 5558 magis
3315 5484 3526 5540 Filium
3540 5483 3871 5540 Deitimuit

2203 5576 2481 5631 occidere.
2539 5574 2703 5630 Nune
2736 5592 2890 5641 vero,
2942 5592 3056 5631 non
3107 5575 3189 5631 sic
3238 5573 3428 5646 potuit
3480 5578 3870 5629 centemnere
