3872 6170
174 325 268 388 437

1345 322 1697 386 ΗΟΜΙΙΑΙᾸΞ
1742 325 1845 387 DE
1887 326 2286 392 TEMPORE.

3398 328 3516 401 438

168 459 405 515 Gcsarem
432 457 712 511 auctorem
743 454 1051 529 potestatis
1081 472 1222 522 suae,
1256 456 1754 529 quemadmodum
1785 458 1840 525 Α
1866 462 2003 515 runt
2032 471 2181 539 e‘um‘
2199 462 2384 531 (Marc.
2404 422 2510 533 xv)
2536 481 2549 534 ;
2586 485 2614 515 ››
2641 462 2897 523 Joannes
2938 483 3069 523 vero
3101 468 3242 526 dicit
3272 485 3285 525 :
3321 492 3350 522 «
3381 471 3519 530 Erat

163 547 320 620 legem
347 542 519 618 gentis
546 542 767 600 alienas.
800 544 897 601 Ait
927 545 1120 602 adhuc
1153 563 1166 601 :

221 656 244 683 «
272 634 467 689 Pilatus
495 636 686 688 autem
718 649 855 688 cum
888 635 1153 690 audisset
1182 635 1290 691 hos
1315 651 1635 701 sermones,
1659 635 1754 690 ad-

160 747 184 774 «
207 721 350 778 duxit
376 722 517 777 foras
543 721 766 790 Jesum,
800 726 859 778 et
887 724 1037 779 sedit
1066 741 1169 796 pro
1200 724 1501 790 tribunali,
1534 724 1593 779 in
1626 723 1752 779 loco

157 834 181 862 ‹‹
207 810 293 883 qui
312 811 510 866 dicitur
529 810 932 879 Lithostratos,
954 812 1230 868 Hebraice
1253 816 1447 868 autem
1468 813 1748 869 Gabatba.

156 924 178 951 ‹‹
200 900 316 954 Erat
343 903 524 955 autem
553 915 861 971 parasceve
892 900 1125 957 Pascha;
1147 900 1290 957 hora
1311 901 1480 974 quasi
1512 905 1691 959 sexta.
1722 923 1750 950 »

151 991 251 1055 Qua
265 988 393 1043 hora
407 988 480 1043 sit
498 988 775 1045 Dominus
787 989 1119 1057 cruciﬁxus,
1133 995 1369 1063 propter
1384 990 1750 1063 evangelistaa

149 1076 352 1133 alterius
383 1077 798 1147 testimonium,
818 1079 918 1151 qui
950 1079 1129 1135 dixit:
1160 1102 1181 1128 ι
1217 1080 1354 1135 Erat
1382 1083 1577 1135 autem
1610 1079 1752 1135 hora

148 1166 306 1231 tertia,
336 1170 388 1221 et
430 1166 835 1223 cruciﬁxerunt
877 1184 1014 1223 eum
1045 1168 1226 1239 (Marc.
1258 1170 1374 1237 xv),
1408 1190 1436 1219 ››
1469 1168 1749 1240 quoniam

148 1255 672 1327 magnadisceptatio
690 1256 837 1312 solet
847 1257 1060 1313 oboriri
1072 1274 1224 1324 ,cum
1239 1259 1307 1313 ad
1327 1258 1518 1330 ipsum
1533 1256 1748 1323 locum,

145 1343 223 1398 ubi
252 1343 548 1399 cruciﬁxus
579 1350 872 1412 narratur,
905 1351 1145 1402 ventum
1176 1345 1369 1415 fuerit,
1402 1351 1468 1401 ut
1493 1346 1747 1419 potueri-

145 1448 269 1499 mus,
299 1432 344 1487 si
390 1432 673 1489 Dominus
719 1433 985 1502 voluerit,
1035 1434 1416 1491 disseremus.
1448 1434 1594 1490 Cum
1644 1452 1749 1506 pro

143 1520 382 1576 tribunali
412 1522 664 1578 sedisset
692 1522 915 1579 Pilatus
949 1540 961 1577 :

196 1631 220 1658 α
249 1606 389 1664 Dixit
413 1610 634 1666 Judaeis
667 1628 680 1666 :
714 1615 858 1667 Ecce
887 1628 983 1668 rex
1015 1616 1219 1668 vester.
1254 1612 1341 1667 Illi
1389 1615 1582 1668 autem
1630 1610 1747 1667 cla-

142 1721 163 1748 α
184 1698 398 1754 mabant
422 1716 437 1754 :
471 1698 656 1765 Tolle,
684 1700 843 1768 tolle,
877 1700 1151 1773 cruoiﬁge
1181 1700 1349 1757 eum!
1378 1700 1527 1757 Dicit
1556 1701 1640 1756 eis
1667 1701 1750 1757 Pi-

140 1808 161 1835 α
184 1785 353 1842 latus:
386 1787 603 1861 Regem
633 1792 893 1846 vestrum
923 1789 1306 1862 cruciﬁgam?
1327 1813 1356 1839 ››
1395 1790 1599 1845 Adhuc
1630 1795 1745 1846 ter-

138 1891 311 1942 rorem,
344 1892 515 1948 quem
546 1878 620 1933 de
649 1878 873 1934 Caesare
915 1877 1301 1952 ingesserant,
1334 1894 1610 1950 superare
1650 1895 1746 1934 co-

137 1967 295 2029 natur,
315 1964 383 2019 de
409 1964 737 2036 ignominia
763 1981 966 2021 eorum
997 1965 1196 2021 volens
1227 1982 1327 2021 eos
1356 1964 1641 2037 frangere,
1666 1964 1750 2020 di-

135 2054 284 2108 cendo
314 2069 327 2107 :
361 2075 388 2105 u
421 2055 642 2127 Regem
684 2059 943 2110 vestrum
989 2048 1377 2126 cruciﬁgam"?
1411 2076 1439 2103 ››
1468 2055 1626 2118 Quos
1677 2054 1748 2111 de

83 2162 99 2179 ο
132 2139 416 2212 ignominia
442 2142 665 2199 Christi
697 2142 966 2216 mitigare
997 2161 1110 2198 non
1142 2143 1370 2215 potuit;
1405 2143 1506 2199 sed
1536 2144 1747 2199 timore

136 2228 318 2286 Pilatus
346 2248 479 2287 mox
502 2231 771 2288 vincitur
796 2249 809 2287 :
843 2233 1000 2288 unde
1032 2231 1307 2289 subditur
1337 2249 1351 2288 :

186 2344 211 2368 «
238 2321 678 2393 Responderunt
706 2321 1051 2393 pontiﬁces:
1077 2322 1200 2377 Non
1231 2321 1519 2377 habemus
1550 2336 1745 2393 regem

134 2408 274 2464 «nisi
302 2409 607 2466 Cresarem.
651 2411 813 2466 Tunc
863 2427 1000 2483 ergo
1050 2410 1292 2465 tradidit
1338 2410 1421 2465 eis
1462 2409 1629 2465 illum
1682 2414 1747 2464 ut

130 2521 151 2548 κ
171 2499 609 2571 cruciﬁgeretur.
630 2521 657 2548 »
678 2500 1063 2572 Apertissime
1093 2498 1306 2571 quippe
1328 2502 1529 2554 contra
1556 2502 1745 2554 Caesa-

130 2602 226 2642 rem
247 2588 429 2644 venire
458 2589 778 2655 videretur,
794 2588 841 2644 si
874 2604 1070 2661 regem
1104 2605 1164 2644 se
1187 2587 1297 2642 nisi
1321 2588 1604 2643 Caesarem
1627 2604 1743 2643 non

127 2674 300 2732 habere
328 2677 764 2749 proﬁtentibus,
799 2677 981 2732 alium
1033 2693 1227 2749 regem
1257 2675 1429 2731 vellet
1458 2676 1742 2747 ingerere.

126 2762 429 2822 dimittenda
460 2766 851 2838 impunitum,
874 2782 1049 2837 quem
1081 2769 1317 2836 propter
1346 2763 1452 2819 hos
1484 2780 1666 2820 ausus
1690 2764 1743 2820 ei

124 2854 449 2911 tradiderunt
478 2854 894 2911 occidendum.
928 2854 1053 2910 Non
1104 2859 1300 2910 autem
1348 2854 1572 2908 dictum
1603 2857 1693 2909 est
1723 2869 1737 2908 :

124 2940 345 2997 Tradidit
363 2943 445 2998 eis
469 2942 647 2998 illum
672 2946 738 2999 ut
758 2942 1166 3015 cruciﬁgerent
1189 2941 1377 3007 illum,
1402 2942 1500 2997 sed
1528 2945 1593 2996 ut
1613 2957 1743 2996 cru-

123 3027 427 3103 citigeretur,
449 3030 682 3088 scilicet
701 3031 930 3103 judicio
961 3048 1027 3088 ac
1058 3034 1342 3104 potestate
1364 3029 1650 3103 praesidis,
1674 3034 1742 3086 ut

124 3119 433 3191 evangelista
461 3118 650 3176 dicit}
682 3141 711 3169 ‹‹
744 3120 1009 3175 Tradidit
1036 3136 1172 3192 ergo
1204 3119 1370 3174 illum
1399 3118 1484 3175 eis
1515 3121 1582 3173 ut
1606 3134 1737 3173 cru-

124 3204 428 3279 ciﬁgeretur.
466 3231 493 3257 ››
523 3209 646 3265 Sed
680 3209 946 3281 nunquid
994 3208 1153 3264 aliud
1197 3212 1254 3264 et
1282 3211 1415 3263 ante
1445 3206 1736 3279 cupiebat,
1769 3194 1812 3259 C

122 3309 228 3350 cum
254 3297 476 3353 dicebat
507 3316 522 3354 :
568 3322 597 3349 «
630 3296 885 3369 Accipite
912 3314 1047 3353 eum
1075 3314 1199 3361 vos,
1232 3301 1289 3353 et
1319 3295 1676 3368 cruciﬁgite:
1713 3317 1741 3345 »

122 3382 190 3437 vel
206 3384 363 3441 etiam
380 3385 694 3459 superius:
715 3408 743 3436 ‹‹
766 3386 1019 3459 Accipite
1039 3402 1173 3442 eum
1194 3402 1315 3454 vos,
1335 3388 1388 3441 et
1414 3385 1742 3440 secundum

120 3467 271 3543 legem
302 3480 560 3531 vestram
589 3474 850 3546 judicate
879 3491 1014 3530 eum
1032 3475 1060 3529 ?
1083 3497 1110 3523 ››
1133 3474 1249 3529 Cur
1265 3478 1463 3530 autem
1493 3472 1575 3528 illi
1612 3476 1740 3528 tan-

120 3558 283 3628 topere
304 3562 644 3627 voluerunt,
661 3563 956 3619 dicentes:
982 3585 1009 3612 «
1034 3556 1213 3619 Nobis
1236 3579 1350 3617 non
1370 3561 1506 3617 licet
1524 3560 1743 3616 interﬁ-

121 3661 221 3703 cere
244 3667 629 3724 quemquam,
666 3673 695 3700 ››
728 3655 787 3706 et
815 3651 976 3706 omni
1005 3651 1180 3707 modo
1211 3650 1517 3717 instantes,
1538 3656 1602 3705 ut
1626 3666 1741 3706 non

122 3735 176 3789 ab
200 3737 292 3803 eis,
325 3740 421 3796 sed
452 3756 485 3795 a
517 3739 773 3812 praeside
803 3738 1184 3807 occideretur,
1204 3744 1261 3795 et
1278 3739 1406 3795 ideo
1437 3755 1572 3794 eum
1594 3738 1743 3794 occi-

119 3822 336 3883 dandum
366 3828 639 3900 accipere
661 3831 1020 3895 recusantes,
1036 3828 1090 3883 si
1114 3843 1269 3882 nunc
1290 3844 1424 3882 eum
1448 3826 1743 3897 accipiunt

120 3912 453 3971 occidendum
477 3917 507 3972 ?
537 3911 650 3971 aut
680 3915 728 3971 si
780 3915 889 3971 hoc
938 3931 1053 3971 non
1085 3916 1181 3986 sit,
1215 3932 1321 3970 cur
1349 3915 1571 3970 dictum
1602 3918 1692 3970 est
1721 3930 1735 3968 :

118 4021 139 4047 ‹‹
151 3999 284 4060 Tunc
294 4021 428 4079 ergo
440 4004 800 4063 tradidit-eis
816 4003 985 4059 illum
1003 4006 1068 4059 ut
1082 4002 1561 4077 cruciﬁgeretur?
1578 4024 1606 4051 n
1625 4002 1736 4058 Sed

117 4083 217 4144 ideo
242 4090 349 4148 illis
376 4095 671 4150 traditum
703 4092 850 4148 dixit
879 4092 1256 4166 evangelista,
1277 4097 1343 4148 ut
1371 4108 1471 4147 eos
1493 4090 1739 4146 crimine

117 4171 422 4249 implicatos,
437 4199 473 4239 a
494 4198 622 4255 quo
643 4180 818 4237 alieni
838 4197 969 4238 esse
985 4182 1368 4249 conabantur,
1385 4181 1735 4236 ostenderet.

118 4262 213 4320 Non
239 4269 383 4326 enim
418 4271 650 4327 Pilatus
682 4270 791 4326 hoc
824 4271 1055 4337 faceret,
1088 4269 1201 4325 nisi
1236 4274 1300 4325 ut
1346 4268 1405 4325 id
1450 4269 1606 4341 quod
1637 4285 1737 4325 eos

120 4363 288 4422 cupere
315 4358 618 4425 cernebat,
652 4356 941 4429 impleret.
974 4356 1136 4413 Unde
1166 4360 1222 4412 et
1253 4356 1555 4429 sequitur:

173 4462 195 4489 κ
222 4443 619 4518 Susceperunt
648 4450 844 4501 autem
873 4445 1098 4512 Jesum,
1132 4449 1190 4501 et
1217 4446 1561 4501 eduxerunt.
1587 4467 1613 4494 »
1636 4445 1738 4501 Po-

1866 553 2061 631 autem
2094 567 2403 622 parasceve
2433 554 2668 611 Paschaa
2701 554 2845 611 hora
2875 556 3043 628 quasi
3074 562 3254 627 sexta,
3283 562 3517 631 quando

1864 630 2016 693 Mit
2046 656 2148 711 pro
2180 641 2534 699 tribunali.»
2566 645 2718 699 Hora
2746 646 2917 701 tertia
2948 646 3261 702 cruciﬁxus
3292 630 3381 703 est
3410 649 3518 705 Do-

1865 725 2062 783 minus
2092 728 2313 801 linguis
2340 730 2700 799 Judmorum,
2725 733 2868 789 hora
2888 738 3055 813 sexta
3071 735 3346 791 manibus
3370 735 3517 791 mili-

1861 819 2009 883 tum,
2045 822 2109 872 ut
2136 817 2534 891 intelligamus
2568 821 2769 877 horam
2802 823 3069 894 quintam
3099 823 3217 895 jam
3248 828 3513 881 transac-

1861 908 1982 959 tam
2016 906 2289 975 fuisse,et
2309 907 2529 979 aliquid
2556 910 2627 966 de
2648 914 2809 966 sexta
2832 913 3087 983 captum,
3104 914 3340 984 quando
3363 912 3515 969 sedit

1862 1010 1965 1065 pro
1996 994 2275 1051 tribunali
2308 996 2546 1065 Pilatus,
2576 1014 2702 1070 quae
2734 999 2889 1055 dicta
2918 1004 3006 1057 est
3031 1000 3199 1073 quasi
3231 1006 3429 1057 sexta:
3455 1004 3513 1057 e’t

1861 1099 1994 1138 cum
2023 1085 2334 1140 duceretur
2365 1091 2430 1141 ut
2460 1086 2517 1140 in
2549 1085 2723 1159 longo
2755 1104 2888 1143 cum
2922 1088 3153 1145 duobus
3180 1082 3509 1145 latronibus

1859 1170 2318 1245 cruciﬁgeretur,
2338 1179 2396 1230 et
2416 1177 2585 1245 juxta
2612 1193 2842 1232 crucem
2871 1178 2999 1248 ejus
3026 1182 3366 1250 gererentur
3381 1195 3509 1250 quas

1858 1264 2021 1332 gesta
2050 1266 2383 1333 narrantur,
2402 1261 2547 1318 hora
2567 1269 2729 1319 sexta
2758 1264 2985 1337 integra
3015 1265 3426 1338 compleretur,
3439 1282 3509 1322 ex

1859 1364 1976 1419 qua
2005 1348 2149 1404 hora
2178 1364 2363 1422 usque
2393 1351 2464 1405 ad
2497 1367 2711 1406 nonam
2745 1350 2925 1408 solem
2954 1354 3329 1408 obscuratum
3353 1358 3410 1409 et
3430 1358 3512 1409 te-

1859 1438 2068 1493 nebras
2099 1438 2282 1494 factas
2304 1439 2483 1494 trium
2506 1439 3016 1513 evangelistarum,
3038 1442 3312 1508 Matthae'i,
3329 1438 3506 1498 Marci

1857 1529 1915 1581 et
1947 1526 2111 1581 Lucae
2143 1530 2508 1582 contestatur
2522 1528 2859 1583 auctoritas.
2880 1529 2987 1584 Sed
3013 1530 3290 1600 quoniam
3317 1530 3503 1586 Judaei

1858 1614 2086 1670 facinus
2128 1614 2415 1671 interfecti
2464 1615 2675 1671 Christi
2710 1634 2742 1670 a
2771 1632 2833 1670 se
2888 1617 2946 1670 in
2981 1617 3294 1682 Romanos,
3326 1617 3382 1673 id
3417 1622 3509 1674 est

1859 1700 2107 1758 Pilatum
2138 1708 2195 1759 et
2222 1705 2351 1775 ejus
2382 1703 2599 1760 milites
2630 1705 2945 1760 transferre
2974 1706 3165 1761 conati
3196 1711 3353 1775 sunt,
3378 1723 3508 1778 pro-

1858 1795 2055 1863 pterea
2087 1791 2336 1857 Marcus,
2365 1808 2683 1864 suppressa
2729 1810 2796 1848 ea
2841 1792 2985 1848 hora
3029 1810 3146 1865 qua
3173 1794 3440 1850 Christus
3470 1812 3506 1851 a

1857 1878 2143 1936 militibus
2174 1880 2487 1936 cruciﬁxus
2510 1886 2619 1948 est,
2641 1898 2767 1953 qua:
2792 1881 2884 1954 agi
2908 1884 3067 1937 sexta
3079 1883 3205 1953 jam
3233 1886 3502 1954 coeperat,

1853 1968 2087 2024 tertiam
2111 1969 2306 2039 potius
2325 1969 2528 2025 horam
2552 1970 2893 2025 recordatus
2910 1969 3343 2042 expressitﬂua
3356 1970 3505 2025 hora

1855 2055 2265 2129 intelliguntur
2282 2058 2437 2129 apud
2463 2057 2711 2113 Pilatum
2734 2056 2989 2114 clamare
3006 2058 3298 2130 potuisse:
3323 2080 3349 2108 (ι
3368 2058 3506 2114 Cru-

1855 2144 2343 2217 oiﬁge,cruciﬁge,
2364 2168 2390 2195 ››
2409 2149 2473 2200 ut
2495 2163 2610 2201 non
2634 2145 2719 2200 illi
2740 2151 2971 2201 tantum
2995 2144 3362 2218 reperiantur
3381 2163 3508 2202 cru-

1855 2234 2109 2291 ciﬁxisse
2137 2233 2361 2300 Josum,
2383 2234 2445 2308 id
2473 2237 2563 2290 est
2593 2234 2831 2300 milites,
2856 2233 2956 2306 qui
2987 2251 3120 2290 eum
3151 2232 3312 2307 ligno
3344 2238 3507 2291 sexta

1854 2323 1997 2379 hora
2027 2323 2479 2396 suspenderunt,
2498 2340 2697 2379 verum
2722 2323 2895 2379 etiam
2930 2322 3256 2395 Judmi,'qui
3289 2327 3354 2379 ut
3373 2340 3505 2379 cru-

1852 2411 2203 2484 ciﬁgeretur,
2222 2411 2390 2467 tertio
2418 2411 2835 2467 clamaverunt.
2863 2435 2891 2461 «
2927 2411 3205 2482 Bajulans
3231 2412 3343 2467 sibi
3372 2429 3503 2467 cru-

1854 2517 2002 2562 cem,
2028 2500 2202 2556 exivit
2229 2500 2289 2556 in
2321 2500 2593 2572 eum,qui
2622 2500 2836 2555 dicitur
2865 2500 3138 2556 Calvariaa
3164 2500 3379 2567 locum,
3401 2501 3506 2556 He-

1851 2589 2043 2645 braice
2073 2594 2267 2645 autem
2319 2588 2624 2661 Golgotha,
2658 2589 2755 2643 ubi
2806 2605 2938 2643 eum
2985 2589 3417 2659 cruciﬁxerunt,
3448 2592 3506 2645 et

1851 2695 1984 2737 cum
2018 2695 2085 2734 eo
2114 2677 2261 2733 alios
2310 2678 2485 2743 duos,
2516 2677 2652 2732 hinc
2695 2681 2753 2732 et
2805 2676 2963 2742 hinc,
2997 2676 3257 2731 medium
3308 2668 3503 2734 autem

1848 2767 2070 2824 Jesum.
2091 2790 2112 2816 ιι
2138 2767 2236 2822 Isti
2259 2767 2375 2821 duo
2396 2764 2652 2821 latrones
2683 2769 2866 2833 erant,
2884 2765 3035 2820 sicut
3058 2763 3306 2819 aliorum
3329 2780 3504 2820 evan-

1849 2854 2191 2928 gelistarum
2224 2853 2557 2909 narratione
2587 2854 2923 2918 didicimus,
2958 2868 3091 2908 cum
3122 2853 3340 2924 quibus
3368 2870 3502 2908 cru-

1848 2944 2055 2999 ciﬁxus
2086 2948 2144 3000 et
2171 2942 2323 2999 inter
2350 2959 2498 3014 quos
2524 2943 2838 2997 cruciﬁxus
2865 2943 2954 2997 est
2973 2940 3262 2996 Christus.
3282 2941 3361 2997 De
3383 2957 3499 3013 quo

1848 3031 2151 3104 praemissa
2180 3032 2403 3086 dixerat
2432 3030 2736 3102 prophetia
2767 3047 2781 3084 :
2816 3052 2843 3079 «
2880 3030 2949 3084 Et
2975 3045 3111 3084 cum
3140 3028 3364 3101 iniquis
3393 3029 3501 3084 de-’

1848 3124 2088 3192 putatus
2119 3124 2207 3175 est
2237 3121 2362 3189 (Isa.
2400 3120 2538 3189 Lm).
2577 3140 2605 3165 »

1921 3231 1949 3257 «
1982 3207 2229 3279 Scripsit
2254 3211 2448 3263 autem
2478 3206 2715 3262 titulum
2746 3206 2987 3272 Pilatus,
3010 3209 3069 3261 et
3093 3206 3290 3277 posuit
3320 3216 3499 3278 super

1855 3318 1884 3347 ‹‹
1915 3314 2168 3353 crucem.
2200 3297 2332 3351 Erat
2361 3300 2557 3352 autem
2589 3295 2873 3367 scriptum
2900 3312 2912 3349 :
2938 3295 3109 3351 Jesus
3138 3294 3492 3361 Nazarenus,

1854 3407 1882 3436 ‹‹
1916 3402 2014 3440 rex
2042 3386 2397 3441 Judzeorum.
2433 3408 2460 3433 ››
2492 3385 2657 3440 Hunc
2701 3400 2838 3456 ergo
2868 3383 3107 3439 titulum
3142 3382 3315 3438 multi
3345 3381 3521 3456 lege-‘

1851 3480 1992 3529 runt
2010 3474 2363 3541 Judzeorum,
2381 3473 2521 3545 quia
2541 3490 2719 3545 prope
2740 3472 3028 3528 civitatem
3062 3472 3187 3527 erat
3214 3470 3379 3527 locus
3399 3469 3501 3526 ubi

1851 3563 2162 3618 cruciﬁxus
2173 3562 2460 3619 estJesus.
2478 3563 2683 3617 Eterat
2695 3561 2978 3633 scriptum
2997 3560 3296 3630 Hebraice,
3310 3561 3503 3633 graece

1854 3656 1910 3707 et
1940 3652 2162 3708 Latine.
2196 3651 2290 3707 Ha:
2323 3652 2539 3724 quippe
2570 3654 2689 3705 tres
2726 3649 2939 3723 linguai
2986 3649 3068 3705 ibi
3116 3666 3231 3722 prae
3280 3648 3503 3704 céteris

1849 3741 2204 3807 eminebant,
2226 3740 2463 3796 Hebraea
2494 3744 2729 3812 propter
2755 3739 2987 3794 Judaaos
3010 3739 3066 3793 in
3100 3737 3225 3810 lege
3254 3737 3504 3810 glorian-

1848 3833 1957 3895 tes,
1991 3830 2188 3885 Grmca
2217 3833 2452 3900 propter
2481 3829 2739 3901 gentium
2776 3828 3092 3900 sapientes,
3125 3826 3327 3882 Latina
3363 3840 3498 3898 pro-

1848 3923 1980 3990 pter
2008 3922 2298 3973 Romanos
2329 3916 2534 3972 multis
2583 3933 2649 3972 ac
2697 3933 2842 3988 pene
2887 3916 3161 3973 omnibus
3188 3915 3314 3986 jam
3359 3919 3501 3970 tunc

1846 4006 2122 4078 gentibus
2154 4005 2529 4076 imperantes.

1919 4118 1945 4145 ‹‹
1981 4094 2262 4150 Dicebant
2280 4109 2418 4165 ergo
2442 4092 2625 4148 Pilato
2643 4093 2948 4165 pontiﬁces
2967 4091 3303 4147 Judaaorum
3324 4107 3337 4147 :
3367 4090 3495 4147 Noli

1847 4207 1874 4234 ‹‹
1909 4182 2162 4239 scribere
2194 4199 2208 4237 :
2246 4183 2361 4237 Rex
2408 4182 2767 4248 Judaaorum,
2819 4181 2918 4237 sed
2952 4179 3091 4252 quia
3135 4179 3260 4251 ipse
3302 4177 3448 4233 dixit
3480 4195 3493 4233 :

1848 4295 1875 4323 ‹‹
1911 4273 2029 4327 Rex
2077 4286 2209 4326 sum
2257 4270 2613 4325 Judzeorum.
2667 4268 2989 4340 Respondit
3032 4266 3297 4322 Pilatus:
3331 4266 3494 4330 Quod

1847 4383 1876 4412 «
1899 4358 2244 4432 scripsi,scri
2253 4358 2362 4430 psi.
2382 4380 2410 4407 »
2427 4358 2471 4413 Ο
2486 4356 2838 4413 ineffabilem
2856 4356 2971 4411 vim
2990 4355 3196 4410 divinae
3213 4354 3497 4427 operatio-
3524 4366 3527 4367 '

1846 4450 1961 4517 nis,
1975 4448 2152 4504 etiam
2166 4448 2222 4502 in
2237 4447 2512 4503 cordibus
2523 4445 3141 4519 ignorantium,nonne
3153 4442 3380 4500 occulta
3390 4459 3498 4499 vox

122 4527 207 4624 test
231 4532 294 4587 ad
311 4530 540 4591 milites
566 4536 695 4624 jam
715 4533 1046 4624 referri,4vel
1069 4534 1429 4624 apparitores
1448 4532 1733 4606 pra-sidis.
1767 4560 1814 4624 D
1846 4538 2112 4610 quaedam
2146 4536 2324 4591 Pilato
2364 4536 2548 4600 intus,
2584 4534 2863 4624 quodam,
2895 4533 2943 4589 si
2990 4532 3102 4588 dici
3136 4530 3495 4624 potest,_cla-

119 4611 234 4673 Nam
262 4628 454 4692 postea
486 4622 820 4679 evidentius
847 4622 1063 4678 dicitur
1091 4639 1103 4678 :
1141 4645 1169 4672 «
1201 4621 1414 4678 Milites
1442 4639 1578 4696 ergo
1599 4640 1735 4679 cum

124 4707 509 4767 cruciﬁxissent
540 4728 679 4767 eum
706 4728 718 4766 :
747 4732 775 4760 ››
800 4711 1069 4783 quamvis
1101 4710 1456 4782 evangelista
1485 4710 1659 4766 etiam
1683 4711 1734 4765 si

120 4794 273 4851 totum
300 4799 519 4856 Judazis
542 4800 814 4865 tradidit,
845 4798 1052 4855 merito
1078 4799 1236 4855 facit.
1268 4798 1384 4871 Ipsi
1414 4799 1571 4854 enim
1604 4817 1734 4855 sus-

123 4891 376 4952 ceperunt,
422 4889 584 4961 quod
631 4888 1020 4945 audacissime
1053 4887 1458 4962 ﬂagitaverunt
1490 4905 1503 4942 :
1537 4892 1594 4944 et
1622 4887 1735 4960 ipsi

120 4966 339 5031 fecerunt
360 4972 654 5051 quidquid
704 4982 769 5033 ut
818 4978 980 5034 ﬁeret
1009 4981 1393 5034 extorserunt.
1425 4977 1735 5033 Judicante

120 5057 263 5130 atque
289 5065 607 5123 damnante
637 5067 819 5122 Pilato
849 5084 953 5139 pro
984 5066 1265 5122 tribunali
1297 5066 1611 5122 Dominum
1642 5067 1737 5123 Je-

120 5159 226 5204 sum
250 5151 567 5223 Christum,
599 5155 743 5212 hora
773 5156 941 5228 quasi
969 5160 1132 5212 sexta
1160 5161 1545 5227 susceperunt
1574 5160 1731 5224 eum,

124 5237 169 5286 et
183 5238 511 5299 eduxerunt.

179 5347 203 5373 ιι
225 5327 288 5384 Et
314 5329 587 5403 bajulans
616 5333 728 5389 sibi
759 5349 1013 5398 crucem,
1046 5332 1220 5389 exivit
1248 5332 1308 5388 in
1341 5350 1497 5402 eum,
1522 5334 1618 5405 qui
1654 5334 1738 5389 di-

125 5431 148 5455 ‹·
173 5415 305 5470 citur
331 5418 603 5476 Calvarize
631 5422 848 5489 locum,
878 5422 1159 5477 Hebraice
1198 5426 1393 5477 autem
1430 5421 1736 5494 Golgotha,

126 5519 149 5543 κ
164 5501 247 5557 ubi
261 5520 388 5563 eum
404 5509 837 5566 cruciﬁxerunt.
854 5531 882 5561 »
898 5509 1044 5573 Quid
1059 5513 1147 5565 est
1158 5510 1313 5582 quod
1328 5511 1557 5565 Marcus
1570 5528 1738 5566 evan-

126 5586 302 5654 gelista
327 5595 407 5650 ait
438 5612 454 5652 :
491 5619 521 5647 ιι
553 5598 684 5655 Erat
713 5602 909 5655 autem
938 5597 1083 5655 hora
1121 5598 1311 5668 tertia,
1345 5604 1403 5653 et
1433 5598 1739 5655 cruciﬁxe-

1846 4607 2010 4682 moso
2042 4625 2274 4681 silentio
2295 4624 2667 4696 personabat,
2701 4623 2857 4694 quod
2888 4626 3052 4677 tanto
3083 4625 3229 4676 ante
3249 4620 3308 4676 in
3341 4607 3501 4677 Psal¥

1846 4731 2075 4770 morum
2128 4713 2339 4769 litteris
2386 4712 2795 4784 prophetatum
2846 4715 2977 4766 est:
3015 4711 3095 4765 Ne
3151 4704 3497 4780 corrumpas

1844 4803 1999 4859 tituli
2031 4802 2470 4875 inscriptionem
2491 4802 2519 4855 ?
2548 4801 2821 4872 Nunquid
2855 4799 3010 4855 enim
3043 4801 3350 4871 propterea
3380 4811 3496 4852 non

1845 4894 1957 4948 erit
1976 4909 2199 4957 verum,
2216 4890 2355 4963 quia
2374 4891 2549 4946 Jesus
2568 4889 2678 4945 ait:
2702 4889 2819 4944 Rex
2840 4902 2970 4944 sum
2992 4884 3496 4943 Judmorum?Sed

1845 4982 1986 5054 quid
2018 4978 2350 5052 loquimini,
2375 4978 2569 5033 insani
2594 4976 2938 5054 pontiﬁces?
2967 4975 3027 5031 Si
3058 4974 3352 5046 corrumpi
3377 4964 3493 5029 non

1845 5052 2036 5141 potest
2066 5068 2220 5140 quod
2252 5066 2474 5121 Pilatus
2499 5065 2753 5137 scripsit,
2787 5052 3082 5135 corrumpi
3116 5066 3308 5135 potest
3339 5061 3496 5134 quod

1841 5157 1922 5214 Ve
1930 5158 1973 5212 ri
1983 5163 2070 5212 tas
2084 5155 2367 5212 dixit?Sed
2382 5155 2717 5210 Judazorum
2730 5157 2959 5208 tantum
2975 5153 3095 5208 Rex
3107 5155 3195 5231 est
3205 5151 3496 5217 Christus,

1845 5263 1919 5301 an
1930 5245 2105 5301 etiam
2120 5244 2385 5317 gentium
2398 5242 2424 5296 ?
2440 5242 2556 5296 imo
2569 5245 2626 5296 et
2635 5240 3072 5313 gentium.Cum
3088 5240 3243 5296 enim
3257 5239 3503 5296 dixisset

1847 5335 1904 5389 in
1940 5333 2245 5406 prophetia
2270 5348 2282 5385 :
2308 5354 2336 5381 «
2365 5332 2482 5403 Ego
2507 5334 2702 5385 autem
2725 5330 3081 5385 constitutus
3113 5344 3245 5385 sum
3278 5329 3397 5385 Rex
3426 5327 3501 5383 ab

1845 5440 1912 5478 eo
1938 5439 2119 5493 super
2148 5420 2286 5476 Sion
2321 5426 2578 5475 montem
2630 5422 2901 5473 sanctum
2933 5420 3063 5491 ejus
3094 5420 3319 5491 (Psalm.
3352 5417 3433 5489 ιι),
3470 5437 3497 5465 ››
3590 5412 3597 5417 ’

1848 5511 2169 5582 prmdicans
2192 5511 2540 5582 prmecptum
2566 5508 2714 5579 ejus,
2731 5523 2802 5563 ne
2825 5512 3062 5580 propter
3076 5508 3213 5565 Sion
3237 5509 3493 5563 montem

1848 5600 1988 5656 solis
2018 5598 2236 5655 Judaeis
2256 5614 2390 5654 eum
2412 5598 2629 5669 Regem
2651 5596 2869 5654 diceret
2897 5597 3300 5664 constitutum,
3320 5591 3497 5649 conti-
