4012 6174
396 314 515 378 439
957 310 1368 376 HAYMONIS
1411 309 1949 371 HALBERSTAT.
1998 304 2241 368 EPISC.
2290 305 2461 367 OPP.
2508 301 2707 365 PARS
2751 301 2828 364 II.
2860 333 2936 346 —
2967 296 3240 361 HOMIL.
3644 302 3749 364 M0

397 465 516 506 nuo
546 446 797 520 subjecit
827 463 840 502 :
871 469 899 497 «
934 446 1218 502 Dominus
1246 444 1392 500 dixit
1422 444 1490 499 ad
1524 459 1638 511 me,
1669 441 1848 497 Filius
1873 457 2041 496 meus
2071 440 2125 507 Α
2153 442 2212 495 et
2227 436 2624 511 supereminet
2640 429 3370 503 scientie,etsuperomnia
3386 435 3749 505 praeceptaest,

398 554 463 599 es
492 543 576 607 tu,
594 553 701 610 ego
730 535 902 592 hodie
932 535 1110 608 genui
1139 539 1215 590 te.
1239 531 1475 589 Postula
1506 550 1539 587 a
1570 548 1662 587 me
1692 535 1743 587 et
1769 532 1917 586 dabo
1939 528 2047 584 tibi
2158 526 2363 583 merito
2377 526 2551 582 vestis
2566 542 2682 598 qua
2694 523 3059 594 significatur
3072 520 3319 592 desuper
3333 523 3754 592 contextaperbi-

399 630 602 698 gentes
633 608 801 698 (Ρεαι.
834 627 915 693 II),
949 629 1059 680 etc.
1095 646 1122 673 »ι
1154 623 1268 679 Cur
1296 640 1430 695 ergo
1463 637 1742 694 magnum
1774 616 2046 675 volumus
2156 613 2731 673 betur.lnconsutilis
2753 616 3057 679 autem,ne
3078 608 3387 681 aliquando
3403 608 3755 667 dissuatur.Et

400 714 720 787 intelligere
751 713 811 768 in
843 713 953 770 hoc
977 711 1149 768 titulo
1180 716 1635 774 sacramentum,
1666 709 1725 765 in
1757 726 1873 781 quo
1904 708 2046 764 scri-
2156 706 2225 760 ad
2246 722 2431 761 unum
2458 698 2952 776 pervenit,quiain
2972 714 3157 753 unum
3176 713 3373 752 omnes
3390 695 3612 769 colligit,
3627 699 3758 754 sicut

400 807 568 876 ptum
598 786 722 858 erat
752 819 765 858 :
801 796 915 858 Rex
946 802 1302 866 Judmorum,
1337 800 1384 856 si
1431 817 1529 855 rex
1578 804 1667 855 est
1695 797 1962 854 Christus
1992 802 2048 852 et
2155 793 2540 867 etapostolos.
2561 792 2706 847 Cum
2724 788 3050 846 essetenim
3070 787 3193 858 ipse
3211 802 3481 841 numerus
3497 786 3755 842 duodena-

399 891 707 966 gentium?
727 890 871 954 Quia
899 890 1119 946 scilicet
1147 890 1393 946 oleaster
1424 889 1612 944 factus
1639 892 1728 944 est
1758 887 2047 959 particeps
2158 885 2299 949 rius,
2333 884 2391 938 id
2422 888 2511 939 est
2542 878 3011 954 quadripartitus
3041 876 3194 931 inter
3240 892 3357 942 eos,
3389 878 3445 929 et
3471 891 3657 930 omnes
3682 892 3758 931 es-

402 963 778 1053 pinguedinis
800 978 1109 1045 olivae,non
1131 978 1280 1034 oliva
1301 977 1589 1050 particeps
1612 977 1762 1032 facta
1782 979 1869 1030 est
1891 992 2049 1030 ama-
2156 978 2287 1030 sent
2328 970 2692 1044 interrogati,
2725 969 2884 1025 solus
2935 967 3139 1021 Petrus
3189 963 3482 1035 respondit
3507 981 3518 1017 :
3551 985 3577 1011 «
3607 965 3680 1018 ’l‘u
3708 980 3761 1020 es

400 1051 679 1125 ritudinis
708 1066 976 1133 oleastri;
1002 1083 1138 1121 nam
1159 1067 1218 1121 in
1251 1083 1317 1122 eo
1349 1066 1503 1138 quod
1537 1066 1608 1120 de
1637 1064 1865 1119 Christo
1895 1081 2050 1119 vera.
2155 1062 2421 1118 Christus
2444 1060 2623 1117 Filius
2652 1058 2752 1115 Dei
2785 1055 2914 1111 vivi.
2946 1079 2972 1103 ››
2996 1056 3061 1109 Et
3090 1054 3141 1109 ei
3174 1052 3465 1108 dicitur:«
3486 1051 3603 1107 Tibi
3634 1052 3760 1107 dabo

401 1159 545 1213 citer
575 1156 830 1229 scriptus
855 1160 944 1211 est
974 1156 1179 1211 titulus
1204 1173 1217 1211 :
1253 1156 1370 1210 Rex
1400 1156 1758 1221 Judzeorum,
1784 1153 1882 1226 qui
1910 1157 2050 1207 sunt
2156 1151 2344 1206 claves
2362 1149 2523 1222 regni
2542 1145 3058 1213 ccelorummlatth.
3078 1142 3212 1214 xvn),
3236 1163 3263 1190 ››
3281 1145 3554 1213 tanquam
3569 1139 3764 1211 ligandi

402 1226 761 1318 intelligendi
780 1244 1105 1310 Judaeimisi
1132 1260 1327 1300 semen
1348 1242 1723 1309 AbrahzeJilii
1743 1242 2050 1315 repromis-
2156 1244 2213 1296 et
2232 1238 2490 1295 solvendi
2513 1236 2675 1293 solus
2702 1234 2987 1306 acciperet
3014 1233 3383 1305 potestatem,
3403 1245 3533 1283 cum
3563 1232 3613 1282 et
3642 1226 3763 1282 illud

399 1334 604 1401 sionis,
637 1334 741 1406 qui
771 1338 911 1389 sunt
939 1334 1114 1391 etiam
1149 1333 1250 1388 filii
1285 1334 1430 1389 Dei?
1460 1333 1747 1399 Quoniam
1791 1349 1904 1388 non
1946 1330 2048 1404 qui
2158 1346 2311 1384 unus
2345 1345 2447 1400 pro
2476 1325 2753 1382 omnibus
2783 1322 3013 1389 dixerit,
3049 1321 3157 1376 hoc
3187 1322 3277 1375 est
3326 1333 3458 1373 cum
3504 1315 3766 1381 omnibus,

400 1422 503 1478 filii
534 1405 750 1490 carnis,
772 1422 853 1479 ait
874 1421 1187 1495 Apostolus
1216 1423 1387 1494 (Rom.
1424 1422 1521 1494 Iv),
1548 1421 1651 1476 filii
1689 1421 1805 1488 Dei,
1826 1421 1925 1476 sed
1949 1419 2049 1492 qui
2156 1422 2438 1489 tanquam
2458 1430 2766 1486 personam
2787 1427 2995 1484 gerens
3017 1408 3205 1481 ipsius
3228 1405 3618 1495 unitatisteo
3639 1420 3768 1495 unus

399 1511 502 1567 filii
535 1491 1030 1583 repromissionis,
1054 1491 1415 1584 deputantur
1444 1491 1503 1565 in
1533 1510 1756 1566 semine
1781 1491 2045 1565 Abrahae.
2158 1523 2262 1579 pro
2293 1500 2586 1569 omnibus,
2610 1502 2748 1575 quia
2769 1499 2964 1555 unitas
2989 1502 3077 1554 est
3108 1498 3165 1553 in
3198 1495 3494 1552 omnibus.
3517 1492 3666 1549 Unde
3692 1491 3773 1547 hic

400 1602 467 1657 Et
497 1582 701 1674 gentes
749 1604 916 1657 erant
963 1582 1178 1673 quibus
1225 1600 1502 1656 dicebat:
1538 1622 1564 1649 ‹‹
1599 1599 1657 1655 Si
1704 1603 1899 1654 autem
1948 1616 2049 1653 vos
2158 1612 2293 1650 cum
2342 1593 2586 1649 dixisset
2617 1616 2644 1642 «
2697 1591 2950 1661 desuper
2998 1589 3290 1674 contexta,
3329 1607 3356 1634 »
3398 1582 3668 1674 addidit}:
3691 1598 3774 1653 P3”

399 1668 785 1762 Christi,ergo
800 1668 1042 1745 Abrahae
1060 1705 1258 1745 semen
1276 1689 1777 1756 estis,secundum
1806 1685 2052 1759 promis-
2158 1688 2367 1740 totum.
2405 1704 2431 1731 ››
2463 1681 2623 1747 Quod
2657 1680 2705 1735 si
2740 1679 3061 1734 referamus
3094 1675 3167 1731 ad
3214 1672 3273 1729 id
3307 1672 3463 1762 quod
3493 1668 3772 1762 significat,

400 1777 625 1834 sionem
656 1777 915 1835 hmredes
943 1778 1147 1845 (Galat.
1182 1780 1289 1845 ni).
1326 1800 1352 1826 ι)
1387 1778 1503 1833 Rex
1535 1794 1671 1850 ergo
1712 1756 2047 1831 Judreorum
2086 1812 2124 1850 η
2160 1789 2329 1828 nemo
2360 1773 2489 1843 ejus
2519 1773 2609 1825 est
2655 1784 2859 1840 expers
2908 1765 3006 1837 qui
3066 1763 3358 1837 pertinere
3385 1759 3693 1815 inveniatur
3715 1756 3775 1811 ad

398 1865 684 1934 Christus,
705 1866 805 1921 sed
826 1866 1161 1922 Judzeorum
1183 1845 1628 1922 circumcisione
1648 1864 1840 1920 cordis
1861 1869 1917 1919 et
1938 1864 2045 1936 spio
2084 1845 2127 1877 D
2162 1866 2345 1917 totum
2371 1878 2384 1916 :
2408 1877 2524 1932 quo
2555 1863 2694 1926 toto,
2718 1856 2870 1913 sicut
2899 1856 3097 1911 Graeca
3128 1851 3353 1907 indicat
3381 1848 3597 1921 lingua,
3614 1845 3780 1936 cathof

400 1953 902 2022 ritu,nonlittera.
921 1957 1177 2020 Quorum
1201 1954 1332 2010 laus
1353 1971 1469 2009 non
1485 1971 1553 2009 ex
1571 1933 2047 2018 hominibus,sed
2160 1951 2271 2006 lica
2299 1955 2537 2005 vocatur
2562 1946 2838 2003 Ecclesia.
2874 1950 2934 1999 In
2968 1948 3122 1999 sorte
3152 1946 3357 1997 autem
3389 1937 3546 2011 quid,
3572 1933 3676 1991 nisi
3695 1933 3779 1989 Dei

401 2060 469 2099 ex
490 2043 633 2111 Deo,
649 2042 1063 2115 pertinentium
1088 2043 1156 2099 ad
1176 2043 1503 2099 Jerusalem
1529 2042 2048 2105 liberam,matrem
2159 2039 2345 2114 gratia
2362 2037 2770 2094 commendata
2789 2034 2922 2090 est?
2937 2032 3029 2088 Sic
3052 2030 3270 2104 quippe
3294 2028 3357 2083 in
3379 2042 3492 2082 uno
3602 2038 3779 2115 omnes

400 2132 685 2195 nostram,
704 2134 978 2185 aeternam
1022 2130 1079 2184 in
1123 2130 1304 2196 caelis,
1332 2130 1537 2186 Saram
1568 2129 1914 2201 spiritalem,
1947 2146 2051 2184 an-
2162 2112 2438 2202 pervenit,
2460 2144 2593 2183 cum
2616 2142 2743 2181 sors
2765 2121 3041 2179 omnibus
3064 2119 3310 2193 placuit,
3331 2116 3469 2190 quia
3489 2119 3545 2170 et
3563 2112 3655 2170 Dei
3676 2128 3783 2183 gra-
3830 2136 3852 2154 -

402 2216 596 2272 cillam
627 2222 686 2273 et
716 2217 867 2273 filios
897 2220 1025 2290 ejus
1057 2219 1128 2275 de
1159 2218 1332 2274 domo
1366 2199 1652 2274 libertatis
1699 2218 2048 2289 ejicientem.
2160 2199 2242 2274 tia
2268 2217 2326 2272 in
2362 2233 2478 2271 uno
2509 2217 2581 2271 ad
2612 2230 2816 2271 omnes
2840 2209 3116 2284 pervenit.
3135 2209 3209 2263 Et
3230 2223 3366 2263 cum
3391 2221 3517 2261 sors
3538 2199 3779 2290 mittitur,

401 2306 538 2362 Ideo
559 2305 717 2361 enim
742 2286 960 2362 Pilatus
980 2307 1136 2378 quod
1157 2306 1394 2379 scripsit
1422 2306 1674 2378 scripsit,
1695 2286 1834 2378 quia
1855 2297 2050 2361 Domi-
2161 2324 2275 2363 non
2308 2322 2567 2379 personae
2597 2304 2885 2374 cujusque
2913 2299 3000 2356 vel
3031 2296 3283 2361 meritis,
3318 2295 3419 2351 sed
3449 2286 3783 2379 occultoADei

404 2411 518 2451 nus
551 2394 707 2467 quod
737 2393 882 2450 dixit
910 2376 1074 2450 dixit.
1279 2376 1294 2379 ⁷
1539 2376 1558 2378 _
1715 2376 1731 2378 _
2152 2376 2376 2468 judicio
2407 2393 2683 2450 creditur.
2717 2392 2787 2446 Et
2816 2390 2944 2445 ideo
2977 2388 3090 2444 ista
3119 2403 3239 2442 non
3294 2382 3516 2456 aliquid
3565 2377 3692 2435 boni
3718 2376 3784 2432 si-

475 2505 504 2534 ‹‹
537 2482 749 2539 Milites
769 2499 906 2557 ergo
926 2498 1060 2539 cum
1083 2483 1511 2539 crucifixissent
1531 2487 2052 2555 eum,acceperunt
2160 2485 2471 2559 gnificasse
2501 2481 2639 2555 quid
2669 2480 2898 2547 dixerit,
2933 2478 3073 2550 quia
3115 2491 3227 2548 per
3254 2472 3443 2529 malos
3478 2471 3619 2526 facta
3647 2469 3784 2531 sunt,

403 2594 433 2623 «
465 2571 813 2628 vestimenta
842 2573 992 2643 ejus,
1018 2576 1075 2627 et
1106 2572 1367 2628 fecerunt
1394 2577 1648 2645 quatuor
1678 2552 1895 2645 partes,
1922 2572 2050 2627 uni-
2160 2552 2276 2629 non
2308 2552 2535 2629 scilicet
2562 2588 2661 2644 per
2699 2586 2799 2624 eos
2847 2567 2948 2640 qui
2997 2565 3300 2620 Christum
3345 2558 3550 2625 secuti,
3579 2556 3673 2614 sed
3700 2552 3788 2625 qui

404 2684 434 2712 ‹‹
466 2660 677 2733 cuique
706 2660 879 2716 militi
912 2665 1135 2734 partem
1164 2666 1222 2717 et
1252 2644 1533 2717 tunicam.
1564 2684 1589 2710 υ
1622 2644 1784 2718 Unde
1809 2666 2052 2734 apparet
2160 2667 2302 2719 sunt
2331 2660 2638 2735 persecuti.
2658 2658 2803 2725 Quid
2835 2655 2991 2711 enim
3019 2655 3090 2710 de
3122 2654 3257 2724 ipsa
3288 2667 3461 2706 cruce
3491 2644 3689 2702 dicturi
3711 2660 3791 2735 su-

404 2754 657 2823 quatuor
686 2749 868 2806 fuisse
900 2749 1114 2806 milites
1145 2750 1242 2822 qui
1276 2750 1332 2805 in
1364 2768 1430 2806 eo
1462 2751 1856 2823 crucifigendo
1904 2768 2050 2823 praz-
2161 2731 2475 2823 mum-quae
2504 2754 2658 2805 certe
2689 2746 2958 2803 similiter
2988 2744 3059 2799 ab
3090 2740 3354 2797 inimicis
3395 2743 3570 2810 atque
3613 2731 3788 2804 impiis

402 2819 515 2895 sidi
547 2841 885 2910 paruerunt.
921 2819 1221 2895 Manifeste
1241 2840 1457 2912 quippe
1482 2839 1600 2895 ait:
1629 2819 2049 2912 «Milites-ergo
2158 2819 2390 2896 Christo
2422 2839 2574 2893 facta
2602 2840 2659 2892 et
2702 2836 2957 2906 impacta
3001 2835 3092 2887 est
3121 2847 3134 2886 :
3163 2835 3224 2884 et
3257 2834 3455 2884 tamen
3488 2842 3553 2881 ea
3590 2819 3789 2912 signiﬁ:

403 2942 538 2983 cum
570 2926 999 2983 crucifixissent
1026 2944 1183 3002 eum,
1228 2934 1361 2994 etc.,
1396 2952 1423 2978 ››
1458 2927 1929 2985 subaudiendum
1962 2907 2052 2984 e'st
2159 2929 2275 2983 cari
2306 2932 2459 2983 recte
2488 2923 2856 2997 intelligitur,
2891 2921 3047 2993 quod
3080 2918 3162 2974 ait
3205 2914 3550 2990 Apostolus,
3581 2924 3699 2983 qua:
3726 2907 3793 2962 sit

402 2998 2051 3089 acceperunt:utistesitsensus:Acceperuntvestimenta
2159 3040 2187 3068 ‹‹
2221 3013 2827 3087 latitudo,longitudo.
2849 3009 3099 3066 altitudo
3127 3013 3186 3063 et
3220 3004 3581 3078 profundum
3603 2997 3789 3073 (Ephes.

402 3102 552 3175 ejus,
586 3108 642 3159 et
675 3104 936 3160 fecerunt
980 3110 1234 3177 quatuor
1276 3110 1491 3178 partes,
1525 3105 1838 3178 unicuique
1879 3106 2049 3161 militi
2159 3110 2264 3174 ιιι).
2290 3129 2316 3155 ››
2336 3108 2474 3161 Lata
2494 3110 2579 3160 est
2604 3100 2899 3174 quippein
2923 3103 3263 3154 transverso
3294 3094 3461 3168 ligno
3490 3107 3604 3164 quo
3623 3092 3792 3178 exten-

402 3194 652 3265 partem,
682 3196 741 3248 et
775 3193 1035 3249 tunicam
1068 3177 1437 3266 acceperunt.
1465 3194 1535 3249 Et
1561 3196 1646 3250 sic
1678 3177 1910 3250 locutus
1938 3199 2045 3262 est,
2080 3180 2122 3246 C
2161 3196 2384 3250 duntur
2413 3193 2730 3265 pendentes
2762 3206 2995 3253 manus,
3027 3190 3083 3241 et
3114 3184 3416 3258 significat
3463 3195 3637 3254 opera
3662 3177 3797 3232 bona

399 3284 466 3335 ut
494 3280 565 3337 de
594 3281 818 3338 caeteris
862 3281 1224 3338 vestimentis
1276 3283 1523 3338 missam
1572 3298 1699 3339 esse
1748 3283 2049 3339 videamus
2158 3285 2216 3339 in
2248 3280 2556 3338 latitudine
2577 3278 2912 3345 charilatis;
2935 3276 3110 3349 longa
3133 3278 3228 3331 est
3250 3292 3286 3330 a
3306 3266 3797 3338 transversoligno

397 3367 622 3425 nullam
652 3374 890 3437 sortem,
911 3370 1010 3425 sed
1034 3371 1105 3425 de
1129 3369 1349 3434 tunica,
1367 3386 1543 3441 quam
1575 3370 1751 3426 simul
1783 3387 1915 3424 cum
1941 3387 2045 3424 cae-
2159 3390 2344 3446 usque
2366 3374 2433 3427 ad
2458 3377 2696 3433 terram,
2713 3374 2771 3425 et
2786 3367 3079 3440 significat
3094 3359 3594 3437 perseverantiam
3618 3356 3674 3411 in
3693 3354 3801 3409 lon-

396 3456 539 3512 teris
570 3461 937 3527 acceperunt,
973 3458 1071 3512 sed
1108 3474 1222 3512 non
1276 3456 1546 3512 similiter
1593 3457 1935 3513 diviserunt.
1974 3463 2049 3512 Ue
2157 3461 2419 3535 gitudine
2452 3457 2734 3531 temporis
2766 3473 2950 3528 usque
2978 3455 3051 3510 ad
3074 3453 3251 3507 finem
3278 3471 3291 3520 ;
3319 3451 3440 3507 alta
3460 3453 3552 3505 est
3574 3447 3632 3502 in
3657 3460 3802 3500 cacu-

397 3543 505 3598 hac
535 3543 693 3621 epim
724 3544 992 3615 sequitur
1019 3561 1313 3617 exponens
1345 3562 1358 3599 :
1395 3568 1422 3596 «
1450 3546 1587 3600 Erat
1625 3550 1819 3601 autem
1849 3546 2048 3601 tunica
2159 3550 2334 3616 mine,
2357 3549 2509 3621 quod
2537 3566 2571 3603 a
2591 3552 2923 3602 transverso
2946 3543 3104 3617 ligno
3125 3558 3375 3596 sursum
3402 3552 3610 3594 rursus
3630 3537 3803 3588 exten-

398 3654 425 3681 «
445 3614 837 3703 inetﬁisutilis,
857 3614 1109 3706 desuper
1123 3639 1390 3690 contexta
1414 3650 1515 3706 per
1534 3639 1743 3690 totum.
1768 3656 1794 3682 »
1819 3638 1932 3690 Cur
1950 3652 2050 3691 au-
2157 3614 2335 3705 ditur,
2351 3614 2408 3692 et
2425 3634 2716 3708 significat
2732 3614 3049 3704 supernum
3071 3631 3272 3696 linem,
3291 3644 3412 3700 quo
3424 3644 3495 3682 cu
3505 3628 3634 3680 ncta
3646 3634 3804 3694 opera

399 3724 517 3776 tem
548 3720 620 3775 de
644 3718 745 3776 illa
774 3725 989 3777 sortem
1018 3722 1307 3779 miserunt
1337 3729 1553 3789 narrat,
1585 3723 1786 3779 dicens
1816 3741 1829 3779 :
2158 3727 2523 3781 referuntur:
2550 3722 2828 3795 quoniam
2852 3724 3063 3775 cuncta
3092 3734 3221 3789 qua:
3248 3714 3568 3771 latitudine
3589 3713 3727 3767 bene
3746 3723 3804 3762 ac

471 3831 499 3859 «
534 3807 815 3864 Dixerunt
837 3827 973 3883 ergo
995 3810 1318 3868 adinvicem
1340 3830 1351 3867 :
1376 3813 1501 3868 Non
1533 3812 1873 3868 scindamus
1893 3829 2043 3881 eam,
2158 3817 2590 3887 perseveranter
2621 3814 2788 3878 fiunt,
2816 3815 3049 3882 propter
3069 3804 3458 3863 altitudinem
3491 3800 3806 3857 divinorum

399 3918 427 3947 «
462 3896 563 3952 sed
594 3897 913 3953 sortiamur
941 3899 1011 3955 de
1043 3898 1143 3955 illa
1167 3901 1339 3973 cujus
1377 3899 1473 3956 sit.
1511 3923 1538 3951 »
1569 3903 1823 3973 Apparet
1852 3901 2047 3974 itaque
2132 3884 2421 3960 facienda
2453 3906 2592 3958 sunt
2621 3899 3032 3974 praamiorum;
3066 3893 3370 3968 profunda
3419 3896 3512 3948 est
3557 3888 3726 3946 etiam
3755 3884 3805 3937 in

397 3983 455 4039 in
490 3984 620 4041 aliis
638 3986 900 4043 vestibus
921 3988 1173 4061 aequales
1193 4006 1291 4046 eos
1313 3990 1589 4046 habuisse
1616 3994 1902 4063 partes,ut
1923 4006 2046 4046 sor-
2156 4010 2224 4048 ea
2254 3996 2417 4065 parte
2443 4008 2571 4063 qua
2592 3990 2647 4044 in
2673 3994 2829 4044 terra
2850 3985 3050 4059 figitur
3073 4002 3085 4040 :
3110 3982 3190 4038 ibi
3215 3982 3446 4056 quippe
3466 3976 3696 4037 occulta
3710 3975 3808 4039 est,

397 4071 493 4128 tiri
522 4090 761 4131 necesse
792 4092 909 4132 non
938 4077 1131 4132 fuerit.
1152 4078 1298 4145 Quia
1316 4083 1439 4135 erat
1461 4079 1607 4135 forte
1625 4077 2044 4151 aliquid,quod
2156 4064 2276 4146 ncc_
2293 4081 2473 4136 videri
2528 4083 2717 4152 potest
2750 4095 2762 4132 :
2797 4077 2897 4131 sed
2927 4078 3139 4130 cuncta
3187 4073 3324 4143 ejus
3375 4065 3719 4143 apparentia
3761 4064 3813 4116 et

397 4161 690 4237 significet
721 4164 778 4219 in
813 4168 899 4222 tot
929 4170 1123 4239 partes
1142 4167 1623 4223 vestimentorum
1647 4168 1799 4223 facta
1818 4167 2043 4234 divisio,
2155 4170 2471 4227 eminentia
2485 4169 2619 4223 inde
2636 4153 3019 4237 consurgunt,
3036 4162 3185 4218 sicut
3201 4161 3365 4216 bona
3382 4164 3592 4215 nostra
3607 4155 3677 4211 de
3695 4166 3813 4226 pro-

394 4255 454 4307 et
480 4252 551 4308 de
584 4253 780 4309 tunica
809 4253 911 4310 illa
941 4255 1187 4311 sortitio.
1221 4255 1655 4329 Quadripartita
1684 4256 1838 4312 enim
1871 4255 2046 4313 vestis
2156 4258 2441 4315 funditate
2461 4257 2657 4330 gratia:
2680 4256 2801 4320 Dei,
2821 4271 2947 4326 qua:
2970 4248 3399 4322 comprehendi
3423 4263 3493 4303 ac
3512 4240 3815 4330 dijudicari

395 4340 627 4397 Domini
685 4343 869 4399 nostri
915 4345 1056 4401 Jesu
1108 4344 1328 4400 Christi
1378 4327 1864 4417 quadripertitam
1916 4346 2044 4417 ejus
2157 4366 2271 4405 non
2307 4327 2512 4421 potest,
2539 4345 2810 4401 universa
2840 4341 3180 4416 procedunt.
3199 4338 3318 4394 Sed
3340 4340 3402 4393 et
3423 4335 3475 4392 si
3499 4327 3813 4390 cruxChri-

396 4429 671 4502 figuravit
691 4430 1029 4498 Ecclesiam,
1048 4438 1167 4488 toto
1193 4433 1413 4488 scilicet
1434 4450 1561 4504 quae
1592 4437 1843 4504 quatuor
1865 4435 2043 4505 parti-
2156 4437 2231 4493 sti
2250 4417 2435 4492 ethoc
2458 4434 2647 4490 solum
2673 4433 2985 4506 significet,
3005 4429 3158 4502 quod
3182 4426 3263 4482 ait
3285 4424 3650 4497 Apostolus:
3675 4444 3699 4470 α
3717 4417 3815 4482 Olli

394 4517 514 4608 tim!
537 4521 769 4572 θθηθίθί
808 4522 1096 4575 terrarum
1150 4521 1289 4576 orbe
1338 4521 1634 4586 diffusam,
1667 4526 1724 4576 6t
1770 4522 2044 4577 omnibus
2077 4545 2122 4608 υ
2155 4531 2348 4581 autem
2377 4529 2516 4579 sunt
2535 4523 2770 4589 Christi,
2791 4536 3024 4577 carnem
3047 4533 3217 4574 suam
3241 4512 3677 4570 crucifixerunt
3692 4521 3817 4562 cum

394 4603 615 4659 eisdem
644 4604 913 4676 partibus
943 4607 1264 4679 aequaliter,
1283 4608 1340 4663 id
1363 4612 1451 4663 est
1472 4608 1835 4664 concorditer
1853 4610 2046 4665 distri-
2077 4603 2113 4608 —
2154 4613 2528 4687 passionibus
2559 4616 2615 4667 et
2644 4605 3134 4682 concupiscentiis
3166 4603 3311 4677 (Gal.
3339 4603 3422 4675 v),
3454 4624 3483 4652 »
3511 4615 3690 4672 quam
3712 4610 3822 4651 ma-

394 4690 620 4748 butam.
639 4691 880 4765 Propter
898 4696 1052 4767 quod
1075 4695 1210 4751 alibi
1228 4696 1367 4752 dicit
1387 4696 1706 4752 missurum
1728 4714 1789 4753 se
1806 4699 2043 4771 angelos
2152 4720 2336 4777 gnum
2370 4702 2586 4757 bonum
2618 4699 2747 4756 est?
2766 4699 2881 4754 Nec
2912 4701 3109 4752 tamen
3141 4692 3252 4748 hoc
3282 4692 3455 4759 facit,
3482 4689 3601 4745 nisi
3623 4699 3822 4743 concu-

395 4783 627 4848 suos,ut
646 4779 927 4855 colligant
947 4783 1163 4841 electos
1183 4801 1322 4841 suos
1344 4803 1379 4840 a
1398 4789 1651 4856 quatuor
1665 4787 2042 4853 ventis.Quod
2151 4773 2385 4864 piscens
2417 4790 2694 4845 adversus
2724 4802 2961 4841 carnem
2983 4781 3225 4855 spiritus
3250 4781 3479 4847 bonus,
3504 4794 3645 4833 cum
3667 4773 3820 4830 illam

395 4866 538 4967 (illm
556 4872 665 4937 δεῖ»
683 4869 853 4967 Nisi}
871 4877 1126 4945 quatuor
1143 4873 1414 4946 Partibus
1434 4874 1660 4941 mundi.
1681 4874 1921 4942 ονίϐηιϐ,
1945 4892 2039 4932 00-
2150 4860 2382 4936 crucem
2414 4876 2629 4933 Christi
2653 4874 2850 4931 fecerit
2870 4872 3168 4940 inimicus,
3186 4869 3244 4924 id
3269 4873 3366 4924 est
3386 4867 3697 4939 malignus
3716 4860 3822 4933 spi-

392 4954 640 5053 ﬁifiente,
672 4960 1033 5053 aquiloueget
1062 4962 1346 5053 meridie?
1373 4962 1598 5019 Tunica
1620 4980 1752 5020 vero
1786 4965 1885 5021 illa
1917 4983 2039 5022 sor-
2149 4969 2318 5024 ritus.
2365 4968 2662 5022 Postremo
2709 4963 2849 5036 quid
2897 4966 2987 5018 est
3016 4959 3194 5032 (quod
3228 4952 3451 5013 omnes
3485 4949 3822 5046 noluerunt?

392 5042 803 5142 99.9%“?
825 5051 1076 5121 Ρανίίυῐη
1109 5052 1401 5124 signiﬁcat
1421 5053 1726 5118 unitatem,
1749 5072 1877 5126 quae
1903 5056 2038 5111 cha-
2149 5056 2381 5130 signum
2415 5054 2627 5121 crucis,
2656 5053 2767 5107 nisi
2801 5069 2941 5107 crux
2966 5047 3228 5106 Christi?
3247 5046 3407 5110 Quid
3433 5036 3822 5117 signum,nisi

391 5129 585 5186 ritatis
616 5132 844 5191 vinculo
875 5141 1224 5196 continetur.
1247 5141 1325 5196 De
1354 5140 1637 5197 cbaritate
1661 5149 1854 5199 autem
1887 5144 2041 5200 locu-
2149 5129 2625 5201 adhibeatursive
2644 5141 2932 5196 frontibus
2948 5135 3333 5200 credentium,
3352 5133 3485 5189 sive
3503 5129 3825 5204 aquaipsa,

389 5222 559 5319 h1qu
573 5221 885 5319 Apostolus
904 5241 918 5281 :
939 5251 966 5277 «
988 5228 1864 5302 Supereminentiorem,inquit,
1883 5232 2038 5289 viam
2149 5250 2217 5289 ex
2249 5248 2365 5304 qua
2388 5229 2921 5295 renascantur,sive
2944 5226 3068 5282 oleo
3092 5241 3208 5297 quo
3229 5221 3571 5278 chrismate
3597 5233 3824 5289 ungun-

388 5306 554 5364 vobis
605 5309 941 5371 demonstro
987 5316 1030 5387 (Ι
1064 5319 1191 5372 Cor.
1226 5319 1346 5388 xu).
1383 5340 1411 5368 ››
1460 5319 1528 5373 Et
1575 5318 1684 5375 alio
1734 5318 1858 5377 loco
1910 5323 1993 5377 ait
2023 5339 2035 5376 :
2146 5326 2262 5387 tur,
2283 5321 2401 5376 sive
2423 5318 2707 5375 sacrificio
2728 5335 2841 5389 quo
2863 5316 3120 5380 aluntur,
3142 5310 3286 5367 nihil
3309 5325 3535 5364 eorum
3559 5306 3687 5362 vita
3708 5319 3829 5377 per-

394 5396 809 5495 «.Cognoscere
838 5408 1034 5459 autem
1058 5407 1589 5477 supereminentem
1613 5410 1869 5464 scientiae
1900 5411 2039 5466 cha-
2151 5409 2360 5475 ficitur.
2394 5408 2692 5472 Quomodo
2720 5423 2856 5478 ergo
2888 5422 2989 5477 per
3019 5404 3073 5458 id
3098 5401 3252 5473 quod
3284 5396 3439 5452 mali
3479 5390 3832 5461 faciunt,ni-

388 5485 780 5584 {ilatequlfﬁ
796 5495 885 5584 (ξεί
904 5491 1200 5549 Vinculum
1234 5494 1601 5566 perfectionis
1622 5499 1835 5569 (Ephes.
1869 5501 1973 5571 in).
2010 5522 2036 5549 ››
2146 5497 2227 5553 hil
2260 5498 2392 5552 boni
2427 5476 2811 5568 significatur,
2845 5476 3079 5565 quando
3128 5505 3231 5561 per
3276 5476 3829 5545 erucem.Christi,

389 5573 449 5630 Si
479 5590 616 5647 ergo
665 5577 920 5638 charitas
970 5582 1588 5657 supereminentiorem
1639 5584 1813 5643 habet
1859 5587 2033 5657 viam,
2147 5602 2322 5658 quam
2350 5586 2608 5642 fecerunt
2630 5583 2870 5651 mali,in
2888 5578 3272 5638 celebratione
3292 5576 3831 5629 sacramentorum
