4012 6174
257 320 366 382 Ml

1496 322 1848 387 IlOMlleE
1896 321 1995 381 DE
2039 318 2436 381 TEMPORE.

3552 313 3672 379 442
3702 342 3703 345 η

257 453 376 526 ejus
412 453 640 511 bonum
656 452 823 512 nobis
836 470 1009 512 omne
1024 454 1312 529 signatur.
1332 455 1618 513 Cruciﬁxo
1630 454 1901 522 Domino,
1934 455 1990 522 Α
2018 452 2206 510 tuosis
2236 447 2972 510 latibulisl‘raudulentum.
2990 447 3319 521 Hyssopum
3344 432 3668 518 autem,cui

260 548 635 616 posteaquam
665 543 873 600 divisio
887 544 1367 601 vestimentorum
1386 546 1514 615 ejus
1526 544 1907 603 etiammissa

260 634 393 689 forte
422 631 713 704 completa
744 637 854 700 est,
877 650 1003 705 qua:
1017 634 1227 691 deinde
1241 641 1440 691 narrat
1466 636 1722 691 Joannes
1738 651 1907 691 evan-

262 721 478 795 gelista,
514 722 836 777 videamus.

325 834 349 860 ‹‹
386 812 453 865 Et
483 809 698 865 milites
728 809 966 882 quidem
999 811 1119 867 haec
1152 812 1430 867 fecerunt.
1452 813 1693 867 Stabant
1708 815 1903 866 autem

267 900 474 968 «juxta
503 915 737 955 crucem
767 899 908 955 Jesu
942 904 1127 956 mater
1147 902 1295 972 ejus,
1314 900 1905 970 etsorormatrisejus

272 1009 296 1038 α
325 988 501 1042 Maria
527 986 816 1059 Cleophis,
848 988 1637 1063 etMariaMagdalene.Cum
1663 988 1905 1044 vidisset

270 1099 295 1128 α
321 1093 450 1149 ergo
481 1079 652 1134 Iesus
683 1082 931 1134 matrem
967 1082 1022 1133 et
1054 1078 1414 1150 discipulum
1436 1082 1902 1149 stantem,quem

266 1189 289 1215 α
317 1164 609 1237 diligebat,
643 1166 786 1222 dicit
815 1167 987 1222 matri
1006 1167 1399 1235 sumMulier,
1417 1183 1548 1223 ecce
1564 1166 1898 1223 ﬁliustuus:

268 1278 291 1304 α
320 1254 529 1310 Deinde
561 1254 704 1310 dicit
757 1254 1082 1328 discipulo:
1135 1257 1275 1311 Ecce
1321 1262 1511 1312 mater
1557 1260 1674 1312 tua.
1710 1277 1739 1306 »
1775 1255 1905 1310 Haec

267 1342 532 1398 nimirum
564 1347 654 1398 est
682 1343 783 1399 illa
810 1343 954 1400 hora
986 1344 1044 1399 in
1077 1361 1195 1416 qua
1217 1344 1387 1401 Jesus
1417 1362 1632 1416 aquam
1666 1361 1901 1400 conver-

269 1448 425 1488 surus
454 1430 513 1486 in
543 1431 770 1498 vinum,
805 1433 1018 1489 dixerit
1050 1432 1257 1489 matri:
1292 1456 1321 1483 ‹‹
1355 1432 1501 1499 Quid
1539 1433 1684 1488 mihi
1709 1437 1765 1488 et
1794 1432 1902 1488 tibi

266 1524 361 1585 est,
391 1520 642 1577 mulier?
671 1521 944 1577 Nondum
978 1522 1135 1577 venit
1166 1521 1310 1578 hora
1341 1539 1472 1577 mea
1514 1522 1698 1594 (Joan.
1751 1525 1834 1589 ιι).
1872 1544 1899 1571 ››

265 1609 405 1665 Hanc
432 1602 629 1682 itaque
652 1609 857 1665 horam
892 1610 1268 1682 praedixerat,
1301 1628 1429 1683 quae
1463 1616 1608 1668 tunc
1639 1612 1900 1667 nondum

261 1703 475 1755 venerat
503 1696 565 1753 in
593 1715 713 1770 qua
741 1699 978 1756 deberet
1008 1700 1248 1771 agnosci
1282 1718 1317 1756 a
1346 1705 1533 1757 matre
1546 1700 1893 1769 moriturus,

261 1787 323 1842 de
336 1804 443 1859 qua
457 1787 646 1843 fuerat
664 1787 988 1844 mortaliter
1002 1793 1195 1845 natus.
1221 1790 1384 1845 Tunc
1398 1790 1595 1845 divina
1611 1790 1893 1857 facturus,

260 1875 816 1942 nondivinitatis,sed
830 1876 1195 1934 inﬁrmitatis
1210 1883 1455 1935 matrem
1471 1879 1625 1935 velut
1638 1879 1896 1952 incogni-

257 1967 363 2019 tam
394 1963 884 2036 reprehendebat:
916 1983 1076 2022 nunc
1105 1971 1304 2023 autem
1333 1967 1595 2024 humana
1629 1970 1757 2040 jam
1790 1986 1891 2041 pa-

256 2051 413 2122 tiens,
442 2068 510 2109 ex
538 2070 656 2126 qua
674 2054 1499 2125 fueratfactushomo,atl‘ectu
1519 2058 1894 2113 commende~

256 2141 346 2197 bat
372 2142 647 2199 humano.
691 2144 856 2199 Tunc
904 2143 1083 2209 enim,
1135 2145 1235 2218 qui
1284 2145 1524 2201 Mariam
1575 2151 1887 2214 creaverat,

252 2229 640 2287 innotescebat
669 2232 912 2288 virtute:
946 2251 1102 2289 nunc
1132 2250 1285 2299 vero,
1314 2251 1485 2307 quem
1511 2235 1691 2291 Maria
1724 2252 1890 2308 pepe-

251 2324 411 2387 rerat,
446 2321 739 2392 pendebat
769 2321 826 2375 in
857 2338 1047 2377 cruce.
1082 2322 1319 2378 Moralis
1348 2322 1529 2394 igitur
1555 2324 1891 2380 insinuatur

250 2406 420 2475 locus,
453 2409 534 2464 ita
564 2409 703 2465 facit
732 2411 888 2483 quod
919 2411 1253 2468 faciendum
1287 2412 1583 2481 admonet,
1615 2418 1673 2469 et
1695 2430 1888 2469 exem-

248 2496 335 2567 plo
365 2514 467 2554 suo
494 2497 776 2555 instruxit
806 2516 948 2556 suos
981 2504 1304 2572 preceptor
1333 2501 1544 2567 bonus,
1581 2504 1646 2557 ut
1676 2518 1710 2557 a
1751 2501 1890 2560 ﬁliis

246 2586 353 2657 piis
380 2586 754 2659 impendatur
780 2605 925 2644 cura
943 2589 1308 2660 parentibus,
1334 2592 1617 2662 tanquam
1658 2590 1887 2664 lignum

244 2670 401 2739 illud,
428 2676 526 2730 ubi
558 2681 725 2732 erant
754 2677 869 2732 ﬁxa
899 2679 1166 2734 membra
1209 2678 1532 2747 morientis,
1582 2680 1755 2736 etiam
1791 2698 1886 2736 ca-

243 2762 438 2820 thedra
466 2764 639 2820 fuerit
673 2766 938 2838 magistri
969 2767 1253 2823 docentis.
1289 2790 1316 2817 «
1345 2769 1490 2825 Etex
1519 2767 1620 2824 illa
1636 2769 1779 2825 hora
1796 2788 1887 2826 ac-

246 2874 276 2901 «
306 2852 451 2924 cepit
479 2870 609 2909 eam
642 2853 969 2927 discipulus
999 2855 1055 2910 in
1071 2873 1197 2912 sua.
1220 2878 1247 2906 υ
1265 2857 1671 2929 Desemetipso
1685 2857 1887 2914 dicens

244 2939 326 2994 sic
345 2941 557 3014 quippe
587 2958 1046 3000 commemorare
1077 2943 1245 3013 solet,
1277 2946 1434 3017 quod
1455 2962 1588 3001 eum
1606 2946 1887 3019 diligebat

240 3028 426 3096 Jesus,
458 3031 560 3102 qui
582 3030 787 3104 utique
818 3049 1043 3099 omnes,
1077 3033 1705 3106 seipsumpraecaeteris
1723 3034 1886 3090 fami-

2016 542 2566 615 circumposuerunt
2595 538 2902 613 spongiam
2936 542 3094 593 aceto
3116 534 3369 608 plenam,
3389 536 3667 607 quoniam

2014 631 2196 687 herba
2225 636 2315 686 est
2346 630 2608 695 humilis,
2638 635 2694 686 et
2724 632 2925 701 pectus
2959 628 3192 698 purgat,
3223 623 3411 694 ipsius
3455 622 3668 679 Christi

2015 719 2408 776 humilitatem
2436 723 2824 791 congruenter
2854 715 3195 786 accipimus,
3217 727 3391 783 quam
3419 711 3665 766 circum-

2015 808 2321 875 dederunt,
2354 814 2411 864 et
2459 825 2520 863 se
2573 805 3028 862 circumvenisse
3086 803 3455 873 putaverunt.
3506 799 3668 855 Unde

2014 897 2156 954 illud
2191 899 2247 953 in
2280 897 2537 970 psalmo:
2572 920 2598 948 ‹‹
2629 898 2916 967 Asperges
2948 909 3060 957 me,
3098 913 3127 940 »
3170 890 3434 955 Domine,
3461 910 3489 937 «
3523 887 3663 961 bys-

2014 1007 2155 1061 sopo
2185 994 2242 1045 et
2272 988 2602 1043 mundabor
2633 986 2798 1057 (Psal.
2835 987 2906 1051 L).
2946 1005 2973 1031 ››
3006 979 3218 1035 Christi
3252 993 3508 1049 namque
3553 976 3664 1031 hu-

2013 1078 2259 1134 militate
2289 1076 2668 1140 mundamur,
2703 1073 2842 1145 quia
2886 1071 3000 1125 nisi
3028 1066 3401 1123 humiliasset
3449 1069 3663 1120 semet-

2011 1168 2229 1240 ipsum,
2260 1166 2445 1220 factus
2474 1162 2752 1218 obediens
2782 1159 2935 1215 Patri
2967 1172 3155 1230 usque
3176 1155 3246 1210 ad
3267 1157 3512 1209 mortem
3537 1170 3664 1208 cru-

2012 1255 2096 1310 cis
2125 1254 2360 1327 (Philip.
2389 1252 2472 1324 ιι),
2506 1250 2708 1321 utique
2739 1248 2981 1320 sanguis
3008 1245 3135 1315 ejus
3162 1244 3220 1298 in
3252 1240 3659 1297 remissionem

2012 1347 2400 1415 peccatorum,
2434 1340 2542 1396 hoc
2571 1344 2680 1404 est,
2715 1338 2772 1392 in
2796 1341 3056 1392 nostram
3076 1330 3516 1389 mundationem
3544 1344 3659 1383 non

2012 1433 2220 1488 fuisset
2246 1431 2489 1487 eil‘usus.
2522 1430 2638 1485 Nec
2669 1430 2895 1482 moveat
2924 1422 3202 1496 quoniam
3234 1417 3540 1491 spongiam
3573 1415 3656 1471 ori

2010 1522 2138 1592 ejus
2173 1524 2484 1592 potuerunt
2508 1518 2833 1582 admovere,
2867 1513 2968 1586 qui
3001 1513 3056 1567 in
3093 1525 3261 1565 cruce
3294 1508 3484 1562 fuerat
3511 1504 3661 1561 exal-

2010 1615 2167 1666 tatus
2191 1627 2227 1666 a
2254 1614 2426 1664 terra.
2462 1607 2625 1663 Sicut
2652 1605 2809 1661 enim
2841 1602 2994 1675 apud
3021 1599 3166 1655 alios
3182 1593 3659 1670 evangelistasle-

2009 1688 2376 1773 gitur,'quod
2408 1697 2503 1752 hic
2536 1693 2927 1768 praetermisit,
2960 1691 3020 1745 in
3073 1687 3359 1744 arundine
3406 1700 3537 1773 esse
3566 1684 3654 1773 fa-

2010 1792 2280 1853 ctum,°ut
2308 1787 2367 1841 in
2400 1784 2649 1858 spongia
2680 1781 2814 1838 talis
2847 1783 3022 1852 potus
3052 1777 3123 1832 ad
3155 1774 3346 1832 crucis
3376 1772 3658 1849 sublimia

2003 1877 2307 1933 levaretur.
2324 1876 2432 1931 Per
2442 1873 2791 1930 arundinem
2803 1886 2937 1925 vero
2949 1866 3250 1939 Scriptura
3262 1863 3651 1936 signiﬁcatur,

2002 1984 2128 2040 quae
2158 1964 2516 2037 implebatur
2543 1963 2654 2019 hoc
2684 1962 2855 2017 facto.
2888 1958 3053 2014 Sicut
3081 1955 3238 2012 enim
3270 1954 3474 2026 lingua
3510 1951 3652 2008 dici-

2000 2060 2115 2123 tur,
2146 2055 2234 2110 vel
2264 2055 2466 2117 latina,
2497 2052 2587 2109 vel
2618 2051 2735 2108 alia
2760 2048 3042 2122 qualibet,
3069 2061 3282 2101 sonum
3312 2041 3655 2115 signiﬁcans

2000 2145 2101 2217 qui
2132 2144 2336 2217 lingua
2367 2141 2674 2216 promitur,
2705 2140 2789 2195 sic
2821 2137 3045 2194 arundo
3076 2134 3189 2188 dici
3223 2135 3413 2204 potest
3439 2127 3652 2195 littera,

2000 2251 2128 2305 quae
2158 2231 2445 2288 arundine
2473 2231 2769 2295 scribitur,
2798 2227 2897 2283 sed
2919 2220 3349 2299 signiﬁcantius
3366 2235 3542 2275 sonos
3563 2234 3655 2272 vo-

2000 2324 2083 2378 cis
2112 2323 2383 2378 humanze
2416 2319 2805 2377 usitatissime
2835 2316 3086 2372 dicimus
3107 2312 3361 2385 linguas.
3396 2308 3655 2379 Scriptu-

2001 2429 2124 2467 ram
2155 2428 2288 2468 vero
2319 2410 2665 2467 arundinem
2701 2407 2835 2474 dici,
2870 2404 3186 2477 quominus
3218 2403 3307 2455 est
3341 2398 3645 2463 usitatum,

1998 2518 2065 2557 eo
2098 2501 2285 2575 magis
2315 2505 2406 2556 est
2435 2499 2679 2569 mystice
2708 2498 3048 2570 ﬁguratum.
3086 2514 3113 2541 «
3144 2490 3289 2545 Cum
3311 2503 3449 2561 ergo
3477 2486 3650 2575 Jesus

1998 2573 2317 2662 accepisset
2331 2592 2582 2653 acetum,
2603 2586 2777 2641 dixit:
2794 2583 3282 2638 Consummatum
3303 2581 3412 2632 est.
3437 2573 3648 2642 »Quid,

1996 2680 2107 2735 nisi
2138 2678 2291 2751 quod
2327 2676 2498 2750 paulo
2512 2682 2647 2732 ante
2673 2672 2981 2747 prophetia
3006 2666 3387 2742 praedixerat?
3416 2663 3627 2720 deinde

1995 2769 2135 2840 quia
2164 2767 2309 2823 nihil
2343 2770 2721 2831 remanserat,
2757 2762 2912 2837 quod
2954 2764 3269 2832 antequam
3302 2756 3644 2817 moreretur,

1995 2858 2119 2913 ﬁeri
2146 2857 2338 2913 adhuc
2361 2856 2681 2929 oportebat.
2696 2855 3001 2922 Tanquam
3020 2848 3133 2914 ille,
3169 2844 3267 2917 qui
3296 2844 3645 2915 potestatem

1993 2946 2247 3002 habebat
2276 2945 2529 3018 ponendi
2561 2945 2843 3007 animam,
2876 2945 2935 2996 et
2964 2938 3175 2993 iterum
3208 2930 3478 2993 sumendi
3514 2944 3641 2984 eam

1994 3037 2169 3107 (Joan.
2201 3036 2280 3106 x),
2314 3034 2563 3107 peractis
2610 3032 2907 3095 omnibus,
2956 3045 3084 3097 quae
3117 3028 3182 3081 ut
3229 3022 3647 3107 peragerentur

242 3114 441 3175 liarius
469 3118 772 3192 diligebat,
822 3120 905 3177 ita
953 3120 1100 3176 utin
1141 3105 1403 3179 convivio
1449 3140 1630 3194 supra
1677 3128 1882 3195 pectns
1923 3194 1949 3197 ι
1990 3105 2382 3197 exspectabat,
2413 3122 2689 3178 inclinato
2721 3119 2909 3192 capite
2932 3115 3174 3173 tradidit
3194 3105 3642 3185 spiritum.Quis

236 3221 407 3262 suum
438 3207 692 3263 residere
722 3210 953 3265 laceret.
994 3210 1177 3267 Credo
1225 3215 1291 3266 ut
1338 3211 1511 3268 istius
1557 3194 1874 3285 Evangelii,
1909 3194 1952 3260 (ἶ
1991 3213 2073 3268 ita
2096 3194 2320 3269 dormit
2351 3209 2862 3285 quandovoluerit,
2890 3205 3226 3263 sicutJesus
3248 3203 3515 3255 mortuus
3530 3199 3639 3260 est,

233 3296 384 3365 quod
415 3313 520 3370 per
546 3313 683 3353 eum
715 3298 905 3354 fuerat
934 3299 1376 3371 pradicaturus,
1411 3300 1669 3356 divinam
1693 3299 1876 3357 excel-

231 3379 468 3440 lentiam
500 3384 612 3441 hoc
640 3387 815 3441 modo
846 3386 1024 3441 altius
1052 3389 1508 3445 commendaret.

302 3494 329 3520 ιι
359 3472 569 3529 Postea
602 3474 881 3530 Dominus
932 3475 1124 3531 sciens
1153 3476 1291 3548 quia
1328 3478 1456 3547 jam
1505 3478 1705 3533 omnia
1734 3495 1877 3534 con-

230 3580 261 3607 α
285 3565 578 3617 summata
602 3566 764 3630 sunt,
781 3565 1872 3637 utconsummareturScriptura,dixit:

230 3669 260 3696 «ε
292 3648 452 3705 Sitio.
481 3649 598 3706 Vas
629 3666 765 3723 ergo
814 3651 1073 3723 positum
1121 3656 1245 3708 erat
1276 3657 1437 3709 aceto
1488 3653 1746 3726 plenum.
1791 3654 1876 3710 illi

232 3757 263 3784 κ
295 3740 483 3794 autem
514 3739 821 3812 spongiam
850 3745 1011 3797 aceto
1030 3740 1257 3812 plenam
1273 3741 1527 3815 hyssopo
1545 3743 1875 3816 circumpo-

234 3844 263 3871 κ
294 3829 511 3893 nentes,
544 3826 881 3883 obtulerunt
913 3829 998 3884 ori
1028 3829 1179 3900 ejus.
1214 3829 1359 3885 Cum
1389 3847 1527 3903 ergo
1558 3831 1878 3904 accepisset

235 3932 266 3960 ι(
294 3911 457 3969 Jesus
485 3917 739 3983 acetum,
770 3915 945 3972 dixit:
977 3916 1462 3974 Consummatum
1479 3923 1586 3975 est.
1605 3920 1672 3974 Et
1699 3919 1871 3976 incli-

240 4019 267 4046 «ι
296 4004 420 4056 nato
449 4002 658 4074 capite,
689 4004 931 4060 tradidit
962 4004 1256 4077 spiritum.
1288 4026 1314 4056 ιι
1353 4007 1495 4073 Quis
1526 4011 1719 4080 potest
1746 4025 1873 4080 qua:

243 4085 369 4143 facit
396 4089 474 4145 ita
493 4090 823 4164 disponere,
840 4094 1133 4165 quomodo
1154 4094 1632 4167 disposuithomo
1647 4095 1754 4152 iste
1773 4095 1872 4168 qui

241 4189 435 4245 passus
463 4179 591 4235 est?
618 4180 721 4236 sed
752 4179 928 4238 homo
972 4182 1259 4238 mediator
1301 4182 1403 4238 Dei
1434 4188 1490 4238 et
1539 4183 1871 4257 hominum,

241 4260 401 4321 homo
426 4267 499 4322 de
523 4284 641 4339 quo
670 4269 1015 4342 praedictum
1070 4270 1315 4344 legitur:
1368 4272 1438 4327 Et
1467 4272 1641 4329 homo
1672 4279 1779 4341 est,
1815 4278 1874 4331 et

242 4351 360 4421 quis
379 4355 642 4428 agnoscit
670 4373 806 4413 eum
824 4358 853 4413 ?
877 4358 1164 4425 Quoniam
1185 4376 1411 4428 omnes,
1447 4378 1551 4434 per
1580 4378 1728 4434 quos
1750 4363 1872 4420 haec

241 4436 456 4528 fiebant,
486 4444 768 4501 videbant
798 4446 1119 4513 hominem,
1151 4450 1255 4504 sed
1306 4466 1422 4504 non
1473 4446 1871 4528 agnoscebant

1987 3303 2223 3375 quando
2253 3301 2473 3357 voluit?
2503 3300 2647 3365 Quis
2676 3300 2757 3354 ita
2784 3300 3005 3353 vestem
3027 3291 3267 3365 deponit
3290 3286 3527 3375 quando
3548 3301 3643 3375 vo-

1986 3374 2180 3458 luerit,
2214 3391 2366 3446 sicut
2387 3391 2561 3446 Jesus
2588 3389 2847 3444 animam
2879 3383 3115 3457 quando
3146 3378 3370 3436 voluit?
3395 3374 3535 3441 Quis
3559 3374 3640 3430 ita

1986 3497 2120 3537 cum
2150 3479 2397 3535 voluerit
2425 3478 2589 3545 obiit,
2608 3476 2901 3549 quomodo
2927 3469 3320 3544 obiitquando
3348 3465 3530 3521 voluit
3549 3463 3640 3518 Je-

1987 3570 2129 3626 sus?
2158 3571 2386 3641 Quanta
2416 3567 2709 3641 speranda
2734 3563 2821 3621 vel
2856 3561 3119 3618 timenda
3148 3560 3407 3631 potestas
3428 3558 3518 3610 est
3538 3552 3632 3623 ju-

1985 3658 2256 3724 dicantis,
2290 3658 2338 3713 si
2372 3656 2705 3730 apparuerit
2720 3645 3636 3714 tantamorientis?Postcaquam
3678 3678 3687 3683 -

1986 3748 2270 3803 Dominus
2293 3745 2467 3801 Jesus
2500 3742 2751 3817 peractis
2782 3740 3081 3805 omnibus,
3114 3754 3241 3809 quae
3301 3737 3436 3790 ante
3465 3747 3635 3787 suam

1986 3840 2233 3891 mortem
2267 3834 2464 3907 peragi
2495 3837 2761 3905 oportere
2793 3829 3153 3903 praesciebat,
3187 3824 3422 3897 quando
3456 3819 3639 3877 voluit

1984 3922 2224 3979 tradidit
2252 3922 2556 3993 Spiritum.
2589 3921 2722 3984 Qua:
2755 3918 2966 3975 deinde
2983 3921 3182 3973 secuta
3212 3917 3373 3982 sunt,
3395 3927 3636 3984 evange-

1982 4012 2120 4067 lista
2148 4015 2441 4077 narrante,
2477 4009 2796 4065 videamus.

2055 4123 2083 4151 «
2113 4099 2296 4155 Judaei
2328 4115 2487 4171 ergo,
2522 4119 2549 4148 »
2583 4096 2794 4169 inquit,
2822 4118 2849 4145 «
2869 4094 3148 4168 quoniam
3168 4091 3629 4163 parasceveerat,

1983 4212 2011 4239 ‹‹
2054 4193 2119 4243 ut
2164 4204 2280 4242 non
2334 4188 2703 4241 remanerent
2760 4184 2819 4238 in
2877 4198 3047 4238 cruce
3094 4195 3340 4251 corpora
3386 4176 3630 4233 sabbato

1982 4300 2010 4327 α
2047 4277 2193 4349 (erat
2221 4274 2377 4330 enim
2411 4290 2663 4346 magnus
2693 4272 2819 4328 dies
2849 4269 2947 4325 ille
2976 4266 3249 4335 sabbati),
3282 4266 3632 4336 rogaverunt

1982 4389 2009 4416 ‹‹
2045 4364 2317 4428 Pilatum,
2350 4368 2415 4418 ut
2446 4364 2854 4435 frangerentur
2901 4373 3103 4415 eorum
3153 4371 3345 4420 crura,
3378 4356 3435 4408 et
3466 4349 3628 4406 tolle-

1982 4478 2011 4506 ‹‹
2043 4457 2263 4510 rentur.
2299 4474 2327 4502 »
2361 4452 2485 4506 Non
2537 4466 2709 4506 crura
2756 4448 3119 4516 tollerentur,
3172 4442 3273 4499 sed
3302 4441 3362 4496 hi
3412 4440 3629 4512 quibus

242 4524 422 4630 Deum.
446 4530 640 4630 E10th
666 4550 921 4630 namque
950 4536 1290 4608 apparebat,
1316 4538 1456 4609 quia
1489 4538 1772 4595 Dominus
1790 4524 1873 4595 la:
1905 4562 1948 4626 Ι)
1981 4543 2110 4598 ideo
2142 4540 2564 4614 frangebantur
2593 4543 2658 4594 ut
2694 4539 3093 4630 morerentur,
3146 4532 3526 4630 auferrentur'
3560 4546 3628 4584 ex

242 4616 397 4704 lebat.
446 4620 781 4677 Patiebatur
827 4622 950 4678 beo
1008 4623 1228 4689 omnia,
1280 4625 1383 4698 qui
1436 4628 1783 4698 apparebat:
1817 4633 1875 4684 et
1905 4616 1943 4626 ”
1980 4630 2159 4704 ligno,
2189 4647 2260 4685 ne
2318 4628 2638 4701 pendentes
2691 4628 2749 4683 in
2781 4623 3077 4691 crucibus,
3133 4637 3415 4694 magnum
3470 4618 3627 4674 diem

243 4701 375 4761 idem
430 4707 554 4781 ipse
611 4708 959 4782 disponebat
1017 4711 1138 4770 haec
1200 4715 1419 4782 omnia,
1482 4715 1585 4786 qui
1630 4715 1869 4773 latebat.

246 4790 381 4850 Vidit
406 4813 560 4871 ergo,
592 4797 872 4871 quoniam
902 4806 1311 4858 consummata
1340 4807 1479 4858 sunt
1501 4804 1702 4859 omnia
1738 4821 1866 4877 quis

246 4886 519 4952 oportebat
546 4891 614 4941 ut
647 4887 851 4944 ﬁerent
881 4892 1197 4962 antequam
1229 4891 1518 4964 acciperet
1536 4896 1788 4949 acetum.
1810 4896 1870 4950 et

245 4971 470 5028 traderet
498 4975 797 5047 spiritum,
830 4981 1005 5047 atque
1035 4982 1099 5033 ut
1122 4978 1231 5034 hoc
1264 4979 1440 5034 etiam
1485 4996 1865 5039 consumma-

244 5060 381 5114 retur
407 5062 561 5133 quod
608 5063 719 5119 ait:
759 5087 780 5114 ι
834 5064 904 5119 Et
949 5065 1007 5120 in
1058 5065 1155 5122 siti
1207 5084 1338 5123 mea
1379 5071 1725 5140 potaverunt
1772 5089 1866 5128 me

244 5150 381 5204 aceto
408 5150 577 5217 (Psal.
613 5154 823 5220 vam),
861 5175 888 5201 ››
920 5152 1084 5223 Sitio,
1103 5153 1314 5227 inquit,
1335 5154 1617 5228 tanquam
1644 5157 1754 5214 hoc
1779 5159 1863 5214 di-

242 5239 396 5290 ceret:
430 5237 545 5292 Hoc
579 5238 775 5294 minus
808 5239 1049 5309 fecistis,
1091 5242 1224 5297 date
1255 5244 1409 5315 quod
1461 5245 1625 5301 estis.
1675 5247 1860 5303 Judzei

241 5320 430 5395 quippe
458 5323 571 5396 ipsi
606 5331 770 5383 erant
800 5334 1053 5395 acetum,
1087 5331 1503 5404 degenerantes
1536 5350 1569 5388 a
1594 5334 1727 5390 vino
1759 5353 1853 5409 pa-

237 5408 602 5469 triarcharum
633 5420 691 5469 et
744 5417 1182 5489 prophetarum.
1233 5422 1543 5493 Tanquam
1571 5423 1642 5478 de
1691 5408 1860 5495 pleno

238 5513 368 5587 vase,
380 5502 772 5575 deiniquitate
785 5506 988 5587 mundi
1008 5508 1441 5582 hujusimpleti,
1457 5527 1556 5566 cor
1578 5511 1861 5587 habentes

235 5586 369 5643 velut
398 5592 708 5664 spongiam
741 5594 1068 5652 cavernosis
1100 5599 1534 5669 quodammodo
1557 5586 1731 5673 atque
1749 5606 1861 5659 tor-

1980 4720 2193 4774 festum
2223 4718 2316 4773 sui
2344 4717 2604 4773 diuturni
2638 4716 2931 4772 cruciatus
2960 4713 3199 4769 horrore
3233 4711 3535 4766 foedarent.

2053 4829 2081 4857 ‹‹
2110 4806 2409 4862 Venerunt
2431 4822 2568 4879 ergo
2600 4804 2838 4871 milites,
2869 4807 2926 4860 ct
2956 4801 3132 4875 primi
3162 4799 3398 4872 quidem
3437 4797 3624 4869 frege-

1978 4918 2006 4945 «
2040 4899 2176 4950 runt
2206 4911 2397 4959 crura,
2430 4899 2489 4951 et
2517 4894 2759 4950 alterius
2789 4892 2891 4965 qui
2923 4890 3236 4947 cruciﬁxus
3262 4891 3353 4943 est
3367 4902 3502 4942 cum
3533 4901 3622 4941 eo.

1974 5007 2003 5034 «
2035 4984 2120 5039 Ad
2148 4984 2351 5040 Jesum
2383 4988 2578 5040 autem
2611 4999 2746 5037 cum
2778 4980 3093 5045 venissent,
3117 4981 3174 5034 et
3201 4976 3471 5032 viderunt
3491 4991 3623 5029 eum

1974 5096 2001 5124 ‹‹
2027 5074 2154 5144 jam
2187 5076 2505 5136 mortuum,
2536 5088 2652 5126 non
2677 5068 3312 5143 fregeruntojuscrura.
3342 5064 3451 5120 Sed
3470 5081 3625 5119 unus

1973 5184 2000 5212 ‹‹
2037 5160 2292 5216 militum
2325 5159 2525 5216 lancea
2551 5158 2707 5214 latus
2737 5159 2865 5227 ejus
2891 5155 3140 5228 aperuit,
3158 5159 3214 5211 et
3239 5154 3515 5210 continuo
3535 5169 3627 5207 cx-

1976 5272 2003 5301 «
2035 5250 2137 5304 ivit
2167 5248 2409 5321 sanguis
2440 5245 3048 5319 etaqua.»Vigilanter
3062 5244 3251 5300 verbis
3264 5240 3624 5314 evangelista

1971 5355 2116 5394 usus
2147 5342 2255 5403 est,
2290 5353 2404 5391 non
2435 5341 2501 5392 ut
2527 5336 2763 5401 diceret,
2798 5333 2954 5389 latus
2999 5334 3129 5405 ejus
3177 5331 3486 5404 percussit,
3520 5336 3623 5386 aut

1971 5425 2314 5492 vulneravit,
2348 5430 2451 5480 aut
2480 5425 2619 5497 quid
2654 5422 2836 5489 aliud,
2865 5424 2965 5480 sed
2983 5423 3230 5496 aperuit,
3264 5420 3460 5477 utillic
3482 5437 3621 5491 quo~

1970 5515 2104 5570 dam
2115 5515 2285 5570 modo
2315 5514 2441 5568 vitae
2455 5514 2671 5569 ostium
2689 5513 3064 5586 panderetur,
3080 5511 3233 5568 unde
3252 5512 3620 5566 sacramenta

1971 5603 2235 5660 Ecclesiae
2267 5608 2669 5671 manaverunt,
2718 5602 2845 5659 sine
2894 5601 3111 5674 quibus
3138 5600 3206 5655 ad
3258 5597 3455 5663 vitam,
3489 5610 3616 5664 qua:
