4012 6174
354 316 474 415 n3

916 348 1325 413 HAYMONIS
1367 342 1911 409 HALBERSTAT.
1960 328 2204 399 EPISC.
2251 331 2423 395 OPP.
2472 328 2670 392 PARS
2713 326 2790 389 II.
2816 359 2893 370 -—
2922 321 3191 387 HOMIL.

3640 319 3770 381 444

355 502 492 542 vera
516 483 637 540 vita
666 487 777 552 est,
810 501 926 540 non
956 484 1227 540 intratur.
1262 481 1362 538 Ille
1410 478 1653 552 sanguis
1683 476 1742 531 in
1790 470 1995 531 remis-
2028 470 2083 537 Α
2111 483 2238 524 ram
2268 463 2453 522 Judaei
2486 461 2762 519 usitatius
2789 457 2941 533 apud
2971 451 3515 520 nosvocant,facere
3537 450 3764 525 aliquid

357 575 584 632 sionem
615 575 784 632 fusus
831 579 923 631 est
973 578 1368 647 peccatorum,
1414 585 1567 640 aqua
1606 566 1705 621 illa
1752 562 2006 620 salutare

356 668 644 738 temperat
670 663 964 736 poculum,
999 663 1108 718 hoc
1136 661 1431 717 lavacrum
1449 657 1751 730 praestatet
1779 655 2002 725 potum.

359 753 479 810 Hoc
510 754 955 827 praenuntiabat,
990 751 1143 824 quod
1178 750 1295 805 Noe
1324 749 1382 803 in
1410 745 1589 801 latere
1621 759 1764 799 arcte
1787 741 2004 797 ostium

361 843 548 899 facere
569 843 777 914 jussus
808 845 914 906 est,
947 858 1061 912 quo
1085 839 1371 893 intrarent
1401 832 1697 899 animalia,
1733 847 1858 902 quae
1888 845 2006 883 non

357 936 524 988 erant
553 930 770 986 diluvio
789 930 1062 1003 peritura,
1085 928 1299 1001 quibus
1312 922 1794 997 praeﬁgurabatur
1822 915 2009 972 Eccle-

359 1020 466 1076 sia.
501 1024 741 1092 Propter
771 1019 876 1074 hoc
912 1018 1100 1091 prima
1134 1014 1342 1070 mulier
1373 1015 1523 1068 facta
1554 1014 1643 1066 est
1669 1010 1741 1065 de
1782 1006 1888 1062 viri
1921 1004 2006 1060 la-

356 1111 477 1164 tere
504 1105 869 1171 dormientis,
900 1111 956 1161 et
985 1103 1274 1178 appellata
1301 1101 1519 1174 virago,
1554 1102 1742 1154 mater
1776 1111 2009 1168 quoque

357 1198 634 1253 virorum.
670 1196 946 1267 Magnum
980 1195 1195 1267 quippe
1228 1191 1634 1262 signiﬁcantur
1652 1188 2009 1251 bonum,an-

359 1291 452 1342 tea
482 1291 537 1341 et
568 1301 846 1358 magnum
868 1280 1355 1355 prmvaricationis
1380 1277 1622 1344 malum,
1640 1276 1695 1331 in
1712 1274 2011 1344 habituja-

361 1375 543 1432 centis
574 1369 1315 1443 atqucdormicutis.Ethic
1330 1363 1815 1425 secundusAdam
1840 1360 2007 1417 incli-

361 1470 497 1521 nato
528 1463 717 1536 capite
748 1462 804 1517 in
838 1478 1004 1516 (truce
1035 1458 1327 1526 dormivit,
1361 1456 1576 1511 utinde
1595 1455 1942 1509 t’ormaretur
1956 1450 2007 1505 ei

362 1554 595 1625 conjux.
623 1568 749 1624 quae
781 1551 850 1607 de
881 1549 1061 1607 latere
1091 1546 1434 1604 dormientis
1456 1541 1715 1600 deﬂuxit.
1748 1541 1793 1597 Ο
1825 1555 2006 1609 mors,

364 1642 520 1698 unde
548 1640 760 1696 mortui
791 1636 1169 1696 reviviscunt!
1796 1686 1825 1709 ,

437 1754 463 1780 ‹‹
493 1730 666 1786 Facta
695 1733 833 1785 sunt
860 1727 1017 1789 enim
1048 1725 1194 1793 bzec,
1220 1730 1289 1793 ut
1317 1722 1615 1794 Scriptura
1648 1717 2006 1792 impleretur:

367 1845 393 1870 ‹‹
427 1820 503 1876 Os
535 1836 647 1875 non
681 1816 1093 1873 comminuetis
1124 1831 1192 1870 ex
1222 1831 1289 1869 eo
1321 1810 1520 1885 (Exod.
1555 1814 1675 1878 xu).
1701 1810 1768 1864 Et
1795 1806 2007 1863 iterum
2043 1842 2090 1908 Β

366 1932 394 1959 ‹‹
428 1908 869 1983 διὶδιιεοινίρίυνθ
901 1904 1069 1962 dicit:
1104 1903 1398 1958 Videbunt
1428 1902 1487 1955 in
1520 1916 1693 1972 quem
1748 1912 2009 1970 pupuge-

364 2000 507 2056 runt
536 1996 717 2071 (Zach,
759 2000 878 2064 xu).
915 2017 942 2043 »
972 1993 1097 2051 Duo
1126 1985 2011 2063 testimoniadeScripturisred-

369 2088 519 2157 didit
547 2084 798 2158 singulis
814 2084 1005 2143 rebus.
1022 2084 1171 2154 quas
1186 2082 1365 2137 factas
1381 2076 1844 2135 fuissenarravit.
1864 2074 2011 2131 Nam

368 2176 508 2250 quia
537 2176 790 2231 dixerat:
827 2196 854 2223 ‹‹
881 2174 964 2231 Ad
985 2173 1185 2228 Jesum
1206 2175 1399 2226 autem
1414 2185 1547 2224 cum
1566 2166 1880 2232 venissent,
1897 2181 2011 2219 non

368 2258 666 2337 fregerunt
691 2264 819 2335 ejus
850 2279 1038 2328 crura,
1074 2284 1101 2311 »
1118 2260 1187 2315 ad
1202 2254 2010 2331 hocperlinettestimonium:

370 2377 397 2404 ‹‹
433 2354 508 2409 Os
535 2370 649 2409 non
679 2350 1092 2409 comminuetis
1125 2366 1194 2405 ex
1209 2365 1295 2405 eo.
1333 2347 1535 2412 »ιουοά
1565 2347 1910 2417 praeceptum
1926 2346 2016 2398 est

369 2434 475 2501 eis,
509 2433 608 2506 qui
641 2431 929 2488 celebrare
958 2428 1352 2498 Paschajussi
1403 2431 1545 2482 sunt
1573 2425 1697 2480 ovis
1744 2421 2013 2479 immola-

369 2522 537 2583 tione‘
558 2522 616 2576 in
645 2520 821 2576 veteri
855 2518 998 2591 lege,
1032 2535 1157 2590 qua:
1170 2516 1482 2572 Dominicze
1500 2511 2016 2587 passionisumbra

370 2613 763 2682 prmccsserat.
798 2606 960 2664 Unde
986 2606 1206 2662 Pascha
1239 2608 1499 2661 nostrum
1533 2600 2011 2665 immolatus-est,

371 2698 442 2754 de
471 2714 590 2770 quo
618 2703 678 2754 et
704 2697 883 2753 Isaias
912 2694 1195 2769 propheta
1221 2692 1511 2766 praedixit:
1545 2713 1575 2740 «
1608 2690 1774 2747 Situt
1791 2688 1914 2744 ovis
1941 2688 2013 2744 ad

369 2786 797 2843 immolandum
828 2786 1039 2840 ductus
1070 2788 1157 2839 est
1179 2784 1465 2854 (Isa.Lm).
1502 2802 1529 2829 ››
1547 2780 1688 2836 Item
1704 2778 2017 2850 subjunxe-

373 2881 482 2943 rat,
515 2876 743 2932 dicens:
779 2898 807 2925 «
839 2875 948 2931 Sed
982 2890 1138 2929 unus
1168 2872 1423 2927 militum
1464 2869 1665 2925 lancea
1701 2866 1857 2922 latus
1888 2866 2015 2937 ejus

373 2966 619 3038 aperuit,
648 2987 676 3012 ι)
705 2965 777 3020 ad
804 2964 914 3020 hoc
944 2962 1195 3036 pertinet
1209 2960 1455 3017 alterum
1468 2954 2017 3023 testimonium,hoc

372 3057 489 3111 est:
522 3076 549 3104 «
574 3053 872 3112 Videbunt
900 3052 959 3107 in
993 3058 1167 3124 quem
1190 3050 1673 3122 compunxerunt.
1696 3068 1723 3094 ››
1754 3044 1860 3101 Ubi
1883 3061 2015 3117 pro-

376 3142 594 3198 missus
625 3148 714 3199 est
743 3141 1010 3197 Christus
1035 3140 1095 3195 in
1125 3156 1214 3205 ea,
1237 3154 1352 3211 qua
1368 3135 1679 3192 cruciﬁxus
1709 3137 1818 3205 est,
1841 3149 2014 3189 carne

372 3236 672 3288 venturus.

446 3345 473 3371 «
487 3322 623 3377 Post
633 3322 752 3376 haec
764 3325 961 3378 autem
976 3318 1197 3391 rogavit
1208 3316 1458 3372 Pilatum
1471 3313 1687 3386 Joseph
1705 3312 1778 3367 ab
1793 3311 2016 3366 Arima-

374 3432 403 3461 ι(
435 3409 602 3476 thaaa,
617 3428 683 3465 eo
697 3411 847 3482 quod
861 3413 1017 3465 esset
1028 3405 1394 3478 discipulusJ
1401 3421 1526 3469 esu,
1543 3401 1804 3456 occultus
1817 3403 2013 3454 autem

315 3501 321 3506 ’
374 3522 402 3548 α
437 3496 1274 3569 proptcrmetumJudmorum,
1300 3488 1601 3548 attolleret
1627 3487 2011 3560 corpnsJesu.

374 3611 402 3637 ‹‹
436 3588 503 3642 Et
531 3586 797 3658 permisit
850 3585 1089 3640 Pilatus.
1119 3583 1292 3638 Venit
1320 3597 1484 3653 ‘ergo
1514 3583 1572 3635 et
1617 3578 1756 3633 tulit
1799 3593 2012 3645 corpus

374 3699 403 3727 «
435 3677 596 3731 Jesu.
630 3673 800 3730 Venit
829 3679 1022 3729 autem
1054 3676 1112 3727 et
1135 3670 1506 3736 Nicodemus,
1537 3668 1637 3740 qui
1676 3669 1914 3722 venerat
1940 3666 2013 3720 ad

374 3788 402 3817 ‹‹
437 3763 603 3820 illum
633 3768 798 3819 nocte
826 3761 1105 3834 primum,
1140 3760 1329 3815 ferens
1347 3758 1655 3815 misturam
1688 3755 1935 3830 myrrhae
1959 3758 2016 3810 et

375 3878 402 3905 ‹‹
437 3853 595 3909 aleos
624 3851 795 3923 quasi
826 3850 1004 3905 libras
1035 3854 1292 3905 centum.
1324 3869 1352 3898 υ
1386 3848 1511 3903 Non
1538 3848 1620 3902 ita
1647 3846 2014 3918 distinguen-

372 3943 515 3997 dum
547 3945 655 4005 est,
707 3944 774 3995 ut
819 3938 1107 4005 dicamus,
1158 3935 1416 4009 primum
1465 3936 1655 3992 ferens
1704 3935 2014 3991 misturam

373 4031 640 4103 myrrhae,
674 4029 772 4085 sed
806 4029 916 4084 hoc
944 4028 1099 4099 quod
1144 4027 1365 4082 dictum
1413 4030 1502 4083 est
1530 4049 1558 4077 ‹‹
1591 4026 1847 4099 primum
1886 4048 1915 4074 »
1942 4026 2016 4081 ad

373 4119 731 4191 superiorem
767 4133 1005 4174 sensum
1038 4116 1308 4189 pertinet.
1328 4115 1575 4172 Venerat
1599 4115 1757 4170 enim
1781 4115 2018 4170 Nicode-

371 4226 504 4264 mus
535 4208 605 4263 ad
635 4208 839 4264 Jesum
870 4211 1036 4262 nocte
1066 4206 1346 4279 primum,
1381 4205 1535 4278 quod
1569 4205 1723 4260 idem
1760 4205 2017 4261 Joannes

371 4298 630 4355 narravit
658 4296 718 4352 in
768 4296 1063 4369 prioribus
1113 4293 1408 4368 Evangelii
1440 4294 1529 4349 sui
1576 4293 1860 4366 partibus.
1911 4293 2017 4349 Hic

368 4404 505 4461 ergo
539 4385 982 4460 intelligendum
1016 4389 1124 4451 est,
1155 4384 1226 4440 ad
1256 4383 1458 4439 Jesum
1490 4399 1605 4439 non
1632 4387 1772 4438 tunc
1801 4381 2014 4450 solum,

371 4475 470 4532 sed
500 4480 642 4531 tunc
672 4473 931 4547 primum
961 4474 1188 4529 venisse
1235 4472 1647 4528 Nicodemum:
1700 4470 2018 4527 ventitassc

2115 572 2230 612 non
2262 554 2490 610 licebat.

2678 693 2978 751 HOMILIA
3019 690 3203 747 LXIX.

2632 804 2690 842 IN
2730 802 2942 841 VlGlLlA
2980 797 3232 838 ΡΔΒΟΒιΕ.

2188 905 2340 977 (Coc.
2374 905 2481 975 ιιι.)
2515 926 2543 954 ‹‹
2580 904 2826 967 Fratres,
2877 899 2925 955 si
2956 892 3407 954 consurrexistis
3436 908 3566 948 cum
3596 888 3770 945 Chri-

2117 1018 2145 1045 ‹‹
2179 999 2290 1062 sto,
2324 1011 2451 1066 qua:
2482 1008 2719 1047 sursum
2740 987 3148 1059 suntquaerite,
3183 984 3281 1041 ubi
3300 980 3769 1047 Christusest,in

2117 1105 2146 1133 ‹‹
2181 1084 2416 1140 dextera
2445 1082 2545 1138 Dei
2578 1082 2808 1137 sedens.
2846 1101 2873 1128 ››
2900 1077 2970 1133 Et
3021 1075 3265 1147 reliqua.
3314 1068 3544 1128 Domini
3575 1066 3772 1125 nostri

2114 1175 2250 1231 Jcsu
2285 1171 2495 1228 Christi
2510 1166 2914 1226 honorabilem
2928 1164 3382 1229 solemnitatem,
3405 1176 3514 1216 sua
3537 1158 3773 1212 favente

2116 1262 2444 1329 clementia,
2481 1262 2688 1316 fratres
2719 1254 3075 1323 charissimi,
3107 1251 3357 1308 ﬁdeliter
3396 1262 3767 1312 veneremur,

2117 1352 2391 1425 pietatem
2408 1351 2458 1423 ej
2468 1343 3296 1406 usinet‘t‘abilemadmiremur,
3314 1337 3415 1411 qui
3437 1353 3551 1393 non
3566 1333 3769 1391 solum

2118 1446 2329 1499 nostra:
2360 1437 2780 1511 redemptionis
2791 1450 2969 1491 causa
2986 1433 3306 1488 humanam
3318 1442 3553 1484 carnem
3565 1440 3775 1480 susce-

2116 1532 2222 1605 pit,
2244 1545 2446 1586 verum
2458 1528 2636 1584 etiam
2647 1526 2877 1581 diversa
2895 1536 3198 1595 poenarum
3215 1532 3431 1592 genera
3445 1531 3544 1588 pro
3561 1517 3775 1569 nostra

2119 1602 2305 1677 salute
2337 1618 2534 1675 subire
2551 1616 2826 1689 dignatus
2838 1618 2946 1681 est,
2965 1615 3031 1666 ut
3058 1608 3193 1665 licet
3205 1609 3339 1679 post
3351 1603 3597 1661 multum
3610 1602 3773 1657 iner-

2117 1711 2210 1765 tiae
2254 1715 2311 1765 et
2340 1705 2588 1781 pigritiae
2636 1708 2846 1759 nostrae
2897 1714 3195 1763 somnum,
3245 1700 3362 1751 non
3413 1691 3597 1757 inviti,
3656 1690 3771 1746 sed

2118 1779 2448 1862 voluntarii,
2482 1799 2695 1851 sancta:
2725 1789 3072 1847 Christiana
3117 1784 3416 1859 religionis
3458 1779 3776 1837 dulcedine

2121 1890 2467 1961 provocante
2490 1885 2546 1939 in
2565 1873 3352 1939 sanctissimaesolemnitatis
3374 1873 3770 1928 conventuex.

2121 1957 2452 2052 pergefacti,
2484 1974 2736 2029 libenter
2762 1970 3032 2025 etdevote
3043 1981 3181 2021 cum
3194 1962 3355 2019 omni
3369 1957 3777 2052 soliicitudine

2121 2044 2520 2139 ream-gamus,
2553 2060 2877 2117 secundum
2909 2056 3052 2112 illud
3083 2047 3579 2139 quod‘Apostolus
3599 2047 3681 2139 ait
3698 2044 3773 2099 in

2123 2134 2391 2229 praesenti
2440 2151 2720 2208 lectione:
2756 2170 2782 2197 ‹‹
2803 2141 3343 2203 Siconsurrexistis
3357 2154 3492 2194 cum
3512 2134 3771 2199 Christo,

2122 2225 2249 2316 qum
2261 2258 2497 2298 sursum
2512 2243 2652 2295 sunt
2669 2235 2932 2310 quaarite,
2944 2233 3044 2288 ubi
3058 2230 3326 2288 Christus
3337 2232 3427 2283 est
3454 2225 3777 2282 iu'dextera

2122 2332 2221 2389 Dei
2254 2332 2486 2396 sedens,
2520 2351 2548 2379 ››

2193 2446 2220 2472 ‹‹
2252 2422 2387 2486 Quae
2419 2435 2658 2477 sursum
2688 2419 2828 2472 sunt
2856 2413 3061 2486 sapite,
3119 2426 3233 2465 non
3265 2423 3397 2481 quia
3435 2421 3617 2478 super
3644 2408 3774 2459 ter-

2128 2534 2150 2563 ι
2185 2529 2330 2567 ram.
2368 2533 2395 2559 ››
2423 2512 2502 2565 Ac
2533 2510 2580 2565 si
2610 2507 2827 2563 diceret
2846 2501 3099 2574 :Nosqui
3132 2500 3205 2555 ad
3224 2495 3538 2569 imaginem
3551 2497 3777 2548 sanctas

2122 2598 2426 2655 Trinitatis
2453 2596 2864 2657 reformamur,
2894 2592 2964 2646 ad
2995 2579 3782 2644 eamdemrenovemurima-

2123 2689 2352 2763 ginem:
2384 2692 2443 2743 et
2472 2685 2569 2759 qui
2600 2684 2753 2739 trino
2783 2684 3017 2754 peccato
3049 2675 3301 2733 maxime
3347 2669 3777 2728 decidimus-in

2122 2758 2476 2834 consensum
2494 2758 2749 2847 ioperum
2777 2769 3089 2833 malorum,
3108 2763 3280 2821 tertio
3307 2759 3509 2818 elevati
3524 2759 3596 2814 de
3612 2758 3780 2813 fonte

2124 2867 2265 2923 remi
2274 2862 2469 2922 ssione
2477 2846 2742 2920 omnium
2757 2860 3128 2931 peccatorum
3141 2852 3538 2925 peroepta,per
3551 2846 3778 2902 Christi

2123 2956 2393 3030 gratiam,
2427 2954 2583 3010 sicut
2610 2951 2736 3023 ipse
2761 2946 2936 3004 tertia
2960 2945 3056 2999 die
3084 2938 3419 3006 resurrexit,
3449 2953 3558 2992 nos
3573 2951 3779 2991 resur-

2124 3063 2335 3120 gamus
2365 3045 2436 3099 ad
2468 3043 2667 3097 vitam.
2700 3040 2816 3094 Nos
2845 3051 2998 3101 vero,
3031 3032 3082 3088 si
3113 3043 3467 3100 consurgere
3496 3023 3776 3096 cupimus

2125 3112 2258 3191 cum
2270 3132 2520 3198 Christo,
2538 3129 2702 3203 prius
2714 3125 3040 3182 moriamur
3050 3112 3771 3185 mundoetconcupiseen-

2041 3210 2087 3275 (ἶ
2122 3223 2222 3282 tiis
2250 3199 2609 3285 carnalibus,
2639 3221 2698 3273 et
2725 3212 3348 3288 deponentesveterem
3368 3199 3771 3288 hominem,id

2123 3317 2212 3370 est
2238 3312 2454 3367 malam
2485 3287 2971 3372 voluntatem,vel
3004 3314 3181 3354 usum
3197 3287 3774 3379 pravumetdelecta-

2122 3402 2313 3457 tiones
2345 3398 2655 3470 pessimae,
2703 3394 3022 3448 induamus
3068 3403 3176 3443 nos
3226 3381 3668 3461 benignitatem,
3701 3381 3773 3431 ut

2123 3467 2403 3563 proximis
2434 3484 2650 3543 nostris
2682 3499 2817 3539 cum
2848 3479 3007 3536 omni
3040 3475 3343 3531 devotione
3366 3470 3651 3526 faciamus
3670 3467 3773 3519 bo-

2125 3553 2288 3648 num,
2314 3583 2370 3633 et
2399 3581 2530 3649 post
2564 3575 2659 3630 Dei
2688 3570 3055 3628 dilrctionem
3078 3564 3235 3620 nihil
3285 3553 3773 3649 amori‘proximi

2124 3645 2553 3742 praeponamus,
2584 3664 2685 3720 sed
2718 3666 2785 3717 ut
2813 3658 3227 3728 nosmetipsos,
3259 3650 3393 3707 illos
3425 3645 3771 3719 diligamus.

2125 3758 2427 3830 Sequitur:
2465 3778 2495 3805 «
2526 3757 2659 3821 Quae
2691 3762 2928 3808 sursum
2944 3743 3298 3815 suntsapite,
3318 3754 3432 3795 non
3446 3744 3785 3809 quasuper

2123 3852 2358 3903 terram.
2395 3867 2423 3893 ν
2452 3845 2704 3900 Tantum
2736 3856 2804 3895 ea
2822 3852 2952 3911 quae
2983 3832 3242 3891 coelestia
3281 3832 3441 3894 sunt,
3490 3839 3607 3879 non
3637 3837 3775 3893 qua:

2124 3936 2423 3993 terrestria
2454 3933 2809 4005 querentes:
2843 3932 3009 3982 terrae
3037 3918 3615 3988 mori,vivereautem
3628 3911 3772 3966 Dee:

2124 4026 2416 4083 ccelestem
2449 4019 2656 4078 sectari
2691 4015 3064 4090 sapientiam,
3098 4027 3215 4067 non
3256 4012 3573 4063 terrenam.
3620 3999 3775 4055 Nam

2124 4115 2427 4170 subditur:

2197 4225 2225 4253 ‹‹
2259 4201 2469 4259 Mortui
2500 4198 2657 4255 enim
2686 4196 2849 4261 estis,
2881 4198 2939 4249 et
2966 4191 3085 4247 vita
3111 4178 3663 4246 vestra'ab-scondita
3682 4180 3780 4233 est

2124 4316 2152 4343 ‹‹
2189 4308 2324 4348 cum
2355 4288 2583 4345 Christo
2612 4287 2671 4341 in
2703 4286 2840 4341 Deo.
2874 4303 2905 4334 ‹‹
2935 4281 3081 4337 Cum
3113 4278 3271 4333 enim
3300 4269 3514 4329 mortui
3547 4267 3779 4325 erimus

2125 4381 2367 4447 mundo,
2401 4382 2459 4435 et
2487 4373 2865 4433 facultatibus
2891 4371 3021 4441 ejus
3048 4373 3226 4439 atque
3272 4359 3601 4424 desideriis,
3650 4357 3779 4411 vita

2126 4474 2326 4526 nostra
2356 4463 2702 4523 abscondita
2729 4466 2818 4520 est
2846 4461 2907 4516 in
2938 4460 3076 4523 Deo,
3109 4455 3250 4528 quia
3276 4451 3383 4507 ﬁlii
3414 4448 3517 4505 Dei
3537 4461 3774 4503 sumus.

370 4567 565 4619 autem
596 4567 818 4635 postea,
855 4565 921 4616 ut
948 4563 1112 4618 fieret
1143 4561 1433 4617 audiendo
1462 4559 1808 4632 discipulus.
1852 4560 2015 4624 Quod
2051 4576 2095 4640 υ
2128 4558 2290 4615 Unde
2321 4555 2612 4628 sequitur:

370 4656 521 4707 certe
552 4650 725 4707 modo
757 4650 815 4704 in
850 4649 1196 4707 revelatione
1226 4649 1482 4721 corporis
1536 4647 1689 4704 beati
1736 4648 2015 4720 Stephani

370 4741 486 4797 fere
510 4739 786 4797 omnibus
818 4738 1093 4813 gentibus
1126 4737 1473 4794 declaratur.

442 4852 469 4879 «
503 4830 637 4885 Erat
668 4833 863 4885 autem
878 4828 976 4885 ubi
1006 4826 1826 4892 crucifixusest,hortus,etin
1849 4825 2018 4882 horto

372 4922 850 4973 «monumentum
867 4915 1168 4980 novum,in
1188 4930 1304 4987 quo
1318 4915 1580 4970 nondum
1592 4914 1908 4985 quisquam
1922 4930 2019 4986 po-

369 5029 398 5056 ‹‹
432 5006 581 5061 situs
616 5007 819 5061 fuerat.
856 5027 883 5053 »
918 5005 1081 5060 Sicut
1110 5003 1371 5058 inMarize
1392 5002 1635 5076 virginis
1652 5004 1816 5058 utero
1846 5019 2018 5059 nemo

366 5098 502 5150 ante
532 5092 699 5148 illum
732 5091 818 5147 vel
849 5096 983 5163 post
1011 5091 1177 5146 illum
1209 5095 1526 5164 conceptus
1555 5095 1663 5156 est,
1697 5092 1779 5147 ita
1810 5092 1867 5146 in
1909 5091 2020 5148 hoc

368 5185 749 5237 monumento
781 5196 952 5235 nemo
983 5183 1117 5235 ante
1145 5179 1335 5247 illum,
1366 5196 1538 5236 nemo
1570 5185 1701 5252 post
1729 5178 1897 5235 illum
1929 5197 2017 5237 se-

370 5269 570 5342 pultus
603 5273 713 5324 est.
1922 5270 1929 5275 '

440 5359 559 5414 «lbi
572 5374 708 5431 ergo
721 5360 959 5429 propter
970 5374 1317 5429 parasceven
1331 5358 1687 5426 Judaeorum,
1704 5358 2018 5430 quiajuxta

369 5472 397 5497 «
431 5452 555 5502 erat
585 5447 1628 5519 monumentum,posueruntJesum.
1665 5469 1691 5496 υ
1724 5447 2018 5504 Accelera-

367 5542 488 5592 tam
520 5535 645 5591 vult
676 5534 920 5608 intelligi
951 5536 1336 5608 sepulturam,
1366 5552 1437 5593 ne
1485 5537 2011 5609 advesperasceret,

369 5625 647 5699 quoniam
670 5625 795 5697 jam
827 5628 1061 5699 propter
1076 5641 1447 5699 parasceven,
1471 5641 1649 5697 quam
1667 5641 1890 5683 coenam
1911 5642 2016 5697 pu-

2198 4671 2225 4697 «
2260 4646 2404 4702 Cum
2435 4644 2592 4701 enim
2623 4641 2889 4700 Christus
2914 4633 3249 4712 apparuerit
3266 4631 3384 4686 vita
3401 4631 3615 4691 vestra,
3630 4628 3781 4679 tunc

2128 4759 2157 4788 «
2190 4741 2247 4793 et
2274 4752 2376 4791 vos
2405 4731 2763 4807 apparebitis
2794 4746 2927 4786 cum
2959 4728 3088 4800 ipso
3119 4725 3178 4779 in
3197 4721 3401 4795 gloria.
3439 4739 3465 4767 ι)
3496 4714 3779 4807 Nondum

2126 4827 2285 4882 enim
2316 4802 2558 4897 apparet
2594 4821 2737 4894 quid
2770 4823 2871 4876 aut
2900 4814 3105 4889 quales
3137 4811 3268 4868 facti
3288 4823 3497 4865 sumus
3614 4802 3783 4897 judi-

2128 4916 2305 4971 cium.
2338 4894 2482 4970 Cum
2517 4914 2712 4967 autem
2744 4908 3012 4966 Christus
3027 4904 3097 4959 ad
3115 4898 3505 4973 judicandum
3538 4894 3783 4949 vivos'et

2129 5007 2394 5060 mortuos
2446 4998 2799 5077 apparuerit,
2850 5001 2991 5052 tunc
3022 4998 3080 5048 et
3129 5008 3238 5046 nos
3284 4985 3461 5045 simul
3508 5000 3643 5039 cum
3671 4979 3783 5037 illo

2130 5071 2546 5167 apparebimus
2576 5089 2635 5165 in
2666 5084 2854 5160 gloria
2868 5078 3273 5145 resurrecturi,
3292 5071 3702 5132 Nobisetenim
3723 5073 3784 5126 et

2129 5159 2232 5254 pro
2267 5180 2432 5236 nobis
2461 5159 2729 5234 Christus
2760 5173 3044 5240 nascitur,
3082 5168 3302 5243 patitur
3329 5170 3389 5222 et
3419 5159 3693 5254 resurgit,
3713 5163 3783 5254 ut

2128 5286 2236 5325 nos
2265 5284 2368 5342 per
2395 5268 2591 5341 ipsum
2621 5264 2682 5320 in
2712 5265 2893 5320 vitam
2926 5255 3376 5328 renascamurin
3388 5249 3785 5309 tribulationi-

2125 5359 2259 5425 bus,
2291 5361 2348 5413 et
2377 5338 2511 5411 cum
2544 5370 2610 5411 eo
2643 5353 2703 5408 in
2747 5350 3063 5406 virtutibus
3112 5359 3511 5419 resurgamus.
3564 5338 3782 5396 Omnia

2125 5446 2280 5501 enim
2312 5461 2415 5516 per
2443 5444 2637 5515 ipsum
2667 5441 2729 5496 in
2761 5440 3047 5495 hacnocte
3066 5437 3392 5491 restaurata
3411 5433 3571 5486 sunt.
3586 5428 3650 5483 In
3664 5427 3778 5482 hac

2124 5535 2342 5608 quippe
2374 5536 2539 5588 nocte
2570 5529 2738 5603 quasi
2763 5527 3033 5601 primitias
3061 5525 3186 5598 ipse
3202 5519 3540 5585 resurrexit,
3572 5521 3639 5574 ut
3668 5531 3777 5570 nos

2123 5640 2326 5682 omnes
2356 5624 2559 5694 postea
2581 5633 2981 5691 resurgamus.
3014 5615 3077 5671 In
3108 5615 3217 5671 hac
3243 5627 3380 5685 ergo
3410 5613 3581 5669 nocte
3599 5609 3778 5684 capti-
