4012 6174
284 301 400 363 449

1526 300 1878 365 HOMILI/E
1922 303 2024 364 DE
2066 301 2463 366 TEMPORE.

3566 307 3687 370 430

283 437 435 509 quod
469 436 803 506 dicendum,
839 436 996 508 quia,
1036 440 1101 491 ut
1129 434 1407 502 diximus,
1443 435 1529 491 vel
1571 436 1736 509 prius
1777 435 1934 491 venit
1965 440 2015 503 Α
2046 435 2375 508 vitulosque
2406 454 2606 492 carum
2641 434 3008 493 recluserunt
3036 436 3215 493 domi.
3248 439 3317 493 Et
3362 440 3516 495 sicut
3545 441 3685 497 scri-

284 524 467 580 Maria
499 511 861 597 Magdalene,
885 530 942 581 et
984 528 1186 597 postea
1232 523 1443 580 iterum
1476 542 1609 580 cum
1641 525 1811 580 aliis:
1844 523 1931 579 vel

285 618 402 668 tres
428 613 604 669 simul
635 618 936 681 venerunt,
971 617 1027 669 et
1068 615 1322 670 Joannes
1369 631 1548 669 unam
1597 614 1932 684 nominans,

283 702 430 757 alias
458 702 686 758 venisse
716 702 964 775 negavit.
996 700 1172 758 Juxta
1198 719 1332 757 vero
1364 702 1687 775 spiritalem
1720 701 1934 757 intelli-

280 791 815 863 gentiam,tenebrze
838 791 896 845 in
923 791 1200 847 cordibus
1226 790 1542 847 mulierum
1565 794 1939 863 erant,quan-

282 879 359 935 do
391 879 574 935 Deum
601 878 758 933 velut
789 882 1089 934 mortuum
1114 880 1457 952 qumrebant
1478 880 1629 935 inter
1651 884 1933 934 mortuos.

282 967 461 1024 Ortus
482 972 572 1023 est
595 967 680 1023 eis
702 966 1052 1039 sol,quando
1076 968 1338 1023 auditam
1360 969 1432 1023 ab
1465 969 1549 1023 eis
1572 968 1937 1023 resurrectio-

281 1072 420 1112 nem
443 1057 833 1121 crediderunt,
865 1056 1006 1111 solis
1036 1057 1192 1112 enim
1236 1057 1473 1113 nomine
1504 1058 1563 1112 in
1595 1056 1936 1130 Scripturis,

281 1145 601 1217 aliquando
622 1145 909 1201 Dominus
930 1145 961 1201 J
968 1163 1106 1201 esus
1126 1145 1395 1202 Christus
1414 1145 1941 1220 intelligitur,sicut

282 1236 571 1308 scriptum
603 1238 730 1289 est:
765 1257 793 1284 ‹‹
826 1233 921 1290 Sol
953 1234 1221 1308 cognovit
1250 1251 1521 1291 occasum
1556 1252 1729 1290 suum
1765 1235 1936 1306 (Psal.

282 1328 424 1391 cui),
462 1346 489 1373 ››
522 1324 579 1378 id
614 1328 704 1378 est
719 1323 987 1380 Christus
1019 1324 1376 1395 passionem.
1415 1325 1481 1379 Et
1510 1324 1721 1379 iterum
1752 1341 1801 1379 :«
1826 1324 1938 1378 Vo-

282 1412 381 1468 bis
410 1412 509 1484 qui
540 1412 761 1468 timetis
791 1411 1104 1468 Dominum
1137 1414 1359 1468 orietur
1389 1413 1474 1468 sol
1497 1412 1825 1483 justitim,et
1846 1430 1938 1468 sa-

284 1502 446 1556 nitas
475 1501 532 1556 in
569 1500 778 1573 pennis
809 1502 936 1572 ejus
969 1500 1114 1574 (Mal.
1168 1502 1267 1573 ιν).
1301 1524 1329 1551 ››
1381 1501 1544 1566 Quod
1594 1506 1787 1557 autem
1819 1502 1938 1558 ait:

281 1614 311 1639 ‹‹
348 1607 472 1645 una
501 1589 883 1646 sabbatorum
918 1613 946 1640 »
969 1590 1221 1663 primam
1242 1591 1469 1647 sabbati
1502 1590 1824 1664 intelligere
1847 1590 1941 1646 de-

278 1679 581 1745 bemus,id
605 1682 696 1735 est
712 1679 971 1750 primum
995 1680 1147 1735 diem
1172 1684 1305 1752 post
1326 1680 1841 1752 sabbatum,quam
1866 1681 1939 1735 ob

276 1767 571 1823 honorem
604 1772 661 1823 et
698 1768 1079 1824 reverentiam
1126 1769 1443 1824 Dominicaa
1474 1769 1938 1838 resurrectionis,
1971 1801 2018 1866 Β

275 1856 651 1912 Dominicam
687 1856 1252 1913 nominamus.Sicut
1282 1857 1439 1914 enlm
1472 1875 1579 1914 nos
1601 1859 1852 1932 primam
1867 1859 1944 1915 fe-

274 1945 457 2012 riam,
491 1945 812 2000 secundam
845 1945 1071 2012 feriam,
1104 1945 1336 2001 tertiam
1360 1946 1586 2011 feriam,
1621 1951 1679 2001 et
1708 1950 1944 2002 caeteros

277 2034 669 2106 perordinem
692 2034 819 2089 dies
838 2033 1201 2100 dicimus,sic
1216 2035 1398 2090 Judaei
1418 2035 1668 2107 primam
1691 2035 1940 2101 sabbati,

279 2123 606 2177 secundam
639 2122 893 2188 sabbati,
927 2122 1160 2178 tertiam
1195 2123 1422 2180 sabbati
1454 2124 1858 2179 nominabant.
1880 2125 1945 2179 Et

281 2211 444 2266 sicut
473 2211 710 2266 Cantica
740 2212 1120 2278 canticorum,
1155 2217 1213 2267 et
1240 2212 1454 2268 Sancta
1485 2218 1821 2268 sanctorum
1843 2231 1944 2285 pro

282 2300 381 2356 sui
415 2299 819 2372 magnitudine
851 2301 910 2355 in
944 2300 1261 2373 Scripturis
1283 2301 1797 2368 dicuntur,sicisie
1820 2302 1944 2357 dies

284 2388 602 2444 sabbatum
632 2388 1015 2444 sabbatorum
1038 2393 1274 2461 propter
1295 2389 1541 2461 gioriam
1572 2392 1947 2445 resurrectio-

289 2470 383 2533 nis
416 2476 700 2533 Dominici
733 2477 845 2531 dici
878 2478 1224 2549 potestHaac
1254 2483 1448 2534 autem
1482 2479 1607 2534 dies
1632 2484 1689 2535 et
1719 2496 1838 2535 una
1858 2484 1948 2535 est

294 2566 365 2620 de
386 2571 628 2637 septem,
652 2570 711 2621 et
729 2570 888 2621 extra
903 2570 1150 2637 septem.
1186 2567 1248 2622 In
1272 2566 1378 2622 hac
1398 2567 1554 2622 enim
1578 2567 1948 2624 hebdomada

299 2654 595 2709 exordium
627 2653 829 2721 sumit,
861 2658 918 2709 et
947 2653 1264 2710 terminum
1299 2655 1526 2727 accipit.
1560 2655 1651 2711 Sic
1681 2657 1836 2712 enim
1859 2661 1948 2713 est

306 2741 504 2813 prima,
533 2747 597 2797 ut
625 2743 706 2798 sit
734 2743 929 2799 tertia:
952 2748 1010 2798 et
1030 2743 1114 2799 sic
1136 2744 1325 2809 tertia,
1341 2749 1405 2800 ut
1421 2744 1595 2800 etiam
1618 2746 1694 2800 sit
1714 2749 1944 2801 octava:

313 2830 486 2900 prima
516 2831 776 2902 quidem,
811 2830 870 2885 in
899 2831 1232 2887 conditione
1255 2832 1466 2899 ;tertia,
1492 2833 1548 2888 in
1584 2835 1949 2890 resurrectio-

316 2934 377 2972 nc
398 2924 632 2988 ;octava,
652 2920 709 2974 in
736 2918 1110 2975 revolutione.
1135 2920 1243 2987 Qui
1266 2937 1402 2993 ergo
1425 2922 1481 2975 in
1510 2921 1616 2977 hac
1638 2922 1730 2977 die
1752 2939 1948 2977 resur-

317 3021 434 3077 gere
461 3006 737 3079 dignatus
768 3012 876 3078 est,
904 3008 1270 3064 octonarium
1302 3025 1617 3064 numerum
1649 3010 1719 3065 ad
1754 3026 1949 3065 resur-

317 3094 611 3151 rectionem
644 3096 934 3167 pertinere
964 3098 1330 3153 monstravit.
1348 3098 1684 3154 Resurrexit
1706 3099 1763 3154 in
1796 3099 1944 3171 ipsa,

2042 529 2207 598 ptum
2240 530 2357 582 est:
2393 548 2420 575 ‹‹
2453 527 2623 581 Ibant
2650 542 2835 581 vaccae
2866 524 2924 579 in
2948 524 3376 598 directum,per
3396 528 3548 583 viam
3562 546 3686 600 qua:

2041 614 2200 668 ducit
2232 613 2580 680 Bethsamis,
2605 618 2912 686 pergentes
2934 614 3352 685 etmugientes,
3374 621 3686 672 nectamen

2041 702 2113 756 ad
2146 701 2938 759 dexteramveladsinistram
2962 702 3322 759 declinantes
3337 704 3381 774 (I
3408 706 3535 774 Reg.
3550 707 3689 773 1(1):»

2042 789 2124 845 ita
2153 794 2210 846 et
2238 790 2324 845 hae
2349 790 2625 847 mulieres
2651 794 2955 864 pergentes
2969 792 3339 848 Dominicum
3354 792 3689 865 sepulcrum

2042 877 2312 945 invisere,
2347 879 2514 950 quasi
2566 880 2897 952 mugientes
2944 884 3001 934 et
3034 885 3348 959 gementes
3390 882 3688 939 dicebant:

2045 990 2073 1018 ‹‹
2107 967 2248 1030 Quis
2279 967 2527 1023 revolvet
2557 967 3020 1041 nobislapidem,
3057 991 3084 1018 »
3098 973 3207 1025 etc.
3233 976 3541 1027 nectamen
3566 989 3695 1044 pro-

2045 1059 2173 1129 pter
2203 1073 2375 1113 sexus
2408 1057 2802 1130 fragilitatem,
2833 1074 2937 1113 nec
2965 1062 3204 1130 propter
3224 1061 3693 1131 magnitudinem

2043 1144 2279 1217 lapidis,
2313 1162 2419 1201 nec
2450 1149 2687 1220 propter
2716 1150 2938 1202 metum
2966 1148 3300 1217 custodum,
3327 1166 3361 1203 a
3388 1154 3574 1221 ccepto
3604 1150 3695 1206 iti-

2047 1250 2185 1289 nere
2216 1233 2607 1289 declinabant.
2628 1234 3309 1308 lmitemurigituretncs
3333 1236 3540 1292 harum
3561 1254 3695 1293 con-

2047 1321 2326 1377 stantiam
2359 1321 2773 1386 mulierum,ut
2796 1339 2899 1395 per
2910 1323 3061 1397 viam
3077 1323 3174 1379 Dei
3191 1323 3695 1394 ambulantes,nec

2048 1414 2283 1483 prepter
2311 1410 2691 1465 tentationem
2724 1411 3196 1481 daemonum,ncc
3225 1418 3694 1487 pr0ptermetum

2047 1490 2377 1566 hominum,
2411 1515 2518 1555 nec
2548 1503 2783 1571 propter
2812 1516 3011 1556 curam
3043 1507 3570 1573 parentumarecto
3601 1504 3695 1560 iti-

2049 1604 2186 1643 nere
2218 1587 2545 1643 deviemus:
2562 1587 3125 1659 quiainchoantibus
3139 1591 3442 1662 praemium
3461 1592 3698 1664 promit-

2047 1675 2211 1741 titur,
2246 1676 2346 1732 sed
2382 1676 2890 1748 perseverantibus
2928 1677 3119 1745 datur,
3153 1677 3398 1735 Domino
3438 1680 3692 1737 dicente:

2049 1787 2077 1814 ‹‹
2110 1765 2217 1830 Qui
2250 1764 3186 1838 perseveraveritusqueinﬂnem,
3218 1766 3696 1826 hicsalvuserit.»

2052 1854 2261 1924 (Matth.
2298 1853 2469 1925 LXIV.)

2126 1966 2155 1994 «
2185 1944 2251 1999 Et
2281 1944 2679 2016 respicientes,
2709 1944 2981 2000 viderunt
3011 1944 3336 2002 revolutum
3369 1946 3642 2020 lapidem.
3670 1971 3697 1998 ››

2055 2031 2315 2098 Qualiter
2341 2031 2429 2087 vel
2443 2033 2736 2104 quomodo
2754 2032 3261 2106 revolutiolapidis
3279 2035 3428 2090 facta
3440 2035 3533 2102 sit,
3549 2034 3700 2091 alius

2052 2120 2431 2194 evangelista,
2483 2120 2796 2176 Matthzeus
2844 2121 3084 2190 scilicet,
3135 2123 3413 2191 declamt,
3468 2124 3698 2180 dicens:

2053 2232 2081 2260 ‹‹
2116 2210 2371 2282 Angelus
2403 2210 2619 2283 quippe
2650 2210 3450 2281 Dominidescenditdecmlo,
3474 2218 3532 2269 et
3548 2230 3703 2269 acce-

2053 2299 2198 2353 dens
2230 2297 2469 2353 revolvit
2499 2298 2777 2370 lapidem,
2809 2303 2865 2355 et
2896 2300 3466 2374 sedebatsupereum
3495 2302 3698 2375 (Matth.

2052 2388 2267 2457 xxvui).
2303 2410 2329 2437 »
2365 2387 2621 2443 Revolvit
2650 2404 2787 2460 ergo
2820 2388 3063 2461 angelus
3090 2387 3366 2463 lapidem,
3394 2395 3451 2446 et
3489 2408 3605 2446 non
3638 2397 3704 2447 ut

2054 2493 2363 2549 egressum
2394 2476 2640 2532 Domino
2673 2476 2825 2531 viam
2859 2477 3156 2550 panderet,
3187 2479 3288 2534 sed
3336 2485 3402 2534 nt
3427 2496 3703 2552 egressus

2055 2566 2185 2633 ejus
2216 2565 2494 2619 indicium
2530 2565 2806 2620 omnibus
2838 2566 3089 2626 daret.id
3105 2570 3194 2621 est
3222 2572 3501 2624 utomnes
3521 2585 3704 2627 euma

2058 2653 2306 2708 mortuis
2335 2653 2726 2708 resurrexisse
2752 2654 3053 2708 crederent
3104 2655 3228 2709 Non
3260 2655 3417 2711 enim
3451 2656 3705 2728 indiguit

2055 2741 2115 2796 in
2147 2740 2570 2796 resurrectione
2602 2740 2817 2796 auxilio
2847 2741 3327 2815 angelorum,qui
3347 2744 3703 2816 propriavir-

2055 2834 2180 2886 tute
2212 2829 2468 2885 claustra
2501 2829 2809 2901 dissipavit
2834 2829 3178 2896 inferorum,

2128 2942 2157 2968 ‹‹
2192 2919 2327 2973 Erat
2355 2917 2571 2991 quippe
2606 2934 2858 2992 magnus
2887 2918 3075 2975 valde.
3111 2942 3140 2969 »
3172 2919 3524 2993 Spiritaliter
3552 2920 3704 2994 lapis

2058 3008 2166 3063 iste
2185 3009 2254 3062 ad
2270 3007 2486 3062 ostium
2502 3007 2866 3067 monumenti
2884 3006 3130 3080 positus,
3148 3008 3335 3081 ipsam
3348 3008 3702 3066 oblationem

2058 3096 2327 3168 designat
2356 3095 2702 3161 inferorum,
2729 3113 2844 3168 qua
2874 3097 3049 3153 etiam
3072 3098 3223 3168 justi
3256 3114 3360 3171 per
3374 3098 3707 3171 praevarica-

316 3166 707 3240 utostenderet
725 3184 1053 3241 humanum
1077 3202 1264 3257 genus
1285 3186 1343 3240 in
1358 3190 1553 3242 octava
1574 3191 1738 3244 aetate
1751 3166 1945 3243 szeculi
1977 3166 2019 3232 (ἶ
2057 3185 2272 3241 tionem
2306 3183 2478 3256 primi
2495 3188 2688 3239 reatus
2705 3185 3316 3242 tenebanturobnoxii.
3333 3188 3439 3254 Qui
3454 3204 3706 3261 magnus

318 3276 789 3329 resurrecturum.
823 3273 986 3330 Unde
1016 3289 1119 3347 per
1147 3272 1520 3330 Salomonem
1544 3275 1758 3331 dicitur
1781 3292 1837 3329 :u
1867 3276 1951 3331 Da

316 3363 495 3428 partes
513 3365 765 3433 septem,
818 3379 1040 3418 necnon
1091 3366 1148 3417 et
1192 3366 1321 3418 octo
1371 3364 1562 3435 (Eccle.
1591 3368 1690 3432 ιι).
1728 3387 1757 3414 ››
1788 3363 1951 3420 Sicut

315 3448 454 3502 enim
484 3449 734 3522 septima
764 3450 857 3505 die
886 3450 1041 3506 Deus
1070 3449 1143 3505 ab
1192 3450 1469 3522 operibus
1500 3451 1623 3507 suis
1646 3451 1946 3525 requievit,

314 3534 387 3589 sic
398 3538 641 3609 septima
660 3543 801 3594 aetas
821 3538 1034 3594 dicitur
1051 3538 1286 3611 requies
1309 3544 1807 3607 sanctorum,cum
1831 3541 1950 3597 ani-

315 3638 410 3678 mae
436 3625 657 3698 absque
691 3627 1033 3698 corporibus
1048 3628 1261 3682 suntin
1297 3626 1730 3698 requie.Octava
1753 3633 1949 3686 autem

312 3715 463 3768 aetate
492 3712 781 3786 accipient
804 3715 943 3786 ipsa:
975 3732 1205 3787 corpus,
1237 3720 1293 3771 et
1322 3720 1495 3771 erunt
1544 3716 1600 3770 in
1634 3717 1849 3790 requie.
1885 3717 1948 3773 In

301 3802 459 3871 cujus
478 3808 615 3875 typo
632 3801 720 3859 vel
748 3802 1093 3876 ﬁgura,octo
1118 3805 1327 3859 animas
1351 3804 1410 3859 in
1434 3822 1569 3860 arca
1589 3804 1757 3861 salvae
1786 3808 1949 3862 facta:

295 3896 430 3946 sunt
456 3892 595 3947 Noe.
631 3892 763 3947 Haec
790 3896 878 3948 est
918 3892 1076 3949 enim
1119 3892 1220 3948 illa
1268 3892 1393 3949 dies
1443 3893 1512 3949 de
1540 3911 1657 3966 qua
1688 3895 1945 3951 dicitur:

298 3998 327 4029 ι
355 3979 480 4036 Haec
531 3985 619 4036 est
652 3980 776 4036 dies
808 3998 984 4053 quam
1020 3981 1153 4037 fecit
1196 3982 1500 4048 Dominus,
1533 3982 1860 4039 exultemus
1891 3984 1949 4040 et

289 4065 557 4125 letemur
585 4070 647 4124 in
678 4086 747 4126 ea
776 4071 945 4138 (Psal.
979 4071 1170 4143 cxvu).
1208 4093 1237 4120 ›,
1846 4144 1851 4145 γ

355 4180 383 4207 α
414 4159 481 4213 Et
513 4158 790 4213 dicebant
832 4159 904 4214 ad
954 4158 1240 4215 invicem:
1293 4160 1433 4225 Quis
1483 4159 1731 4216 revolvet
1778 4160 1947 4216 nobis

285 4268 314 4294 ‹‹
348 4245 603 4318 lapidem
637 4247 710 4302 ab
741 4247 890 4303 ostio
923 4248 1675 4311 monumenti?»Matthseus
1697 4266 1948 4323 evange-

284 4332 417 4390 lista
446 4334 614 4401 dicit,
646 4335 804 4408 quod
822 4354 951 4392 cum
971 4336 1185 4408 Josepb
1202 4336 1533 4410 sepeliisset
1553 4337 1868 4393 Dominum
1888 4337 1947 4393 in

284 4423 553 4496 sepulcro
584 4441 693 4481 suo
724 4441 894 4491 novo,
928 4424 1181 4481 advolvit
1210 4426 1281 4481 ad
1332 4426 1549 4481 ostium
1581 4427 1946 4482 monumenti

2058 3273 2222 3329 valde
2253 3272 2433 3329 fuisse
2464 3271 2698 3338 dicitur,
2729 3274 2867 3345 quia
2883 3273 3474 3348 obligatiooriginalis
3485 3277 3706 3349 peccati

2058 3362 2117 3417 in
2138 3367 2366 3417 tantum
2382 3362 2530 3417 dura
2542 3360 3079 3429 etinsolubilist‘uit,
3096 3362 3707 3436 utnullustamjustus

2059 3451 2240 3506 fuisse
2273 3450 2518 3524 legatur,
2554 3450 2652 3523 qui
2684 3467 2746 3506 se
2773 3449 3033 3523 aliosque
3053 3451 3125 3507 ab
3143 3451 3468 3508 ealiberare
3489 3459 3706 3525 posset,

2059 3540 2445 3612 quoadusque
2474 3538 2573 3595 ille
2601 3539 2760 3595 venit
2787 3538 2886 3612 qui
2916 3540 3102 3596 factus
3130 3544 3223 3596 est
3253 3540 3404 3597 inter
3447 3547 3711 3599 mortuos

2057 3628 2227 3695 liber,
2262 3629 2373 3684 Sed
2407 3628 2696 3684 Dominus
2722 3630 2893 3685 Jesus
2922 3628 3210 3695 Christus,
3245 3629 3343 3703 qui
3376 3634 3466 3699 est
3509 3631 3709 3704 magni

2057 3716 2282 3773 consilii
2317 3716 2582 3790 angelus,
2611 3717 2682 3773 ab
2697 3717 2846 3772 ostio
2865 3718 3230 3774 monumenti
3249 3717 3503 3791 lapidem
3524 3720 3708 3775 revol-
3732 3770 3737 3773 ,

2055 3804 2157 3873 vit,
2191 3805 2330 3877 quia
2360 3804 2640 3860 hodierna
2672 3805 2766 3861 die
2800 3823 2834 3861 a
2866 3806 3115 3862 mortuis
3138 3822 3468 3880 resurgens,
3496 3808 3713 3864 Cheru-

2057 3893 2179 3949 bim
2203 3898 2260 3948 et
2288 3894 2628 3953 ﬂammeum
2662 3894 2926 3966 gladium
2962 3900 3135 3967 atque
3165 3897 3517 3964 versatilem,
3554 3914 3587 3953 a
3616 3898 3709 3954 via

2056 3980 2312 4054 paradisi
2343 3981 2618 4049 removit;
2652 3983 2808 4038 unde
2840 3983 3125 4055 scriptum
3159 3989 3276 4040 est:
3312 4008 3339 4035 «
3362 3985 3568 4041 Tollite
3585 4004 3713 4058 por-

2056 4074 2170 4136 tas,
2194 4069 2507 4143 principes,
2522 4074 2766 4139 vestras,
2785 4075 2841 4127 et
2857 4071 3183 4139 elevamini,
3199 4078 3376 4143 portae
3388 4074 3708 4142 eternales,

2057 4163 2105 4214 et
2143 4158 2413 4214 introibit
2443 4174 2543 4213 rex
2572 4157 2771 4231 gloria:
2805 4160 2979 4230 (Psal.
3013 4163 3195 4228 xxm).
3228 4183 3257 4211 ››
3271 4161 3387 4216 Nec
3408 4161 3710 4234 solusipse

2058 4263 2093 4302 ο.
2128 4245 2376 4302 mortuis
2409 4246 2742 4313 resurrexit,
2758 4247 2860 4301 sed
2872 4247 3047 4302 etiam
3064 4263 3269 4304 omnes
3287 4248 3517 4304 animas
3525 4249 3713 4319 justo-

2058 4352 2189 4391 rum
2207 4335 2279 4390 de
2301 4334 2513 4389 inferni
2538 4332 2814 4390 claustris
2843 4334 3129 4403 liberavit,
3154 4334 3713 4408 impletaprophetia

2057 4422 2214 4479 Oscae
2245 4423 2348 4494 qui
2378 4424 2487 4479 ait:
2522 4445 2551 4472 ‹‹
2583 4422 2693 4478 Ero
2723 4440 2883 4479 mors
2911 4427 3032 4493 tua,
3067 4439 3099 4479 ο
3131 4440 3310 4493 mors,
3346 4440 3444 4479 ero
3476 4440 3711 4481 morsus

286 4528 491 4568 saxum
519 4519 893 4586 magnum,et
923 4514 1325 4582 abiit,Judaeis
1355 4515 1730 4588 signantibus
1751 4515 1947 4588 ipsum
1978 4531 2025 4595 D
2057 4516 2218 4580 tuus,
2251 4512 2477 4567 inferne
2506 4512 2646 4580 (Ose.
2680 4514 2824 4580 xui).
2860 4534 2889 4562 »
2921 4512 2990 4567 Et
3018 4512 3333 4569 Dominus:
3369 4512 3472 4581 «Si
3501 4512 3715 4570 exalta-

288 4614 416 4655 cum
441 4600 815 4658 custodibus.
833 4602 981 4674 Ergo
1003 4601 1126 4659 ista:
1140 4597 1415 4659 mulieres
1429 4604 1725 4660 venientes
1747 4602 1948 4676 sepul-

290 4701 450 4742 crum
476 4687 714 4743 Domini
739 4688 994 4757 visitare,
1019 4694 1076 4746 et
1104 4706 1277 4746 sexus
1298 4691 1390 4747 sui
1415 4690 1788 4764 fragilitatem
1810 4708 1950 4747 con-

292 4774 639 4843 siderantes,
676 4780 735 4832 et
765 4778 1237 4850 magnitudinem
1269 4777 1483 4851 lapidis
1502 4779 1950 4852 recolentes,qui

295 4866 406 4919 tam
442 4881 701 4937 magnus
731 4865 916 4922 fuisse
940 4866 1123 4922 fertur
1151 4872 1217 4922 ut
1236 4867 1330 4923 vix
1351 4868 1598 4941 aviginti
1611 4868 1951 4925 hominibus

295 4954 509 5008 moveri
544 4960 765 5026 posset,
800 4955 1106 5011 dicebant:
1141 4979 1169 5006 «ι
1194 4956 1334 5023 Quis
1352 4956 1602 5013 revolvet
1622 4958 1792 5014 nobis
1812 4957 1953 5031 lapi-

297 5039 424 5097 dem
455 5043 530 5099 ab
562 5032 714 5099 ostio
736 5045 1152 5101 monumenti?
1180 5045 1327 5101 »Sed
1355 5045 1622 5118 quamvis
1639 5045 1778 5102 talia
1805 5046 1952 5101 dice-

298 5135 565 5201 rent,non
596 5135 796 5189 tamen
819 5150 854 5189 a
874 5138 1059 5205 coepto
1091 5134 1297 5190 itinere
1315 5134 1952 5201 cessabant,credentes

298 5216 579 5276 divinitus
610 5220 736 5276 fieri
794 5220 1076 5293 possibile
1127 5222 1282 5295 quod
1332 5222 1601 5278 humana:
1651 5222 1951 5296 fragilitati

298 5305 602 5364 videbatur
618 5309 1271 5382 impossibile.Quarum
1285 5310 1600 5367 mulierum
1622 5326 1726 5367 con
1736 5313 1954 5369 stantia

303 5390 358 5448 in
389 5393 553 5451 libris
606 5397 829 5471 Regum
879 5398 1119 5471 pulchre
1165 5400 1534 5473 praefigurata
1563 5402 1670 5468 est,
1715 5401 1951 5472 quando

305 5481 589 5560 Allophyli
614 5503 813 5544 arcam
836 5487 1068 5545 Domini
1090 5494 1317 5562 captam
1341 5489 1399 5544 in
1425 5493 1638 5546 terram
1659 5489 1837 5546 Israel
1863 5507 1951 5546 re-

306 5573 1105 5654 mittentcsjunxeruntduas
1115 5594 1321 5638 vaccas
1334 5579 1500 5640 factas
1513 5579 1585 5640 ad
1598 5578 1951 5658 plaustrum,
2004 5664 2011 5669 ι

2055 4606 2154 4657 tus
2186 4602 2347 4657 fuero
2379 4618 2414 4656 a
2442 4605 2616 4666 terra,
2648 4600 3086 4657 omniatraham
3108 4602 3179 4657 ad
3212 4601 3708 4674 meipsum(Joan.

2058 4693 2185 4758 xu).
2196 4713 2223 4740 ››
2235 4690 2415 4761 Cujus
2428 4689 2787 4762 singularem
2801 4691 3075 4746 virtutem
3089 4690 3532 4748 resurrectionis
3550 4692 3713 4748 Sam-

2063 4795 2169 4834 son
2203 4778 2300 4833 ille
2333 4778 2692 4835 fortissimus
2709 4778 3121 4852 praeﬁguravit,
3143 4779 3214 4835 de
3237 4780 3424 4851 quoin
3458 4778 3713 4835 libroJu-

2059 4866 2257 4922 dicum
2287 4864 2541 4940 legimus
2572 4867 2768 4939 (ludio.
2801 4871 2938 4935 xw),
2958 4866 3098 4939 quia
3128 4883 3262 4922 cum
3276 4868 3486 4924 Gazam
3519 4868 3713 4925 civita-

2060 4959 2178 5011 tem
2210 4955 2419 5011 fuisset
2449 4955 2752 5028 ingressus
2765 4956 2835 5010 ad
2851 4954 3237 5022 meretricem,
3258 4956 3561 5013 audientes
3577 4958 3714 5014 Phi-

2059 5042 2228 5099 listtei
2259 5044 2388 5116 ejus
2410 5042 2736 5102 introitum.
2750 5044 3040 5099 civitatem
3055 5045 3393 5101 munierunt
3409 5047 3712 5103 custodes-

2062 5148 2177 5204 que
2206 5133 2675 5204 deportaverunt,
2707 5135 2764 5188 et
2777 5131 2945 5203 quasi
2950 5132 3075 5202 jam
3092 5148 3153 5188 se
3174 5149 3310 5189 eum
3327 5133 3542 5191 habere
3552 5152 3712 5191 com-

2063 5221 2423 5293 prehensum
2456 5219 2641 5293 gavisi
2674 5223 2833 5276 suut.
2866 5219 2979 5275 Sed
3011 5220 3152 5292 quid
3176 5221 3311 5277 fecit
3339 5222 3588 5279 Samson
3615 5241 3715 5280 au-

2062 5310 2315 5366 diamus.
2349 5309 2473 5365 Non
2509 5308 2697 5364 solum
2730 5308 2925 5364 media
2973 5312 3140 5366 nocte
3192 5310 3349 5378 exiit,
3402 5313 3504 5368 sed
3535 5313 3712 5369 etiam

2063 5403 2342 5471 utrasque
2372 5401 2571 5469 portas
2601 5396 2851 5453 civitatis
2881 5414 3015 5454 cum
3046 5400 3315 5472 postibus
3333 5401 3585 5474 propriis
3602 5401 3710 5458 hu-

2062 5487 2241 5544 meris
2271 5487 2329 5541 in
2362 5492 2621 5542 montem
2651 5486 3714 5565 tulit,custodesqueinanesetillusos

2061 5575 2315 5652 reliquit.
2347 5577 2531 5646 Quem
2564 5575 2813 5637 Samson
2844 5576 2943 5636 ille
2970 5577 3711 5657 fortissimussignificavit,
