3872 6170
163 312 256 370 453

1333 293 1684 358 ΗΟΜῙῙᾸΕ
1725 296 1826 368 DE
1871 297 2268 363 TEMPORE.

3381 323 3520 402 454

159 434 506 507 tamaiigeluni
532 431 883 486 imminutus
908 430 1114 500 luerat,
1131 446 1198 482 cx
1221 428 1533 484 animabus
1559 427 1737 482 ﬁdeli-
1770 431 1822 495 Α
1858 430 2034 498 {lu-al,
2070 437 2181 501 κγ),
2224 457 2248 481 ›)
2284 436 2351 489 Et
2385 453 2453 491 nc
2485 437 2696 510 unquis
2729 441 2783 494 in
2818 442 3100 500 Ναωωιιι
3134 449 3233 503 tali
3267 453 3509 510 nomine,

158 546 238 584 um
250 521 587 594 adimpletur.
605 519 813 575 Nostra
826 518 1108 574 festivitas
1121 517 1377 588 est,quia
1388 518 1457 572 de
1472 516 1742 588 perditio-

153 631 311 673 nenos
332 609 672 674 liberans,ad
701 607 1035 663 societatem
1062 605 1405 680 angelorum
1434 605 1740 661 revocavit.

152 702 476 774 lnsuaigitur
489 698 788 756 festivitate
801 696 924 752 etin
941 702 1140 752 nostra
1153 695 1395 768 angelus
1409 695 1468 749 in
1481 693 1744 750 candidis

147 792 370 850 vestibus
388 787 666 862 apparuit,
682 792 745 840 ut
767 785 1055 842 inelfabile
1077 785 1360 858 gaudium
1392 785 1571 856 hujus
1587 783 1741 839 festi-

146 881 310 936 vitatis
336 878 670 934 ostenderet.
696 876 755 930 Si
786 891 921 948 ergo
943 875 1223 947 gaudium
1255 880 1344 930 est
1371 875 1432 929 in
1477 872 1618 930 cmlo
1650 889 1743 928 co-

145 987 248 1026 ram
261 966 464 1040 angelis
477 981 648 1036 super
661 981 774 1019 uno
789 970 1087 1035 peccatore
1100 963 1502 1035 paenitentiam
1518 967 1744 1034 agente,

144 1056 290 1132 quale
320 1061 583 1128 putamus
621 1054 905 1126 gaudium
941 1053 1140 1120 fuisse,
1175 1052 1410 1124 quando
1444 1055 1528 1106 tot
1561 1049 1747 1105 millia

143 1148 434 1202 animarum
464 1148 800 1199 sanctarum
819 1142 890 1197 ad
914 1159 1088 1199 suum
1113 1141 1472 1197 consortium
1496 1139 1744 1195 transire

140 1234 400 1294 viderunt?
414 1255 439 1280 »
456 1233 582 1287 llaec
594 1236 682 1286 est
694 1248 949 1303 namque
962 1231 1085 1286 dies
1101 1247 1276 1303 quam
1293 1229 1743 1294 fecitDominus,

142 1323 464 1381 exsultemus
492 1325 549 1378 et
577 1319 842 1375 laetemur
870 1319 930 1374 in
963 1336 1030 1375 ea
1061 1320 1232 1388 (I’sal.
1266 1319 1458 1389 cxvii).
1481 1341 1545 1366 ››‹‹
1567 1318 1630 1372 Et
1651 1318 1747 1372 ob-

139 1415 476 1484 stupuerunt.
493 1431 522 1458 »
548 1410 916 1464 Consuetudo
945 1408 1282 1464 mortalium
1297 1412 1404 1473 est,
1422 1411 1629 1462 utcuxn
1647 1405 1751 1460 ali-

141 1503 254 1574 quid
283 1516 450 1572 super
477 1517 542 1554 se
570 1495 842 1566 viderint,
861 1497 1014 1552 intra
1034 1515 1095 1553 se
1128 1497 1568 1569 pertimescunt.
1587 1497 1662 1550 Ex
1682 1512 1746 1550 eo

137 1592 266 1646 enim
297 1594 704 1660 tempore,quo
725 1588 951 1659 primus
964 1587 1137 1642 homo
1159 1587 1496 1662 aconsortio
1521 1582 1749 1657 angelo-

139 1697 244 1750 ruom
265 1678 547 1750 peccando
563 1677 852 1741 discessit,
870 1676 928 1730 in
953 1681 1176 1731 tantam
1192 1675 1401 1747 dilapsi
1414 1692 1622 1731 sumus
1639 1672 1747 1728 mi-

1855 526 2176 588 vocaretur,
2211 524 2480 595 adjunxit
2514 545 2525 582 :

1926 635 1951 657 ‹‹
1988 610 2362 668 Cruciﬁxum.
2399 638 2428 663 ››
2460 617 2780 676 Crucifixus
2810 625 2898 676 est
2947 639 3048 693 pro
3092 625 3280 686 nobis.
3314 632 3373 682 ut
3405 648 3506 700 per

1853 696 2080 768 lignum
2112 708 2326 756 sanctae
2357 705 2569 776 crucis,
2601 706 2829 778 lignum
2875 712 3362 781 praevaricationis
3409 696 3504 773 ex-

1855 786 2135 844 cluderet.
2171 813 2196 839 ‹‹
2232 790 2512 848 Surrexit.
2549 817 2578 843 ››
2610 795 2872 852 Surrexit
2901 816 3003 869 per
3053 799 3503 873 humanitatem,

1856 876 1959 947 qui
1992 877 2217 932 nullum
2251 895 2452 934 casum
2483 883 2704 953 patitur
2734 883 2791 939 in
2820 885 3143 945 divinitate.
3167 891 3234 945 Et
3264 893 3391 948 ideo
3423 912 3507 950 re-

1857 966 2318 1054 surgerevoluit,
2340 968 2436 1040 qui
2472 987 2776 1042 nunquam
2808 973 3035 1041 cecidit,
3056 981 3121 1032 ut
3141 977 3236 1034 ille
3266 981 3510 1054 erigere-

1856 1056 1974 1121 tur,
2009 1053 2107 1125 qui
2157 1059 2312 1110 stare
2361 1056 2568 1113 noluit.
2605 1061 2766 1124 Quod
2817 1067 3013 1118 autem
3045 1065 3126 1120 ait
3159 1083 3171 1120 :
3206 1091 3232 1116 ‹‹
3266 1053 3390 1126 Non
3420 1069 3509 1127 est

1857 1141 1970 1197 hic.
1994 1165 2020 1190 ››
2059 1144 2134 1198 De
2164 1145 2476 1215 praesentia
2506 1147 2790 1218 corporali
2825 1149 2998 1206 dixit:
3021 1153 3157 1224 quia
3181 1172 3282 1226 per
3302 1157 3510 1214 divini-

1855 1229 1994 1285 tatis
2026 1232 2342 1302 potentiam
2390 1234 2604 1306 ubique
2654 1242 2744 1291 est
2787 1242 2962 1306 totus,
2995 1241 3210 1313 ubique
3239 1250 3329 1300 est
3359 1265 3506 1318 prae-

1857 1335 2012 1385 sens,
2047 1319 2197 1374 sicut
2227 1318 2349 1392 ipse
2392 1321 2473 1376 ait
2521 1340 2623 1394 per
2670 1326 3012 1398 prophetam
3049 1347 3061 1383 :
3097 1352 3124 1379 ‹‹
3178 1332 3414 1390 Caelum,
3450 1342 3509 1392 et

1858 1410 2073 1463 terram
2106 1424 2208 1480 ego
2243 1409 2456 1480 impleo
2487 1416 2622 1477 (Jer.
2657 1422 2839 1481 xxiii).
2876 1440 2903 1464 ››
2938 1417 3003 1470 Et
3036 1424 3097 1473 ut
3128 1437 3362 1477 omnem
3398 1419 3506 1479 du-

1859 1496 2200 1552 bitationem
2231 1515 2264 1551 a
2308 1499 2583 1554 cordibus
2632 1519 2832 1557 eorum
2879 1505 3208 1576 expelleret,
3244 1511 3458 1581 adjecit
3492 1555 3504 1568 .

1861 1608 1887 1634 ‹‹
1921 1586 2063 1640 Ecce
2093 1583 2256 1640 locus
2288 1587 2386 1639 ubi
2440 1597 2761 1658 posuerunt
2809 1608 2964 1647 eum.
3002 1616 3028 1641 ››
3055 1597 3131 1649 Ac
3164 1598 3211 1651 si
3242 1599 3459 1656 diceret
3491 1619 3504 1658 :

1824 1683 1826 1687 ‘
1858 1674 1915 1728 Si
1952 1673 2097 1728 meis
2131 1691 2245 1728 non
2289 1674 2524 1731 creditis
2565 1678 2776 1744 verbis,
2810 1679 3016 1736 saltem
3067 1701 3245 1741 vacuo
3294 1691 3511 1747 credite

137 1769 337 1834 seriam,
357 1772 417 1822 ut
438 1762 726 1837 supernos
747 1765 900 1820 cives
929 1764 1054 1820 sine
1089 1769 1246 1820 metu
1279 1764 1471 1819 videre
1494 1779 1607 1818 non
1623 1779 1750 1834 pos-
1783 1799 1829 1863 Β
1861 1761 2149 1834 sepulcro,
2167 1767 2224 1818 et
2245 1780 2479 1820 omnem
2512 1765 2936 1823 dubitationem
2959 1787 2992 1824 a
3013 1772 3286 1831 cordibus
3305 1777 3510 1833 vestris

139 1860 315 1912 simus.
348 1857 414 1910 Et
445 1855 577 1909 ideo
620 1859 835 1909 sanctae
886 1853 1180 1919 mulieres,
1216 1871 1329 1908 non
1378 1851 1570 1908 solum
1613 1851 1752 1922 quia

137 1945 375 2018 angelum
407 1944 683 1999 viderunt
713 1947 1050 2014 coopertum
1085 1941 1234 1997 stola
1260 1941 1528 2008 candida,
1550 1940 1750 1995 obstu-

139 2038 376 2104 puerunt,
400 2031 499 2087 sed
535 2031 888 2102 etiam,quia
909 2047 1156 2085 vacuum
1180 2029 1750 2084 monumentilocum

137 2125 552 2194 conspexerunt.
585 2121 728 2178 Nam
755 2120 909 2174 idem
943 2119 1067 2191 ipse
1099 2119 1340 2192 angelus
1372 2118 1536 2174 testis
1563 2116 1751 2171 Domi-

137 2211 253 2266 nicaa
284 2209 724 2268 resurrectionis
747 2209 805 2263 in
828 2209 926 2264 tali
951 2209 1141 2280 specie
1159 2209 1451 2281 apparuit,
1471 2213 1532 2262 ut
1548 2225 1612 2261 ex
1629 2207 1755 2278 ipsa

137 2318 223 2355 sua
252 2301 562 2368 visione,et
594 2302 869 2353 terrorem
903 2295 1257 2369 reprobis,et
1286 2295 1753 2351 blandimentum

136 2389 225 2459 piis
253 2389 545 2444 mentibus
567 2385 878 2442 exhiberet.
897 2386 1058 2449 Quod
1079 2385 1385 2440 Matthaius
1402 2384 1758 2457 evangelista

138 2479 453 2544 manifestat,
470 2477 708 2532 dicens:
727 2500 752 2526 (ι
770 2477 902 2530 Erat
930 2481 1200 2547 aspectus
1232 2476 1360 2546 ejus
1374 2475 1523 2530 sicut
1538 2473 1754 2546 fulgur,

135 2569 444 2622 vestimenta
473 2568 610 2637 ejus
623 2564 775 2620 sicut
789 2565 903 2619 nix.
927 2586 954 2612 ι›
969 2567 1029 2620 ῑιι
1054 2564 1280 2636 fulgure
1299 2565 1514 2619 etenim
1530 2563 1758 2620 timoris

137 2661 311 2722 terror,
344 2656 401 2710 in
429 2655 567 2709 nive
600 2653 1068 2709 blandimentum
1103 2652 1360 2707 lenitatis
1408 2653 1754 2708 ostenditur.

137 2744 255 2808 Quia
280 2762 409 2816 ergo
437 2745 496 2798 in
538 2743 805 2815 fulgureo
838 2742 1000 2797 vultu
1031 2747 1088 2796 et
1112 2741 1169 2796 in
1203 2741 1366 2796 niveo
1389 2743 1638 2802 candore
1654 2759 1756 2797 an-

138 2833 274 2904 gelus
301 2832 597 2905 apparuit,
631 2831 887 2886 ostendit
927 2831 1065 2902 quia
1115 2830 1400 2886 Dominus
1429 2830 1626 2896 Jesus,
1655 2830 1755 2900 qui

136 2929 207 2976 est
233 2923 463 2996 angelus
487 2921 695 2994 magni
721 2920 947 2976 consilii
974 2920 1184 2988 dictus,
1204 2921 1262 2974 in
1287 2919 1494 2974 ultima
1515 2923 1570 2975 et
1584 2935 1757 2990 gene-

139 3012 223 3066 rali
252 3011 677 3067 resurrectione
707 3017 764 3066 et
794 3009 1072 3065 terribilis
1120 3009 1475 3081 reprobis,et
1506 3008 1760 3065 blandus

137 3099 628 3172 apparebitjustis.
644 3099 816 3163 Quasi
838 3098 996 3154 enim
1019 3099 1080 3153 in
1106 3098 1371 3171 fulgureo
1395 3097 1558 3152 vultu
1581 3115 1756 3170 appa-

1864 1849 2144 1923 repellite.

1933 1963 1958 1987 ‹‹
1994 1938 2104 1994 Sed
2126 1929 2233 2007 ite,
2271 1939 2442 1996 dicite
2473 1941 2781 2015 discipulis
2809 1945 2956 2015 ejus,
2999 1952 3056 2003 et
3086 1949 3272 2006 Petro.
3304 1975 3330 2002 »
3367 1958 3509 2010 Con-

1862 2027 2176 2082 sideranda
2205 2033 2294 2083 est
2324 2027 2380 2083 in
2414 2029 2522 2085 hoc
2552 2029 2675 2087 loco
2720 2034 2992 2105 specialis
3022 2035 3252 2094 Domini
3284 2042 3510 2098 miseri-

1863 2116 2059 2171 cordia
2090 2133 2228 2189 erga
2257 2134 2457 2173 sexum
2477 2119 2829 2177 't'emineum.
2851 2123 2929 2178 Ne
2953 2122 3108 2181 enim
3135 2128 3347 2184 mulier
3367 2148 3516 2187 sem-

1863 2223 1965 2276 per
2006 2204 2066 2261 in
2119 2206 2498 2278 opprobrium
2547 2208 2877 2276 haberetur,
2913 2213 3051 2284 quia
3084 2217 3297 2274 femina
3324 2221 3514 2290 prima

1861 2295 1982 2349 viro
2036 2295 2438 2366 propinaverat
2495 2303 2763 2366 mortem,
2795 2317 2899 2371 per
2947 2303 3196 2359 feminas
3255 2307 3512 2379 primum

1862 2383 2002 2438 viris
2043 2400 2211 2438 suam
2264 2383 2444 2439 voluit
2495 2387 2763 2442 nuntiare
2812 2393 3314 2450 resurrectionem.
3356 2400 3436 2452 Ac
3466 2399 3516 2452 si

1865 2473 2154 2526 diceretur
2183 2472 2520 2529 hominibus
2554 2490 2566 2528 :
2603 2475 2680 2529 De
2727 2478 2897 2547 cujus
2945 2497 3124 2535 manu
3175 2485 3514 2556 sumpsistis

1867 2559 2071 2631 pocula
2105 2561 2328 2628 mortis,
2351 2563 2420 2616 ab
2445 2564 2573 2632 ejus
2597 2580 2693 2618 ore
2715 2563 2922 2621 'audite
2951 2570 3231 2640 gaudium
3265 2591 3518 2631 resurre-

1866 2649 2094 2703 ctionis.
2115 2649 2222 2703 Sed
2255 2649 2630 2720 quaerendum
2663 2659 2751 2708 est
2783 2672 2983 2725 quare,
3004 2658 3310 2732 discipulis
3336 2664 3518 2719 nomi-

1866 2737 2040 2802 natis,
2070 2737 2274 2792 Petrus
2325 2754 2392 2792 ex
2443 2739 2675 2794 nomine
2707 2742 3062 2814 designetur.
3096 2748 3190 2801 Ait
3220 2751 3374 2804 enim
3407 2770 3516 2807 an-

1868 2825 2030 2897 gelus
2069 2843 2080 2880 :
2119 2848 2145 2874 ‹‹
2180 2826 2359 2880 Dicite
2391 2826 2695 2899 discipulis
2726 2832 2853 2901 ejus
2884 2837 2941 2887 et
2972 2833 3157 2890 Petro.
3190 2859 3217 2885 ››
3239 2839 3323 2893 Ad
3358 2842 3514 2910 quod

1869 2915 2529 2986 dicendum,quia,sicut
2545 2919 2876 2990 evangelica
2898 2912 3095 2978 narrat
3111 2924 3516 2994 historia,cum

1869 3007 2132 3074 pergeret
2162 3004 2445 3060 Dominus
2466 3005 2539 3059 ad
2561 3007 2915 3078 passionem,
2939 3012 3143 3069 Petrus
3166 3031 3372 3086 pavore
3395 3034 3520 3088 per-

1867 3093 2125 3160 territus,
2160 3096 2246 3147 ter
2276 3109 2409 3148 eum
2443 3101 2750 3166 negaverat
2783 3114 2795 3152 :
2828 3104 2886 3154 et
2929 3099 3196 3158 fortassis
3225 3103 3377 3160 inter
3405 3122 3518 3160 caa-

137 3163 260 3244 retiit
286 3163 528 3262 illis,'qu
549 3188 681 3243 ibus
729 3188 994 3243 dicturus
1025 3192 1114 3243 est
1147 3205 1159 3242 ε
1193 3163 1539 3242 ξῡὶεοθάίιθ
1571 3163 1758 3252 ει-ιιιθ,
1790 3163 1834 3229 C
1869 3185 2021 3236 teros
2039 3179 2360 3252 discipulos
2377 3183 2447 3237 ad
2466 3163 2782 3241 videndum
2799 3186 3518 3261 Dominum,postDomini

136 3279 415 3351 maledicti,
433 3280 492 3334 in
524 3277 734 3350 ignem
748 3282 1049 3342 aeternum,
1067 3278 1166 3348 qui
1181 3282 1419 3348 paratus
1432 3275 1759 3332 estdiabolo

139 3374 182 3420 et
208 3369 416 3440 angelis
446 3370 583 3440 ejus
613 3367 800 3439 (Matth
830 3367 982 3436 xxv).
1018 3389 1046 3416 ››
1081 3366 1256 3432 Quasi
1293 3365 1354 3420 in
1409 3365 1572 3421 niveo
1623 3383 1758 3422 can-

141 3455 254 3512 dere
281 3457 412 3523 illis,
444 3457 673 3529 quibus
701 3456 856 3511 dicet
890 3473 901 3510 :
938 3480 966 3506 (ι
995 3455 1221 3524 Venite,
1253 3455 1542 3511 benedicti
1575 3453 1761 3512 Patris

141 3545 252 3611 mei,
279 3547 551 3618 percipite
586 3561 832 3617 regnum
864 3545 1020 3616 quod
1052 3544 1209 3599 vocis
1241 3550 1509 3615 paratum
1556 3549 1644 3600 est
1687 3544 1760 3600 ab

141 3633 328 3706 origine
349 3635 556 3692 mundi
585 3635 790 3706 (Ib-id).
819 3635 1020 3688 ullane
1034 3633 1482 3705 descriptionem
1509 3633 1764 3689 ostendit

141 3724 349 3794 angelus
381 3725 552 3782 testis
576 3723 896 3779 Dominicis
917 3721 1380 3790 resurrectionis,
1398 3723 1632 3794 quando
1645 3740 1758 3795 pra:

115 3809 315 3868 "timore
343 3814 500 3869 illius
533 3812 799 3870 exterriti
839 3817 977 3867 sunt
1007 3811 1299 3877 custodes,
1332 3816 1390 3866 et
1440 3811 1572 3866 facti
1623 3817 1764 3868 sunt

141 3898 270 3954 velut
286 3902 496 3957 mortui
515 3920 528 3957 :
547 3899 830 3955 mulieres
853 3904 1071 3967 autem,
1087 3917 1158 3954 ne
1185 3898 1474 3966 timerent,
1493 3899 1760 3970 protinus

142 3984 382 4045 blandam
405 3989 874 4047 consolationem
898 3992 1262 4060 acceperunt.
1281 3987 1442 4043 Unde
1463 3987 1756 4044 subditur:

197 4077 336 4140 «Qui
364 4078 507 4134 dicit
539 4078 663 4134 illis
697 4096 709 4132 :
745 4077 930 4132 Nolite
960 4093 1404 4149 expavescere.»
1435 4078 1514 4131 Ac
1536 4077 1758 4133 sidice-

144 4170 240 4219 ret:
269 4171 516 4224 Paveant
549 4167 636 4222 illi
669 4166 1173 4238 quisupernorum
1199 4165 1413 4221 civium
1446 4166 1760 4224 adventum

144 4268 234 4308 non
261 4257 539 4329 diligunt;
558 4255 1188 4329 pertimescantilliqui
1205 4253 1537 4327 sepulcrum
1560 4255 1761 4312 Domi-

146 4341 188 4393 ni
208 4344 446 4416 maligno
473 4345 680 4402 animo
693 4345 1050 4400 custodiunt.
1072 4345 1180 4399 Vos
1211 4349 1406 4400 autem
1427 4344 1633 4401 timere
1646 4363 1761 4402 non

143 4427 352 4503 debetis,
373 4453 503 4507 quae
538 4435 810 4490 concives
839 4439 1060 4490 vestros
1091 4433 1446 4506 conspicitis.
1477 4435 1546 4490 Et
1583 4453 1762 4506 quare

1870 3269 2354 3325 resurrectionem
2385 3273 2657 3327 accedere
2685 3291 2800 3330 non
2824 3277 3079 3345 auderet,
3104 3279 3217 3335 nisi
3248 3295 3384 3337 eum
3416 3299 3517 3338 an-

1870 3357 2036 3431 gelus
2078 3375 2145 3416 ex
2191 3360 2425 3415 nomine
2468 3361 2835 3435 exprimeret.
2870 3365 3121 3422 Vocatur
3149 3385 3285 3441 ergo
3316 3387 3384 3427 ex
3418 3389 3519 3428 no-

1872 3447 2050 3515 mine,
2087 3464 2157 3503 ne
2189 3449 2523 3520 desperaret
2550 3466 2618 3504 ex
2646 3453 2970 3523 negatione.
3007 3455 3172 3512 Forte
3203 3458 3374 3514 etiam
3403 3478 3521 3516 mo-

1868 3541 1962 3592 vet
1993 3536 2269 3609 aliquem,
2302 3554 2482 3608 quare
2512 3539 2796 3596 Dominus
2845 3546 2966 3597 tam
3011 3543 3290 3602 dilectum
3340 3549 3520 3605 disci-

1871 3627 2098 3698 pulum,
2131 3626 2190 3682 in
2221 3631 2340 3683 tam
2393 3643 2564 3699 grave
2612 3627 2837 3684 facinus
2888 3632 3094 3688 cadere
3141 3637 3428 3706 permisit,
3461 3643 3523 3694 ut

1870 3715 2186 3771 Dominum
2217 3733 2284 3771 ac
2315 3717 2667 3789 magistrum
2701 3736 2875 3774 suum
2899 3721 2973 3776 ad
2995 3738 3191 3779 vocem
3218 3725 3393 3781 unius
3415 3744 3522 3782 an-

1869 3805 2015 3860 cillae
2039 3809 2293 3877 negaret.
2309 3805 2626 3862 Sciendum
2644 3813 2838 3864 autem
2860 3810 2999 3880 quia
3013 3812 3523 3882 providentissime

1869 3893 2305 3970 dispensatione
2324 3893 2554 3949 Domini
2569 3895 2678 3950 hoc
2694 3897 2911 3954 factum
2924 3905 3287 3974 est,utquem
3303 3909 3522 3960 cuncta

1870 3981 2137 4038 Ecclesiae
2169 3982 2434 4053 praeferre
2465 3982 2852 4054 disposuerat,
2887 3989 3267 4060 semetipsum
3311 4009 3521 4063 negaro

1871 4070 2249 4144 permitteret,
2275 4075 2338 4124 ut
2368 4087 2436 4126 ex
2464 4089 2574 4126 sua
2603 4073 2914 4145 fragilitate
2945 4077 3212 4144 disceret,
3237 4079 3368 4134 aliis
3390 4098 3522 4151 pec-

1871 4159 2160 4228 cantibus,
2186 4157 2439 4230 qualiter
2466 4159 2729 4215 misereri
2759 4163 3078 4220 debuisset.
3103 4164 3362 4222 Primum
3386 4184 3522 4240 ergo

1871 4249 1980 4305 sibi
2012 4265 2146 4303 eum
2178 4247 2434 4302 ostendit
2461 4253 2519 4303 et
2549 4252 2687 4302 tunc
2717 4250 2938 4307 caeteris
2970 4253 3304 4324 praeposuit,
3339 4259 3402 4310 ut
3432 4255 3521 4311 in-

1872 4336 2172 4409 telligeret,
2201 4336 2354 4408 quod
2386 4335 2812 4393 dictrictionem
2843 4339 3021 4408 vitiis,
3052 4342 3522 4412 compassionem

1873 4427 2106 4482 deberet
2151 4429 2391 4492 naturae,
2424 4424 2575 4480 sicut
2621 4426 2671 4481 ei
2721 4426 2858 4482 alibi
2890 4446 2924 4483 a
2959 4428 3203 4486 Domino
3257 4431 3518 4489 dicitur:

145 4519 383 4578 mulieres
409 4524 624 4580 timere
657 4541 769 4579 non
803 4525 1101 4593 deberent,
1117 4539 1358 4578 causam
1390 4524 1744 4595 protinusde

1934 4517 2051 4587 Ego
2081 4532 2184 4587 pro
2216 4519 2272 4569 te
2303 4513 2520 4587 rogavi,
2542 4515 2727 4583 Petro,
2747 4522 2811 4571 ut
2833 4534 2948 4572 non
2972 4508 3204 4573 deficiat
3235 4519 3378 4574 ﬁdes
3399 4525 3523 4592 tua,

144 4617 420 4681 monstrat,
435 4631 583 4670 eum
616 4613 922 4684 subjungit
942 4631 998 4668 ει(
1026 4613 1228 4668 Jesum
1259 4613 1538 4684 quaeritis.
1557 4614 1769 4671 »Jesus

145 4694 348 4756 Hebraeo
377 4719 677 4770 sermone,
712 4703 914 4758 Latine
944 4703 1201 4769 salvator,
1236 4702 1355 4756 sive
1375 4703 1639 4758 salutaris
1669 4703 1761 4758 di-

142 4783 282 4844 citur.
313 4794 390 4847 Ac
414 4791 464 4848 si
489 4792 660 4848 deret
692 4810 703 4846 :
739 4792 872 4856 Quae
918 4790 1275 4847 Salvatorem
1321 4792 1600 4862 quaeritis,
1635 4791 1758 4847 Sal-

143 4879 326 4934 vatoris
355 4882 638 4937 nuntium
670 4897 786 4936 non
809 4880 1032 4935 debetis
1063 4880 1290 4946 timere,
1305 4881 1405 4935 sed
1425 4880 1612 4953 magis
1630 4879 1760 4935 dili-

143 4967 347 5032 gere.Et
379 4986 451 5025 ne
481 4970 634 5026 forte
662 4970 734 5024 de
765 4967 876 5024 alio
907 4967 1102 5040 aliquo
1121 4969 1260 5024 Jesu
1287 4967 1404 5024 dici
1435 4974 1762 5040 putaretur,

145 5053 416 5124 subjunxit
449 5077 462 5113 ε
498 5082 527 5110 α
577 5059 961 5113 Nazarenam.
993 5079 1021 5106 »
1054 5057 1385 5112 Nazarenus
1434 5056 1626 5113 dictus
1673 5063 1764 5114 est

146 5135 417 5215 Dominus,
447 5163 515 5202 eo
550 5146 708 5219 quod
739 5145 797 5200 in
830 5146 1060 5202 civitate
1104 5146 1386 5202 Nazareth
1433 5146 1511 5201 sit
1559 5164 1760 5202 conce-

146 5233 281 5296 ptus,
313 5240 485 5307 atque
544 5236 823 5291 nutritus.
849 5236 959 5291 Sed
1009 5235 1148 5307 quia
1195 5234 1500 5290 Nazaraaus
1544 5245 1763 5290 sanctus

145 5312 552 5391 interpretatur,
589 5328 741 5381 recte
772 5324 880 5379 hoc
913 5340 1125 5379 nomen
1148 5323 1479 5395 specialiter
1509 5322 1592 5378 illi
1625 5341 1760 5378 con-

144 5408 293 5473 gruit,
309 5413 404 5482 qui
437 5419 528 5467 est
570 5413 817 5469 Sanctus
859 5417 1171 5482 sectorum,
1205 5417 1261 5468 et
1289 5412 1406 5467 Rex
1449 5428 1672 5484 regum,
1707 5416 1765 5466 et

145 5487 397 5556 Dominus
426 5501 880 5558 dominantium.
897 5501 977 5556 De
1000 5517 1114 5572 quo
1133 5501 1234 5572 per
1259 5499 1763 5572 Prophetamdici-

147 5582 252 5641 tur:
268 5611 291 5635 α
310 5588 428 5646 Non
443 5591 615 5650 dabis
645 5595 912 5650 sanctum
944 5594 1112 5649 tuum
1127 5589 1319 5647 videre
1332 5588 1764 5666 corruptionem

1877 4610 1934 4660 et
1961 4609 2024 4658 tu
2071 4602 2386 4675 aliquando
2431 4619 2766 4674 conversus,
2800 4605 3086 4661 conﬁrma
3133 4607 3341 4664 fratres
3388 4612 3522 4665 tuos

1873 4695 2022 4764 (Luc.
2053 4697 2214 4759 xxn).
2245 4715 2270 4740 η
2303 4692 2467 4757 Quod
2495 4697 2689 4748 autem
2721 4693 2833 4748 ait:
2869 4716 2897 4744 «
2930 4693 3075 4757 Quia
3104 4696 3389 4766 praecedet
3417 4713 3518 4753 vos

1872 4807 1897 4833 ‹‹
1931 4782 1990 4836 in
2022 4779 2338 4845 Galilaeam,
2361 4780 2438 4834 ibi
2467 4796 2601 4835 eum
2632 4780 2922 4850 videbitis,
2942 4782 3088 4838 sicut
3113 4783 3258 4839 dixit
3277 4785 3461 4852 vobis,
3492 4809 3514 4836 ο

1868 4871 2128 4942 idipsum
2160 4873 2267 4937 est,
2301 4868 2456 4940 quod
2490 4886 2736 4942 pergens
2767 4871 2838 4925 ad
2882 4872 3216 4943 passionem
3247 4873 3474 4928 dixerat
3506 4891 3519 4930 :

1872 4983 1899 5010 ‹‹
1949 4959 2264 5029 Postquam
2316 4963 2510 5012 autem
2559 4975 2882 5025 surrexere,
2942 4961 3261 5031 praecedam
3308 4979 3409 5018 vos
3463 4963 3522 5017 in

1872 5047 2165 5104 Galilaeam
2201 5048 2420 5119 (Matth.
2451 5052 2622 5114 xxvi).
2653 5069 2680 5096 »
2713 5048 2778 5102 Et
2810 5047 3051 5120 pulchre
3086 5050 3368 5107 Dominus
3392 5057 3525 5123 post

1872 5137 2357 5193 resurrectionem
2398 5153 2432 5190 a
2470 5135 2776 5206 discipulis
2836 5138 2895 5192 in
2954 5138 3190 5195 Galilaea
3236 5141 3525 5198 videndus

1873 5225 2224 5300 pradicitur,
2243 5223 2381 5295 quia
2397 5225 2522 5294 jam
2556 5224 2626 5279 de
2647 5226 3020 5298 corruptione
3042 5230 3113 5284 ad
3137 5229 3524 5304 incorruptio-

1874 5333 2029 5381 nem,
2062 5315 2132 5368 de
2162 5311 2516 5368 mortalitate
2553 5314 2624 5368 ad
2656 5314 3160 5374 immortalitatem
3190 5321 3524 5377 transierat.

1873 5403 2109 5460 Galilaea
2139 5418 2394 5473 namque
2443 5406 2856 5473 transmigratio
2883 5410 3032 5478 facta
3086 5408 3522 5480 interpretatur.

1873 5493 2018 5558 Quia
2062 5508 2197 5563 ergo
2250 5491 2319 5545 de
2366 5493 2737 5564 corruptione
2785 5497 2857 5550 ad
2903 5497 3422 5570 incorruptionem,
3453 5498 3526 5553 de

1875 5581 2227 5640 mortalitate
2286 5581 2357 5638 ad
2415 5579 2916 5644 immortalitatem
2972 5586 3224 5658 transiit,
3257 5591 3411 5644 recte
3465 5585 3524 5642 in
