4012 6174
409 331 529 394 435

973 330 1379 393 HAYMONIS
1425 329 1964 428 HALBERSTAT.
2013 326 2255 390 EPISC.
2305 328 2476 391 OPP.
2524 330 2727 394 PARS
2772 333 2847 394 II.
2881 365 2960 378 —-
2989 333 3257 396 HOMIL.

3698 340 3807 401 456

409 466 648 524 Galilaaa
678 464 961 520 videndus
991 464 1223 519 dicitur.
1258 463 1403 530 Quia
1433 463 1586 519 sicut
1634 462 1715 517 ait
1757 459 2057 534 apostolus
2085 464 2137 529 Α
2171 465 2226 517 ct
2259 462 2573 519 Ecclesiam
2609 481 2767 519 ssam
2799 465 3171 539 przeflgurare
3196 467 3593 540 dignatusest,
3618 472 3673 526 in
3696 490 3805 545 qua

408 557 649 612 Petrus:
680 577 708 605 «
732 554 1000 609 Christus
1031 552 1210 608 semel
1244 570 1344 625 pro
1376 551 1630 626 peccatis
1663 551 1877 607 nostris
1901 568 2054 606 mor—

405 651 546 701 tuus
576 646 683 710 est,
707 643 910 713 justus
949 658 1053 713 pro
1096 641 1354 713 injustis,
1392 645 1457 697 ut
1506 657 1613 697 nos
1659 642 1889 696 offerret
1938 640 2054 696 Deo

402 733 451 803 (I
476 737 596 789 Pet.
628 730 725 804 1x).
762 754 788 781 »
820 731 887 787 Et
919 730 1168 786 iterum:
1195 752 1223 780 «
1254 730 1311 785 Si
1344 734 1539 786 autem
1570 734 1838 786 mortuus
1866 733 1955 786 est
1985 746 2054 785 ex

401 821 763 886 inﬁrmitate,
782 819 920 875 vivit
947 824 1142 875 tamen
1173 836 1241 875 ex
1269 819 1484 873 virtute
1515 816 1613 873 Dei
1646 819 1717 891 (11
1735 818 1853 875 Cor.
1877 822 1993 887 xv).
2022 840 2049 867 »

398 912 527 968 Sive
550 912 721 983 juxta
750 909 924 965 aliam
958 906 1400 980 intelligentiam
1424 906 1675 973 Galilaea,
1700 924 1826 980 qua:
1844 908 2049 965 volubi-

396 1002 524 1057 litas
556 998 673 1056 sive
700 1006 814 1054 rota
846 992 1278 1070 interpretatur,
1302 995 1579 1069 gentilcm
1613 996 1892 1068 populum
1926 997 2045 1070 sig-

394 1090 611 1145 niﬁcat.
645 1088 790 1142 Cum
823 1103 959 1157 ergo
990 1085 1048 1140 in
1097 1084 1333 1141 Galilzea
1360 1084 1647 1141 videndus
1690 1085 2040 1157 prmdicitur,

391 1176 645 1235 ostendit
676 1176 907 1232 Judzsos
939 1178 1175 1247 propter
1204 1174 1508 1246 perﬁdiam
1540 1190 1668 1229 esse
1702 1173 2043 1246 relinquen-

388 1268 513 1334 dos,
537 1270 743 1339 gentes
773 1268 969 1320 autem
1003 1281 1106 1337 per
1137 1263 1313 1318 fidem
1346 1262 1724 1335 colligendas,
1749 1280 1874 1335 quae
1907 1268 2041 1320 ante

387 1354 617 1411 Domini
649 1354 969 1410 adventum
1001 1351 1326 1407 nescientes
1357 1352 1563 1419 Deum,
1588 1350 1647 1406 in
1679 1350 2038 1408 volubilitate

384 1442 580 1499 smeuli
616 1443 1015 1498 morabantur.
1035 1440 1159 1496 Sive
1186 1440 1371 1508 aliter,
1393 1446 1523 1513 post
1553 1440 2035 1497 resurrectionem

382 1534 440 1588 in
474 1530 710 1588 Galilaza
740 1530 1026 1585 videndus
1058 1530 1382 1597 nuntiatur,
1402 1529 1541 1601 quia
1561 1528 1641 1584 illi
1676 1530 1748 1584 ad
1780 1530 2032 1602 speciem

378 1623 508 1693 cjus
566 1619 1079 1692 contemplandum
1137 1618 1435 1690 pervenire
1492 1618 1892 1687 merebuntur,
1930 1619 2032 1691 qui

377 1711 552 1767 modo
582 1709 1002 1782 transmigrant
1041 1708 1113 1763 de
1141 1706 1296 1762 vitiis
1329 1707 1401 1762 ad
1432 1706 1697 1775 virtutes,
1732 1708 1802 1763 de
1835 1723 2031 1763 amore

376 1799 584 1856 mundi
613 1799 685 1854 ad
709 1815 967 1854 amorem
990 1797 1112 1865 Dei,
1128 1796 1485 1852 declinantes
1507 1813 1540 1852 a
1559 1795 1715 1852 malo
1734 1801 1791 1851 et
1815 1796 2026 1852 facien-
2056 1831 2105 1896 Β

372 1894 460 1945 tes
482 1890 721 1945 bonum.
742 1887 906 1944 Unde
927 1886 1073 1942 bene
1090 1884 1325 1942 Galilaea
1346 1886 1533 1957 (juxta
1552 1884 1726 1940 aliam
1751 1885 2027 1958 interpre-

370 1978 673 2045 tationem)
705 1976 957 2032 revelatio
989 1974 1221 2041 dicitur,
1247 1973 1383 2046 quia
1414 1990 1541 2047 qua:
1569 1990 1725 2029 nunc
1755 1974 2024 2032 videmus

369 2068 430 2122 in
462 2066 674 2139 specie,
697 2048 836 2120 tunc
868 2062 1119 2119 revelata
1149 2062 1290 2118 facie
1320 2062 1648 2119 videbimus
1672 2063 1727 2117 in
1752 2078 1831 2118 re.
1857 2062 2021 2119 Unde

364 2154 679 2228 Apostolus
717 2154 798 2209 ait
830 2170 843 2209 :
879 2176 906 2203 ‹‹
939 2151 1221 2207 Videmus
1270 2167 1428 2206 nunc
1472 2168 1575 2223 per
1622 2150 1925 2224 speculum
1959 2151 2017 2208 in
2058 2207 2072 2219 ,

364 2246 693 2317 (enigmata,
714 2249 853 2296 tunc
884 2245 1079 2297 autem
1111 2240 1255 2296 facie
1285 2240 1357 2295 ad
1390 2240 1597 2295 faciem
1622 2240 1672 2313 (Ι
1692 2242 1815 2297 Cor.
1843 2241 1956 2312 xv).
1986 2264 2014 2291 ››

363 2335 429 2389 Et
462 2334 669 2389 iterum
699 2350 711 2387 :
738 2356 765 2380 ‹‹
791 2331 907 2386 Nos
939 2333 1155 2395 autem,
1184 2328 1411 2395 fratres,
1446 2327 1696 2382 revelata
1729 2327 1868 2383 facie
1890 2328 2010 2401 glo-

360 2423 505 2479 riam
541 2418 768 2477 Domini
800 2416 1281 2490 contemplantes,
1318 2416 1810 2472 transformamur
1834 2435 1868 2471 a
1893 2416 2009 2471 cla-

358 2512 527 2568 ritate
560 2511 617 2566 in
649 2509 919 2583 gloriam,
965 2511 1023 2563 et
1054 2511 1335 2577 tanquam
1368 2524 1401 2561 a
1432 2506 1660 2561 Domini
1696 2505 1901 2578 spiritu
1936 2508 2011 2570 (11

355 2604 477 2658 L‘or.
511 2599 690 2672 xvm).
728 2621 755 2648 »
788 2597 871 2653 Ad
901 2613 1077 2669 quam
1108 2595 1391 2651 visionem
1425 2594 1522 2649 ille
1556 2612 1660 2650 nos
1691 2596 2004 2667 perducere

353 2691 648 2763 dignetur,
702 2687 800 2759 qui
850 2702 984 2741 cum
1018 2685 1182 2740 Patre
1213 2689 1271 2739 et
1300 2683 1515 2756 Spiritu
1550 2689 1750 2740 saneto
1781 2683 1917 2739 vivit
1948 2688 2004 2739 et

350 2781 555 2852 regnat
586 2778 644 2833 in
676 2774 888 2832 saecula
918 2773 1287 2832 saeculorum.
1322 2778 1529 2829 Amen.

907 2908 1208 2965 HOMILIA
1250 2906 1434 2964 LXXI.

796 3016 961 3054 FERIA
998 3013 1137 3053 SBCU
1146 3014 1258 3052 NDA
1297 3013 1547 3051 PASCHE.

412 3101 567 3171 (Ac'r.
603 3096 681 3169 κ.)
717 3118 745 3146 ‹‹
776 3095 838 3151 In
870 3095 1080 3151 diebus
1110 3093 1227 3149 illis
1257 3097 1422 3150 stans
1466 3098 1677 3150 Petrus
1709 3094 1766 3148 in
1799 3094 1991 3150 medio

2168 551 2458 622 praecipue
2473 551 2748 623 baptizati
2763 552 3343 626 accipiuntSpiritum
3360 562 3805 619 sanctum.’l‘unc

2166 638 2322 694 enim
2370 639 2786 713 intelligendus
2834 647 2924 697 est
2951 647 3184 710 unctus,
3218 661 3354 700 cum
3383 644 3638 723 Verbum
3677 666 3802 707 caro

2163 726 2380 783 factum
2414 731 2522 794 est,
2544 728 2601 784 id
2627 733 2734 796 est,
2754 731 2988 802 quando
3010 731 3269 788 humana
3290 737 3499 790 natura
3527 736 3654 793 sine
3672 739 3803 795 ullis

2158 817 2619 887 praecedentibus
2644 819 2930 875 bonorum
2954 836 3196 893 operum
3222 821 3465 889 meritis,
3482 823 3598 880 Deo
3614 825 3799 884 Verbo

2157 909 2247 960 est
2293 906 2353 961 in
2400 911 2566 963 utero
2600 906 2848 981 virginis
2897 908 3188 983 copulata,
3239 914 3303 965 ut
3343 912 3560 983 pariter
3607 914 3799 973 divina

2156 997 2212 1047 et
2242 993 2503 1051 humana
2535 1001 2745 1053 natura
2775 1014 2892 1052 una
2921 1001 3075 1053 esset
3096 1016 3364 1071 persona,
3384 1001 3524 1056 etob
3546 1001 3795 1062 hoceum

2154 1083 2656 1140 contitemur‘natu
2666 1103 2722 1140 m
2737 1086 2808 1142 de
2825 1087 3045 1158 Spiritu
3060 1093 3260 1145 sancto
3282 1093 3338 1144 et
3353 1089 3533 1145 Maria
3554 1091 3791 1164 virgine.

2152 1193 2181 1220 ‹‹
2213 1171 2320 1236 Qui
2363 1175 2737 1245 pertransivit
2765 1176 3180 1232 beuefaciendo
3210 1182 3268 1233 et
3297 1179 3563 1234 sanando
3592 1196 3794 1240 omnes

2150 1282 2179 1309 «
2213 1261 3128 1336 oppressosadiaholo,quoniam
3155 1265 3309 1322 Deus
3340 1271 3606 1325 eratcum
3631 1269 3748 1327 illo.
3764 1294 3789 1321 ι»

2148 1349 2211 1403 Id
2244 1354 2352 1418 est,
2386 1351 2556 1407 Pater
2585 1368 2719 1408 cum
2750 1352 2891 1409 Filio
2925 1370 3156 1427 semper
3176 1356 3467 1424 manebat,
3484 1357 3795 1416 meliusest

2146 1436 2493 1512 intelligere,
2510 1456 2686 1513 quam
2700 1440 3066 1498 divinitatem
3080 1442 3203 1498 Filii
3220 1460 3352 1519 cum
3368 1444 3526 1501 homi
3538 1463 3788 1520 nequem

2145 1528 2471 1600 assumpsit
2499 1529 2929 1585 cohabitantem
2955 1530 3330 1603 significaret,
3346 1539 3412 1588 ut
3430 1533 3643 1591 Christi
3668 1554 3790 1609 per-

2142 1632 2347 1672 sonam
2380 1616 2724 1691 geminaret,
2756 1624 2814 1675 ct
2844 1619 2903 1674 in
2932 1635 3187 1676 errorem
3220 1622 3541 1679 maximum
3571 1624 3787 1682 incide-

2139 1708 2228 1760 ret
2267 1723 2314 1760 a.
2346 1705 2640 1779 Sequitur.

2210 1817 2239 1845 ‹‹
2268 1795 2333 1850 Et
2354 1811 2460 1850 nos
2491 1800 2669 1852 testes
2695 1813 2902 1853 sumus
2926 1798 3191 1854 omnium
3230 1816 3356 1872 quae
3407 1800 3541 1857 fecit
3590 1803 3648 1858 in
3697 1820 3782 1860 re-

2135 1904 2164 1932 α
2198 1882 2370 1955 gione
2398 1882 2733 1940 Judaaorum
2765 1890 2819 1941 et
2839 1886 3188 1943 Jerusalem.
3224 1910 3252 1935 »
3284 1888 3456 1945 Recte
3496 1896 3697 1947 autem
3723 1910 3782 1949 se

2131 1987 2259 2027 esse
2288 1976 2469 2028 testes
2500 1977 2809 2041 testantur,
2833 1975 2933 2047 qui
2966 1992 3069 2048 per
3101 1975 3436 2047 universum
3488 1981 3779 2037 mundum

2130 2060 2294 2115 missi
2348 2064 2488 2117 sunt
2529 2062 2906 2135 Evangelium
2960 2064 3292 2136 praedicare,
3340 2072 3403 2121 ut
3440 2065 3499 2121 in
3541 2068 3777 2126 Psalmo

2127 2145 2379 2220 legimus
2412 2168 2426 2205 :
2463 2174 2489 2201 «
2525 2152 2588 2206 ln
2620 2168 2854 2207 omnem
2889 2157 3106 2209 terram
3134 2153 3307 2209 exivit
3336 2172 3517 2212 sonus
3547 2173 3774 2226 eorum,

2124 2240 2181 2291 et
2212 2237 2268 2291 in
2303 2238 2450 2294 fines
2470 2239 2631 2295 orbis
2651 2244 2817 2296 terrae
2859 2242 3034 2297 verba
3081 2258 3281 2298 eorum
3319 2243 3487 2316 (Psal.
3522 2246 3710 2317 xvm).
3748 2270 3773 2296 η

2122 2328 2271 2382 Deus
2301 2332 2358 2381 et
2387 2327 2573 2396 Pater,
2590 2344 2693 2400 per
2714 2329 2860 2385 duas
2891 2328 2950 2385 in
2972 2330 3203 2387 Christo
3220 2336 3771 2404 operaturnaturas,

2119 2430 2221 2485 per
2240 2432 2416 2470 unam
2448 2433 2574 2488 quae
2602 2417 2649 2471 ei
2681 2418 3013 2473 communis
3045 2423 3134 2474 est
3163 2436 3295 2474 cum
3331 2420 3446 2476 Deo
3477 2420 3645 2478 Patre
3677 2440 3770 2492 ex,

2116 2519 2182 2558 eo
2214 2504 2367 2576 quod
2402 2505 2556 2560 Deus
2578 2510 2685 2574 est,
2716 2523 2820 2578 per
2841 2506 3083 2562 alteram
3115 2525 3232 2580 qua
3249 2525 3317 2564 ex
3348 2509 3569 2582 virgine
3583 2509 3772 2567 Maria

2115 2591 2289 2646 homo
2315 2593 2499 2648 factus
2530 2599 2638 2648 est.
2663 2595 2770 2649 Per
2798 2594 2906 2650 bas
2936 2596 3083 2651 duas
3116 2601 3355 2652 naturas
3386 2596 3444 2651 in
3472 2615 3590 2653 uno
3619 2600 3767 2655 Filio

2112 2680 2399 2749 Dei,duas
2432 2682 2649 2754 pariter
2679 2683 2815 2738 facit
2846 2684 3300 2740 resurrectiones
3330 2685 3767 2757 humanigene-

2110 2768 2284 2836 ris,id
2316 2775 2407 2827 est
2432 2772 2764 2827 animarum
2791 2777 2849 2827 et
2879 2789 3210 2844 corporum.
3248 2773 3470 2830 [labent
3511 2775 3671 2831 enim
3709 2784 3765 2833 et

2109 2858 2318 2914 animae
2350 2864 2596 2916 mortem
2627 2877 2818 2930 suam,
2841 2860 2900 2916 in
2933 2861 3232 2934 impietate
3267 2868 3443 2934 atque
3474 2865 3758 2936 peccatis,

2105 2948 2430 3004 secundum
2463 2966 2639 3022 quam
2680 2955 2928 3005 mortem
2960 2950 3176 3006 mortui
3226 2957 3385 3016 sunt,
3419 2952 3488 3008 de
3536 2954 3759 3025 quibus

2103 3036 2258 3091 idem
2290 3037 2575 3094 Dominus
2606 3038 2911 3094 ait:«Sine
2938 3044 3200 3096 mortuos
3221 3040 3465 3113 sepelire
3480 3047 3749 3098 mortuos

2100 3141 2239 3182 suos
2286 3125 2420 3197 (Luc
2472 3126 2573 3197 rx),
2604 3148 2631 3175 ν»
2666 3131 2731 3183 ut
2774 3127 2997 3182 scilicet
3042 3127 3102 3182 in
3150 3128 3350 3184 anima
3402 3131 3643 3197 mortui,
3686 3131 3747 3187 in

340 3214 366 3240 “
404 3187 612 3288 Plebis:
635 3186 781 3242 δίκη
805 3201 818 3241 ³
843 3183 1358 3288 νίνίοττθίτθδντνοὶδ
1387 3182 1550 3283 δθίίίῗ
1581 3183 1734 3284 (ἶνίῘά
1769 3184 1986 3288 fama")
2019 3200 2061 3266 C
2096 3182 2336 3285 corpore
2368 3182 2628 3271 mortuos
2660 3215 2991 3288 sepelirent.
3027 3182 3181 3273 Mors

338 3302 367 3330 ‹‹
389 3283 478 3335 est
490 3277 734 3333 verbum
758 3291 860 3348 per
879 3273 1210 3329 universam
1226 3272 1510 3338 Judaeum,
1528 3270 1811 3343 incipiens
1831 3288 1861 3326 e

270 3430 279 3433 Α
336 3392 364 3419 ‹‹
398 3386 432 3424 a
462 3366 695 3424 Galilaaa
725 3367 857 3437 post
886 3361 1245 3435 baptismum
1273 3360 1428 3432 quod
1462 3360 1793 3431 praedicavit
1818 3359 1990 3414 Joan-

334 3480 362 3507 «
399 3473 520 3523 nes,
570 3455 773 3511 Jesum
819 3469 853 3507 a
899 3449 1205 3506 Nazareth.
1243 3471 1269 3497 »
1321 3450 1388 3503 Et
1437 3447 1679 3520 reliqua.
1732 3448 1987 3502 Breviter

332 3543 531 3601 omnia
559 3559 686 3614 qua:
716 3542 774 3596 in
808 3537 1072 3612 symbolo
1125 3537 1501 3593 continentur
1528 3534 1866 3607 complexus
1895 3539 1985 3590 est

331 3631 632 3705 apostolus
662 3630 866 3684 Petrus
898 3626 956 3682 in
989 3625 1233 3682 lectione
1282 3624 1574 3696 prmaenti.
1606 3640 1781 3695 quam
1814 3621 1979 3678 audi-

330 3720 458 3785 stis,
476 3719 683 3774 fratres
699 3715 1055 3781 charissimt,
1073 3714 1226 3769 ouod
1246 3713 1418 3769 Jesus
1435 3711 1512 3766 sit
1531 3712 1974 3784 Christus,quod

328 3807 592 3863 omnium
625 3804 703 3860 sit
732 3802 1033 3858 Dominus.
1058 3802 1232 3857 Stans
1263 3801 1418 3856 enim
1452 3800 1512 3855 in
1544 3800 1735 3856 medio
1766 3801 1973 3873 plebis,

326 3895 515 3950 dixit:
551 3916 579 3943 ‹‹
613 3892 733 3947 Viri
788 3892 1019 3957 fratres,
1048 3907 1153 3945 vos
1202 3889 1363 3944 scitis
1413 3890 1567 3961 quod
1620 3889 1836 3945 factum
1885 3894 1977 3946 est

325 4007 351 4033 ‹‹
385 3983 628 4037 verbum
675 3996 778 4051 per
818 3978 1152 4033 universam
1180 3977 1467 4043 Judaaam,
1498 3976 1783 4049 incipiens
1815 3979 1972 4035 enim

323 4095 351 4120 ‹‹
386 4087 421 4126 a
450 4069 687 4127 Galilma
716 4072 846 4140 post
874 4067 1235 4138 baptismum
1262 4067 1416 4139 quod
1439 4066 1768 4138 praedicavit
1794 4068 1970 4123 Joan-

321 4183 347 4209 ‹‹
385 4175 510 4225 nes,
540 4157 745 4214 Jesum
775 4174 810 4212 a
838 4154 1142 4211 Nazareth.
1180 4177 1207 4205 ››
1240 4155 1451 4211 Totum
1501 4154 1596 4210 hic
1626 4155 1842 4227 pariter
1869 4156 1971 4212 de-

320 4250 685 4303 monstratur
712 4245 868 4318 quod
893 4245 1181 4299 mundum
1214 4244 1330 4299 Deo
1352 4242 1722 4300 reconciliare
1749 4244 1968 4300 missus

317 4336 394 4391 sit
413 4334 703 4403 Christus,
722 4334 977 4391 Joannes
998 4349 1131 4388 vero
1154 4336 1244 4387 est
1263 4335 1646 4403 praeconatus,
1666 4333 1821 4405 quod
1845 4332 1969 4404 Spi-

315 4424 430 4480 ritu
457 4428 658 4480 sancto
683 4425 1020 4495 perunctus,
1036 4421 1190 4493 quod
1215 4421 1329 4476 Deo
1352 4420 1715 4476 inhabitante
1734 4437 1838 4494 per
1864 4421 1968 4478 mi-

314 4511 515 4568 racula
544 4510 891 4576 declaratus,
907 4510 1058 4581 quod
1075 4509 1416 4582 crucifixus,
1432 4514 1489 4564 et
1508 4525 1543 4564 a
1563 4509 1810 4565 mortuis
1832 4527 1962 4566 sus-

312 4600 546 4666 citatus,
581 4598 736 4671 quod
759 4598 941 4667 judex
970 4597 1046 4653 sit
1093 4595 1358 4652 omnium
1390 4597 1449 4651 in
1501 4597 1614 4653 {ine
1656 4602 1957 4668 venturus,

309 4689 464 4761 quod
490 4688 666 4744 etiam
691 4685 1004 4743 Ecclesium
1029 4703 1196 4742 suam
1225 4702 1328 4757 per
1356 4685 1532 4741 ﬁdem
1562 4689 1683 4742 toto
1713 4686 1792 4742 sit
1819 4687 1959 4744 orbe

308 4777 768 4833 illuminaturus.
803 4774 1061 4846 Denique
1092 4774 1471 4847 subjungitur
1502 4790 1515 4827 :

380 4887 407 4915 ‹‹
441 4868 741 4931 Quomodo
792 4864 958 4919 unxit
1002 4880 1137 4919 eum
1191 4868 1338 4919 Deus
1381 4861 1598 4934 Spiritu
1649 4868 1852 4919 sancto
1900 4869 1958 4921 et

304 4976 332 5002 α
368 4954 595 5009 virtute.
624 4976 652 5002 ››
688 4953 906 5009 Unctus
937 4957 1026 5008 est
1054 4968 1191 5025 ergo
1218 4951 1389 5007 Jesus
1422 4967 1539 5006 non
1572 4949 1697 5007 oleo
1718 4952 1953 5016 visibili.

303 5041 402 5095 sed
437 5041 589 5096 dono
621 5040 817 5112 gratiae
847 5039 1150 5113 spiritalis,
1174 5056 1301 5111 quae
1324 5040 1522 5095 omnia
1541 5038 1788 5113 pleniter
1816 5058 1954 5097 con-

301 5127 524 5184 tinebat
542 5129 695 5200 quod
716 5128 922 5184 visibili
946 5128 1314 5200 significatur
1333 5132 1651 5200 unguento.
1670 5128 1833 5192 Quod
1857 5130 1954 5186 ba-

301 5216 553 5289 ptizatus
582 5217 753 5289 ungit
808 5216 1145 5282 Ecclesiam,
1177 5217 1319 5271 dum
1369 5233 1472 5289 per
1517 5217 1949 5290 impositionem

300 5321 513 5361 manus
537 5304 815 5377 episcopi,
850 5302 1103 5376 Spiritus
1133 5303 1489 5376 septiformis
1534 5303 1854 5374 invocatur,
1889 5308 1947 5362 in

298 5410 418 5467 qua
447 5392 832 5450 similitudine
881 5409 1059 5465 super
1103 5409 1239 5449 eum
1288 5393 1646 5466 baptizatum
1695 5395 1949 5468 Spiritus

297 5485 538 5539 sanctus
569 5482 629 5538 in
658 5480 850 5555 specie
879 5480 1161 5537 columbae
1192 5482 1492 5538 descendit
1518 5484 1696 5556 (Joan.
1722 5487 1946 5555 1),tunc

362 5623 396 5667 a
428 5605 530 5667 Hic
561 5608 722 5666 deest
753 5604 993 5684 aliquid,
1028 5605 1115 5663 vel
1148 5606 1425 5665 abundat.

2100 3318 2228 3370 mae,
2262 3303 2497 3374 quando
2528 3303 2680 3359 Deus
2713 3304 2932 3361 deserit
2956 3320 3084 3361 eam
3118 3306 3190 3361 ob
3221 3317 3588 3378 peccatorum
3622 3326 3751 3365 ma-

2096 3389 2487 3461 gnitudinem.
2523 3390 2797 3464 Corporis
2826 3409 2987 3449 mors
3011 3398 3122 3461 est,
3147 3394 3382 3466 quando
3436 3395 3510 3450 ab
3547 3396 3751 3451 anima

2094 3477 2403 3534 deseritur.
2422 3480 2509 3534 Ab
2543 3479 2636 3535 his
2666 3480 2898 3537 duobus
2929 3483 3136 3538 mortis
3157 3483 3469 3556 generibus
3502 3485 3753 3540 resusci-

2092 3570 2269 3634 tatos,
2288 3568 2438 3623 duas
2455 3568 2709 3625 dicimus
2728 3571 3208 3627 resurrectiones.
3224 3572 3390 3627 Nunc
3411 3577 3606 3629 autem
3621 3574 3746 3629 ani-

2091 3672 2322 3711 marum
2357 3656 2415 3712 in
2445 3656 2702 3714 Ecclesia
2731 3675 2833 3730 per
2863 3659 3074 3715 Filium
3108 3660 3207 3716 Dei
3222 3660 3353 3731 (hoc
3374 3665 3481 3729 est,
3495 3662 3744 3718 verbum

2087 3744 2214 3814 Dei)
2237 3745 2302 3799 ﬁt
2331 3747 2702 3816 resurrectio,
2735 3749 2972 3819 quando
2999 3764 3104 3820 per
3127 3748 3378 3821 gratiam
3416 3749 3518 3804 Dei
3557 3749 3746 3806 viviti-

2087 3832 2197 3889 cati
2221 3840 2537 3907 resurgunt
2557 3852 2592 3890 a
2612 3842 2797 3891 morte
2829 3836 3179 3909 iniquitatis,
3214 3838 3283 3892 Et
3305 3838 3424 3892 haac
3440 3843 3530 3893 est
3545 3839 3741 3911 prima

2083 3924 2455 3991 resurrectio,
2488 3940 2665 3996 quam
2699 3924 2799 3997 qui
2830 3924 3045 3981 habent
3076 3926 3133 3980 in
3166 3927 3423 3982 secunda
3468 3943 3597 3999 qua:
3643 3935 3739 3984 est

2082 4027 2413 4083 corporum,
2447 4010 2696 4068 fideliter
2742 4018 3048 4086 resurgent
3097 4014 3153 4069 in
3203 4014 3382 4070 vitam
3428 4019 3732 4072 aeternam.

2082 4100 2409 4172 Resurgent
2438 4101 3051 4174 impii,unusquisquc
3083 4103 3140 4157 in
3162 4119 3335 4159 carne
3364 4119 3492 4165 sua,
3507 4108 3574 4159 ut
3590 4121 3731 4160 cum

2078 4187 2309 4244 diabolo
2339 4192 2397 4244 et
2426 4189 2648 4263 angelis
2674 4191 2805 4261 ejus
2836 4191 3158 4263 puniantur
3186 4192 3402 4264 (Matth.
3426 4192 3581 4263 xxv).
3609 4193 3731 4249 lloc

2078 4277 2403 4333 certissime
2431 4278 2737 4333 sciendum
2759 4285 2867 4345 est,
2884 4280 3022 4352 quia
3036 4297 3207 4336 nemo
3227 4281 3338 4337 nisi
3363 4298 3466 4353 per
3497 4282 3726 4338 indebi-

2074 4370 2195 4420 tam
2228 4365 2687 4422 misericordiam
2718 4367 2820 4424 Dei
2852 4368 3289 4440 liherabitur,et
3317 4369 3431 4425 nisi
3445 4386 3549 4442 per
3568 4370 3733 4425 debi-

2074 4458 2199 4509 tum
2224 4455 2516 4525 judicium
2550 4456 2946 4513 damnabitur.
2980 4459 3145 4514 Tunc
3177 4458 3365 4513 sancti
3395 4458 3584 4517 scient
3604 4458 3726 4531 ple-

2073 4542 2208 4599 nius
2238 4543 2379 4615 qnid
2409 4543 2546 4599 boni
2574 4544 2658 4601 eis
2689 4545 3001 4602 contulerit
3047 4545 3236 4620 gratia
3281 4546 3404 4615 Dei,
3438 4546 3527 4603 vel
3578 4548 3721 4620 quid

2068 4636 2265 4687 essent
2294 4632 2672 4702 consecuti,si
2692 4634 2888 4690 divina
2916 4652 3017 4691 eos
3047 4636 3302 4709 gratuito
3335 4653 3579 4692 munere
3602 4654 3718 4692 non

2066 4718 2343 4793 elegisset
2357 4720 2942 4780 misericordia.Tunc
2956 4723 3200 4797 eritipse
3213 4729 3366 4780 Deus
3377 4728 3715 4781 sanctorum

2065 4810 2340 4877 societas,
2360 4810 2663 4866 beatorum
2679 4811 3044 4882 jucunditas,
3060 4812 3330 4868 etomnia
3349 4828 3714 4886 quacunque

2066 4899 2138 4954 ab
2163 4899 2249 4954 eis
2272 4897 2513 4954 honeste
2535 4899 2849 4955 desiderari
2873 4906 3214 4972 possunt,et
3238 4901 3374 4972 vita,
3387 4906 3445 4957 et
3459 4901 3641 4969 salus,
3655 4907 3714 4955 et

2064 4988 2251 5060 cepia,
2284 4985 2491 5059 gloria,
2522 4991 2580 5044 et
2608 4987 2812 5056 honor,
2836 4994 2894 5044 et
2925 5006 3057 5062 pax,
3075 4996 3291 5046 aeterna
3320 4990 3711 5057 beatitudo,et

2060 5076 2232 5131 beata
2279 5076 2589 5143 aeternitas,
2629 5076 2722 5132 cui
2769 5077 2847 5133 sit
2893 5078 3080 5135 honor
3120 5083 3178 5134 et
3217 5078 3403 5152 gloria
3448 5096 3606 5136 nunc
3651 5081 3708 5133 et

2061 5181 2293 5238 semper
2321 5170 2378 5220 et
2403 5165 2461 5220 in
2493 5165 2705 5221 sacula
2730 5166 3099 5224 saculorum.
3133 5170 3336 5223 Amen.

2592 5298 2898 5355 HOMILIA
2937 5300 3146 5357 LXXII.

2481 5404 2646 5444 l-‘ERIA
2684 5405 2939 5445 SECUNDA
2978 5406 3227 5445 PASCHJE.

2129 5484 2284 5559 (Luc.
2336 5486 2511 5559 xxxv.)
2552 5509 2580 5536 ‹‹
2633 5485 2695 5541 In
2746 5485 2845 5541 illo
2893 5491 3199 5561 tempore:
3248 5491 3373 5543 Duo
3413 5503 3484 5543 ex
3525 5484 3697 5544 disci-
