3872 6170
178 319 276 377 457

1390 320 1742 381 HOMlLl/E
1788 320 1885 378 DE
1932 319 2333 379 TEMPORE.
2377 321 2383 325 ’

3443 321 3562 387 458

180 475 202 501 «
220 451 356 523 palis
373 452 514 508 Jesu
539 452 702 507 ibant
722 451 850 524 ipsa
871 452 963 507 die
984 451 1039 507 in
1064 451 1393 522 castellum,
1417 452 1569 524 quod
1595 450 1796 507 eratin
1828 455 1881 520 Α
1913 468 2074 506 mum
2100 451 2438 507 milliarium
2454 453 3283 525 pervcnerant,quandoillum
3302 456 3358 512 in
3375 459 3569 530 sepul-

183 564 204 591 ι(
224 540 390 613 spatio
414 541 741 596 stadiorum
773 542 1074 613 sexaginta
1105 542 1177 596 ab
1198 541 1547 606 Jerusalem,
1574 540 1807 596 nomine

182 631 502 685 «Emmaus.
527 652 555 681 ››
588 631 658 685 Et
682 629 926 702 reliqua.
963 633 1022 686 ln
1058 631 1292 687 exordio
1331 630 1512 701 hujus
1540 629 1806 686 lectionis

183 718 304 775 solet
333 734 558 774 movere
588 717 901 775 nonnullos
930 719 1001 773 ad
1035 720 1415 791 quaerendum
1439 718 1680 791 qninam
1708 718 1805 775 isti

182 809 276 862 duo
297 806 568 879 discipuli
596 806 834 874 fuerint,
874 807 972 879 qui
997 807 1125 880 ipsa
1145 806 1237 863 die
1262 807 1701 863 resurrectionis
1733 808 1804 863 ab

180 893 467 952 Jerusalem
494 895 845 963 recedentes,
870 896 941 951 ad
965 896 1272 953 castellum
1295 898 1574 953 Emmaus
1604 894 1806 969 prope—

179 984 422 1041 raverint.
448 985 611 1050 Quod
634 983 788 1039 enim
813 1002 881 1040 ex
901 985 1209 1041 duodecim
1235 985 1510 1057 apostolis
1540 1003 1657 1042 non
1681 987 1805 1043 fue-

179 1074 292 1140 rint,
323 1073 377 1127 in
404 1074 518 1127 {ine
549 1072 728 1145 hujus
758 1072 1025 1129 lectionis
1055 1074 1412 1147 evangelista
1442 1077 1803 1147 comprobat,

177 1179 288 1218 cum
316 1161 455 1217 dicit
486 1178 585 1217 eos
631 1179 893 1219 reversos
923 1163 983 1218 in
1014 1163 1361 1229 Jerusalem,
1411 1168 1469 1219 et
1515 1164 1805 1221 invenisse

175 1255 528 1324 congregatos
560 1251 853 1307 undecim.
887 1251 1049 1308 Unde
1076 1257 1315 1324 apparet
1344 1270 1443 1310 eos
1473 1271 1538 1309 ex
1569 1259 1804 1325 septua-

175 1340 312 1413 ginta
328 1339 507 1394 fuisse
535 1339 860 1413 discipulis,
885 1357 998 1396 non
1022 1358 1089 1396 ex
1105 1342 1412 1398 duodecim
1429 1341 1806 1415 apostolis.Et

174 1429 325 1484 unius
355 1445 567 1484 nomen
600 1428 836 1501 quidem
882 1429 1038 1485 infra
1068 1430 1417 1499 declaratur,
1449 1432 1542 1487 cui
1591 1448 1802 1487 nomen

174 1515 429 1589 Cleophas
443 1517 624 1572 fuisse
637 1518 853 1574 dicitur
868 1535 879 1573 :
897 1518 1147 1575 alterum
1166 1537 1297 1575 vero
1312 1520 1580 1576 nonnulli
1595 1524 1806 1593 putant

172 1612 412 1661 vocatum
438 1606 1151 1673 fuisseEmmaus,sicutet
1168 1609 1473 1664 castellum
1488 1613 1603 1681 quo
1618 1610 1803 1679 ibant,

171 1701 217 1750 et
243 1695 361 1751 ideo
396 1696 764 1768 superfluum
786 1697 976 1753 visum
1002 1697 1181 1753 fuisse
1202 1698 1565 1771 cvangelistae
1597 1703 1663 1753 ut
1686 1715 1802 1754 uno

168 1784 304 1839 brevi
335 1784 621 1840 versiculo
654 1803 837 1841 unum
861 1803 1072 1842 nomen
1093 1788 1437 1859 geminaret.
1463 1786 1593 1867 Allii
1625 1788 1798 1843 etiam
1832 1826 1880 1892 Β

167 1873 507 1930 arbitrantur
536 1873 693 1929 hunc
725 1874 905 1930 fuisse
951 1875 1166 1931 Lucam
1211 1861 1647 1948 evangelistam,
1700 1878 1799 1949 qui

166 1962 259 2017 hoc
290 1963 527 2035 scripsit
555 1962 944 2035 evangelium,
975 1970 1032 2020 et
1053 1964 1406 2020 humilitatis
1427 1982 1606 2021 causa
1627 1983 1800 2022 suum

165 2068 361 2107 nomen
386 2051 642 2108 siluisse.
675 2053 1044 2109 Consuetudo
1066 2054 1222 2110 enim
1246 2058 1335 2109 est
1355 2060 1690 2110 sanctorum
1714 2061 1801 2122 ut,

163 2157 279 2195 cum
311 2141 379 2197 de
408 2157 472 2196 se
504 2140 653 2197 mira
695 2144 749 2195 et
790 2157 1006 2215 magna
1035 2142 1376 2219 loquuntur,
1411 2146 1647 2215 propter
1693 2162 1798 2201 cu-

161 2230 393 2285 stodiam
442 2229 821 2297 humilitatis,
865 2231 949 2285 sic
979 2232 1049 2287 de
1081 2249 1189 2287 sua
1232 2249 1481 2304 persona
1530 2234 1695 2303 quasi
1731 2234 1800 2289 de

158 2316 336 2374 aliena
379 2318 718 2390 loquantur,
751 2319 903 2375 sicut
955 2321 1179 2393 Moyses
1229 2321 1434 2377 fecisse
1484 2321 1796 2391 invenitur,

158 2409 247 2478 qui
278 2408 360 2464 sic
389 2410 460 2464 de
490 2426 552 2464 se
587 2409 756 2481 quasi
776 2410 848 2465 de
871 2410 982 2465 alio
1005 2411 1368 2483 loquebatur,
1402 2411 1639 2468 dicens:
1672 2436 1698 2462 ‹‹
1732 2413 1802 2467 Et

156 2502 269 2551 erat
299 2497 525 2571 Moyses
553 2498 643 2553 vir
672 2499 1022 2554 mitissimus
1066 2517 1246 2572 super
1271 2518 1474 2557 omnes
1506 2501 1795 2571 homines,

157 2584 247 2656 qui
278 2588 659 2642 morabantur
704 2585 763 2641 in
816 2593 970 2644 terra
1010 2589 1195 2658 (Nam.
1232 2593 1313 2658 ιι).
1350 2612 1377 2639 ››
1430 2589 1714 2647 Similiter
1744 2597 1799 2646 et

158 2673 352 2731 beatus
373 2675 478 2731 Job
500 2675 572 2730 de
594 2691 676 2742 se,
701 2677 865 2748 quasi
889 2678 961 2733 de
982 2677 1096 2733 alio
1127 2677 1233 2732 ait:
1261 2702 1287 2727 «
1319 2678 1419 2732 Vir
1440 2684 1562 2734 erat
1592 2678 1649 2733 in
1684 2683 1797 2734 ter-

160 2779 217 2818 ra
235 2763 371 2832 Hus,
392 2766 629 2821 nomine
647 2765 911 2837 Job(.lob.
938 2768 996 2838 1).
1017 2790 1045 2816 ››
1067 2767 1172 2830 Qui
1197 2767 1349 2822 enim
1378 2768 1590 2822 Lucam
1612 2785 1794 2824 unum

159 2866 221 2907 ex
250 2852 339 2908 his
366 2854 596 2910 duobus
638 2855 945 2927 discipulis
978 2857 1158 2912 fuisse
1192 2861 1419 2929 putant,
1473 2858 1796 2912 secundum

159 2938 597 3015 hocexemplum
622 2960 795 3000 suum
819 2961 1028 3000 nomen
1047 2944 1281 3001 siluisse
1302 2946 1525 3001 dicunt.
1543 2947 1652 3001 Sed
1676 2947 1801 3018 qui-

156 3027 290 3085 libet
329 3031 536 3086 horum
569 3032 761 3099 fuerit,
802 3033 1105 3089 sciendum
1137 3038 1245 3101 est,
1280 3033 1419 3105 quia
1447 3035 1518 3090 de
1568 3034 1797 3090 Domini

159 3119 569 3176 resurrectione
598 3120 761 3177 dubii
793 3121 865 3176 ab
895 3121 1221 3177 Jerusalem
1257 3123 1620 3189 recedebant,
1644 3124 1797 3195 quod

1914 555 2009 595 cro
2024 540 2367 596 collocatum
2383 541 2726 597 didicerant.
2746 543 2956 597 Verum
2976 548 3241 599 octavum
3254 544 3567 605 dimidium

1913 629 2438 701 pert’ecerant,quia
2457 647 2589 686 eum
2614 632 2778 703 prius
2806 637 3277 689 resurrecturum
3309 634 3569 691 credide-

1913 721 2066 783 rant,
2102 718 2204 773 sed
2234 735 2303 774 ex
2332 720 2460 790 ejus
2492 720 2914 776 resurrectione
2943 719 3104 776 dubii
3139 722 3211 776 ab
3244 721 3568 779 Jerusalem

1913 806 2279 862 recedebant.
2313 807 2424 863 Sed
2458 806 2724 879 quamvis
2763 808 2835 864 de
2865 808 3099 864 Domini
3148 812 3569 868 resurrectione

1913 894 2077 949 dubii
2105 896 2176 950 ab
2200 895 2524 952 Jerusalem
2544 898 2898 966 recederent,
2915 898 2987 953 ab
3005 900 3133 969 ejus
3152 904 3349 956 tamen
3372 916 3569 957 amore

1913 983 2179 1039 funditus
2210 1001 2326 1040 non
2349 990 2726 1042 recesserant.
2751 986 2914 1042 Unde
2944 991 3003 1043 et
3022 988 3169 1043 bene
3197 988 3491 1046 subditur.

1986 1096 2011 1122 ‹‹
2045 1074 2113 1128 Et
2144 1074 2257 1145 ipsi
2284 1074 2673 1147 loquebantur
2693 1077 2767 1130 ad
2800 1074 3049 1132 invicem
3080 1076 3152 1132 de
3175 1076 3269 1132 his
3290 1079 3566 1135 omnibus

1914 1185 1941 1211 «
1977 1178 2105 1233 quae
2136 1163 2489 1218 acciderant.
2525 1185 2552 1212 ››
2584 1164 2920 1219 Notandum
2952 1169 3146 1220 autem
3181 1165 3319 1237 quia
3350 1183 3464 1223 non
3493 1168 3567 1223 de

1913 1250 2249 1322 superﬂuis,
2282 1268 2397 1306 non
2427 1253 2497 1307 de
2538 1253 2982 1325 vacuis,-neque
3012 1269 3081 1308 ea
3109 1270 3237 1325 qua
3269 1255 3341 1310 ad
3372 1256 3567 1311 detra-

1913 1338 2162 1395 ctionem
2187 1339 2496 1411 pertinent,
2521 1356 2711 1412 neque
2731 1341 2918 1396 risum
2942 1342 3234 1399 moventia
3253 1341 3569 1415 loqueban-

1912 1431 2027 1494 tur,
2048 1429 2148 1483 sed
2181 1429 2253 1483 ad
2288 1428 2531 1484 invicem
2551 1429 2622 1484 de
2644 1428 2736 1484 his
2767 1430 3042 1484 omnibus
3075 1446 3189 1502 qua
3211 1430 3563 1501 acciderant,

1912 1513 2135 1570 scilicet
2171 1515 2423 1587 qualiter
2451 1523 2827 1573 conversatus
2847 1521 3001 1573 esset
3031 1517 3331 1589 innocens,
3355 1524 3413 1574 et
3441 1520 3567 1576 sine

1912 1604 2149 1674 querela
2172 1604 2229 1660 in
2254 1606 2495 1673 mundo,
2520 1605 2771 1677 qualiter
2791 1606 2962 1679 signa
2982 1611 3040 1661 et
3064 1607 3349 1663 miracula
3371 1624 3569 1681 opera-

1912 1697 2008 1748 tus
2042 1693 2141 1760 sit,
2178 1695 2469 1766 quomodo
2499 1694 2649 1749 odiis
2695 1695 2992 1751 Juaaorum
3023 1700 3081 1751 et
3109 1696 3421 1752 calumniis
3447 1702 3565 1754 tra-

1911 1782 2069 1838 ditus
2099 1782 2177 1839 sit
2204 1784 2275 1837 ad
2306 1783 2791 1856 cruciﬁgendum,
2826 1785 3078 1857 qualiter
3115 1802 3177 1841 se
3207 1791 3564 1843 resurrectu-

1913 1888 2043 1926 rum
2066 1872 2430 1943 praedixerat,
2455 1874 2610 1944 quod
2638 1875 2900 1946 nondum
2932 1873 3226 1931 videbant.
3260 1875 3408 1940 Quia
3428 1891 3565 1948 ergo

1911 1960 2033 2015 haec
2064 1966 2120 2016 et
2150 1961 2492 2032 hujusmodi
2524 1961 2594 2016 de
2625 1960 2726 2017 illo
2768 1961 3178 2034 loquebantur,
3229 1963 3475 2035 contigit
3503 1968 3567 2019 ut

1910 2049 2086 2105 etiam
2108 2049 2295 2117 illum,
2321 2066 2497 2121 quem
2530 2051 2832 2107 absentem
2861 2052 3165 2124 putabant,
3189 2052 3568 2125 corporaliter

1909 2138 2255 2208 viderent,et
2276 2139 2335 2193 in
2357 2138 2450 2194 his
2471 2139 2647 2195 etiam
2670 2140 2741 2194 ad
2764 2138 3017 2217 litteram
3040 2157 3208 2196 suam
3230 2140 3568 2213 promissio-

1912 2244 2045 2283 nem
2068 2227 2353 2284 Dominus
2384 2226 2749 2301 adimpleret,
2786 2229 2842 2283 in
2872 2246 2987 2301 qua
3012 2228 3191 2284 dicit:
3245 2252 3271 2279 ‹‹
3304 2229 3411 2284 Ubi
3442 2229 3563 2285 fue-

1909 2317 2028 2371 rint
2048 2318 2162 2372 duo
2181 2317 2267 2372 vel
2290 2322 2408 2374 tres
2429 2318 2761 2389 congregati
2794 2317 2853 2374 in
2881 2317 3117 2374 nomine
3147 2335 3295 2387 meo,
3330 2318 3409 2374 ibi
3431 2334 3564 2374 sum

1910 2407 1967 2460 in
2004 2407 2193 2462 medio
2233 2424 2435 2462 eorum
2467 2407 2670 2479 (Matth.
2704 2412 2884 2475 xvm).
2911 2430 2938 2455 ››
2974 2407 3133 2463 Unde
3164 2412 3220 2462 et
3249 2408 3560 2464 subditur:

1980 2518 2007 2546 «
2042 2497 2111 2551 Et
2142 2496 2360 2551 factum
2393 2500 2500 2563 est,
2525 2497 2665 2551 dum
2690 2496 3095 2552 t‘abularentur
3114 2501 3171 2552 et
3191 2512 3389 2552 secum
3417 2510 3568 2569 quaa-

1912 2606 1940 2634 «
1963 2589 2173 2653 rerent,
2190 2590 2247 2640 et
2261 2585 2386 2657 ipse
2403 2584 2434 2639 J
2440 2602 2575 2640 esus
2589 2585 3068 2657 appropinquans
3089 2585 3209 2641 ibat
3229 2602 3364 2640 cum
3388 2585 3563 2642 illis.»

1908 2672 2017 2728 Ubi
2035 2674 2359 2728 notandum
2373 2673 2529 2744 quia,
2540 2674 2707 2744 juxta
2720 2672 2936 2728 mentis
2949 2672 3183 2729 illorum
3197 2674 3562 2745 qualitatem,

1907 2761 2195 2818 Dominus
2226 2778 2396 2817 suam
2419 2761 2692 2816 formavit
2711 2760 3155 2832 apparitionem.
3192 2761 3280 2817 Illi
3312 2761 3472 2817 enim
3503 2763 3562 2817 in

1908 2852 2080 2907 corde
2110 2850 2424 2906 Dominum
2443 2849 2740 2918 amabant,
2765 2851 2868 2906 sed
2892 2850 2962 2906 de
2982 2851 3112 2922 ejus
3137 2850 3563 2906 resurrectione

1907 2939 2273 2996 dubitabant.
2314 2939 2596 2995 Dominus
2627 2942 2823 2995 autem
2856 2940 2942 2996 eis
2973 2940 3033 2996 in
3064 2954 3304 3013 corpore
3325 2956 3563 3013 appare-

1909 3029 2028 3095 bat,
2062 3029 2164 3084 sed
2194 3028 2329 3101 quis
2357 3033 2512 3084 esset
2554 3046 2669 3084 non
2718 3029 3177 3085 demonstrabat.
3229 3029 3377 3092 Quia
3423 3043 3560 3102 ergo

1908 3119 2185 3174 amabant
2214 3118 2523 3174 videbant:
2548 3117 2688 3190 quia
2715 3135 2847 3173 vero
2878 3119 2950 3174 de
2981 3119 3109 3189 ejus
3141 3119 3563 3174 resurrectione

160 3219 267 3260 non
283 3206 469 3263 solum
490 3208 704 3274 verbis,
730 3210 827 3264 sed
850 3210 1028 3265 etiam
1054 3210 1217 3265 factis
1236 3210 1347 3283 ipsi
1370 3212 1793 3267 demonstrant.
1827 3196 1870 3262 C
1909 3208 2276 3274 dubitabant,
2299 3224 2432 3263 eum
2462 3224 2639 3279 quem
2668 3207 2962 3279 videbant,
2995 3224 3111 3263 non
3143 3207 3560 3281 agnoscebant.

163 3294 258 3360 Qui
281 3297 431 3352 enim
457 3313 645 3368 usque
664 3297 723 3352 in
747 3298 979 3354 tertiam
1001 3300 1156 3355 diem
1176 3299 1235 3354 in
1256 3299 1574 3355 Jerusalem
1599 3317 1799 3372 exspe-

163 3388 464 3454 ctaverant,
488 3388 847 3443 aestimantes
867 3405 1000 3443 eum
1018 3389 1186 3444 tertia
1202 3389 1295 3444 die
1313 3395 1799 3459 resurrecturum,

165 3470 307 3527 sicut
334 3473 453 3546 ipse
484 3465 856 3547 promiserat,
890 3477 1027 3549 quia
1059 3478 1431 3549 sponsionem
1481 3495 1596 3533 non
1642 3478 1802 3534 vide-

163 3566 304 3630 rant,
329 3563 679 3634 dubitantes,
700 3564 771 3621 ab
789 3565 1112 3621 Jerusalem
1136 3567 1500 3622 recedebant.
1517 3567 1627 3623 Sed
1650 3567 1805 3640 igno-

165 3652 432 3708 scendum
466 3658 555 3710 est
583 3671 784 3709 eorum
821 3654 1140 3727 fragilitati,
1165 3655 1466 3726 quoniam,
1491 3656 1645 3711 sicut
1664 3655 1806 3712 dicit

164 3742 525 3813 evangelista,
550 3744 811 3798 nondum
831 3747 953 3798 erat
970 3743 1220 3815 Spiritus
1233 3745 1425 3812 datus,
1443 3769 1469 3795 «
1487 3745 1804 3817 quiaJesus

166 3831 413 3885 nomium
439 3832 627 3887 fuerat
657 3830 1015 3905 gloriﬁcatus
1045 3832 1231 3901 (Joan.
1263 3837 1387 3901 vn.)
1413 3856 1440 3883 ››
1468 3833 1631 3889 Unde
1664 3835 1808 3890 bene

176 3918 408 3987 Spatium
457 3920 708 3987 itineris,
740 3937 856 3993 quo
891 3921 1226 3988 tendebant,
1276 3939 1476 3977 eorum
1511 3923 1808 3979 mentibus

178 4018 470 4080 congruere
496 4010 589 4064 vid
599 4013 746 4066 etur.
766 4008 1074 4082 Sexaginta
1093 4009 1249 4066 enim
1272 4011 1464 4066 stadia
1485 4011 1556 4066 ab
1576 4010 1810 4067 Jerusa-

179 4088 274 4151 lem
308 4114 487 4171 usque
517 4099 798 4155 Emmaus
848 4103 1237 4155 numerantur
1267 4100 1534 4155 Stadium
1583 4101 1741 4155 enim
1775 4118 1809 4157 a

178 4186 364 4243 stando
407 4187 631 4243 dictum
663 4192 773 4256 est,
806 4187 893 4244 vel
925 4189 1253 4254 statuendo,
1288 4205 1354 4244 eo
1386 4190 1538 4261 quod
1593 4206 1809 4246 munus

180 4270 391 4344 aliquod
425 4276 484 4331 in
508 4282 667 4333 certo
706 4276 831 4333 loco
854 4280 1208 4333 statueretur
1231 4278 1303 4333 ad
1336 4278 1809 4334 exercitationem

181 4364 616 4421 currentiumEt
637 4382 770 4420 cum
789 4366 943 4438 apud
957 4369 1176 4421 veteres
1194 4365 1518 4422 stadiorum
1536 4384 1812 4423 mensura

180 4445 383 4509 diversa
413 4451 719 4523 habeatur,
770 4452 1014 4526 legitimi
1044 4458 1236 4509 tamen
1290 4455 1461 4509 stadii
1514 4462 1811 4511 auctorem

179 4529 460 4633 Herculem
480 4542 744 4609 tradunt,
767 4542 866 4614 qui
895 4542 1005 4598 sub
1031 4560 1146 4633 uno
1172 4543 1431 4633 anhelitu
1463 4549 1697 4600 centum
1729 4544 1811 4599 vi-
1843 4567 1890 4633 Ι)

180 4624 311 4693 ginti
330 4630 587 4702 quinque
620 4646 831 4703 passus
863 4631 1192 4687 cucurrisse
1215 4632 1450 4701 dicitur,
1478 4649 1543 4688 ac
1561 4649 1663 4705 per
1682 4633 1812 4701 hoc,

179 4712 225 4765 si
244 4720 383 4773 recte
403 4722 794 4790 computetur,
819 4718 1122 4791 sexaginta
1142 4720 1331 4774 stadia
1356 4720 1672 4793 septimum
1698 4721 1824 4776 mil-

181 4794 392 4861 liarium
420 4812 479 4863 et
507 4806 821 4862 dimidium
871 4806 1184 4879 complent.
1233 4809 1301 4863 Et
1330 4825 1429 4864 sex
1461 4809 1695 4880 quidem
1745 4812 1815 4866 ad

180 4883 322 4948 bona
337 4912 509 4967 opera
540 4895 856 4968 pertinent,
882 4896 1021 4967 quia
1057 4912 1157 4951 sex
1187 4897 1312 4952 dies
1342 4902 1480 4952 sunt
1516 4897 1574 4951 in
1604 4898 1820 4969 quibus

178 4970 301 5036 licet
326 4984 549 5056 operari
574 5000 588 5038 :
615 4989 837 5056 septem
862 4987 1059 5039 autem
1082 4985 1153 5039 ad
1177 4985 1439 5056 requiem
1462 4985 1815 5054 animarum,

172 5068 306 5138 quia
324 5073 570 5145 septimo
593 5072 686 5129 die
708 5072 989 5144 requievit
1004 5073 1158 5129 Deus
1171 5074 1244 5127 ab
1257 5074 1533 5129 omnibus
1546 5075 1819 5146 operibus

175 5157 319 5215 suis:
344 5166 470 5217 octo
500 5163 573 5217 ad
602 5162 1108 5229 resurrectionem,
1135 5162 1274 5234 quia
1294 5168 1493 5217 octavo
1515 5163 1606 5218 die
1628 5163 1822 5219 Domi-

175 5258 285 5304 nus
329 5251 663 5308 resurrexit.
715 5252 784 5307 Et
831 5267 935 5323 per
982 5251 1355 5308 Salomonem
1397 5252 1648 5309 dicitur:
1683 5276 1711 5304 ‹‹
1740 5254 1826 5309 Da

178 5341 360 5404 partes
398 5344 645 5413 septem,
689 5357 913 5396 necnon
946 5344 1004 5396 et
1052 5344 1179 5396 octo
1224 5341 1426 5413 (Eccle.
1456 5345 1555 5409 x1).
1590 5364 1617 5392 ››
1650 5341 1825 5408 Quasi

182 5424 325 5482 enim
350 5429 624 5501 discipuli
656 5430 752 5486 isti
779 5434 1009 5486 sextum
1040 5429 1383 5485 milliarium
1416 5447 1548 5486 cum
1582 5433 1826 5488 Domino

190 5521 566 5583 occurrerant,
600 5518 833 5590 quando
872 5518 1087 5574 eumin
1112 5518 1383 5590 praesenti
1403 5519 1523 5575 vita
1560 5520 1617 5575 in
1660 5521 1827 5577 bonis

190 5604 442 5678 operibus
454 5614 896 5665 conversantem
911 5608 1195 5666 viderant.
1213 5609 1389 5677 Quasi
1402 5609 1559 5667 enim
1574 5610 1643 5667 ad
1659 5613 1828 5687 septi-

488 5735 755 5802 Pnson.
802 5736 1073 5801 CXVIII.

1911 3297 2021 3351 Sed
2047 3297 2188 3367 quia
2209 3297 2337 3368 ipsia
2356 3297 2644 3353 dubitatio
2664 3296 2724 3351 in
2746 3296 2981 3352 illorum
3005 3295 3302 3352 mentibus
3320 3311 3389 3350 ex
3409 3296 3562 3351 anti-

1912 3386 2013 3458 qui
2044 3386 2230 3441 hostis
2254 3386 2485 3443 insidiis
2506 3392 2646 3441 nata
2666 3387 2875 3455 fuerat,
2898 3391 3050 3442 recte
3081 3385 3489 3457 subjungitur:

1985 3498 2012 3525 ‹‹
2046 3474 2209 3530 Oculi
2241 3480 2435 3531 autem
2470 3476 2705 3531 illorum
2730 3477 3101 3543 tenebantur,
3127 3491 3200 3530 ne
3230 3491 3365 3530 eum
3394 3489 3568 3547 agno-

1915 3588 1941 3615 ‹‹
1974 3568 2220 3620 soerent.
2248 3588 2270 3616 ι
2310 3565 2684 3620 Tenebantur
2704 3564 2859 3620 enim
2883 3563 3116 3621 illorum
3147 3563 3320 3633 oculi,
3355 3563 3474 3620 sive
3496 3564 3568 3618 ab

1914 3653 2042 3727 ipsa
2064 3653 2448 3720 dubitatione,
2473 3654 2591 3710 sive
2610 3655 2682 3710 ab
2704 3654 2930 3726 antiqui
2944 3653 3128 3709 hostis
3144 3652 3484 3720 tentatione,
3498 3669 3571 3707 ne

1914 3760 2050 3798 eum
2082 3759 2255 3815 quem
2286 3743 2560 3798 videbant
2589 3760 2937 3816 cognoscere
2981 3748 3240 3815 possent.
3274 3742 3381 3808 Qui
3414 3742 3570 3797 enim

1916 3831 2150 3904 propria
2180 3832 2391 3886 virtute
2422 3850 2455 3885 a
2486 3833 2735 3887 mortuis
2766 3832 3099 3900 resurrexit,
3135 3832 3192 3886 in
3225 3848 3345 3903 qua
3382 3829 3572 3903 specie

1912 3919 2118 3987 voluit,
2141 3919 2449 3991 discipulis
2482 3921 2775 3992 apparuit.
2802 3920 2961 3974 Unde
2980 3919 3128 3975 bene
3153 3919 3305 3975 alius
3334 3935 3571 3992 evange-

1914 4006 2051 4065 lista
2083 4008 2259 4064 dicit:
2300 4031 2327 4058 »
2358 4010 2496 4063 Post
2524 4008 2645 4063 haec
2677 4007 2947 4080 apparuit
2990 4008 3221 4064 duobus
3250 4025 3318 4064 ex
3346 4008 3462 4064 illis
3512 4008 3572 4063 in

1919 4121 1946 4150 «
1980 4097 2094 4153 alia
2122 4098 2314 4169 efﬁgie
2342 4098 2532 4166 (Marc.
2566 4100 2704 4168 xv1).
3214 4094 3221 4101 ’

1991 4210 2017 4238 ‹‹
2047 4187 2118 4241 Et
2148 4187 2229 4241 ait
2249 4187 2320 4241 ad
2346 4185 2477 4241 illos
2502 4203 2514 4241 :
2540 4185 2648 4252 Qui
2680 4191 2819 4241 sunt
2843 4186 2902 4241 hi
2925 4202 3227 4242 sermones
3256 4200 3415 4258 quos»
3437 4203 3572 4242 con-

1921 4300 1948 4327 «
1984 4275 2146 4331 fertis
2184 4276 2255 4331 ad
2305 4275 2552 4331 invicem
2584 4274 2973 4342 ambulantes,
3008 4280 3065 4330 et
3092 4276 3234 4331 estis
3262 4275 3460 4330 tristes
3486 4274 3513 4330 ?
3543 4296 3572 4325 »

1919 4366 2045 4421 Non
2077 4366 2355 4439 ignorans
2387 4364 2672 4421 Dominus
2702 4364 3081 4437 interrogavit
3108 4365 3266 4436 quod
3303 4362 3576 4435 discipuli

1920 4454 2320 4526 loquerentur,
2373 4454 2473 4510 sed
2504 4471 2573 4509 ex
2601 4470 2803 4511 eorum
2836 4453 3128 4509 locutione
3157 4453 3351 4509 cordis
3380 4451 3577 4524 requi-

1923 4544 2055 4600 sivit
2086 4544 2535 4613 confessionem,
2558 4548 2623 4599 ut
2652 4541 2995 4615 impleretur
3023 4543 3083 4598 in
3105 4542 3221 4598 illis
3253 4544 3410 4615 quod
3442 4540 3579 4598 alibi

1925 4633 2066 4689 dicit
2090 4651 2103 4688 :
2139 4656 2167 4684 ‹‹
2200 4635 2315 4689 Aut
2343 4650 2411 4689 ex
2433 4650 2529 4689 ore
2549 4637 2650 4688 tuo
2661 4632 3099 4705 justiﬁcaberis,
3124 4636 3226 4688 aut
3251 4649 3321 4688 ex
3352 4648 3450 4688 ore
3480 4634 3580 4686 tuo

1929 4722 2415 4778 condemnaberis
2457 4723 2671 4793 (Matth.
2706 4725 2823 4791 xu).
2859 4743 2886 4769 »
2921 4721 3124 4777 Merito
3156 4724 3350 4777 autem
3382 4719 3582 4775 tristes

1928 4810 2332 4877 ambulabant,
2349 4827 2495 4883 quos
2517 4811 2662 4866 ﬁdes
2692 4810 3130 4867 resurrectionis
3152 4809 3415 4864 nondum
3438 4807 3580 4863 lasti-

1930 4901 2220 4956 ficaverat.
2246 4900 2517 4955 Nondum
2550 4899 2705 4956 enim
2727 4905 2848 4955 erat
2877 4898 3182 4970 impletum
3205 4898 3264 4953 in
3286 4897 3402 4953 illis
3426 4898 3583 4970 quod

1927 4988 2215 5044 Dominus
2266 4989 2698 5061 repromiserat,
2728 4988 2965 5043 dicens:
3018 5011 3045 5037 ‹‹
3078 4987 3340 5043 Tristitia
3392 4991 3585 5043 vestra

1927 5082 2183 5154 vertetur
2214 5077 2273 5132 in
2304 5077 2586 5149 gaudium
2616 5079 2794 5146 (Joan.
2826 5077 2972 5149 xw):
3001 5098 3028 5125 ››
3061 5078 3161 5133 sed
3184 5076 3375 5133 adhuc
3398 5078 3458 5133 in
3487 5076 3588 5133 illa

1935 5168 2229 5223 sententia
2276 5168 2640 5233 tenebantur,
2695 5183 2821 5237 quae
2852 5167 2969 5221 ait:
3023 5192 3051 5219 ‹‹
3084 5168 3339 5225 Mundus
3388 5173 3587 5225 autem

1935 5256 2235 5327 gaudebit,
2255 5272 2358 5311 vos
2387 5272 2519 5310 vero
2549 5255 2931 5312 tristabimini
2952 5258 3160 5331 (Ibid):
3187 5280 3214 5307 »
3247 5259 3395 5314 Nam
3417 5259 3589 5331 cujus

1936 5346 2015 5400 rei
2037 5344 2222 5418 gratia
2241 5345 2437 5401 tristes
2457 5344 2812 5414 incederent,
2839 5364 2992 5404 unus
3014 5364 3237 5418 eorum,
3262 5347 3357 5405 cui
3378 5364 3590 5405 nomen

1936 5434 2237 5506 Gleophas,
2269 5433 2543 5501 ostendit,
2577 5450 2713 5490 cum
2744 5435 2859 5492 ait:

2010 5548 2037 5574 ((
2070 5523 2154 5577 Tu
2188 5522 2351 5578 solus
2401 5523 2743 5596 peregrinus
2767 5543 2830 5604 es
2880 5526 2937 5581 in
2969 5527 3315 5605 Jerusalem,
3367 5531 3425 5584 et
3474 5540 3589 5583 non

1938 5637 1966 5667 ‹‹
2000 5611 2320 5689 cognovisti
2352 5630 2479 5689 quae
2512 5614 2662 5672 facta
2691 5621 2832 5675 sunt
2861 5616 2920 5673 in
2945 5617 3042 5675 illa
3063 5618 3155 5676 his
3177 5617 3432 5675 diebus?
3452 5637 3478 5665 υ
3512 5615 3590 5670 Ac

3197 5743 3273 5805 16
