4012 6174
445 342 563 401 459

985 333 1391 397 HAYMONIS
1438 332 1972 393 HALBERSTAT.
2023 328 2270 390 EPISC.
2319 331 2489 391 QPP.
2536 332 2764 395 PARS.
2815 333 2892 394 ll.
2928 366 3000 379 -—-
3036 333 3310 395 ΗΟΜΙῙ..

3708 346 3805 405 itit)

442 476 488 529 si
527 473 773 529 diceret:
794 469 1092 536 Quomodo
1123 485 1189 523 ex
1222 468 1497 522 omnibus
1525 470 1581 520 tu
1609 465 1770 520 solus
1798 480 2094 519 remanere
2125 464 2175 529 Α
2210 464 2374 519 fortis
2404 465 2684 538 restringe
2706 466 2996 522 luxuriam
3021 468 3156 536 (Job.
3182 469 3430 540 xxxvug‘.
3460 494 3481 516 υ
3522 471 3649 527 llinr
3677 483 3725 531 et
3751 480 3795 534 in

441 560 704 634 potuisti,
730 565 793 614 ut
814 560 1116 631 ignorarea
1136 575 1203 613 ea
1223 576 1348 627 qua:
1367 557 1519 610 facta
1540 560 1681 610 sunt
1703 554 1795 609 his
1817 552 2095 608 diebusin

436 647 787 715 Jerusalem,
812 647 1065 702 maxime
1087 649 1302 711 autem,
1327 661 1458 701 cum
1485 648 1717 716 propter
1739 641 2096 715 magnitudi-

439 754 573 795 nem
600 752 771 793 suam
803 735 948 791 nulli
980 752 1108 791 esse
1151 734 1449 806 incognita
1483 733 1762 804 possint?
1808 732 1920 787 Sed
1953 730 2097 786 illud

444 824 1006 901 praetermittendum
1042 841 1156 879 non
1176 827 1286 888 est,
1310 823 1465 894 quod
1497 823 1554 877 in
1587 820 1875 894 peregrini
1906 819 2098 893 specie

448 915 733 973 Dominus
755 916 888 985 post
902 928 1070 968 suam
1097 911 1581 968 resurrectionem
1600 909 1906 982 discipulis
1930 925 2103 981 appa-

450 1020 576 1061 rere
602 1002 806 1059 voluit.
839 1001 1183 1074 Peregrinus
1230 1000 1386 1056 enim
1431 1004 1555 1056 erat
1592 1000 1728 1065 illis,
1763 1017 1796 1055 a
1848 1016 2099 1071 quorum

454 1090 805 1148 mortalitate
835 1089 1007 1161 longe
1036 1087 1308 1143 distabat.
1356 1088 1485 1143 Sive
1516 1090 1669 1142 certe
1700 1086 1755 1141 in
1811 1085 2101 1159 peregrini

452 1179 644 1253 specie
663 1177 953 1251 apparuit,
978 1181 1043 1232 ut
1060 1193 1262 1232 eorum
1288 1182 1513 1231 mentes
1541 1177 1611 1231 ad
1641 1176 2102 1231 misericordiam

453 1270 808 1341 provocaret,
842 1272 901 1321 et
928 1283 1062 1321 eum
1096 1282 1268 1337 quem
1301 1265 1482 1320 Deum
1517 1266 1774 1320 nondum
1800 1281 2106 1335 cognosce-

452 1358 616 1422 bant,
648 1355 854 1411 saltem
887 1359 950 1410 ut
982 1357 1350 1427 peregrinum
1383 1360 1667 1409 amarent.
1704 1355 1764 1409 In
1814 1352 2104 1427 peregrini

451 1445 644 1518 specie
675 1461 907 1517 quoque
940 1444 1229 1516 apparuit,
1262 1448 1327 1498 ut
1358 1461 1484 1510 nos,
1527 1444 1624 1515 qui
1673 1446 1935 1498 membra
1977 1446 2107 1514 ejus

452 1551 683 1603 sumus,
707 1534 765 1588 in
802 1534 908 1589 huc
942 1534 1058 1587 vita
1098 1533 1433 1605 peregrinos
1462 1538 1519 1588 et
1550 1534 1804 1588 advenas
1835 1551 1940 1588 nos
1979 1548 2108 1587 esse

454 1624 803 1680 sentiamus.
835 1621 1181 1695 Peregrinus
1212 1621 1366 1676 enim
1400 1621 1592 1677 dictus
1621 1626 1729 1689 est,
1778 1621 1946 1694 quasi
1979 1638 2107 1693 per-

455 1729 599 1786 gens
617 1711 870 1785 longius,
905 1711 1023 1766 sive
1046 1727 1365 1783 paragrans
1387 1710 1594 1765 aliena.
1625 1713 1747 1775 Quo
1768 1711 2000 1766 nomine
2026 1709 2109 1765 illi

2203 552 2376 608 laude
2432 555 2648 627 Joscph
2680 557 2901 612 dictum
2931 564 3047 613 est:
3103 582 3129 608 «
3165 556 3320 612 Misit
3349 563 3479 614 ante
3506 578 3596 616 eos
3643 562 3798 621 virum

2206 641 2356 713 (Gen.
2390 644 2578 713 x1.v).»
2601 644 2745 700 Hinc
2767 646 2941 701 etiam
2980 645 3288 702 Psalmista
3313 663 3415 702 nos
3434 648 3700 720 admonet,
3729 654 3800 709 di-

2207 747 2371 787 cens:
2409 756 2435 782 ‹‹
2471 732 2728 789 Viriliter
2765 735 2939 807 agite,
2973 740 3030 790 et
3066 736 3417 791 confortetur
3448 753 3539 791 cor
3560 743 3801 811 vestrum,

2207 836 2412 876 omnes
2435 821 2533 894 qui
2558 824 2805 895 speratis
2828 824 2883 878 in
2910 824 3154 880 Domino
3179 825 3349 895 (Psal.
3371 829 3516 892 xxx).
3532 848 3556 874 n
3578 827 3678 883 Sed
3697 827 3805 886 licet

2208 909 2277 964 de
2298 911 2424 981 ejus
2440 912 2860 969 resurrectione
2872 913 3035 969 dubii
3050 930 3162 968 non
3179 930 3245 968 ex
3263 916 3377 968 toto
3390 915 3804 988 discipulierant,

2209 1015 2344 1053 cum
2376 999 2690 1055 Dominum
2722 1001 3136 1074 prophetarum
3176 1002 3509 1075 prophetam
3546 1006 3805 1073 vocabant,

2212 1105 2345 1143 nam
2365 1094 2419 1144 et
2434 1089 2557 1161 ipse
2571 1090 2641 1145 de
2652 1091 2842 1163 seipse
2857 1091 2956 1147 ait:
2974 1116 2999 1141 ‹‹
3014 1092 3137 1147 Non
3155 1096 3243 1147 est
3258 1091 3527 1164 propheta
3542 1092 3654 1149 sine
3664 1092 3809 1149 hono-

2212 1194 2291 1239 re,
2315 1176 2428 1232 nisi
2450 1177 2506 1231 in
2536 1179 2725 1250 patria
2745 1196 2855 1235 sua
2876 1180 3081 1251 (Matth.
3107 1183 3249 1248 xm).
3270 1202 3296 1230 ››
3325 1181 3395 1235 Et
3417 1180 3641 1235 iterum:
3665 1206 3689 1229 «ι
3709 1183 3808 1238 Non

2212 1271 2434 1337 Oportet
2448 1266 2789 1338 prophetam
2804 1268 2981 1323 occidi
3000 1273 3157 1324 extra
3168 1268 3488 1324 Jerusalem
3509 1271 3643 1335 (Lar.
3666 1272 3809 1340 Xiiij.»

2212 1356 2281 1409 Et
2311 1354 2367 1409 in
2393 1357 2521 1425 ejus
2543 1372 2789 1427 persona
2811 1374 2913 1429 per
2934 1358 3167 1429 Moysen
3192 1357 3433 1412 dicitur:
3461 1382 3486 1406 ‹‹
3514 1358 3811 1429 Prophetam

2211 1444 2376 1499 vobis
2396 1444 2703 1500 suscitabit
2728 1446 2881 1501 Deus
2910 1446 2981 1501 de
3013 1446 3292 1501 fratribus
3323 1446 3542 1512 vestris,
3576 1450 3812 1517 tanquam

2217 1549 2336 1587 me:
2360 1532 2551 1604 ipsum
2576 1533 2824 1588 audietis
2846 1537 3030 1603 (Deut.
3058 1535 3234 1605 xvm).
3257 1558 3284 1584 ››
3304 1535 3510 1589 Potens
3527 1534 3750 1606 primum
3768 1534 3813 1587 in

2216 1638 2408 1693 opere,
2435 1622 2642 1677 deinde
2671 1621 2727 1676 in
2763 1638 3029 1678 sermone
3052 1623 3297 1678 dicitur:
3328 1623 3465 1695 quia
3492 1623 3635 1695 quod
3658 1622 3818 1676 docuit

2216 1709 2427 1774 verbis,
2452 1711 2709 1765 ostendit
2728 1711 3027 1784 exemplis,
3051 1712 3204 1766 sicut
3231 1712 3516 1784 scriptum
3540 1714 3637 1765 est:
3665 1734 3686 1759 α
3704 1710 3819 1773 Quia

456 1805 790 1868 censentur,
817 1799 917 1872 qui
948 1817 982 1855 a
1011 1800 1242 1872 proprio
1273 1799 1395 1855 solo
1418 1799 1663 1872 expulsi,
1697 1800 1949 1855 reditum
1974 1816 2108 1855 cum
2140 1838 2186 1901 Β
2217 1799 2388 1870 οωρὶῐ
2417 1799 2590 1855 Jesus
2649 1800 2833 1855 facere
2891 1805 2949 1855 et
3002 1802 3209 1856 docere
3250 1802 3388 1872 (Act.
3426 1800 3483 1871 I).
3518 1822 3542 1848 ι)
3589 1799 3822 1854 Ordinata

458 1891 680 1964 gemitu
703 1889 1022 1962 suspirant.
1058 1890 1125 1943 Et
1157 1906 1263 1944 nos
1294 1906 1527 1961 quoque
1551 1890 1649 1961 qui
1684 1889 1939 1961 paradisi
1962 1906 2110 1961 gau-

459 1979 555 2035 dia
584 1977 913 2045 amisimus,
940 1977 1202 2048 quandiu
1226 1977 1283 2031 in
1305 1977 1414 2032 hac
1444 1978 1561 2032 vita
1585 1995 1813 2045 sumus,
1838 1978 1897 2032 in
1923 1978 2113 2033 aliena

460 2068 649 2141 patria
676 2066 1078 2123 consistimus.
1132 2065 1293 2121 Unde
1335 2083 1569 2121 necesse
1601 2072 1689 2121 est
1736 2071 1802 2121 ut
1854 2065 2112 2139 quotidie

460 2174 594 2214 cum
614 2156 836 2229 gemitu
859 2156 929 2210 ad
955 2154 1246 2227 propriam
1272 2154 1518 2227 patriam
1539 2156 1724 2211 redire
1746 2154 2110 2222 festinemus,

462 2246 718 2302 dicentes
746 2260 879 2299 cum
912 2243 1208 2315 Apostolo.
1262 2267 1289 2293 «
1325 2243 1475 2298 Dum
1508 2262 1716 2300 sumus
1764 2244 1823 2297 in
1875 2260 2113 2315 corpore

463 2333 906 2407 peregrinamur
924 2350 958 2387 a
979 2333 1254 2388 Domino:
1280 2333 1554 2403 quoniam
1581 2350 1692 2389 non
1718 2333 2004 2388 habemus
2024 2332 2115 2387 hic

462 2427 797 2479 manentem
821 2421 1136 2486 civitatem,
1151 2422 1251 2477 sed
1276 2422 1533 2476 futuram
1551 2422 1903 2494 inquirimus
1925 2426 1973 2491 (1
1992 2421 2109 2477 Cor.

464 2517 540 2582 v).
567 2535 595 2562 ››
631 2514 695 2568 lu
725 2511 833 2567 hac
862 2509 1326 2583 peregrinatione
1348 2528 1409 2566 se
1440 2527 1568 2567 esse
1599 2511 1884 2567 sentiebat
1916 2510 2111 2577 David,

466 2619 599 2658 cum
632 2600 889 2656 dicebat:
911 2598 1240 2665 «Quoniam
1264 2600 1494 2655 advenae
1521 2606 1577 2655 et
1597 2601 1884 2673 peregrini
1909 2617 2116 2657 sumus

466 2690 622 2763 apud
644 2693 720 2757 te,
743 2688 895 2745 sicut
931 2704 1136 2744 omnes
1169 2693 1363 2761 patres
1386 2690 1571 2744 nostri
1601 2690 1775 2757 (Psal.
1807 2693 2059 2759 XXXVIII).
2088 2712 2114 2737 ››

467 2780 538 2835 Et
567 2779 779 2834 iterum
806 2793 819 2832 :
858 2802 879 2826 ι
901 2776 1024 2832 Heu
1048 2777 1216 2844 mihi,
1238 2778 1380 2849 quia
1402 2776 1688 2836 incolatus
1707 2796 1871 2834 meus
1893 2778 2120 2851 prolon-

468 2872 640 2941 gatus
655 2864 772 2922 est!
796 2866 1049 2922 habitavi
1070 2882 1204 2921 cum
1223 2867 1625 2922 habitantibus
1647 2868 1844 2935 Cedar,
1865 2866 2118 2923 multum

467 2956 835 3030 peregrinata
849 2958 938 3011 est
966 2955 1165 3011 anima
1196 2973 1324 3011 mea
1345 2955 1513 3027 (Psal.
1545 2961 1760 3022 cxlx).»
1792 2957 1903 3012 Sed
1929 2957 2122 3012 adhuc

469 3062 679 3102 causas
692 3042 956 3100 mceroris
970 3043 1255 3100 Dominus
1268 3043 1883 3118 diligentiusinquirit,
1897 3046 2118 3102 dicens:

539 3157 567 3184 α
599 3133 733 3198 Quae
755 3134 782 3189 ?
808 3156 833 3182 ››
865 3135 936 3189 At
964 3131 1049 3187 illi
1077 3134 1231 3189 unde
1262 3135 1459 3189 tristes
1500 3139 1696 3191 essent
1743 3139 2119 3207 aperuerunt,

2220 1888 2372 1942 enim
2397 1887 2729 1959 przedicatio
2756 1893 2863 1957 est,
2889 1894 2953 1943 ut
2974 1889 3231 1961 primum
3251 1906 3425 1961 opere
3448 1887 3676 1960 impleas
3696 1885 3820 1958 quod

2200 1982 2421 2048 postea
2445 1977 2636 2031 verbis
2674 1978 2903 2044 doceas,
2921 1978 3091 2048 juxta
3120 1978 3456 2050 exemplum
3491 1976 3715 2042 Domini,
3742 1973 3821 2046 qui

2222 2066 2329 2119 ait:
2365 2064 2627 2120 «Discite
2658 2083 2690 2118 a
2721 2083 2813 2120 me
2844 2066 2981 2137 quia
3001 2067 3162 2122 mitis
3182 2084 3320 2122 sum
3345 2072 3402 2122 et
3422 2064 3650 2121 humilis
3668 2064 3823 2129 corde,

2222 2159 2277 2208 et
2309 2154 2616 2209 invenietis
2639 2155 2895 2226 requiem
2921 2155 3233 2210 animabus
3254 2156 3469 2211 vestris
3498 2153 3696 2225 (Matth.
3719 2156 3825 2218 xu).»

2224 2244 2374 2297 Bene
2421 2243 2658 2315 quidem
2706 2244 2962 2316 primum
3012 2260 3207 2298 coram
3259 2243 3401 2308 Deo,
3447 2242 3641 2297 deinde
3671 2255 3826 2295 coram

2230 2332 2381 2387 omni
2417 2332 2630 2403 populo
2669 2339 2876 2404 potens
2903 2349 3030 2388 esse
3061 2333 3297 2400 dicitur,
3340 2339 3403 2388 ut
3432 2332 3488 2387 in
3520 2331 3664 2386 omni
3692 2343 3829 2401 opere

2226 2426 2357 2475 ante
2389 2421 2588 2476 omnia
2608 2421 2721 2476 Deo
2753 2420 2979 2493 placere
3011 2422 3383 2477 studeamus.
3417 2421 3538 2477 Non
3566 2420 3707 2475 enim
3735 2416 3826 2490 pri-

2225 2526 2386 2564 mum
2409 2508 2754 2581 placendum
2775 2515 2863 2565 est
2880 2510 3240 2576 hominibus,
3259 2512 3367 2565 sed
3386 2510 3629 2582 primum
3647 2506 3830 2580 placere

2226 2600 2507 2654 debemus
2540 2599 2674 2664 Deo,
2709 2599 2918 2655 deinde
2959 2598 3337 2656 hominibus:
3373 2616 3486 2655 non
3518 2599 3586 2653 ob
3615 2600 3830 2652 nostram

2226 2686 2493 2759 gloriam,
2521 2688 2617 2742 sed
2648 2692 2710 2742 ut
2734 2688 2841 2758 ipsi
2865 2686 3133 2743 homines
3173 2687 3447 2759 placeant
3484 2687 3613 2752 Deo,
3644 2684 3723 2740 cui
3752 2698 3833 2738 nos

2227 2777 2455 2849 placere
2476 2776 2742 2842 viderint,
2762 2778 2932 2846 juxta
2954 2777 3109 2849 quod
3142 2777 3435 2833 Dominus
3460 2793 3561 2832 nos
3585 2775 3831 2831 admonet.

2228 2865 2465 2921 dicens:
2500 2889 2526 2916 «
2562 2867 2774 2920 Luceat
2814 2864 2913 2920 lux
2941 2869 3134 2921 vestra
3163 2882 3368 2921 coram
3417 2862 3748 2927 hominibus,
3788 2862 3837 2913 ut

2228 2954 2462 3010 videant
2490 2959 2683 3010 vestra
2725 2954 2875 3009 bona
2927 2972 3121 3027 opera,
3177 2960 3235 3010 et
3280 2954 3609 3027 gloriﬁcent
3649 2952 3836 3006 Patrem

2230 3048 2508 3111 vestrum,
2534 3043 2630 3115 qui
2665 3043 2723 3098 in
2756 3043 2915 3099 cmlis
2947 3048 3036 3099 est
3065 3044 3274 3114 (Matth.
3298 3049 3385 3114 ν).
3414 3065 3441 3093 ››
3465 3044 3532 3099 Et
3549 3037 3838 3115 Apostolus:

2233 3158 2260 3185 ‹‹
2296 3133 2665 3189 Providentes
2713 3133 2884 3202 bona,
2920 3151 3033 3189 non
3075 3139 3305 3189 tantum
3365 3150 3558 3190 coram
3605 3130 3723 3195 Deo,
3764 3123 3842 3181 sed

451 3222 764 3290 dicentes:
813 3245 841 3273 «
874 3222 954 3278 De
1002 3222 1142 3279 Jesu
1200 3223 1515 3289 Nazarene,
1550 3224 1649 3295 qui
1678 3203 1798 3279 fuit.
1841 3223 1928 3277 vir
1984 3240 2116 3295 pro-
2147 3203 2190 3269 (ἶ
2229 3222 2406 3277 etiam
2438 3238 2632 3276 coram
2663 3222 2940 3277 omnibus
2980 3222 3325 3278 hominibus
3380 3224 3549 3295 (Rom.
3590 3223 3701 3285 xu).
3732 3238 3753 3263 »
3791 3213 3845 3268 Et

465 3336 493 3363 ‹‹
520 3312 715 3385 pheta,
766 3317 973 3385 potens
1016 3312 1074 3366 in
1109 3328 1280 3383 opere
1310 3316 1367 3366 et
1399 3329 1666 3367 sermone
1697 3329 1891 3367 coram
1924 3316 2038 3367 Deo
2070 3316 2127 3366 et

467 3425 494 3451 ‹‹
520 3400 682 3456 omni
712 3399 948 3472 populo.
976 3424 998 3451 ι
1027 3399 1230 3455 Virum
1264 3404 1321 3455 et
1350 3400 1691 3471 prophetam
1727 3406 2035 3466 testantur,
2068 3405 2127 3456 et

468 3487 681 3543 Filium
712 3488 812 3543 Dei
847 3492 1078 3543 tacent:
1126 3487 1210 3543 vel
1246 3488 1384 3559 quia
1414 3488 1574 3543 dubii
1608 3490 1678 3543 de
1708 3489 1837 3558 ejus
1868 3505 2123 3544 resurre-

471 3575 661 3631 ctione
690 3576 763 3631 ab
801 3574 1127 3631 Jerusalem
1162 3576 1527 3638 recedebant,
1561 3576 1649 3631 vel
1696 3576 1833 3648 quia
1881 3576 2125 3632 insidias

471 3662 807 3719 Judazorum
858 3662 1215 3718 metuebant.
1274 3662 1406 3718 Jam
1456 3663 1611 3717 enim
1653 3662 2129 3734 conspiraverant

474 3752 684 3820 Judaei,
718 3756 783 3805 ut
814 3751 863 3806 si
914 3749 1046 3821 quis
1076 3766 1211 3806 eum
1263 3751 1636 3807 confiteretur
1694 3750 1909 3823 palam,
1968 3755 2131 3806 extra

479 3855 834 3913 synagogam
860 3840 1039 3894 fieret.
1065 3838 1211 3905 Quia
1231 3856 1367 3912 ergo
1389 3840 1562 3896 Jesus
1585 3841 1816 3895 Hebraeo
1839 3858 2127 3911 sermone,

478 3929 679 3985 Latine
710 3928 971 3985 Salvator
991 3928 1221 3997 dicitur,
1258 3934 1410 3985 recte
1442 3928 1547 3983 hoc
1580 3930 1814 3985 nomine
1840 3934 2128 3995 censetur,

477 4019 647 4090 cujus
678 4017 1025 4074 resurrectio
1057 4017 1304 4073 salutem
1330 4018 1702 4074 credentibus
1725 4018 1995 4088 consulit,
2024 4018 2131 4075 sic-

476 4111 540 4163 ut
570 4107 651 4163 ait
680 4106 978 4179 apostolus
1007 4107 1247 4163 Petrus:
1284 4131 1309 4158 ‹‹
1334 4108 1457 4163 Non
1486 4107 1640 4163 enim
1674 4112 1762 4163 cst
1795 4108 1851 4162 in
1882 4108 1994 4164 alio
2026 4108 2130 4164 ali-

475 4215 590 4270 quo
626 4196 806 4265 salus,
831 4213 1020 4269 neque
1049 4197 1209 4253 aliud
1244 4214 1452 4253 nomen
1488 4199 1599 4253 sub
1633 4197 1774 4253 ccelo
1807 4190 2009 4254 datum
2045 4202 2134 4254 est

476 4287 839 4354 hominibus,
856 4287 1041 4358 inquo
1056 4290 1320 4359 oporteat
1338 4304 1442 4342 nos
1456 4286 1664 4343 salvari
1684 4291 1702 4356 (
1728 4296 1825 4343 tot.
1848 4288 2133 4356 1v).»Quia

477 4392 611 4433 vero
640 4376 947 4432 Nazarene
968 4375 1382 4448 interpretatur
1401 4384 1661 4441 sanctus,
1688 4375 1795 4430 hoc
1813 4393 2024 4432 nomen
2046 4375 2131 4431 illi

483 4464 751 4538 congruit
779 4464 880 4536 qui
912 4469 1214 4537 peccatum
1258 4481 1372 4520 non
1409 4464 1559 4531 fecit,
1596 4481 1700 4520 nec
1732 4464 2001 4523 inventus
2045 4469 2135 4520 est

2232 3310 2444 3365 iterum
2474 3326 2486 3364 :
2522 3334 2548 3359 ‹‹
2588 3309 2807 3365 Placete
2838 3311 3137 3380 omnibus,
3171 3312 3328 3367 sicut
3360 3317 3417 3369 et
3446 3327 3549 3383 ego
3580 3326 3672 3381 per
3688 3302 3848 3362 omnia

2234 3398 2511 3453 omnibus
2542 3397 2760 3471 placeo,
2799 3416 2913 3455 non
2945 3417 3211 3472 quaerens
3244 3402 3409 3473 quod
3444 3399 3582 3456 mihi
3612 3400 3693 3452 est
3717 3390 3847 3455 utile,

2235 3488 2333 3543 sed
2370 3488 2524 3559 quod
2558 3488 2780 3554 multis,
2814 3494 2880 3543 ut
2910 3488 3051 3544 salvi
3087 3489 3230 3544 fiant
3260 3490 3306 3560 (I
3346 3492 3476 3547 Cor.
3505 3489 3580 3559 x).
3608 3508 3631 3534 ››

2308 3600 2333 3626 ‹‹
2370 3577 2433 3630 Et
2455 3578 2749 3648 quomodo
2770 3578 3136 3633 tradiderunt
3158 3595 3293 3634 eum
3317 3577 3545 3635 summi
3566 3569 3853 3631 sacerdotes

2241 3689 2261 3717 ιι
2299 3672 2355 3722 et
2387 3666 2677 3739 principes
2730 3667 2912 3722 nostri
2943 3666 3002 3722 in
3064 3667 3512 3725 damnationem
3566 3662 3768 3725 mortis,
3813 3659 3855 3711 et

2238 3780 2263 3806 ‹‹
2300 3756 2712 3812 cruciﬁxerunt
2741 3773 2894 3810 eum.
2934 3777 2960 3805 η
2995 3755 3097 3812 Ηίο
3127 3755 3268 3811 illud
3314 3754 3594 3829 discipuli
3638 3762 3855 3807 comme-

2240 3849 2492 3911 morant,
2527 3846 2678 3917 quod
2716 3845 2986 3916 superius
3035 3848 3225 3901 textus
3271 3844 3575 3919 Evangelii
3623 3838 3855 3902 declarat,

2239 3935 2488 4008 qualiter
2507 3935 2728 3990 scilicet
2758 3952 2791 3989 a
2823 3934 3073 3989 summis
3108 3935 3517 3991 sacerdotibus
3548 3934 3764 4006 prOpter
3785 3924 3853 3977 in-

2237 4025 2452 4079 vidiam
2472 4024 2719 4079 traditus
2743 4024 2819 4077 sit
2841 4024 2912 4077 ad
2937 4024 3422 4095 cruciligendum.
3452 4023 3561 4079 Sed
3586 4016 3718 4075 illud
3740 4027 3858 4086 qua:-

2240 4114 2485 4169 rendum
2511 4116 2618 4177 est,
2644 4128 2823 4182 quare
2846 4111 3044 4166 dicant
3072 4129 3205 4168 eum
3241 4129 3276 4167 a
3308 4108 3673 4184 principibus
3700 4114 3856 4158 sacer-

2239 4202 2441 4256 dotum
2465 4200 2768 4266 traditum,
2793 4216 2925 4253 cum
2948 4198 3213 4271 legamus
3237 4201 3398 4271 quod
3422 4216 3561 4255 eum
3581 4194 3750 4252 Judas
3768 4192 3859 4242 tra-

2240 4289 2470 4356 diderit,
2497 4288 2694 4343 dicens
2721 4304 2732 4342 :
2765 4309 2786 4337 ι
2813 4286 2959 4352 Quid
2982 4287 3157 4343 vultis
3180 4287 3327 4343 mihi
3349 4289 3513 4355 dare,
3537 4292 3594 4343 et
3613 4298 3711 4355 ego
3730 4272 3859 4332 vobis

2240 4394 2373 4433 eum
2409 4377 2733 4432 tradam?»
2768 4375 2969 4448 (Matth.
3003 4376 3153 4449 XXXI)
3203 4376 3315 4433 Sed
3343 4395 3416 4432 ex
3447 4375 3557 4431 hac
3588 4365 3865 4456 quaestione

2241 4465 2453 4521 iterum
2476 4465 2663 4520 oritur
2683 4464 2796 4519 alia
2818 4464 3091 4536 quaestio:
3109 4466 3407 4537 quomodo
3422 4464 3609 4520 Judas
3621 4452 3862 4515 velJudaei

484 4553 657 4608 dolus
704 4552 763 4607 in
795 4569 891 4607 ore
921 4553 1068 4623 ejus.
1110 4552 1189 4607 De
1219 4570 1333 4625 quo
1365 4551 1647 4624 scriptum
1688 4557 1811 4608 est:
1860 4577 1887 4602 «
1922 4552 2133 4610 Scitote
2164 4575 2209 4638 Ι)
2242 4570 2375 4609 eum
2410 4553 2718 4608 tradidisse
2748 4553 3037 4619 dicantur,
3072 4570 3205 4609 cum
3242 4552 3518 4626 legamus
3550 4546 3700 4638 quod
3730 4542 3867 4638 Pfiff

486 4641 762 4715 quoniam
793 4640 1121 4696 mirificavit
1152 4642 1433 4696 Dominus
1466 4646 1732 4697 sanctum
1765 4659 1939 4697 suum
1964 4644 2130 4715 (Paul.

485 4736 582 4801 ιν).
609 4752 637 4780 ››
656 4732 725 4786 Et
743 4731 879 4785 item
903 4747 916 4784 :
937 4754 964 4779 ‹‹
986 4730 1111 4784 Νοη
1133 4730 1298 4784 dabis
1320 4736 1590 4786 sanctum
1612 4736 1780 4786 tuum
1802 4731 1995 4786 videre
2018 4748 2135 4786 cor-

486 4820 814 4893 ruptionem
867 4820 1036 4891 (Psal.
1071 4820 1218 4889 cxv).
1256 4842 1283 4867 »
1316 4819 1466 4874 Bene
1498 4825 1691 4874 autem
1725 4837 1757 4875 a
1806 4819 2133 4892 discipulis,

484 4910 617 4966 licet
648 4926 820 4982 quem
866 4908 1141 4964 videbant
1171 4908 1595 4979 ignorantibus,
1630 4907 1891 4964 Salvator
1920 4909 2005 4963 vir
2036 4926 2135 4981 ap-

485 4999 752 5070 pellatur.
792 4998 889 5052 Vir
930 5013 1187 5069 namque
1218 5014 1252 5052 a
1294 4997 1516 5052 viribus
1565 4997 1757 5053 dictus
1804 5001 1910 5064 est,
1965 5002 2021 5053 et
2052 4997 2137 5052 illi

485 5086 813 5157 Specialiter
831 5086 937 5141 hoc
958 5103 1165 5141 nomen
1186 5090 1439 5158 aptatur,
1460 5087 1557 5159 qui
1577 5086 1737 5141 solus
1754 5086 1967 5142 diaboli
1988 5086 2137 5142 vires

486 5175 842 5245 resurgendo
874 5190 908 5230 a
950 5175 1197 5231 mortuis
1228 5176 1416 5247 potuit
1466 5176 1850 5248 confringere,
1907 5176 1977 5231 de
2025 5192 2140 5247 quo

485 5262 771 5335 scriptum
802 5267 926 5319 est:
963 5286 990 5313 ‹‹
1023 5263 1167 5319 Ecce
1196 5263 1301 5332 vir,
1335 5264 1527 5320 oriens
1557 5281 1766 5319 nomen
1799 5264 1927 5334 ejus
1958 5265 2136 5337 (Zach.

484 5355 585 5421 v1).
612 5374 639 5400 ››
673 5351 979 5408 Discamus
1027 5368 1163 5424 ergo
1208 5358 1264 5407 et
1295 5370 1401 5407 nos
1433 5353 1504 5407 ab
1537 5353 1633 5408 illo
1681 5353 1986 5409 confortati
2035 5352 2142 5409 viri

485 5457 635 5505 esse,
668 5447 732 5496 ut
760 5440 975 5495 diaboli
1010 5441 1431 5497 tentationibus
1454 5443 1674 5496 fortiter
1696 5443 2061 5509 resistamus,
2086 5447 2144 5497 et

486 5534 696 5586 cuncta
717 5530 959 5585 adversa
979 5528 1222 5584 viriliter
1253 5529 1750 5597 toleremus,sicut
1773 5532 1907 5586 fecit
1931 5532 2023 5588 ille
2047 5532 2141 5586 cui

486 5618 708 5685 dictum
741 5622 859 5678 est:
886 5642 913 5672 ‹‹
932 5618 1181 5700 Accingo
1201 5618 1354 5677 sicut
1374 5619 1460 5677 vir
1484 5619 1716 5678 lumbos
1737 5624 1891 5694 tuos,
1914 5625 1970 5679 et
1990 5620 2144 5680 sicut

2243 4660 2376 4698 eum
2408 4640 2732 4708 tradiderit,
2764 4642 2993 4697 dicente
3034 4641 3346 4713 Apostolo:
3413 4666 3443 4691 «
3478 4635 3711 4711 Proprio
3755 4627 3870 4686 Filio

2244 4749 2350 4787 suo
2382 4748 2496 4785 non
2529 4730 2783 4802 pepercit
2813 4730 2986 4797 Deus,
3010 4731 3110 4786 sed
3135 4748 3238 4803 pro
3268 4731 3444 4786 nobis
3479 4725 3744 4783 omnibus
3771 4723 3869 4773 tra-

2244 4820 2392 4875 didit
2421 4818 2587 4873 illum
2621 4820 2791 4890 (Rom.
2825 4819 2964 4891 vm).
3001 4840 3029 4867 ››
3064 4819 3209 4873 Nam
3238 4824 3297 4874 et
3328 4818 3459 4890 ipse
3495 4816 3649 4871 illius
3692 4808 3870 4865 semet-

2246 4909 2440 4981 ipsum
2493 4907 2753 4973 tradidit,
2807 4908 2956 4962 sicut
3005 4907 3161 4962 idem
3222 4906 3543 4979 Apostolus
3588 4899 3721 4957 alibi
3773 4893 3869 4949 ait:

2249 5022 2275 5047 ‹‹
2310 4996 2417 5063 Qui
2465 4995 2666 5051 dilexit
2709 5012 2799 5051 me
2829 5000 2884 5050 et
2931 4994 3168 5050 tradidit
3217 4993 3610 5066 semetipsum
3665 5003 3759 5061 pro
3804 4994 3875 5035 m6

2249 5086 2389 5157 (Gal.
2443 5085 2523 5156 ιι).
2560 5108 2585 5133 ››
2638 5085 2706 5140 Et
2756 5084 3000 5139 iterum:
3041 5108 3061 5133 ι
3097 5083 3407 5139 Ambulate
3458 5083 3518 5137 in
3574 5073 3870 5135 dilectione.

2249 5175 2401 5231 sicut
2423 5178 2479 5229 et
2503 5173 2767 5227 Christus
2797 5172 2996 5227 dilexit
3019 5189 3143 5239 nos,
3175 5176 3232 5227 et
3251 5170 3500 5226 tradidit
3533 5164 3874 5235 semetipsam

2249 5280 2352 5336 pro
2375 5263 2543 5318 nobis
2565 5261 2775 5334 (Ephes.
2809 5266 2884 5329 v).
2912 5284 2939 5309 ››
2969 5262 3024 5315 Si
3058 5277 3194 5334 ergo
3228 5260 3396 5315 Pater
3417 5255 3660 5313 tradidit
3705 5247 3878 5336 Filiuul

2249 5329 2305 5409 et
2327 5352 2506 5407 Filius
2528 5329 2932 5422 semetipsum,
2953 5329 3219 5421 nunquid
3235 5348 3424 5404 Judaei
3447 5351 3506 5402 et
3527 5344 3709 5403 Judas
3730 5329 3881 5422 incul:

2251 5441 2472 5514 pabilcs
2501 5444 2657 5507 sunt,
2685 5418 2873 5493 isi—hoc
2907 5418 3165 5493 fecerunt
3204 5436 3357 5510 quod
3400 5436 3580 5490 Pater
3608 5436 3663 5487 et
3688 5418 3880 5483 Filius?

2253 5534 2397 5599 Non,
2432 5530 2531 5584 sed
2581 5546 2697 5583 uno
2729 5525 3058 5583 traditionis
3085 5526 3262 5581 verbo
3293 5524 3540 5579 diversa:
3588 5514 3882 5599 voluntates

2251 5596 2537 5695 expressa:
2564 5622 2721 5677 sunt.
2756 5615 3021 5676 Tradidit
3051 5614 3207 5673 enim
3235 5613 3419 5672 Judas
3453 5614 3696 5690 propter
3722 5596 3881 5663 avari-
