4012 6174
224 391 319 448 461

220 521 374 577 tiam:
409 516 1238 597 tradiderunteumJudmi,sed
1257 520 1491 589 propter
1517 516 1823 572 invidiam:
1857 522 1909 586 Α

216 608 497 663 tradidisse
526 622 652 661 eum
686 605 900 660 dicitur
929 606 1170 671 Pilatus,
1203 622 1337 660 cum
1388 622 1522 661 eum
1557 604 1817 677 cruciﬁgi

211 696 478 770 permisit;
509 694 742 750 tradidit
772 710 906 750 eum
937 695 1124 762 Pater,
1158 692 1257 750 sed
1291 698 1527 766 propter
1552 697 1816 749 nostram

209 784 602 850 liberationem;
631 783 874 839 tradidit
902 783 1287 855 semetipsum
1323 782 1519 849 Filius,
1552 783 1653 839 sed
1685 799 1816 855 pro-

206 879 316 946 pter
339 878 583 928 nostram
614 871 1182 945 dilectionem.,Ergo
1206 873 1374 928 Pater
1401 876 1458 927 et
1486 872 1667 928 Filius
1698 890 1814 928 non

203 963 370 1019 solum
401 965 537 1017 sunt
593 961 847 1028 amandi,
897 962 998 1017 sed
1047 961 1221 1016 etiam
1272 960 1659 1033 gloriﬁcandi.
1706 962 1813 1016 Ju-

201 1053 289 1107 das
320 1056 502 1106 autem
529 1055 583 1107 et
610 1050 794 1105 Judaei
822 1067 934 1105 non
951 1050 1141 1105 solum
1155 1049 1618 1113 detestandi,sed
1633 1050 1811 1105 etiam

197 1140 616 1206 condemnandi,
652 1140 792 1211 quia
814 1140 968 1211 quod
1019 1139 1189 1193 Pater
1236 1143 1292 1193 et
1323 1137 1500 1193 Filius
1552 1138 1812 1193 fecerunt

196 1229 465 1296 cbaritate,
500 1228 578 1282 illi
614 1228 931 1300 cupiditate
960 1227 1238 1282 fecerunt.
1273 1226 1434 1289 Quod
1468 1231 1663 1281 autem
1695 1227 1806 1282 du-

194 1319 416 1373 bitantes
444 1318 514 1371 ab
545 1314 871 1372 Jerusalem
907 1314 1001 1369 isti
1024 1314 1293 1386 discipuli
1314 1315 1808 1381 recederent,suis

190 1407 355 1461 verbis
383 1409 799 1477 apparuerunt,
830 1420 965 1459 cum
997 1403 1293 1458 dixerunt:

245 1518 267 1543 α
299 1495 406 1550 Nos
434 1500 628 1549 autem
662 1494 1046 1566 sperabamus
1077 1493 1231 1564 quod
1251 1493 1374 1564 ipse
1405 1498 1557 1548 esset
1586 1494 1805 1549 redem-

188 1606 208 1631 ει
235 1587 421 1654 pturus
452 1581 650 1637 Israel.
670 1604 697 1631 »
713 1581 1140 1653 Seperabamus
1153 1580 1387 1652 quippe,
1407 1580 1677 1653 praeteriti
1694 1582 1803 1637 im-

183 1671 383 1743 perfecti
415 1671 698 1743 temporis
728 1670 969 1725 verbnm
1002 1674 1108 1724 est.
1127 1670 1192 1723 Et
1216 1670 1444 1741 quinon
1468 1686 1798 1741 speramus,

180 1760 259 1815 sed
287 1760 666 1832 sperabamus
689 1759 979 1825 dixerunt,
1012 1758 1083 1812 de
1116 1760 1243 1829 ejus
1258 1758 1679 1814 resurrectione
1696 1759 1800 1813 du-

178 1848 332 1904 bitare
362 1866 422 1904 se
452 1849 862 1904 ostenderunt.
897 1848 1092 1903 Minus
1121 1848 1276 1903 enim
1308 1848 1562 1919 Spiritus
1607 1848 1792 1904 sancti

173 1938 331 2009 gratia
359 1938 651 2005 instructi,
677 1951 977 2010 speravere
1008 1937 1161 2008 quod
1178 1935 1793 2009 resurgensamortuis

168 2026 396 2082 Salvator
424 2027 842 2099 redempturus
873 2030 1028 2081 esset
1060 2024 1259 2091 Israel,
1313 2026 1368 2079 id
1405 2030 1494 2081 est
1518 2016 1522 2020 ’
1542 2041 1789 2097 regnum

170 2115 332 2181 Israel,
364 2115 747 2189 corporaliter
775 2114 961 2169 multo
992 2114 1247 2211 nobili.us
1281 2131 1456 2186 quam
1489 2115 1785 2185 quondam

168 2204 311 2259 David
344 2211 591 2278 regeret,
627 2203 1507 2278 reparaturus,Hac'suspicione
1540 2204 1786 2275 permoti

166 2295 360 2349 fuerant
388 2293 469 2349 illi
502 2295 648 2360 duo,
683 2294 782 2366 qui
815 2298 1130 2349 suaserunt
1160 2293 1330 2347 matri
1365 2298 1429 2346 ut
1460 2297 1679 2364 peteret
1709 2292 1781 2348 ah

164 2399 213 2437 eo
240 2384 450 2439 dicens:
486 2407 513 2433 ‹‹
550 2384 822 2447 Domine,
857 2382 949 2437 die
980 2385 1045 2436 ut
1072 2381 1381 2436 sedeanthi
1414 2382 1530 2436 duo
1550 2380 1779 2438 ﬁliimei

164 2490 288 2528 unus
315 2474 381 2528 ad
413 2474 716 2528 dexteram
752 2478 935 2535 tuam,
957 2470 1170 2527 etalter
1199 2472 1264 2525 ad
1283 2470 1777 2537 sinistramtuam,

164 2560 207 2614 in
237 2577 395 2632 regno
425 2566 525 2616 tuo
561 2560 772 2628 (Matth.
805 2560 920 2631 xx).
955 2581 983 2609 »
1018 2559 1134 2614 Hac
1191 2559 1367 2615 etiam
1416 2560 1778 2614 dubitatione

162 2650 471 2706 tenebantur
500 2650 618 2717 illi,
652 2650 750 2723 qui
784 2655 915 2722 post
945 2649 1429 2704 resurrectionem
1463 2648 1778 2721 interroga-

161 2738 272 2793 bant
298 2757 444 2808 enm,
478 2741 775 2796 dicentes:
815 2761 842 2789 ‹‹
877 2738 1142 2805 Domine,
1187 2738 1233 2792 si
1266 2737 1325 2792 in
1377 2744 1637 2809 tempore
1670 2738 1776 2793 hoc

162 2829 395 2885 restitues
426 2845 681 2902 regnum
716 2826 891 2882 Israel
922 2829 1062 2894 (Act.
1097 2826 1180 2897 l)?
1213 2848 1241 2875 ››

214 2940 236 2964 ‹‹
261 2918 319 2973 Et
346 2935 498 2974 nunc
531 2934 721 2990 super
750 2916 871 2971 haec
901 2916 1099 2971 omnia
1126 2916 1296 2971 tertia
1326 2916 1551 2971 diesest
1580 2915 1770 2972 hodie.

161 3026 182 3053 «
207 3007 337 3078 quod
368 3007 486 3063 haec
516 3007 681 3063 facta
708 3010 867 3061 sunt.
899 3005 1011 3061 Sed
1042 3010 1099 3060 et
1125 3004 1399 3060 mulieres
1420 3005 1686 3075 quaedam
1705 3022 1774 3061 ex

161 3096 395 3152 «nostris
427 3100 773 3152 terruerunt
798 3112 925 3161 nos,
961 3112 1087 3167 quae
1119 3098 1253 3149 ante
1298 3092 1491 3148 lucem
1537 3096 1772 3149 Iuerunt

159 3206 177 3230 .‹
203 3185 261 3238 ad
290 3191 763 3251 monumentum,
796 3190 853 3240 et
902 3201 1016 3239 non
1051 3183 1282 3238 invento
1331 3199 1570 3254 corpore
1619 3184 1766 3254 ejus,

1416 383 1607 443 HQMI
1623 384 1768 443 LI/E
1817 386 1857 443 υ
1872 384 1912 443 Ε
1960 384 2355 445 TEMPUItE.

3465 394 3582 452 462

2015 538 2043 566 ‹‹
2072 517 2274 571 Nonne
2303 516 2422 571 haec
2452 515 2838 589 oportuitpati
2868 516 3188 583 Christum,
3207 520 3582 579 etitaiutrare

1934 629 1960 655 ‹‹
1994 606 2053 660 in
2084 605 2331 678 gloriam
2359 606 2567 661 suam?
2601 629 2627 655 ›ι
2659 606 2819 669 Quod
2840 607 3247 679 interrogative
3269 607 3579 680 legendum

1930 700 2038 761 est,
2073 699 2137 749 ut
2167 696 2575 761 subaudiatur,
2607 695 2882 767 Oportuit.
2916 694 3183 766 Oportuit
3212 695 3370 751 enim
3410 697 3577 752 Chri-

1929 788 2085 838 stum
2114 783 2257 856 pati,
2290 800 2404 838 non
2436 800 2540 855 pro
2571 800 2652 851 se,
2688 784 2788 839 sed
2822 783 3574 855 pronobis.Diciturautem

1926 872 2143 928 intrare
2175 873 2234 927 in
2265 871 2514 946 gloriam
2546 889 2777 939 suam,a
2806 888 2922 943 qua
2945 889 3250 944 nunquam
3281 872 3570 942 discessit,

1922 978 1989 1017 eo
2021 962 2172 1034 quod
2207 978 2312 1017 nos
2342 962 2558 1017 intrare
2590 960 2807 1026 fecerit,
2826 960 2925 1032 qui
2952 960 3123 1033 longe
3148 977 3252 1033 per
3268 966 3572 1033 peccatum

1922 1052 1995 1106 ab
2025 1050 2125 1106 illa
2150 1050 2375 1123 expulsi
2399 1049 2887 1106 fueramus.Sicut
2922 1049 3076 1105 enim
3106 1050 3300 1106 videre
3339 1056 3396 1107 et
3433 1068 3571 1107 con-

1922 1141 2071 1196 ﬁteri
2106 1141 2341 1208 dicitur,
2373 1156 2439 1195 eo
2471 1140 2626 1211 quod
2659 1137 2995 1210 nosaliquid
3017 1138 3210 1193 videre
3239 1140 3569 1196 etconﬁtcri

1921 1230 2112 1296 faciat,
2146 1231 2229 1285 ita
2260 1246 2491 1301 quoque
2522 1228 2579 1282 in
2612 1227 2856 1299 gloriam
2890 1243 3058 1282 suam
3090 1228 3303 1282 dicitur
3350 1228 3567 1284 intrare

1918 1336 2022 1391 per
2051 1319 2405 1390 passionem.
2444 1318 2626 1389 Igitur
2656 1315 3007 1371 Dominusin
3030 1315 3273 1388 gloriam
3290 1333 3457 1373 suam
3477 1318 3566 1372 in-

1918 1409 2112 1473 travit,
2130 1408 2444 1463 ostendens
2460 1423 2565 1461 nos
2582 1404 2912 1478 permultas
2926 1404 3333 1460 tribulationcs
3347 1405 3564 1462 intrare

1914 1497 2121 1552 debere
2156 1497 2212 1550 in
2247 1512 2491 1567 regnum
2512 1494 2896 1549 Dei.Tantum
2911 1492 3256 1565 enimcaput
3272 1499 3559 1564 nostrum,

1915 1585 2015 1657 qui
2047 1589 2135 1641 est
2164 1584 2451 1651 Christus,
2486 1583 2749 1637 membra
2779 1599 2887 1636 sua
2918 1581 3129 1655 diligit,
3150 1587 3213 1637 ut
3230 1582 3562 1655 frequenter

1913 1675 2036 1747 ipse
2066 1690 2235 1747 agere
2266 1672 2513 1739 dicatur,
2547 1672 2622 1727 ud
2657 1671 2809 1743 quod
2833 1671 3166 1726 faciendum
3192 1687 3299 1727 nos
3318 1671 3557 1728 idoneos

1909 1763 2106 1819 efﬁcit.
2139 1762 2249 1817 Sed
2282 1762 2421 1834 quia
2451 1762 2521 1815 ad
2554 1759 2997 1831 intelligendum
3014 1759 3554 1831 Scripturamstulti

1910 1858 1966 1907 et
1989 1851 2140 1907 tardi
2172 1856 2356 1919 erant,
2391 1855 2523 1923 post
2566 1848 3020 1921 increpationem
3064 1848 3219 1919 piam
3270 1849 3556 1911 Dominus

1902 1941 2171 2015 adjungit
2200 1940 2642 2013 expositionem.
2678 1938 2839 1995 Unde
2872 1942 2927 1993 et
2958 1938 3256 1994 subditur:

1970 2144 1995 2170 ‹‹
2034 2121 2324 2192 Incipiens
2356 2136 2389 2173 a
2419 2120 2612 2189 Moyse
2634 2122 2691 2173 et
2720 2116 2995 2171 omnibus
3017 2115 3337 2188 prophetis,
3372 2116 3551 2172 inter-

1898 2233 1925 2259 ‹‹
1962 2210 2301 2281 pretabatur
2329 2207 2446 2262 illis
2497 2207 2556 2260 in
2603 2206 2878 2260 omnibus
2932 2205 3268 2276 Scripturis,
3322 2222 3449 2277 quae
3479 2206 3551 2263 de

1896 2323 1922 2347 ‹‹
1960 2299 2085 2370 ipso
2116 2302 2299 2353 erant.
2338 2295 2876 2367 nlnterpretabatur
2905 2294 2958 2348 in
2976 2294 3253 2348 omnibus
3284 2293 3548 2366 Scriptu-

1894 2388 1995 2455 ris,
2029 2387 2282 2442 maxime
2312 2403 2379 2442 ea
2410 2402 2533 2457 quae
2566 2385 2638 2438 ad
2687 2383 3020 2455 passionem
3072 2382 3441 2454 pertinebant
3488 2388 3545 2438 et

1892 2477 2404 2543 resurrectionem,
2437 2478 2500 2529 ut
2529 2488 2763 2528 omnem
2796 2470 3223 2527 dubitationem
3248 2471 3320 2526 ab
3335 2488 3537 2535 eorum

1890 2568 2190 2623 mentibus
2220 2583 2289 2620 au
2301 2567 2492 2629 ferret,
2524 2568 2580 2617 et
2594 2562 2663 2618 ad
2677 2561 2925 2616 credeud
2936 2577 3034 2615 um
3049 2560 3533 2616 resurrectionem

1886 2657 2118 2713 animos
2147 2670 2350 2710 eorum
2381 2653 2770 2715 conﬁrmaret,
2805 2649 2976 2721 quale
3005 2648 3271 2703 estillud:
3301 2671 3328 2698 ‹‹
3357 2650 3534 2705 Fode-

1886 2749 2025 2800 ruut
2055 2761 2266 2799 manus
2292 2759 2452 2797 meas
2481 2744 2538 2795 et
2567 2740 2743 2811 pedes
2775 2754 2934 2792 meos
2981 2738 3151 2809 (Psal.
3200 2736 3337 2807 xm).
3367 2758 3395 2787 »
3430 2737 3525 2793 Et:

1885 2858 1911 2884 «ι
1946 2833 2279 2889 Diviseruut
2303 2830 2415 2885 sibi
2446 2828 2793 2883 vestimenta
2822 2843 2971 2895 mea,
3006 2829 3062 2880 et
3092 2841 3268 2897 super
3307 2831 3527 2880 vestem

1884 2940 2075 2978 meam
2126 2921 2413 2976 miserunt
2443 2922 2658 2973 sortem
2691 2915 2895 2984 (lbid.).
2932 2938 2957 2964 ››
2990 2915 3060 2970 Et
3092 2932 3105 2969 :
3134 2937 3161 2964 ι(
3197 2914 3530 2970 Insurrexe-

1883 3016 2021 3067 runt
2048 3011 2106 3065 in
2141 3026 2233 3065 me
2264 3013 2441 3064 testes
2490 3006 2677 3078 iniqui
2703 3006 2871 3075 (Paul.
2933 3004 3104 3075 xxvx),
3150 3026 3177 3052 ››
3226 3006 3283 3059 et
3325 3007 3531 3058 cetera

1881 3100 2037 3156 talia.
2071 3094 2181 3155 Sed
2213 3099 2357 3154 forte
2388 3100 2581 3151 movet
2612 3094 2863 3167 aliquem
2887 3091 3529 3164 quareDominus,cum

1880 3188 2373 3260 interpretabatur
2406 3184 2739 3256 Scripturas
2769 3180 3096 3252 discipulis,
3131 3181 3373 3252 aMoyse
3414 3197 3527 3235 ca:-

157 3280 455 3330 «venerunt
485 3276 759 3330 dicentes
790 3291 852 3329 se
881 3273 1056 3329 etiam
1092 3272 1373 3361 visionem
1424 3271 1764 3344 angelorum
1798 3257 1839 3322 C
1881 3257 2315 3350 pisse—dicatur,
2348 3291 2480 3330 cum
2500 3273 2698 3345 plures
2723 3275 2918 3343 patres
2936 3274 3068 3325 ante
3082 3269 3319 3341 Moysen
3345 3268 3526 3324 fuisse

158 3382 177 3409 «ι
202 3363 406 3431 vidisse,
439 3365 536 3438 qui
580 3364 786 3419 dicunt
814 3379 949 3418 eum
979 3361 1188 3417 vivere.
1241 3363 1309 3416 Et
1338 3361 1608 3416 abierunt
1638 3361 1764 3433 qui-

155 3474 174 3497 «ι
200 3452 312 3508 dam
337 3472 401 3509 ex
431 3452 659 3527 nostris
691 3453 761 3508 ad
795 3456 1267 3516 monumentum,
1318 3455 1375 3504 et
1405 3450 1486 3504 ita
1532 3450 1765 3505 invene-

158 3559 178 3590 ι
200 3548 317 3597 runt
345 3543 493 3598 sicut
522 3542 810 3598 mulieres
839 3541 1130 3596 dixerunt.
1166 3540 1361 3611 ipsum
1393 3554 1524 3593 vero
1543 3556 1657 3594 non
1676 3539 1765 3594 in-

156 3650 175 3675 ‹‹
200 3637 468 3687 venerunt.
507 3656 532 3681 ››
554 3631 722 3695 Quod
736 3630 879 3685 disci
889 3628 1006 3701 puli
1022 3627 1762 3695 commemorantbreviter,

156 3721 380 3790 superior
406 3726 610 3777 textus
632 3718 1521 3791 Evangeliinarratsul'ﬁcienter,
1545 3716 1766 3772 scilicet

155 3810 404 3878 quomodo
440 3809 726 3866 mulieres
756 3826 881 3880 qua:
904 3810 1115 3863 secuta:
1147 3807 1462 3862 Dominum
1485 3807 1711 3861 fuerant
1732 3823 1765 3862 a

152 3896 366 3966 Galilzea,
395 3917 525 3956 cum
552 3896 901 3971 praeparatis
930 3895 1292 3951 aromatibus
1325 3896 1393 3950 ad
1418 3912 1763 3950 monumen-

156 3988 254 4041 tum
281 3992 573 4055 venerunt,
610 3991 688 4051 et,
702 4002 979 4057 responso
994 3982 1283 4057 abangelo
1304 3988 1540 4056 accepto
1552 3984 1622 4037 de
1638 3984 1765 4054 ejus

157 4078 552 4144 resurrectione,
570 4073 881 4147 discipulis
895 4072 1328 4128 nuntiaverunt.
1345 4073 1509 4127 'I‘unc
1532 4088 1765 4145 quoque

155 4160 245 4219 duo
284 4182 345 4219 ex
399 4165 539 4237 illis,
604 4164 811 4219 Petrus
855 4168 911 4218 et
961 4163 1214 4218 Joannes
1259 4159 1499 4225 scilicet,
1557 4176 1763 4217 cucur-

155 4257 319 4308 rerunt
341 4256 410 4309 ad
460 4258 940 4319 monumentum,
991 4256 1048 4307 et
1086 4252 1170 4305 ita
1217 4250 1566 4305 invenerunt
1614 4251 1765 4306 sicut

156 4341 387 4400 mulieres
416 4345 715 4411 dixerunt,
751 4343 944 4415 ipsum
975 4357 1109 4397 vero
1140 4356 1255 4395 non
1290 4339 1655 4395 invenerunt.

209 4453 229 4477 «ι
257 4432 317 4487 Et
340 4435 419 4488 ait
447 4435 520 4490 ad
555 4432 719 4488 illos:
751 4431 795 4486 Ο
827 4430 990 4486 stulti
1022 4434 1080 4485 et
1116 4430 1267 4483 tardi
1317 4429 1489 4483 corde
1526 4428 1598 4483 ad
1639 4445 1764 4483 cre-

157 4538 177 4559 α
204 4518 432 4576 dendum
465 4522 525 4577 in
561 4520 841 4575 omnibus
862 4535 987 4590 qua:
1016 4517 1193 4571 locuti
1227 4520 1366 4572 sunt
1398 4516 1708 4587 prophetae.
1736 4540 1763 4566 ››

1875 3367 2162 3439 legamus,
2198 3364 2298 3437 qui
2330 3368 2389 3419 et
2414 3361 2605 3417 verbis
2635 3366 2691 3416 et
2718 3357 3001 3431 exemplis
3029 3359 3157 3429 ejus
3188 3358 3523 3430 passionem

1875 3460 1931 3511 et
1960 3453 2445 3511 resurrectionem
2479 3448 2968 3523 prophetaverint.
3001 3446 3148 3511 Quid
3173 3446 3328 3502 enim
3362 3463 3522 3501 mors

1873 3543 2013 3599 Abel
2046 3544 2200 3613 (Gen.
2236 3545 2332 3612 Iv),
2366 3540 2478 3595 nisi
2512 3538 2845 3611 passionem
2878 3535 3091 3591 Christi
3132 3533 3522 3607 signiﬁcavit?

1875 3633 2037 3688 Sicut
2065 3631 2219 3688 enim
2253 3631 2377 3703 ipse
2406 3647 2440 3684 a
2471 3628 2647 3683 fratre
2674 3625 2889 3698 injuste
2920 3622 3520 3695 occisusest,itaquo-

1876 3738 1989 3793 que
2019 3724 2076 3776 et
2113 3719 2396 3775 Dominus
2446 3717 2783 3773 innocenter
2812 3731 2845 3768 a
2874 3711 3090 3768 Judaais
3135 3710 3364 3767 occisus
3410 3714 3518 3767 est.

1874 3810 2023 3875 Quid
2053 3809 2207 3865 enim
2242 3825 2342 3880 per
2375 3804 2818 3861 translationem
2851 3801 3084 3857 Ilenoch
3117 3799 3267 3865 (Gen.
3300 3802 3377 3868 v),
3406 3797 3523 3855 nisi

1876 3898 2139 3953 ascensio
2170 3895 2399 3952 Domini
2414 3890 3017 3966 signiﬁcantur?Quid
3032 3906 3135 3961 per
3157 3889 3295 3955 Noe,
3310 3887 3410 3961 qui
3428 3905 3517 3943 ar-

1874 4004 2002 4042 cam
2032 3986 2087 4040 in
2118 3984 2335 4040 diluvio
2368 3982 2513 4039 rexit
2544 3982 2694 4053 (Gen.
2728 3980 2850 4050 vn),
2875 3975 3524 4034 nisiDominusintelli-

1875 4076 2051 4150 gitur,
2087 4072 2187 4145 qui
2219 4077 2395 4144 caput
2422 4074 2511 4127 est
2525 4068 2838 4125 Ecclesiae?
2859 4066 3078 4139 thuid
3093 4064 3519 4137 perAbrabam,

1876 4164 1973 4237 qui
2008 4162 2195 4218 tilium
2230 4159 2557 4215 immolavit
2590 4158 2741 4229 (Gen.
2791 4156 2951 4228 xxii),
3006 4154 3122 4209 nisi
3170 4154 3323 4208 Deus
3356 4153 3525 4208 Pater

1874 4251 2178 4325 accipitur,
2212 4249 2311 4322 qui
2340 4247 2572 4321 proprio
2606 4246 2748 4301 Filio
2779 4261 2885 4300 suo
2916 4260 3031 4299 non
3081 4240 3379 4314 perpecit?
3427 4241 3521 4296 Sic

1876 4357 2108 4414 quoque
2139 4337 2461 4395 immolatio
2492 4336 2652 4391 Isaac
2670 4333 2963 4406 passionis
2979 4330 3193 4387 Christi
3216 4335 3419 4401 typum
3434 4334 3522 4384 te-

1875 4431 2022 4486 nuit.
2055 4428 2198 4483 Nam
2230 4432 2285 4483 et
2313 4426 2488 4482 Jaeob
2521 4428 2725 4497 pastor
2754 4420 2948 4478 ovium
2981 4424 3137 4490 (Gen.
3172 4420 3300 4490 xxx)
3328 4417 3521 4472 Domi-

1876 4537 2017 4576 num
2052 4523 2317 4574 nostrum
2347 4518 2546 4571 .Iesum
2576 4512 2873 4569 Christum
2906 4509 3218 4582 signiﬁcat,
3240 4506 3341 4580 qui
3364 4505 3521 4562 aitin

157 4602 323 4662 Merito
352 4628 463 4666 non
495 4610 694 4666 solum
728 4605 1148 4679 discipulorum
1164 4605 1765 4677 stultiaredarguitur,
1796 4625 1843 4688 Ι)
1877 4606 2221 4681 Evangelio:
2259 4630 2285 4655 ‹‹
2321 4606 2441 4677 Ego
2472 4620 2601 4659 sum
2626 4604 2825 4674 pastor
2853 4600 3042 4654 bonus
3064 4598 3239 4669 (Joan.
3263 4598 3351 4688 x),
3384 4616 3411 4645 ››
3437 4594 3523 4688 Si-

158 4695 233 4747 sed
260 4697 419 4754 etiam
453 4699 704 4754 tarditas
736 4697 1102 4767 increpatur:
1140 4693 1277 4766 quia
1309 4710 1442 4748 cum
1476 4693 1675 4749 omnia
1703 4693 1763 4747 in

155 4778 347 4841 Domini
378 4788 668 4855 doctrina,
696 4786 751 4840 in
773 4784 1095 4847 miraculis,
1112 4784 1168 4837 in
1189 4783 1482 4854 passione,
1502 4782 1655 4837 sicut
1692 4783 1763 4837 de

156 4866 230 4924 ills
256 4876 535 4947 prophetae
565 4876 972 4949 praedixerant,
1005 4872 1294 4944 completa
1343 4877 1664 4937 cernerent,
1695 4871 1765 4927 de

154 4958 256 5027 ejus
284 4965 705 5020 resurrectione
722 4962 989 5019 dubitare
1005 4979 1117 5017 non
1133 4961 1485 5015 debuerant:
1517 4964 1575 5014 et
1590 4960 1767 5014 maxi-

154 5061 244 5115 me,
272 5068 395 5107 cum
426 5054 627 5110 omnia
657 5070 784 5124 quae
819 5053 875 5106 in
909 5068 974 5107 eo
994 5054 1434 5113 venturaerant,
1451 5054 1763 5120 antequam

153 5142 428 5209 pateretur,
461 5143 535 5198 ab
571 5143 699 5215 ipso
737 5140 982 5197 Domino
1019 5138 1182 5212 prius
1224 5136 1501 5210 praedicta
1550 5136 1766 5192 recole-

153 5230 272 5280 rent.
303 5229 368 5285 Et
395 5247 511 5287 non
545 5231 739 5286 solum
772 5229 1025 5294 illorum,
1058 5244 1258 5282 verum
1292 5226 1466 5281 etiam
1485 5230 1541 5281 et
1564 5231 1765 5281 nostra

151 5306 345 5382 iSnavia
373 5323 547 5391 atque
576 5319 851 5393 tepiditas
884 5316 1276 5388 redarguitur,
1324 5315 1425 5386 qui
1478 5331 1583 5369 nec
1613 5332 1761 5387 prae-

151 5398 284 5458 clara
309 5406 528 5463 discere
554 5408 833 5475 volentes,
869 5423 974 5462 nec
1023 5422 1091 5460 ea
1123 5421 1249 5477 quae
1301 5403 1585 5458 discimus
1630 5421 1767 5476 ope-

138 5501 201 5571 ‘re
229 5491 452 5567 implere
496 5498 852 5572 satagimus:
907 5500 963 5552 et
990 5495 1120 5551 ideo
1165 5494 1235 5549 ad
1288 5492 1600 5548 dicendum
1655 5497 1768 5547 tar-

153 5575 217 5642 di,
245 5587 295 5637 et
324 5585 391 5640 ad
426 5603 573 5661 opus
603 5587 751 5663 pigri
785 5584 1138 5643 invenimur.
1171 5582 1392 5651 Quibus
1425 5585 1577 5638 recte
1625 5582 1769 5638 dici-

157 5664 260 5728 tur:

1877 4697 2093 4752 militer
2120 4694 2375 4752 venditio
2429 4690 2643 4764 Joseph
2692 4688 3083 4745 venditionem
3134 4683 3525 4758 praeﬁguravit

1871 4785 2104 4841 Christi.
2136 4785 2246 4840 Sed
2282 4784 2422 4839 forte
2457 4778 2933 4851 movetaliquem,
2970 4775 3525 4843 utdiximus,quare

1876 4874 2320 4938 Dominus,cum
2348 4866 3184 4942 interpretabaturScripturas
3197 4860 3523 4933 discipulis,

1876 4982 1909 5018 a
1940 4963 2136 5034 Moyse
2159 4962 2405 5033 coepisse
2436 4960 2685 5025 dicatur,
2730 4973 2861 5011 cum
2913 4954 3108 5026 plures
3157 4954 3354 5024 patres
3392 4952 3528 5004 ante

1878 5053 2115 5124 Moysen
2150 5051 2331 5105 fuisse
2362 5049 2649 5121 legamus,
2683 5045 2781 5117 qui
2821 5048 2877 5099 et
2924 5043 3116 5099 verbis
3146 5046 3204 5097 et
3248 5036 3530 5110 exemplis

1877 5142 2007 5213 ejus
2041 5141 2373 5212 passionem
2408 5143 2465 5192 et
2496 5134 2983 5191 resurrectionem
3033 5127 3529 5204 prophetaverint.

1874 5231 1987 5285 Sed
2024 5230 2095 5284 ad
2130 5228 2239 5283 hoc
2274 5226 2586 5282 dicendum
2622 5227 2710 5279 est
2744 5223 2906 5294 quia,
2952 5220 3087 5276 licet
3116 5222 3250 5275 ante
3294 5216 3531 5290 Moysen

1876 5318 2072 5391 plures
2104 5320 2293 5389 prtres
2321 5315 2556 5380 fuerint,
2588 5317 2781 5367 tamen
2814 5326 3013 5367 eorum
3034 5309 3323 5365 actionem
3339 5309 3530 5378 Moyse

1878 5407 2168 5463 scribente
2182 5402 2584 5477 cognovimus,
2599 5416 2776 5473 quem
2789 5400 3010 5456 veracis
3020 5396 3276 5454 historiae
3291 5395 3533 5466 scripto-

1881 5513 2005 5552 rem
2038 5494 2294 5566 primum
2329 5489 3196 5559 fuis‘senondubitamus.Aquo
3228 5486 3376 5540 libro
3392 5498 3527 5555 ergo

1882 5586 2117 5642 illorum
2152 5582 2438 5638 Dominus
2468 5580 2802 5653 Scripturas
2830 5576 3193 5651 interpretari
3244 5571 3453 5645 ccepit?
3482 5573 3528 5626 A

1884 5676 2077 5755 Moyse
2116 5672 2308 5748 ccepit,
2359 5671 2498 5747 quia
2546 5669 2779 5730 illorum
2826 5669 3082 5729 actiones
3111 5668 3200 5743 (ut
3247 5657 3525 5742 diximus)
