4012 6174
445 310 563 383 463

1007 305 1421 368 HAYMONIS
1466 304 2011 367 IIALBERSTAT.
2062 303 2303 366 EPISC.
2351 307 2523 367 ()PP.
2571 307 2769 367 PARS
2815 305 2890 366 II.
2919 338 2993 351 —
3023 304 3288 367 HOMIL.

3693 314 3785 375 liti!

447 441 674 512 primus
708 439 935 511 Moyses
984 439 1237 511 scripsit.
1276 440 1413 494 Inde
1444 438 1595 494 enim
1631 438 1864 510 scripsit
1896 438 2088 504 homo,
2121 439 2174 504 Α
2209 455 2319 493 nus
2353 440 2423 494 ab
2439 439 2621 493 oculis
2641 439 3058 511 discipulorum
3079 438 3702 511 evanuit,qnozirdorein
3717 448 3790 517 via

445 529 683 602 quando
714 544 829 583 non
863 531 989 583 erat
1019 528 1214 582 homo.

516 638 546 667 «ι
576 613 649 672 Et
677 615 1540 689 appr0pinquaveruntcastello
1574 633 1690 688 quo
1709 616 2096 687 ibant,etipse

451 727 480 757 «
510 721 571 762 se
603 704 770 760 ﬁnxit
801 705 1036 778 longius
1076 703 1178 762 ire.
1215 728 1243 755 »
1293 707 1434 761 Cum
1489 706 1704 778 ﬁngere
1752 705 1937 762 soleat
1966 722 2095 763 esse

446 794 904 868 hypocritarum,
925 794 1063 866 quid
1079 795 1330 866 estquod
1348 794 1633 851 Dominus
1664 812 1725 851 se
1758 794 1993 851 ﬁnxisse
2007 795 2092 849 di-

448 883 637 940 citur?
663 883 748 939 Ad
771 883 926 955 quod
940 882 1304 938 rationabilis
1316 886 1474 955 patet
1488 885 1807 956 responsio,
1826 885 1966 956 quia
1978 901 2091 939 non

447 988 679 1045 semper
707 972 924 1046 ﬁngere
968 971 1247 1027 simulare
1303 973 1577 1039 dicimus,
1628 974 1725 1029 sed
1777 973 2093 1045 aliquando

445 1062 618 1118 etiam
653 1076 1020 1133 componere,
1054 1060 1216 1117 Unde
1245 1066 1302 1117 et
1330 1062 2093 1135 compositoreslutiﬁgulos

443 1164 741 1218 vocamus,
775 1153 832 1205 et
860 1165 959 1205 eos
991 1148 1091 1222 qui
1122 1150 1385 1205 carmina
1401 1151 1643 1217 dictant,
1665 1152 1915 1217 ﬁctores,
1934 1151 2095 1207 idest

446 1237 865 1310 compositores
878 1239 1226 1294 carminum.
1247 1239 1469 1305 Quibus
1494 1239 1775 1312 exemplis
1809 1241 2094 1297 discimus

443 1327 583 1400 quia
613 1327 859 1399 simplex
885 1327 1097 1383 veritas
1120 1328 1263 1382 nihil
1289 1345 1391 1400 per
1417 1328 1814 1400 duplicitatem
1834 1330 1970 1403 egit,
1990 1330 2091 1385 sed

442 1414 621 1471 talem
661 1431 858 1471 coram
915 1416 1340 1488 discipulorum
1388 1417 1571 1473 oculis
1622 1419 1951 1490 composuit
2004 1418 2091 1474 vel

443 1504 722 1574 exhibuit,
757 1510 821 1560 ut
872 1506 1250 1562 manifestum
1292 1507 1471 1574 ﬁeret,
1520 1507 1570 1561 si
1614 1508 1887 1579 discipuli
1934 1525 2090 1573 eum,

443 1611 620 1666 quem
653 1598 833 1649 Deum
861 1594 2093 1668 cognoscebant,saltemutpcregrinumdi-

445 1681 711 1756 ligerent.
746 1684 857 1739 Sed
885 1684 1225 1739 absituteos
1243 1684 1594 1740 acharitntts
1608 1686 1935 1741 visceribus
1950 1685 2093 1741 alie-

447 1788 554 1828 nos
584 1788 715 1829 esse
745 1773 1053 1828 credamus
1084 1773 1183 1844 qui
1215 1790 1350 1828 cum
1397 1778 1629 1829 auctore
1679 1775 2089 1831 misericordiae
2124 1809 2170 1874 Β

446 1860 885 1934 gradiebantur.
920 1861 1065 1918 Nam
1100 1862 1406 1918 subditur:

516 1972 544 1999 ‹‹
580 1949 649 2005 Et
677 1955 991 2023 coegerunt
1020 1949 1206 2016 illum,
1240 1952 1527 2007 dicentes:
1564 1953 1731 2008 Mane
1764 1953 2093 2022 nobiscum,

447 2060 475 2089 «
508 2037 788 2110 quoniam
819 2039 1268 2112 advesperascit,
1301 2040 1646 2097 etinclinata
1678 2046 1763 2097 est
1769 2042 1894 2113 jam
1910 2043 2093 2099 dies.»

441 2128 698 2192 Quorum
713 2127 976 2200 exemplo
1004 2128 1289 2185 discimus
1306 2129 1444 2201 quia
1461 2130 1748 2203 peregrini
1768 2131 2093 2203 ethospites

444 2233 559 2271 non
593 2216 784 2272 solum
816 2234 949 2272 cum
981 2217 1197 2272 adsunt
1226 2218 1542 2290 recipiendi
1576 2225 1736 2287 sunt,
1780 2221 1877 2276 sed
1916 2220 2092 2275 etiam

438 2321 573 2360 cum
604 2305 817 2361 desunt
844 2306 1084 2360 vocandi
1118 2309 1292 2378 atque
1326 2308 1589 2379 cogendi.
1623 2308 1769 2362 Nam
1803 2314 2092 2379 quantum

438 2391 855 2464 hospitalitatis
886 2393 1069 2449 virtus
1083 2392 1289 2459 valeat,
1305 2400 1361 2449 et
1390 2396 1514 2467 ipse
1534 2397 1893 2467 comprobat,
1914 2397 2093 2465 quise

438 2482 498 2536 in
521 2481 747 2553 judicio
780 2481 1052 2537 ﬁdelibus
1076 2482 1373 2537 dicturum
1410 2484 1775 2555 repromisit:
1814 2510 1834 2533 κ
1877 2487 2094 2557 Ilospes

438 2570 543 2638 fui,
571 2575 629 2626 et
656 2569 972 2643 collegistis
1003 2587 1117 2626 me.
1153 2573 1221 2626 Et
1250 2572 1511 2643 quandiu
1532 2573 1749 2629 fecistis
1764 2574 1863 2629 uni
1895 2575 1965 2629 de
1985 2574 2093 2627 mi-

442 2658 619 2715 nimis
651 2659 817 2728 meis,
854 2658 999 2715 mihi
1031 2660 1251 2716 fecistis
1281 2662 1466 2716 Matth.
1501 2662 1654 2733 xxv).
1690 2686 1717 2711 ››
1736 2663 1896 2726 Quod
1916 2664 2094 2718 etiam

445 2747 505 2803 in
536 2762 707 2820 opere
736 2749 977 2803 Abrahae
1007 2754 1066 2804 et
1095 2749 1237 2804 Loth
1271 2749 1576 2818 discimus,
1611 2751 1711 2823 qui
1762 2752 2094 2823 frequenter

438 2836 698 2910 hospites
711 2836 1426 2910 suscipiendo,aliquando
1439 2839 1675 2911 angelos
1688 2846 2092 2912 susceperunt,

442 2925 605 2982 Unde
636 2942 742 2982 nos
771 2925 1085 2997 Apostolus
1101 2928 1396 2995 admonet,
1415 2929 1641 2985 dicens:
1666 2929 1969 2986 «Charitas
1986 2932 2095 2986 fra-

444 3015 736 3071 ternitatis
788 3019 1021 3071 maneat
1047 3016 1103 3071 in
1136 3017 1320 3085 vobis,
1354 3017 1880 3090 ethospitalitatem
1915 3019 2095 3075 nolite

434 3103 718 3161 oblivisci.
752 3105 861 3160 Per
889 3105 1040 3161 hanc
1057 3106 1213 3160 enim
1229 3105 1847 3178 placueruntquidam,
1865 3108 2088 3180 angelis

2205 528 2333 599 ejus
2367 528 2659 585 locutione
2699 528 2926 584 accensi
2983 529 3122 595 sint,
3182 526 3485 591 declarant.
3541 532 3793 590 dicentes:

2206 640 2233 667 ‹‹
2268 617 2472 673 Nonne
2503 635 2601 673 cor
2630 622 2894 673 nostrum
2928 618 3140 673 ardens
3171 621 3292 672 erat
3319 617 3376 672 in
3401 618 3557 674 nobis
3578 620 3640 675 de
3656 622 3792 692 Jesu,

2203 705 2344 761 dum
2374 704 2709 778 loqueretur
2737 708 2797 761 in
2828 707 3127 762 via?»etc.
3147 705 3249 760 Illo
3266 706 3795 779 enimignesuccensi

2204 795 2452 863 fuerant,
2488 796 2559 851 de
2591 813 2705 867 quo
2721 796 3003 851 Dominus
3020 795 3102 850 ait
3122 812 3135 849 :
3156 818 3181 844 τι
3198 794 3391 866 Ignem
3405 794 3800 855 enimvenimit-

2202 886 2322 939 tere
2355 883 2412 939 in
2444 888 2679 951 terram,
2716 887 2772 939 et
2802 883 2941 956 quid
2960 882 3215 953 volo’nisi
3244 884 3797 954 utardeat(Luc.vu}?»

2202 972 2319 1028 Hoc
2354 974 2486 1045 igne
2517 991 2830 1029 accensum
2862 989 2924 1029 se
2957 976 3214 1039 noverat,
3248 972 3652 1045 quidicebatm
3674 976 3798 1033 Con-

2202 1061 2383 1117 caluit
2412 1079 2512 1118 cor
2544 1079 2740 1118 meum
2769 1062 2921 1117 intra
2954 1078 3064 1129 me,
3099 1066 3155 1117 et
3187 1062 3247 1116 in
3296 1062 3653 1121 meditatione
3695 1082 3801 1120 mea

2202 1138 2540 1207 exardescct
2571 1151 2726 1225 ignis
2759 1151 2929 1224 (Psal.
2981 1154 3235 1218 xxxvul).
3273 1173 3301 1199 ››
3334 1150 3442 1205 Sed
3475 1150 3602 1222 quia
3646 1154 3802 1210 omnis

2203 1240 2303 1312 qui
2336 1241 2451 1296 Deo
2484 1242 2725 1296 docente
2757 1241 2975 1296 bonum
2999 1240 3173 1295 discit
3199 1239 3600 1311 percharitatis
3628 1245 3804 1313 myste-

2203 1330 2376 1397 rium,
2439 1329 2571 1385 aliis
2629 1330 2979 1385 annuntiare
3036 1330 3224 1396 debet,
3282 1330 3531 1401 probant
3581 1329 3678 1385 hoc
3727 1329 3805 1386 isti

2203 1417 2494 1490 discipuli,
2530 1419 2601 1474 de
2631 1419 2846 1490 quibus
2880 1418 3186 1474 subditur:

2278 1529 2304 1557 α
2336 1508 2405 1562 Et
2433 1512 2739 1579 surgentes
2761 1508 2964 1563 eadem
2997 1506 3162 1573 hora,
3194 1506 3441 1579 regressi
3466 1506 3659 1562 suntin
3674 1507 3807 1562 Jeru-

2204 1619 2233 1645 ‹‹
2264 1594 2469 1651 salem.
2510 1619 2534 1645 ››
2568 1597 2690 1651 Non
2722 1596 2878 1651 enim
2911 1596 3252 1669 fatigatione
3302 1596 3528 1651 itineris
3571 1595 3806 1668 prohibiti

2203 1688 2363 1751 sunt,
2396 1701 2508 1739 non
2544 1685 2884 1755 vespertina:
2915 1684 3073 1740 horae
3118 1684 3603 1756 impedimentum
3633 1682 3812 1739 timue-

2206 1777 2363 1837 runt,
2396 1773 2495 1827 sed
2528 1774 2730 1828 eadem
2778 1773 2919 1829 hora
2963 1778 3275 1847 surgentes
3332 1773 3575 1846 regressi
3606 1777 3727 1828 sunt
3767 1772 3813 1826 in

2201 1861 2527 1916 Jerusalem
2560 1862 2830 1916 nuntiare
2870 1861 3151 1935 apostolis
3199 1863 3354 1935 quod
3386 1862 3458 1917 de
3503 1861 3715 1917 Domini
3740 1878 3817 1916 re-

2203 1950 2562 2006 surrectione
2594 1950 2652 2004 in
2679 1950 2770 2005 via
2799 1956 3221 2023 compererant.
3252 1951 3418 2007 Unde
3451 1952 3593 2007 bene
3616 1950 3819 2021 subjun-

2203 2040 2390 2112 gitur:

2278 2150 2305 2179 ‹‹
2338 2130 2404 2183 Et
2434 2110 3188 2202 inveneruntbongregatos
3236 2129 3516 2184 undecim
3549 2134 3603 2185 et
3628 2145 3716 2183 eos
3743 2126 3823 2198 qui

2205 2238 2233 2267 «
2265 2233 2397 2272 cum
2430 2216 2576 2287 ipsis
2607 2222 2791 2284 erant,
2818 2218 3280 2289 dicentes:quod
3313 2217 3569 2273 surrexit
3584 2215 3825 2271 Dominus

2204 2328 2233 2355 «
2264 2322 2413 2370 vere,
2449 2310 2499 2360 et
2535 2306 2802 2377 apparuit
2837 2306 3082 2361 Simoni.
3115 2307 3183 2360 Et
3216 2306 3332 2378 ipsi
3388 2306 3696 2361 narrabant
3724 2320 3827 2375 qum

2206 2399 2421 2465 «gesta
2450 2394 2697 2448 erantin
2729 2394 2839 2457 via,
2873 2398 2929 2449 et
2962 2396 3260 2466 quomodo
3293 2398 3684 2468 cognoverunt
3718 2408 3827 2446 eum

2208 2502 2234 2533 α
2268 2482 2324 2536 in
2360 2482 2637 2537 fractione
2669 2483 2857 2554 panis.
2892 2504 2919 2532 ››
2955 2483 3117 2550 Quod
3149 2484 3266 2538 sibi
3288 2483 3391 2538 ubi
3428 2483 3515 2539 vel
3531 2482 3748 2554 quando
3766 2481 3830 2534 fa-

2202 2574 2360 2625 ctum
2396 2570 2489 2639 sit,
2525 2570 2881 2642 evangelista
2912 2589 3027 2626 non
3054 2570 3342 2639 declarat,
3379 2576 3577 2628 tamen
3608 2570 3733 2642 quia
3761 2568 3830 2622 fa-

2203 2664 2360 2714 ctum
2377 2659 2453 2713 sit
2467 2675 2579 2713 non
2594 2663 2762 2725 tacet,
2789 2659 3019 2715 dicens:
3039 2659 3229 2723 «Quia
3242 2660 3571 2716 resurrexit
3584 2658 3835 2715 Dominus

2200 2764 2352 2815 vere,
2386 2752 2441 2803 et
2472 2747 2739 2819 apparuit
2768 2747 3011 2815 Simoni,
3045 2770 3072 2798 ››
3107 2748 3164 2802 id
3197 2754 3294 2803 est
3323 2750 3518 2814 Petro,
3553 2752 3691 2803 teste
3716 2746 3837 2816 Apo-

2202 2835 2372 2903 stolo,
2406 2836 2501 2908 qui
2537 2836 2645 2891 ait:
2682 2858 2709 2886 ‹‹
2747 2836 2853 2901 Qui
2886 2836 3047 2891 visus
3078 2840 3167 2891 est
3197 2836 3439 2909 Cephea,
3489 2842 3547 2893 et
3577 2838 3702 2909 post
3736 2833 3837 2888 haec

2202 2924 2471 2981 undecim
2505 2923 2552 2996 (Ι
2576 2926 2699 2981 Cor.
2734 2928 2847 2992 xv).
2890 2946 2915 2973 ››
2947 2924 3207 2979 Primum
3242 2926 3412 2980 enim
3429 2923 3691 2980 omnium
3718 2918 3838 2976 viro-

2202 3029 2353 3081 rum,
2371 3017 2538 3068 Petro
2551 3013 2892 3084 apparuisse
2907 3013 3189 3069 Dominus
3221 3018 3367 3085 post
3379 3011 3840 3070 resurrectionem

2203 3102 2480 3168 creditur,
2514 3119 2629 3156 non
2675 3100 2866 3156 solum
2917 3105 2979 3155 ut
3011 3100 3388 3173 apostolatus
3436 3103 3569 3175 ejus
3612 3100 3842 3156 ordinem

431 3191 691 3266 hospitio
722 3194 1010 3267 susceptis
1041 3194 1221 3267 (Hebr.
1262 3212 1389 3261 x1x;
1441 3195 1568 3250 Gen.
1602 3199 1737 3263 xxx).
1777 3218 1802 3244 ››
1856 3178 1999 3252 Hinc
2032 3202 2088 3252 et
2118 3178 2160 3243 C
2198 3189 2610 3255 consolidaret,
2640 3190 2740 3244 sed
2773 3189 2948 3245 etiam
2982 3192 3045 3244 ut
3074 3194 3341 3247 mentem
3355 3188 3843 3264 ejus,qu:einpas—

430 3281 635 3338 Petrus
664 3282 965 3354 apostolus
996 3298 1103 3338 nos
1134 3283 1421 3347 hortatur,
1445 3282 1675 3338 dicens:
1713 3307 1739 3333 ‹‹
1758 3284 2087 3356 Hospitales

433 3369 680 3425 invicem
713 3368 838 3426 sine
852 3386 1087 3426 murmu
1099 3370 1346 3441 ratione(
1354 3375 1384 3425 Ι
1393 3373 1542 3426 Patr.
1575 3371 1667 3442 iv).
1687 3394 1714 3421 ››
1742 3371 1886 3427 Hinc
1909 3372 2085 3429 etiam

434 3456 641 3511 beatus
669 3456 779 3512 Job
810 3457 882 3512 de
930 3458 1123 3529 seipse
1182 3462 1446 3523 testatur,
1508 3456 1808 3529 inquiens:
1864 3460 2087 3516 «Foris

436 3558 553 3599 non
585 3544 804 3599 mansit
833 3545 1195 3617 peregrinus,
1215 3546 1432 3601 ostium
1466 3547 2087 3620 meumviatoripatuit

440 3631 577 3704 (Job.
603 3635 779 3699 xxxx).
816 3654 845 3682 »

508 3742 536 3771 ‹‹
567 3722 635 3776 Et
664 3720 899 3776 intravit
929 3737 1064 3777 cum
1096 3721 1231 3777 illis.
1268 3723 1566 3778 Ett‘actum
1599 3725 2082 3782 estdumrecum-

434 3831 464 3861 ‹‹
498 3809 657 3864 beret
686 3825 820 3865 cum
849 3809 955 3876 eis,
991 3810 1213 3882 accepit
1243 3828 1473 3883 panem,
1528 3813 1823 3869 benedixit
1869 3832 1934 3870 ac
1968 3816 2083 3871 fre-

434 3920 461 3948 «
496 3897 599 3971 git,
632 3901 690 3953 et
716 3896 1195 3971 porrigebatillis.
1218 3901 1285 3955 Et
1305 3901 1492 3972 aperti
1524 3902 1824 3959 suntoculi
1858 3920 2081 3971 eorum,

432 4007 461 4036 α
494 3990 552 4042 et
581 3990 976 4060 cognoverunt
1007 3987 1195 4043 illum.
1234 4011 1261 4038 »
1295 3989 1442 4055 Quia
1475 3990 1618 4047 ﬁdes
1651 3991 1777 4047 sine
1809 3993 2083 4064 operibus

428 4079 661 4131 mortua
683 4079 791 4143 est,
826 4075 962 4132 hinc
992 4093 1343 4150 cognoscere
1375 4079 1694 4150 possimus,
1715 4080 1853 4152 quia
1876 4086 2078 4149 Deum,

426 4181 602 4237 quem
633 4164 905 4237 discipuli
940 4180 1043 4221 nec
1075 4182 1143 4221 ex
1159 4165 1525 4237 visione,nec
1547 4184 1614 4223 ex
1644 4168 2079 4240 Scripturarum

426 4252 905 4327 interpretatione
956 4260 1365 4327 cognoverant,
1417 4273 1552 4311 mox
1582 4260 1645 4311 ut
1691 4273 1883 4328 opere,
1925 4259 2079 4330 quod

423 4342 737 4414 Scripturze
766 4341 1131 4415 praecipiunt,
1183 4344 1570 4415 perteeerunt.
1618 4369 1643 4395 ‹‹
1679 4351 2084 4417 Cognoverunt

425 4445 560 4486 eum
595 4431 651 4486 in
687 4430 968 4487 fractione
991 4432 1179 4509 panis,
1216 4453 1244 4480 ››
1275 4432 1558 4497 Quoniam
1594 4434 1749 4489 sicut
1769 4435 2081 4506 Apostolus

2197 3277 2359 3333 sione
2391 3277 2759 3345 titubaverat,
2796 3278 3157 3335 reformaret.

2729 3429 3029 3485 HOMILIA
3070 3430 3319 3486 LXXIII.

2676 3534 2840 3574 FERIA
2876 3535 3074 3574 TERTIA
3114 3532 3382 3576 PASCHE.

2268 3633 2417 3706 (Acr.
2450 3637 2595 3703 xm.)
2631 3656 2657 3684 «
2690 3634 2750 3688 In
2784 3634 2993 3689 diebus
3024 3632 3171 3689 illis:
3212 3634 3500 3709 Surgens
3552 3632 3780 3699 Paulus,
3810 3632 3855 3685 et

2199 3745 2220 3773 α
2258 3740 2434 3778 manu
2468 3722 2766 3779 silentium
2810 3723 3098 3793 indicens,
3148 3722 3263 3780 ait:
3324 3722 3459 3779 Viri
3511 3726 3738 3791 fratres,
3764 3718 3854 3774 ﬁlii

2194 3836 2219 3860 ‹‹
2255 3812 2486 3884 generis
2518 3802 2830 3878 Abraham,
2863 3818 2920 3867 et
2949 3811 3047 3883 qui
3082 3811 3139 3865 in
3169 3810 3348 3867 vobis
3382 3813 3607 3869 timent
3634 3812 3858 3873 Deum,»

2191 3906 2248 3955 et
2278 3900 2522 3972 reliqua.
2552 3901 2767 3955 Omnes
2801 3901 3016 3972 quibus
3039 3899 3540 3973 isteloquebatur
3554 3896 3856 3972 apostolus,

2192 3991 2517 4046 secundum
2549 4005 2784 4044 carnem
2816 3989 2917 4043 ﬁlii
2949 3989 3190 4044 Abrahae
3212 3994 3422 4057 erant,
3446 3984 3865 4060 sicutetipside

2192 4079 2401 4150 seipsis
2435 4079 2494 4133 in
2526 4077 2638 4133 alio
2670 4077 2795 4133 loco
2845 4077 3117 4133 dixerunt
3151 4078 3352 4150 (Joan.
3410 4083 3576 4148 vui):
3614 4102 3641 4127 ‹‹
3681 4077 3865 4133 Semen

2188 4168 2428 4223 Abrahae
2461 4184 2689 4235 sumus,
2724 4171 2780 4221 et
2808 4165 2951 4221 nulli
3001 4164 3367 4222 servivimus
3423 4184 3728 4240 unquam.
3760 4187 3785 4215 »
3814 4161 3873 4217 Et

2189 4257 2437 4312 iterum:
2477 4278 2503 4306 «
2536 4256 2704 4310 Pater
2733 4260 2931 4310 noster
2952 4254 3250 4311 Abraham
3285 4261 3408 4312 est.
3455 4282 3477 4305 η
3501 4257 3571 4313 Et
3605 4254 3869 4312 Dominus

2190 4344 2338 4400 illis:
2384 4368 2410 4395 ‹‹
2445 4344 2575 4400 Scio
2623 4345 2763 4416 quia
2810 4344 2927 4399 ﬁlii'
2962 4344 3205 4401 Abraba:
3233 4347 3424 4401 estis.
3463 4369 3493 4398 »
3557 4343 3873 4402 imitatione

2188 4434 2344 4491 enim
2382 4450 2495 4488 non
2527 4432 2631 4487 ﬁlii
2660 4434 2901 4489 Abrahae
2934 4429 3874 4506 erant-illi,quibusDominuslo—

423 4517 531 4607 ait:
567 4541 595 4607 fc
627 4518 751 4574 Non
784 4519 1079 4574 auditores
1112 4518 1256 4607 legis
1297 4519 1442 4591 justi
1497 4525 1635 4577 sunt
1684 4523 1839 4593 apud
1871 4522 2079 4591 Deum,
2111 4543 2157 4607 D
2192 4523 2513 4596 quebatur:
2547 4544 2575 4572 ‹‹
2603 4523 2720 4577 Vos
2751 4539 2819 4578 ex
2850 4527 3012 4595 patre
3042 4520 3280 4577 diaboio
3316 4524 3502 4579 estis.
3529 4544 3558 4575 ιι
3599 4522 3873 4591 Indeergo

421 4605 524 4661 sed
557 4606 803 4662 factores
833 4605 1809 4680 legisjustiﬁcabuntur(Rmn.1i).»
1844 4611 2082 4666 Etsicut
2112 4605 2143 4607 γ
2187 4609 2373 4666 δυάδξὶ
2426 4609 2530 4664 ﬁlii
2578 4610 2813 4678 diaboli,
2866 4628 2981 4666 non
3030 4610 3364 4680 nascendo,
3406 4614 3521 4668 sed
3578 4608 3872 4667 imitando.

420 4692 705 4749 Dominus
737 4694 907 4750 dicit:
945 4717 972 4744 «
1006 4694 1161 4750 Beati
1196 4694 1294 4766 qui
1328 4696 1835 4753 audiuntverbum
1871 4699 1992 4765 Dei,
2026 4706 2083 4756 et

414 4782 761 4838 custodiunt
789 4783 933 4837 illud
969 4783 1216 4855 (Luem).
1258 4805 1283 4831 ››
1314 4784 1430 4840 Nos
1453 4802 1688 4857 quoque
1707 4803 1811 4857 pro
1844 4788 2080 4843 modulo

418 4876 618 4926 nostro
650 4870 709 4925 in
742 4872 1028 4928 fractione
1058 4871 1228 4943 panis
1274 4872 1595 4929 Dominum
1650 4876 2079 4945 cognoscimus,

417 4957 467 5011 si
499 4960 719 5013 mundo
751 4961 923 5015 corde
952 4965 1008 5016 et
1052 4964 1212 5016 casto
1259 4978 1503 5032 corpore
1554 4964 1900 5034 mysterium
1955 4981 2078 5021 cor-

415 5046 577 5115 poris
606 5051 663 5102 et
692 5048 997 5119 sanguinis
1026 5050 1155 5120 ejus
1187 5066 1321 5104 cum
1359 5050 1544 5123 digna
1563 5052 1882 5108 reverentia
1903 5054 2082 5109 sumi-

416 5148 572 5190 mus.

487 5245 515 5272 «
549 5223 617 5278 Et
648 5223 772 5295 ipse
801 5223 1037 5279 evanuit
1065 5225 1137 5281 ab
1158 5226 1342 5282 oculis
1360 5243 1583 5283 eorum.
1622 5229 1689 5284 Et
1706 5228 1977 5287 dixerunt
1993 5232 2064 5287 ad

420 5328 448 5362 α
475 5309 753 5367 invicem:
789 5312 990 5368 Nonne
1019 5329 1118 5369 cor
1149 5322 1413 5371 nostrum
1433 5318 1645 5374 ardens
1662 5320 1856 5375 eratin
1873 5320 2060 5384 nobis,

415 5420 444 5448 «
479 5398 621 5453 dum
652 5396 993 5472 loqueretur
1019 5400 1077 5454 in
1108 5402 1220 5469 via,
1254 5408 1310 5459 et
1340 5405 1587 5476 aperiret
1612 5406 1781 5463 nobis
1809 5408 2064 5481 Scriptu-

412 5508 443 5538 «
477 5487 613 5544 ras?
647 5510 677 5539 »
708 5488 876 5558 Quia,
912 5487 1066 5544 sicut
1097 5490 1179 5545 ait
1223 5492 1558 5564 Apostolus,
1593 5516 1619 5544 ‹‹
1654 5494 1808 5551 Deus
1864 5500 2062 5552 noster

407 5574 564 5657 ignis
595 5593 950 5637 consumens
978 5582 1069 5637 est
1097 5578 1276 5655 (Hebr.
1309 5584 1432 5652 xu).
1469 5603 1496 5632 ››
1529 5581 1845 5659 Postquam
1864 5584 2059 5644 Domi-

2190 4724 2218 4750 ‹‹
2251 4699 2390 4765 Vos,
2427 4700 2642 4771 iniquit
2671 4700 2979 4767 Dominus,
3011 4716 3079 4755 ex
3112 4704 3279 4771 patre
3328 4701 3589 4757 diabolo
3636 4697 3798 4763 estis,
3827 4698 3875 4751 et

2190 4789 2478 4844 desideria
2510 4790 2692 4859 patris
2722 4788 2896 4844 vestri
2928 4788 3115 4844 facere
3139 4787 3351 4844 vultis.
3380 4813 3412 4839 ››
3445 4788 3773 4849 Ecceunde
3787 4784 3878 4840 ﬁlii

2190 4876 2427 4932 diaboli.
2457 4879 2590 4943 Qum
2624 4880 2761 4932 sunt
2792 4876 2951 4931 illius
2985 4875 3327 4932 desiderio?
3363 4901 3394 4929 ‹‹
3436 4879 3551 4935 Ille
3595 4872 3879 4935 homicida

2189 4969 2313 5019 erat
2345 4966 2416 5020 ab
2448 4964 2635 5033 initio,
2668 4970 2725 5020 et
2755 4982 2852 5020 vos
2879 4965 3140 5036 quaeritis
3174 4981 3270 5019 me
3328 4970 3651 5033 occidere,
3690 4990 3718 5015 »
3748 4966 3877 5020 Ecce

2189 5055 2482 5123 quomodo
2516 5052 2839 5109 imitatione
2870 5051 2973 5107 ﬁlii
3008 5052 3245 5109 diaboli.
3286 5054 3460 5111 Nam
3481 5062 3543 5111 et
3572 5055 3707 5111 Filii
3727 5053 3881 5109 erant

2179 5141 2438 5207 Abrebae,
2473 5146 2708 5213 prepter
2739 5141 3024 5213 originem
3060 5141 3281 5208 carnis,
3325 5143 3578 5215 quibus
3612 5146 3733 5201 ista
3750 5144 3884 5213 Apo-

2176 5227 2362 5284 stolus
2391 5228 2759 5301 loquebatur,
2793 5234 2849 5285 et
2881 5229 2984 5285 ﬁlii
3018 5230 3388 5286 imitationis
3426 5239 3690 5306 propter
3719 5228 3880 5286 casti-

2174 5322 2350 5373 tatem
2383 5317 2631 5387 timoris,
2649 5318 2864 5390 quibus
2901 5318 3227 5391 specialiter
3254 5319 3547 5379 dicebat.
3567 5347 3598 5372 ‹‹
3619 5320 3691 5378 Et
3705 5319 3803 5395 qui
3831 5318 3880 5371 in

2175 5430 2203 5457 ‹‹
2236 5407 2400 5462 vobis
2431 5408 2639 5462 timent
2670 5407 2874 5477 Deum,
2908 5408 3072 5462 vobis
3102 5405 3369 5463 verbum
3435 5410 3673 5466 salutis
3712 5408 3879 5478 hujus

2170 5519 2198 5546 «
2238 5496 2484 5549 missum
2546 5499 2652 5550 est.
2688 5517 2714 5544 n
2747 5494 2895 5551 Illud
2956 5496 3162 5569 utique
3211 5494 3293 5550 de
3330 5513 3467 5570 quo
3521 5499 3724 5556 Isaias
3780 5496 3879 5554 ait:

2168 5607 2197 5636 ‹‹
2233 5584 2487 5641 Verbum
2503 5582 3037 5643 misitDominusin
3058 5584 3354 5654 Jacob,et
3369 5588 3609 5647 cecidit
3640 5572 3887 5650 iulsrae1
