3872 6170
137 331 231 393 465

1262 314 1619 379 HOMIleE
1660 315 1761 377 ne
1808 294 2205 379 TEMPORE.

3328 314 3447 387 466

132 464 226 540 (Ιεα.
254 456 331 529 rx).
361 478 384 505 υ
411 452 464 510 ld
493 454 572 509 est
607 448 949 540 misitDeus
982 448 1193 540 Filium
1224 467 1422 519 suum,
1446 450 1517 540 de
1559 467 1673 523 quo
1709 451 1764 517 Α
1794 448 1920 540 dies
1954 447 2232 505 continuo
2264 448 2557 523 apparuit,
2591 448 2691 507 sed
2711 448 2951 540 quoties
2993 446 3193 521 voluit,
3228 451 3446 526 quibus

125 538 323 610 Joannes
350 545 442 601 ait:
459 564 484 597 α
500 544 557 598 In
578 538 855 614 principio
876 545 999 597 erat
1024 539 1303 606 Verbum,
1326 544 1388 595 nt
1416 539 1672 596 Verbum

123 643 214 697 erat
239 634 365 709 apud
393 634 576 698 Deum,
595 634 648 685 et
669 635 819 685 Deus
840 634 963 685 erat
984 630 1239 685 Verbum
1259 634 1445 695 (Joan.
1462 631 1524 699 ι).
1544 653 1571 681 ››
1590 630 1673 685 Ad

118 727 272 791 Jacob,
305 724 350 778 id
395 726 473 777 est
515 721 582 775 ad
610 719 841 775 Judzeos
880 723 935 774 et
976 720 1133 773 venit
1162 719 1234 774 ad
1266 720 1462 787 Israel,
1496 719 1551 774 id
1588 724 1678 774 est

116 818 168 874 ad
191 812 422 887 gentilem
452 808 737 883 populum.
758 813 909 864 Deus
941 813 1135 863 autem
1156 808 1407 864 Verbum
1442 809 1564 880 ipse
1587 812 1676 864 est

113 905 186 962 Dei
227 902 401 958 Filius.
441 900 789 970 Quapropter
838 914 971 953 cum
1018 914 1150 953 eum
1197 899 1365 953 Pater
1414 899 1672 953 Verbum

109 991 268 1048 misita
287 990 517 1056 Patre,et
530 987 711 1042 Verbo
732 988 860 1059 ejus
875 987 1091 1041 factum
1114 992 1202 1042 est
1228 992 1291 1041 ut
1321 987 1669 1043 mitteretur.

110 1084 219 1154 Ergo
243 1098 271 1134 a
296 1080 444 1134 Patre
473 1081 526 1132 et
548 1076 686 1132 Filio
719 1077 944 1131 missus
970 1081 1059 1130 est
1098 1075 1250 1130 idem
1299 1075 1498 1142 Filius,
1535 1076 1674 1147 quia

104 1170 302 1225 Verbum
330 1167 502 1221 Patris
516 1166 734 1237 estipse
754 1165 956 1233 Filius,
973 1165 1029 1218 in
1044 1164 1171 1237 ipso
1194 1164 1285 1218 Dei
1303 1165 1493 1219 Verbo
1515 1165 1667 1236 quod

105 1264 193 1313 erat
219 1258 263 1310 in
284 1255 544 1327 principio
570 1255 722 1326 apud
751 1254 959 1318 Deum,
979 1260 1034 1308 et
1070 1258 1219 1308 Deus
1249 1258 1371 1307 erat
1390 1253 1667 1308 Verbum.

102 1348 144 1401 In
172 1347 273 1417 ipsa
299 1342 501 1400 scilicet
529 1342 813 1415 sapientia
842 1342 939 1397 Dei
960 1345 1237 1413 erat,quo
1260 1342 1669 1414 temporeVer-

101 1436 201 1488 bum
228 1450 341 1487 caro
371 1434 541 1487 ﬁeret.
561 1431 989 1487 etbabitaretin
1010 1431 1180 1485 nobis
1197 1447 1209 1483 :
1226 1447 1352 1501 quin
1371 1430 1670 1503 plenitudo

101 1519 318 1591 temporis
355 1535 477 1574 cum
524 1519 795 1584 venisset,
830 1518 993 1573 misit
1040 1523 1186 1573 Deus
1239 1517 1443 1573 Filium
1494 1536 1669 1573 suum

100 1609 264 1662 factum
293 1624 355 1663 ex
383 1606 617 1664 muliere
648 1608 786 1681 (Gal.
811 1608 908 1679 1v).
929 1612 991 1663 ut
1018 1608 1382 1663 incarnatum
1413 1608 1668 1664 Verbum

99 1696 297 1752 hominis
322 1702 633 1769 appareret.

144 1810 161 1833 «ι
190 1785 277 1852 Qui
297 1786 442 1840 enim
469 1786 737 1841 habitant
764 1786 1086 1843 Jerusalem
1121 1792 1177 1841 et
1201 1786 1492 1859 principes
1518 1788 1668 1858 ejus,
1702 1825 1749 1888 Β

98 1875 422 1946 «ignorantes
453 1875 652 1930 Jesum
685 1880 741 1931 et
769 1892 936 1931 voces
967 1876 1406 1947 prophetarum,
1430 1893 1556 1947 quae
1570 1893 1674 1948 per

95 1964 113 2011 ἐι
137 1980 272 2018 omne
293 1965 587 2021 sabbatum
617 1964 913 2037 leguntur.
933 1987 961 2016 ››
988 1965 1130 2021 Hinc
1155 1965 1328 2020 etiam
1353 1965 1412 2019 in
1434 1964 1672 2019 Actibus

95 2051 420 2123 apostolorum
434 2054 716 2125 scriptum
729 2059 839 2121 est,
855 2054 1081 2127 Moyses
1093 2054 1249 2110 enim
1266 2070 1297 2108 a
1312 2054 1672 2125 temporibus

94 2139 295 2211 antiquis
322 2140 489 2196 habet
517 2142 574 2195 in
609 2141 860 2215 singulis
882 2142 1213 2199 civitatibus
1236 2142 1336 2214 qui
1366 2158 1500 2197 eum
1534 2159 1672 2212 prm-

94 2226 236 2282 dicent
262 2228 311 2282 in
358 2230 685 2303 synagogis.
722 2231 781 2285 In
820 2230 913 2287 his
960 2231 1312 2287 testimoniis
1363 2230 1671 2285 manifeste

90 2314 369 2383 declaratur,
390 2318 526 2389 quia
549 2318 719 2375 lectio
750 2319 915 2392 lcgis,
948 2318 1034 2373 vel
1068 2320 1483 2392 prophetarum
1517 2336 1550 2374 a
1573 2320 1671 2374 Ju-

93 2401 190 2457 dais
214 2404 430 2461 sabbato
456 2424 690 2479 semper
720 2409 777 2463 in
805 2408 1118 2481 synagogis
1160 2407 1524 2479 legebantur.

138 2494 397 2566 «Cumque
410 2502 923 2552 consummassent
940 2497 1275 2568 amniaquae
1288 2497 1358 2550 de
1372 2512 1437 2551 eo
1452 2496 1670 2568 scripta

91 2601 109 2627 α
128 2586 250 2635 sunt.
275 2605 299 2631 ι»
328 2583 449 2639 Ηωε
478 2587 655 2641 verba
683 2584 939 2642 Joannes
966 2586 1073 2641 hoc
1107 2586 1279 2640 modo
1322 2590 1537 2653 narrat,
1574 2585 1667 2639 di-

89 2683 209 2724 cens:
225 2692 243 2721 ι
259 2669 445 2728 Postea
460 2674 655 2729 sciens
686 2674 858 2729 Jesus
890 2673 1029 2746 quia
1047 2674 1245 2729 omnia
1264 2680 1669 2729 consummata

92 2763 204 2811 sunt.
249 2764 304 2814 ut
349 2768 857 2819 consummaretur
909 2762 1228 2834 Scriptura,
1280 2761 1469 2817 dicit:
1522 2762 1667 2817 Sitio

94 2843 219 2909 (loco.
246 2850 634 2920 xix).Peractis
667 2852 943 2908 omnibus
972 2851 1145 2907 Jesus
1175 2868 1300 2923 quae
1332 2856 1464 2906 ante
1496 2866 1665 2906 suam

89 2940 273 2990 mortem
320 2940 509 3012 peragi
557 2940 883 3012 oportebat,
919 2940 1154 3012 quando
1194 2939 1394 3006 voluit,
1418 2944 1477 2994 et
1516 2939 1668 2995 sicut

87 3019 565 3101 voluit,tradiditspi
573 3029 779 3089 ritum.
800 3051 825 3077 ››
841 3028 1203 3101 Deponentes
1215 3045 1348 3083 eum
1363 3028 1433 3083 de
1448 3028 1624 3101 ligno.
1637 3050 1663 3076 »

86 3110 287 3185 Mloyse
311 3115 365 3170 in
395 3133 587 3173 eremo
619 3135 807 3173 mreus
838 3134 1078 3190 serpens
1131 3117 1288 3190 ligno
1336 3132 1664 3189 suspensus

86 3205 158 3261 est,
186 3208 235 3257 ut
257 3205 597 3262 Dominusin
632 3211 902 3279 serpente
916 3207 1345 3275 mortuus,etin
1364 3203 1651 3278 mresignio
1690 3192 1731 3257 C

87 3286 293 3347 liceretur
318 3299 581 3365 aeternus,
614 3294 885 3351 videlicet
914 3300 979 3351 ut
999 3296 1365 3367 judicaretur
1396 3300 1661 3350 mortuus

86 3376 580 3453 perhumanitatem,
616 3389 677 3440 et
701 3389 896 3440 tamen
927 3390 1082 3439 esset
1120 3385 1287 3456 quasi
1333 3401 1517 3440 aereus
1561 3400 1664 3455 per

84 3462 396 3527 divinitatem.
429 3474 576 3538 Quid
608 3474 1085 3546 respondendum
1135 3479 1225 3528 est
1260 3473 1478 3530 Judaeis
1510 3473 1661 3543 obji-

84 3548 303 3611 cientibus
348 3561 754 3617 testimonium
788 3560 929 3616 illud
964 3578 977 3616 :
1013 3583 1041 3611 υ
1076 3560 1421 3617 Maledictus
1470 3562 1661 3616 omnis

81 3639 148 3708 qui
170 3648 411 3716 pependit
430 3650 487 3704 in
518 3650 686 3723 ligno
715 3653 891 3719 (Deut.
918 3651 1117 3723 xxr)?»
1142 3649 1513 3705 Maledictum
1536 3666 1664 3706 esse

81 3724 313 3790 hominem
342 3738 435 3809 qui
489 3739 549 3794 in
596 3739 762 3812 ligno
803 3741 1071 3811 pendeat,
1108 3740 1209 3795 sed
1254 3740 1513 3811 noxium,
1547 3757 1661 3794 non

80 3813 403 3900 innocentem.
420 3828 623 3900 Neque
645 3828 803 3883 enim
835 3828 1175 3883 innocentia:
1194 3832 1384 3899 potest
1403 3845 1530 3884 esse
1549 3845 1666 3884 ma-

82 3899 295 3964 ledictum
325 3930 489 3983 pmna
518 3899 1007 3989 peccati.Etenim
1032 3917 1081 3971 si
1102 3917 1497 3972 Mardochzeus
1523 3935 1664 3989 prae-

82 3998 229 4059 pnrato
249 3997 393 4073 ligno
413 4021 723 4077 appensus
743 4007 1091 4060 sententiam
1118 4006 1285 4078 regiae
1303 4006 1666 4060 crudelitatis

80 4082 602 4165 explessetmunquid
618 4110 758 4149 eum
784 4094 840 4147 bi
874 4110 1027 4148 nunc
1058 4095 1299 4166 dignum
1327 4095 1398 4149 ad
1430 4094 1667 4150 maledi-

76 4168 271 4230 ctionem
292 4179 627 4248 judicarent
654 4183 685 4236 ἱ)
708 4182 831 4236 Non
855 4183 1114 4237 omnino.
1142 4182 1359 4237 Ideirco
1386 4182 1667 4237 Dominus

81 4264 227 4350 noster
246 4270 508 4338 pependit
538 4271 597 4325 in
630 4270 891 4343 ligno,ut
924 4287 1029 4326 nos
1060 4288 1094 4326 a
1139 4270 1369 4337 delicto,
1402 4271 1555 4342 quod
1609 4273 1666 4326 in

77 4339 190 4415 ligno
214 4352 386 4411 fuerat
410 4339 765 4429 perditionis
796 4356 1147 4427 admissum,
1182 4359 1340 4433 ligno
1370 4339 1667 4432 appensus

78 4433 353 4499 absolveret.
386 4468 412 4495 »
448 4448 789 4503 Posuerunt
828 4465 963 4503 eum
1010 4449 1068 4503 in
1114 4454 1511 4504 monumento.
1544 4471 1569 4498 n
1602 4448 1666 4504 In

79 4534 391 4620 monumento
423 4553 571 4592 novo
605 4536 836 4616 positus
866 4542 955 4592 est
975 4538 1168 4603 Jesus,
1188 4538 1243 4592 in
1268 4554 1381 4609 quo
1406 4539 1664 4593 nondum
1700 4559 1744 4621 Ι)

77 4624 325 4687 ‘l‘llsquam
356 4625 585 4694 positus
617 4624 1012 4681 erat.Sicutin
1044 4625 1285 4698 virginis
1315 4631 1477 4682 utero
1496 4643 1664 4681 nemo

78 4706 175 4787 {inte
201 4704 367 4777 illum,
397 4731 571 4769 nemo
604 4718 741 4787 post
794 4714 956 4769 illum
990 4720 1303 4786 conceptus
1333 4721 1422 4771 est
1456 4732 1468 4770 :
1507 4716 1586 4771 ita
1612 4716 1671 4770 in

76 4783 155 4843 hoc
180 4809 559 4871 monumento,
577 4820 752 4859 nemo
774 4810 909 4860 ante
939 4803 1127 4872 illum,
1145 4821 1315 4860 nemo
1349 4810 1481 4877 post
1506 4804 1673 4860 illum

80 4880 294 4948 Sepultus
321 4894 425 4945 est.

129 4990 150 5015 α
176 4970 310 5030 Deus
337 4995 472 5035 vero
504 4982 815 5037 suscitavit
866 4981 1034 5036 illum
1066 4998 1098 5037 a
1131 4982 1397 5037 mortuis.
1435 5006 1461 5031 ››
1495 4983 1679 5038 Radix

81 5067 235 5115 amara
258 5068 436 5123 crucis
458 5071 721 5138 evanuit,
758 5071 862 5126 ﬂos
888 5070 1015 5125 vita;
1046 5087 1179 5125 cum
1213 5070 1500 5126 fructibus
1548 5087 1678 5125 sur-

82 5145 190 5202 rexit
214 5151 262 5207 in
294 5154 492 5227 gloria.
515 5164 650 5215 Haec
679 5164 769 5215 est
795 5160 957 5232 virga
986 5161 1197 5227 Aaron,
1214 5176 1338 5230 quae
1354 5163 1484 5230 post
1506 5159 1670 5213 sicci-

80 5232 218 5321 lﬁlem
245 5241 445 5301 ﬂoruit.
460 5247 646 5321 Virga
675 5249 830 5303 enim
862 5252 994 5319 post
1018 5245 1346 5303 ariditatem
1360 5248 1669 5315 virescens,

84 5317 299 5415 Cbristus
326 5339 411 5389 est
450 5317 600 5407 post
632 5317 879 5392 mortem
925 5353 1256 5409 resurgens,
1291 5336 1391 5408 qui
1434 5341 1525 5391 est
1568 5338 1673 5392 flos

84 5414 578 5486 Virginum,corona
625 5432 970 5499 martyrum,
1002 5425 1185 5498 gloria
1227 5426 1672 5493 continentium,

88 5501 196 5587 ’ξίιυί
221 5506 364 5566 Visus
388 5518 476 5569 est
507 5531 613 5587 per
632 5516 755 5572 dies
778 5515 1014 5571 multos.
1036 5536 1062 5564 ι»
1082 5514 1139 5568 Id
1164 5518 1253 5568 est
1284 5531 1384 5585 per
1403 5514 1677 5585 dicsqua-

90 5584 461 5659 dr‘SintaNon
478 5584 676 5660 tamen
703 5602 1261 5676 eisperomnesillos
1286 5584 1674 5673 quadraginta

1781 538 1984 606 voluit,
2018 544 2075 594 et
2105 539 2606 612 quemadmodum
2635 537 2842 607 voluit,
2874 540 3112 613 appruit
3139 562 3167 591 «
3198 540 3293 599 his
3341 540 3443 615 qui

1784 652 1812 680 ‹‹
1846 629 2022 684 simul
2056 629 2441 684 ascenderant
2471 646 2604 685 cum
2637 647 2703 685 eo
2730 630 2802 684 de
2833 628 3070 686 Galilea
3118 630 3178 686 in
3207 629 3444 689 Jerusa-

1785 741 1813 768 ‹‹
1848 717 1984 772 lem.
2023 740 2050 767 ››
2083 718 2253 773 Salva
2302 718 2573 783 historia,
2618 718 2923 775 videamus
2969 717 3440 791 intelligentiam.

1782 806 2017 862 Galilaea
2064 824 2319 879 namque
2370 810 2786 877 transmigratio
2814 810 2964 879 facta
2996 807 3439 879 interpretatur,

1782 894 2109 952 Jerusalem
2138 898 2274 951 visio
2305 898 2474 968 pacis.
2496 896 2581 951 Illi
2614 897 2770 952 enim
2803 913 2935 952 cum
2965 896 3212 952 Domino
3237 894 3308 957 de
3328 896 3443 954 Gai-

1785 984 1932 1039 lilzra
1948 985 2272 1041 ascendunt
2288 985 2344 1040 in
2373 985 2723 1051 Jerusalem,
2741 985 2841 1057 qui
2866 984 3029 1057 prius
3051 985 3145 1041 hic
3163 985 3438 1043 vitiorum

1788 1075 2049 1130 fomitem
2079 1080 2440 1147 respuentes,
2476 1076 2548 1130 ad
2582 1075 2865 1129 virtutum
2891 1074 3151 1131 culmina
3171 1076 3442 1131 transmi~

1782 1168 1973 1235 grant.
1992 1163 2311 1219 llliscilicet
2334 1181 2465 1218 cum
2493 1165 2879 1235 Redemptore
2910 1163 3441 1235 nostroapassione

1783 1253 1853 1307 ad
1889 1254 2373 1308 resursectionem
2426 1253 2869 1325 transmigrant,
2896 1258 2953 1308 et
2997 1252 3054 1307 in
3105 1251 3437 1309 Jerusalem

1781 1341 1995 1396 cmlesti
2027 1344 2379 1414 quandoque
2409 1341 2722 1397 Dominum
2752 1341 2863 1396 lenti
2888 1341 3188 1406 videbunt,
3206 1342 3302 1413 qui
3325 1342 3434 1401 hoc

1782 1432 1974 1495 modo,
2002 1431 2159 1486 vitiis
2203 1430 2514 1499 derelictis,
2568 1431 2639 1486 ad
2685 1431 2968 1485 virtutum
3021 1429 3434 1487 celsitudinem

1781 1519 2147 1575 transierint.

1852 1610 1965 1663 «Et
1997 1625 2107 1663 nos
2136 1609 2301 1664 vobis
2333 1610 2756 1664 annuntiamus
2788 1625 2855 1663 ea
2876 1608 3004 1664 dum
3025 1608 3095 1664 ad
3120 1611 3316 1680 patres
3330 1625 3432 1663 no-

1781 1703 1979 1752 «stros
2011 1697 2389 1769 repromissio
2423 1697 2574 1752 facta
2605 1702 2711 1753 est.
2732 1697 3017 1752 nAbraha:
3041 1697 3432 1754 enimdictum

1780 1792 1940 1841 estzu
1962 1788 2024 1843 In
2056 1792 2110 1841 te
2142 1787 2560 1842 benedicentur
2575 1785 2856 1841 universa:
2878 1786 3431 1858 cognationeeterras

1780 1875 1934 1944 (Gen.
1968 1875 2129 1947 xxu).
2166 1898 2193 1923 »
2223 1875 2402 1931 Jacob
2437 1880 2652 1941 autem,
2684 1897 2712 1924 ‹‹
2745 1880 2803 1930 et
2832 1874 3247 1931 benedicentur
3272 1875 3331 1929 in
3377 1879 3433 1931 te

1781 1969 1838 2019 et
1870 1965 1930 2018 in
1963 1964 2187 2020 semine
2216 1968 2315 2018 tuo
2349 1968 2567 2018 cunctae
2598 1963 2790 2018 tribus
2816 1964 3431 2034 terrze(Gcn.xxvm).»

1781 2054 1943 2117 Quod
1970 2052 2283 2124 Apostolus
2315 2069 2629 2125 exponens,
2654 2053 2764 2107 ait:
2784 2076 2811 2102 ‹‹
2847 2052 2972 2107 Non
3003 2051 3150 2107 dixit
3178 2050 3236 2106 in
3255 2051 3432 2108 semi-

1784 2143 1977 2197 nibus.
1996 2143 2095 2197 sed
2112 2142 2169 2195 in
2193 2142 2551 2207 seminetuo,
2565 2141 2721 2212 quod
2737 2140 3107 2196 estChristus
3121 2139 3262 2211 (Gal.
3278 2143 3381 2209 III).
3404 2163 3432 2190 ››

1781 2232 1990 2286 Semen
2025 2232 2261 2303 quidem
2294 2230 2537 2285 Abrahze
2569 2228 2837 2284 Christus
2867 2234 2978 2295 est,
3012 2229 3071 2285 in
3102 2230 3273 2300 cujus
3326 2246 3431 2285 no-

1780 2320 1959 2375 minis
1990 2321 2102 2375 tide
2133 2320 2410 2375 omnibus
2440 2324 2605 2374 terrae
2639 2317 2901 2385 familiis,
2924 2318 3145 2374 Judaais
3159 2318 3429 2375 videlicet

1778 2415 1835 2465 et
1864 2410 2263 2481 gentibus,est
2292 2408 2616 2464 benedictio
2647 2407 3023 2479 repromissa,
3039 2406 3097 2462 id
3123 2412 3212 2463 est
3236 2407 3425 2480 signi—

1779 2499 1969 2553 ticata.

1850 2611 1877 2637 ‹‹
1912 2587 2069 2643 Dabo
2093 2587 2255 2641 vobis
2287 2591 2488 2642 sancta
2529 2585 2703 2640 David
2745 2584 2957 2640 ﬁdelia.
2996 2607 3023 2634 ››
3052 2585 3114 2640 Id
3144 2590 3235 2641 est
3271 2602 3428 2657 quaa-

1777 2693 2005 2747 cunque
2051 2676 2230 2730 David
2282 2674 2435 2729 lideli
2483 2674 2749 2746 promisi,
2781 2674 2982 2729 eadem
3026 2672 3189 2728 vobis
3236 2673 3427 2730 ﬁdelis

1775 2781 2026 2837 sponsor
2056 2763 2332 2836 implebo,
2365 2762 2665 2818 Christum
2700 2760 2921 2817 scilicet
2951 2761 3023 2818 de
3061 2762 3194 2833 ejus
3242 2762 3425 2834 stirpe

1777 2852 2161 2909 nasciturum.

2308 2967 2600 3023 HOMILIA
2649 2965 2886 3022 LXXIV.

2234 3082 2398 3120 FERIA
2434 3082 2633 3120 TERTIA
2672 3080 2922 3119 PASCIIIE.

1841 3208 2003 3277 (an.
2040 3206 2214 3278 xxxv).
2249 3230 2275 3257 ‹‹
2306 3211 2369 3261 In
2415 3205 2514 3261 illo
2541 3210 2801 3277 tempore
2851 3222 2864 3260 :
2915 3204 3086 3261 Stetit
3134 3205 3311 3262 Jesus
3362 3206 3421 3281 in

1771 3319 1798 3346 «
1834 3296 2024 3351 medio
2055 3295 2480 3368 discipulorum
2504 3311 2766 3351 suorum.
2786 3317 2813 3343 n
2828 3296 2898 3350 Et
2918 3292 3165 3367 reliqua.
3195 3294 3424 3353 Haerent

1770 3385 1881 3440 sibi
1914 3384 2119 3439 divinzn
2150 3384 2449 3449 lectiones,
2483 3388 2540 3438 et
2569 3382 2906 3454 frequenter
2939 3399 3058 3438 una
3091 3383 3307 3455 pendet
3352 3398 3424 3439 ex

1772 3474 2068 3537 altera,ita
2099 3477 2163 3528 ut
2191 3489 2615 3544 nonnunquam
2646 3470 2882 3527 exordia
2897 3471 3316 3543 subsequentis
3334 3471 3421 3527 fa-

1773 3562 1943 3617 cilius
1975 3560 2379 3633 intelligantur
2416 3577 2486 3615 ex
2520 3560 2980 3615 consideratione
3022 3559 3419 3631 praecedentis.

1771 3652 1931 3717 Quod
1966 3652 2024 3706 in
2056 3651 2165 3706 hac
2186 3650 2431 3705 lectione
2452 3649 2616 3705 facile
2637 3649 3087 3727 agnoscimus,si
3118 3648 3422 3720 superiora

1774 3741 1953 3812 hujus
1978 3738 2271 3812 Evangelii
2313 3755 2631 3811 parumper
2677 3737 3073 3793 attendamus.
3108 3737 3425 3809 Postquam

1771 3830 1929 3885 enim
1960 3828 2436 3884 commemoravit
2466 3827 2824 3899 evangelista
2852 3826 3085 3883 duobus
3118 3824 3426 3898 discipulis

1772 3918 2084 3973 Dominum
2098 3917 2157 3970 in
2174 3915 2640 3987 viaapparuisse,
2655 3921 2965 3986 postquam
2979 3931 3113 3970 eum
3127 3914 3426 3986 cognitum

1775 4009 1847 4063 ab
1874 4007 1957 4061 eis
1990 4007 2047 4059 in
2074 4005 2350 4059 lractione
2381 4004 2552 4074 panis
2575 4003 2831 4057 narravit
2851 4002 3432 4073 fuisse,adjecitcon-

1775 4096 1937 4151 tinuo
1972 4112 1984 4149 :
2020 4118 2046 4143 ‹‹
2076 4094 2145 4148 Et
2175 4096 2483 4163 surgentes
2510 4092 2713 4146 eadem
2746 4091 2890 4145 hora
2917 4090 3168 4163 regressi
3200 4096 3341 4145 sunt
3370 4091 3429 4144 in

1772 4183 2119 4248 Jerusalem,
2149 4186 2208 4237 et
2238 4181 2587 4235 invenerunt
2635 4183 3021 4251 congregatos
3064 4177 3336 4233 undecim
3374 4181 3433 4232 et

1775 4289 1874 4329 eos
1901 4272 1999 4344 qui
2027 4288 2158 4325 cum
2192 4268 2337 4341 ipsis
2368 4268 2827 4333 erant,dicentes
2858 4267 3013 4338 quod
3039 4266 3291 4322 surrexit
3317 4265 3429 4321 Do-

1777 4360 1972 4416 minus
2005 4376 2152 4426 verc,
2185 4363 2242 4414 et
2272 4357 2546 4429 apparuit
2591 4356 2844 4411 Simoni.
2876 4355 2942 4410 Et
2963 4354 3075 4427 ipsi
3115 4353 3433 4410 narrabant

1777 4468 1901 4522 quae
1928 4454 2093 4522 gesta
2131 4452 2298 4503 erant
2338 4447 2393 4501 in
2438 4446 2550 4512 via,
2584 4449 2641 4501 ct
2698 4444 2993 4516 quomodo
3040 4446 3431 4516 cognoverunt

1776 4556 1909 4593 eum
1947 4538 1999 4591 in
2038 4537 2314 4591 fractione
2350 4535 2587 4607 panis.»
2622 4566 2687 4575 -
2721 4556 2749 4583 ‹‹
2784 4534 2935 4589 Dum
2966 4533 3088 4589 hinc
3130 4536 3325 4588 autem
3354 4532 3429 4586 ad

1777 4652 1803 4678 ‹‹
1831 4628 2077 4682 invicem
2096 4626 2489 4698 loquerentur,
2506 4624 2679 4680 Jesus
2708 4623 2869 4680 stetit
2898 4623 2957 4678 in
2991 4622 3183 4678 medio
3202 4637 3425 4677 eorum.

1782 4716 1947 4772 Unde
1972 4720 2211 4788 apparet
2229 4714 2367 4787 quia
2392 4713 2808 4786 baecapparitio
2838 4712 2963 4783 ipso
2992 4712 3087 4767 die
3115 4709 3429 4766 Dominicaa

1785 4804 2230 4862 resurrectionis
2260 4804 2410 4859 facta
2439 4807 2527 4858 est
2551 4820 2563 4856 :
2590 4804 2757 4873 cujus
2779 4800 3157 4873 apparitionis
3188 4797 3429 4857 modum

1783 4896 2039 4952 Joannes
2070 4890 2424 4965 evangelista
2440 4891 2698 4963 apertius
2710 4889 2984 4955 declarat,
2997 4888 3198 4943 dicens
3212 4903 3265 4941 ε»
3282 4884 3431 4941 Cum

1787 4988 1945 5039 esset
1975 4999 2104 5037 sero
2140 4981 2231 5036 die
2267 4980 2365 5034 illa
2396 4996 2515 5034 una
2544 4978 2946 5046 sabbatorum,
2969 4981 3026 5032 et
3055 4975 3207 5031 fores
3238 4978 3435 5032 essent

1790 5072 1999 5127 clausa:
2012 5070 2110 5124 ubi
2125 5073 2289 5124 erant
2305 5066 2583 5139 discipuli
2616 5065 2947 5138 congregati
2967 5069 3199 5137 propter
3208 5066 3435 5120 metum

1779 5156 2558 5224 Judzeorum,venitJesuset
2588 5155 2756 5210 stetit
2783 5154 2842 5208 in
2876 5151 3434 5223 medio(loan.xx).»

1783 5248 1890 5304 Ubi
1922 5244 2411 5301 considerandum
2444 5243 2599 5314 quod
2631 5242 2701 5298 de
2733 5260 2797 5298 se
2827 5239 3296 5314 colloquentibus
3324 5244 3436 5295 Do-

1783 5337 1982 5392 minus
2004 5334 2063 5389 in
2096 5334 2286 5388 medio
2302 5331 2537 5387 stetisse
2548 5330 2780 5396 dicitur,
2799 5335 2863 5385 ut
2877 5329 3281 5402 intelligamus
3298 5328 3440 5401 quia

1784 5431 1921 5481 tunc
1947 5440 2079 5479 eum
2114 5422 2417 5476 nobiscum
2442 5420 2799 5476 habitantem
2829 5418 3265 5486 habebimus,si
3284 5433 3434 5489 quo-

1784 5516 1893 5570 ties
1924 5515 1981 5568 in
2015 5528 2198 5567 unum
2228 5526 2672 5581 congregemur,
2706 5526 2775 5565 ea
2797 5508 3097 5580 loquimur
3124 5512 3181 5564 et
3203 5505 3434 5579 agimus

1787 5621 1911 5676 quae
1946 5603 2017 5657 ad
2042 5601 2168 5671 ejus
2201 5599 2431 5655 laudem
2465 5604 2521 5654 et
2550 5602 2807 5654 nostram
2842 5597 3089 5655 salutem
3121 5595 3430 5667 pertinent,
