  <div class='ocr_page' id='page_1' title='image "/cluster/home/n/w/nwhite01/storage/ocr_20150623/118/hvd.32044073505158/239.png"; bbox 0 0 4012 6174; ppageno 0'>
   <div class='ocr_carea' id='block_1_1' title="bbox 464 260 587 332">
    <p class='ocr_par' dir='ltr' id='par_1_1' title="bbox 464 260 587 332">
     <span class='ocr_line' id='line_1_1' title="bbox 464 260 587 332; baseline -0.024 1"><span class='ocrx_word' id='word_1_1' title='bbox 464 260 587 332; x_wconf 68' lang='lat'>467</span> 
     </span>
    </p>
   </div>
   <div class='ocr_carea' id='block_1_2' title="bbox 1030 257 3304 332">
    <p class='ocr_par' dir='ltr' id='par_1_2' title="bbox 1030 257 3304 332">
     <span class='ocr_line' id='line_1_2' title="bbox 1030 257 3304 332; baseline -0.006 0"><span class='ocrx_word' id='word_1_2' title='bbox 1030 267 1439 332; x_wconf 83' lang='lat' dir='ltr'>IIAYMONIS</span> <span class='ocrx_word' id='word_1_3' title='bbox 1483 265 2020 330; x_wconf 80' lang='lat' dir='ltr'>HALBERSTAT.</span> <span class='ocrx_word' id='word_1_4' title='bbox 2068 261 2314 325; x_wconf 84' lang='lat' dir='ltr'>El‘ISC.</span> <span class='ocrx_word' id='word_1_5' title='bbox 2362 261 2536 325; x_wconf 87' lang='lat' dir='ltr'>OPP.</span> <span class='ocrx_word' id='word_1_6' title='bbox 2583 259 2779 323; x_wconf 80' lang='lat' dir='ltr'>PARS</span> <span class='ocrx_word' id='word_1_7' title='bbox 2824 260 2901 323; x_wconf 86' lang='lat' dir='ltr'>II.</span> <span class='ocrx_word' id='word_1_8' title='bbox 2929 294 3007 307; x_wconf 91' lang='lat'><strong>—</strong></span> <span class='ocrx_word' id='word_1_9' title='bbox 3036 257 3304 322; x_wconf 87' lang='lat' dir='ltr'>HOMIL.</span> 
     </span>
    </p>
   </div>
   <div class='ocr_carea' id='block_1_3' title="bbox 3705 236 3805 329">
    <p class='ocr_par' dir='ltr' id='par_1_3' title="bbox 3705 236 3805 329">
     <span class='ocr_line' id='line_1_3' title="bbox 3705 236 3805 329; baseline 0.04 -3"><span class='ocrx_word' id='word_1_10' title='bbox 3705 236 3805 329; x_wconf 23' lang='lat'>468‘</span> 
     </span>
    </p>
   </div>
   <div class='ocr_carea' id='block_1_4' title="bbox 462 392 3806 476">
    <p class='ocr_par' dir='ltr' id='par_1_4' title="bbox 462 392 3806 476">
     <span class='ocr_line' id='line_1_4' title="bbox 462 392 3806 476; baseline -0.001 -17"><span class='ocrx_word' id='word_1_11' title='bbox 462 402 638 476; x_wconf 80' lang='lat' dir='ltr'>juxta</span> <span class='ocrx_word' id='word_1_12' title='bbox 666 402 821 475; x_wconf 88' lang='lat' dir='ltr'>quod</span> <span class='ocrx_word' id='word_1_13' title='bbox 854 401 980 475; x_wconf 91' lang='lat' dir='ltr'>ipse</span> <span class='ocrx_word' id='word_1_14' title='bbox 1009 403 1116 459; x_wconf 89' lang='lat' dir='ltr'>ait:</span> <span class='ocrx_word' id='word_1_15' title='bbox 1137 424 1164 452; x_wconf 88' lang='grc'>‹‹</span> <span class='ocrx_word' id='word_1_16' title='bbox 1196 403 1301 461; x_wconf 90' lang='lat' dir='ltr'>Ubi</span> <span class='ocrx_word' id='word_1_17' title='bbox 1338 402 1553 458; x_wconf 85' lang='lat' dir='ltr'>fuerint</span> <span class='ocrx_word' id='word_1_18' title='bbox 1583 403 1698 457; x_wconf 89' lang='lat' dir='ltr'>duo</span> <span class='ocrx_word' id='word_1_19' title='bbox 1729 401 1815 456; x_wconf 87' lang='lat' dir='ltr'>vel</span> <span class='ocrx_word' id='word_1_20' title='bbox 1850 406 2113 455; x_wconf 87' lang='lat' dir='ltr'>trescon-</span> <span class='ocrx_word' id='word_1_21' title='bbox 2144 400 2199 466; x_wconf 81' lang='grc' dir='ltr'><strong>Α</strong></span> <span class='ocrx_word' id='word_1_22' title='bbox 2229 397 2301 452; x_wconf 90' lang='lat' dir='ltr'>ab</span> <span class='ocrx_word' id='word_1_23' title='bbox 2334 396 2663 452; x_wconf 85' lang='lat' dir='ltr'>immundis</span> <span class='ocrx_word' id='word_1_24' title='bbox 2693 395 2998 467; x_wconf 76' lang='lat' dir='ltr'>spiritibus</span> <span class='ocrx_word' id='word_1_25' title='bbox 3028 411 3097 449; x_wconf 89' lang='lat' dir='ltr'>ex</span> <span class='ocrx_word' id='word_1_26' title='bbox 3119 393 3235 448; x_wconf 85' lang='lat' dir='ltr'>imo</span> <span class='ocrx_word' id='word_1_27' title='bbox 3265 392 3648 453; x_wconf 79' lang='lat' dir='ltr'>immittuntur.</span> <span class='ocrx_word' id='word_1_28' title='bbox 3665 399 3806 457; x_wconf 63' lang='lat' dir='ltr'>Aliter</span> 
     </span>
    </p>
   </div>
   <div class='ocr_carea' id='block_1_5' title="bbox 470 490 2113 566">
    <p class='ocr_par' dir='ltr' id='par_1_5' title="bbox 470 490 2113 566">
     <span class='ocr_line' id='line_1_5' title="bbox 470 490 2113 566; baseline -0.004 -16"><span class='ocrx_word' id='word_1_29' title='bbox 470 492 693 566; x_wconf 80' lang='lat' dir='ltr'>gregati</span> <span class='ocrx_word' id='word_1_30' title='bbox 718 494 774 548; x_wconf 90' lang='lat' dir='ltr'>in</span> <span class='ocrx_word' id='word_1_31' title='bbox 808 493 1044 549; x_wconf 86' lang='lat' dir='ltr'>nomine</span> <span class='ocrx_word' id='word_1_32' title='bbox 1074 510 1225 558; x_wconf 89' lang='lat' dir='ltr'>meo,</span> <span class='ocrx_word' id='word_1_33' title='bbox 1253 493 1333 548; x_wconf 89' lang='lat' dir='ltr'>ibi</span> <span class='ocrx_word' id='word_1_34' title='bbox 1385 510 1518 548; x_wconf 91' lang='lat' dir='ltr'>sum</span> <span class='ocrx_word' id='word_1_35' title='bbox 1567 492 1625 546; x_wconf 91' lang='lat' dir='ltr'>in</span> <span class='ocrx_word' id='word_1_36' title='bbox 1670 490 1863 545; x_wconf 90' lang='lat' dir='ltr'>medio</span> <span class='ocrx_word' id='word_1_37' title='bbox 1912 505 2113 545; x_wconf 91' lang='lat' dir='ltr'>eorum</span> 
     </span>
    </p>
   </div>
   <div class='ocr_carea' id='block_1_6' title="bbox 474 579 2112 653">
    <p class='ocr_par' dir='ltr' id='par_1_6' title="bbox 474 579 2112 653">
     <span class='ocr_line' id='line_1_6' title="bbox 474 579 2112 653; baseline -0.002 -17"><span class='ocrx_word' id='word_1_38' title='bbox 474 581 693 648; x_wconf 84' lang='lat' dir='ltr'>(Matth.</span> <span class='ocrx_word' id='word_1_39' title='bbox 721 584 903 649; x_wconf 85' lang='lat' dir='ltr'>xvm).</span> <span class='ocrx_word' id='word_1_40' title='bbox 937 602 963 629; x_wconf 84' lang='grc'><strong>››</strong></span> <span class='ocrx_word' id='word_1_41' title='bbox 995 581 1107 635; x_wconf 89' lang='lat' dir='ltr'>Sed</span> <span class='ocrx_word' id='word_1_42' title='bbox 1140 598 1429 653; x_wconf 81' lang='lat' dir='ltr'>apparens</span> <span class='ocrx_word' id='word_1_43' title='bbox 1460 579 1767 652; x_wconf 81' lang='lat' dir='ltr'>discipulis</span> <span class='ocrx_word' id='word_1_44' title='bbox 1808 579 2112 642; x_wconf 79' lang='lat' dir='ltr'>Dominus,</span> 
     </span>
    </p>
   </div>
   <div class='ocr_carea' id='block_1_7' title="bbox 472 667 2119 741">
    <p class='ocr_par' dir='ltr' id='par_1_7' title="bbox 472 667 2119 741">
     <span class='ocr_line' id='line_1_7' title="bbox 472 667 2119 741; baseline -0.001 -18"><span class='ocrx_word' id='word_1_45' title='bbox 472 668 612 741; x_wconf 90' lang='lat' dir='ltr'>quid</span> <span class='ocrx_word' id='word_1_46' title='bbox 641 668 850 724; x_wconf 78' lang='lat' dir='ltr'>dixerit</span> <span class='ocrx_word' id='word_1_47' title='bbox 879 670 1263 726; x_wconf 65' lang='lat' dir='ltr'>audiamusm</span> <span class='ocrx_word' id='word_1_48' title='bbox 1280 671 1395 725; x_wconf 87' lang='lat' dir='ltr'>Pax</span> <span class='ocrx_word' id='word_1_49' title='bbox 1423 669 1643 725; x_wconf 77' lang='lat' dir='ltr'>vobis.»</span> <span class='ocrx_word' id='word_1_50' title='bbox 1670 670 1735 723; x_wconf 85' lang='lat' dir='ltr'>Et</span> <span class='ocrx_word' id='word_1_51' title='bbox 1765 667 2004 741; x_wconf 87' lang='lat' dir='ltr'>pulchre</span> <span class='ocrx_word' id='word_1_52' title='bbox 2036 684 2119 722; x_wconf 90' lang='lat' dir='ltr'>re-</span> 
     </span>
    </p>
   </div>
   <div class='ocr_carea' id='block_1_8' title="bbox 473 757 2112 831">
    <p class='ocr_par' dir='ltr' id='par_1_8' title="bbox 473 757 2112 831">
     <span class='ocr_line' id='line_1_8' title="bbox 473 757 2112 831; baseline -0.001 -18"><span class='ocrx_word' id='word_1_53' title='bbox 473 774 722 830; x_wconf 82' lang='lat' dir='ltr'>surgens</span> <span class='ocrx_word' id='word_1_54' title='bbox 744 758 1059 829; x_wconf 85' lang='lat' dir='ltr'>amortuis,</span> <span class='ocrx_word' id='word_1_55' title='bbox 1076 758 1263 830; x_wconf 92' lang='lat' dir='ltr'>primo</span> <span class='ocrx_word' id='word_1_56' title='bbox 1280 775 1480 831; x_wconf 86' lang='lat' dir='ltr'>pacem</span> <span class='ocrx_word' id='word_1_57' title='bbox 1496 757 1803 829; x_wconf 89' lang='lat' dir='ltr'>discipulis</span> <span class='ocrx_word' id='word_1_58' title='bbox 1825 773 2112 813; x_wconf 90' lang='lat' dir='ltr'>commen.</span> 
     </span>
    </p>
   </div>
   <div class='ocr_carea' id='block_1_9' title="bbox 472 847 2115 920">
    <p class='ocr_par' dir='ltr' id='par_1_9' title="bbox 472 847 2115 920">
     <span class='ocr_line' id='line_1_9' title="bbox 472 847 2115 920; baseline -0.002 -17"><span class='ocrx_word' id='word_1_59' title='bbox 472 847 647 915; x_wconf 87' lang='lat' dir='ltr'>davit,</span> <span class='ocrx_word' id='word_1_60' title='bbox 684 851 749 902; x_wconf 92' lang='lat' dir='ltr'>ut</span> <span class='ocrx_word' id='word_1_61' title='bbox 778 861 879 919; x_wconf 90' lang='lat' dir='ltr'>per</span> <span class='ocrx_word' id='word_1_62' title='bbox 908 864 1074 903; x_wconf 89' lang='lat' dir='ltr'>suam</span> <span class='ocrx_word' id='word_1_63' title='bbox 1104 847 1978 920; x_wconf 89' lang='lat' dir='ltr'>passionem,resurrectionem,</span> <span class='ocrx_word' id='word_1_64' title='bbox 2013 863 2115 901; x_wconf 82' lang='lat' dir='ltr'>an-</span> 
     </span>
    </p>
   </div>
   <div class='ocr_carea' id='block_1_10' title="bbox 473 936 2117 1010">
    <p class='ocr_par' dir='ltr' id='par_1_10' title="bbox 473 936 2117 1010">
     <span class='ocr_line' id='line_1_10' title="bbox 473 936 2117 1010; baseline 0.001 -19"><span class='ocrx_word' id='word_1_65' title='bbox 473 936 717 1010; x_wconf 90' lang='lat' dir='ltr'>gelicam</span> <span class='ocrx_word' id='word_1_66' title='bbox 750 941 810 991; x_wconf 90' lang='lat' dir='ltr'>at</span> <span class='ocrx_word' id='word_1_67' title='bbox 839 937 1161 992; x_wconf 79' lang='lat' dir='ltr'>humanam</span> <span class='ocrx_word' id='word_1_68' title='bbox 1195 942 1464 991; x_wconf 86' lang='lat' dir='ltr'>naturam</span> <span class='ocrx_word' id='word_1_69' title='bbox 1512 937 1943 992; x_wconf 79' lang='lat' dir='ltr'>reconciliatam</span> <span class='ocrx_word' id='word_1_70' title='bbox 1989 953 2117 992; x_wconf 91' lang='lat' dir='ltr'>esse</span> 
     </span>
    </p>
   </div>
   <div class='ocr_carea' id='block_1_11' title="bbox 474 1025 2114 1098">
    <p class='ocr_par' dir='ltr' id='par_1_11' title="bbox 474 1025 2114 1098">
     <span class='ocr_line' id='line_1_11' title="bbox 474 1025 2114 1098; baseline -0.001 -17"><span class='ocrx_word' id='word_1_71' title='bbox 474 1025 823 1081; x_wconf 84' lang='lat' dir='ltr'>ostenderet.</span> <span class='ocrx_word' id='word_1_72' title='bbox 857 1026 937 1080; x_wconf 86' lang='lat' dir='ltr'>Ex</span> <span class='ocrx_word' id='word_1_73' title='bbox 962 1042 1027 1081; x_wconf 85' lang='lat' dir='ltr'>eo</span> <span class='ocrx_word' id='word_1_74' title='bbox 1054 1025 1211 1081; x_wconf 91' lang='lat' dir='ltr'>enim</span> <span class='ocrx_word' id='word_1_75' title='bbox 1243 1030 1502 1097; x_wconf 89' lang='lat' dir='ltr'>tempore</span> <span class='ocrx_word' id='word_1_76' title='bbox 1535 1043 1649 1098; x_wconf 87' lang='lat' dir='ltr'>quo</span> <span class='ocrx_word' id='word_1_77' title='bbox 1682 1025 1907 1097; x_wconf 86' lang='lat' dir='ltr'>primus</span> <span class='ocrx_word' id='word_1_78' title='bbox 1940 1025 2114 1080; x_wconf 91' lang='lat' dir='ltr'>homo</span> 
     </span>
    </p>
   </div>
   <div class='ocr_carea' id='block_1_12' title="bbox 475 1114 2120 1186">
    <p class='ocr_par' dir='ltr' id='par_1_12' title="bbox 475 1114 2120 1186">
     <span class='ocr_line' id='line_1_12' title="bbox 475 1114 2120 1186; baseline 0.001 -18"><span class='ocrx_word' id='word_1_79' title='bbox 475 1114 762 1186; x_wconf 79' lang='lat' dir='ltr'>peccando</span> <span class='ocrx_word' id='word_1_80' title='bbox 790 1115 1027 1169; x_wconf 86' lang='lat' dir='ltr'>recessit</span> <span class='ocrx_word' id='word_1_81' title='bbox 1057 1132 1091 1168; x_wconf 87' lang='lat' dir='ltr'>a</span> <span class='ocrx_word' id='word_1_82' title='bbox 1120 1114 1564 1181; x_wconf 87' lang='lat' dir='ltr'>Deo,discordia</span> <span class='ocrx_word' id='word_1_83' title='bbox 1585 1116 1735 1170; x_wconf 89' lang='lat' dir='ltr'>inter</span> <span class='ocrx_word' id='word_1_84' title='bbox 1766 1115 2032 1169; x_wconf 86' lang='lat' dir='ltr'>homines</span> <span class='ocrx_word' id='word_1_85' title='bbox 2063 1119 2120 1169; x_wconf 83' lang='lat' dir='ltr'>et</span> 
     </span>
    </p>
   </div>
   <div class='ocr_carea' id='block_1_13' title="bbox 475 1202 2120 1276">
    <p class='ocr_par' dir='ltr' id='par_1_13' title="bbox 475 1202 2120 1276">
     <span class='ocr_line' id='line_1_13' title="bbox 475 1202 2120 1276; baseline -0.001 -17"><span class='ocrx_word' id='word_1_86' title='bbox 475 1202 712 1273; x_wconf 79' lang='lat' dir='ltr'>angelos</span> <span class='ocrx_word' id='word_1_87' title='bbox 742 1203 868 1257; x_wconf 90' lang='lat' dir='ltr'>fuit.</span> <span class='ocrx_word' id='word_1_88' title='bbox 896 1204 1004 1258; x_wconf 85' lang='lat' dir='ltr'>Sed</span> <span class='ocrx_word' id='word_1_89' title='bbox 1037 1205 1173 1276; x_wconf 88' lang='lat' dir='ltr'>quia</span> <span class='ocrx_word' id='word_1_90' title='bbox 1190 1204 1507 1259; x_wconf 87' lang='lat' dir='ltr'>humanam</span> <span class='ocrx_word' id='word_1_91' title='bbox 1535 1209 1803 1259; x_wconf 89' lang='lat' dir='ltr'>naturam</span> <span class='ocrx_word' id='word_1_92' title='bbox 1836 1203 2120 1258; x_wconf 86' lang='lat' dir='ltr'>Dominus</span> 
     </span>
    </p>
   </div>
   <div class='ocr_carea' id='block_1_14' title="bbox 474 1292 2119 1365">
    <p class='ocr_par' dir='ltr' id='par_1_14' title="bbox 474 1292 2119 1365">
     <span class='ocr_line' id='line_1_14' title="bbox 474 1292 2119 1365; baseline -0.002 -17"><span class='ocrx_word' id='word_1_93' title='bbox 474 1293 787 1360; x_wconf 85' lang='lat' dir='ltr'>redimens,</span> <span class='ocrx_word' id='word_1_94' title='bbox 822 1293 892 1346; x_wconf 89' lang='lat' dir='ltr'>ad</span> <span class='ocrx_word' id='word_1_95' title='bbox 916 1294 1273 1348; x_wconf 85' lang='lat' dir='ltr'>consortium</span> <span class='ocrx_word' id='word_1_96' title='bbox 1306 1293 1646 1365; x_wconf 79' lang='lat' dir='ltr'>angelorum</span> <span class='ocrx_word' id='word_1_97' title='bbox 1696 1292 2000 1359; x_wconf 85' lang='lat' dir='ltr'>revocavit,</span> <span class='ocrx_word' id='word_1_98' title='bbox 2036 1309 2119 1345; x_wconf 80' lang='lat' dir='ltr'>rc-</span> 
     </span>
    </p>
   </div>
   <div class='ocr_carea' id='block_1_15' title="bbox 476 1380 2119 1454">
    <p class='ocr_par' dir='ltr' id='par_1_15' title="bbox 476 1380 2119 1454">
     <span class='ocr_line' id='line_1_15' title="bbox 476 1380 2119 1454; baseline -0.001 -18"><span class='ocrx_word' id='word_1_99' title='bbox 476 1397 724 1454; x_wconf 87' lang='lat' dir='ltr'>surgens</span> <span class='ocrx_word' id='word_1_100' title='bbox 756 1399 790 1437; x_wconf 89' lang='lat' dir='ltr'>a</span> <span class='ocrx_word' id='word_1_101' title='bbox 818 1383 1085 1448; x_wconf 82' lang='lat' dir='ltr'>mortuis,</span> <span class='ocrx_word' id='word_1_102' title='bbox 1111 1382 1277 1454; x_wconf 88' lang='lat' dir='ltr'>quasi</span> <span class='ocrx_word' id='word_1_103' title='bbox 1302 1382 1550 1454; x_wconf 86' lang='lat' dir='ltr'>speciale</span> <span class='ocrx_word' id='word_1_104' title='bbox 1574 1399 1792 1436; x_wconf 87' lang='lat' dir='ltr'>munus</span> <span class='ocrx_word' id='word_1_105' title='bbox 1814 1380 2119 1453; x_wconf 87' lang='lat' dir='ltr'>discipulis</span> 
     </span>
    </p>
   </div>
   <div class='ocr_carea' id='block_1_16' title="bbox 477 1470 2121 1542">
    <p class='ocr_par' dir='ltr' id='par_1_16' title="bbox 477 1470 2121 1542">
     <span class='ocr_line' id='line_1_16' title="bbox 477 1470 2121 1542; baseline -0.001 -16"><span class='ocrx_word' id='word_1_106' title='bbox 477 1487 677 1542; x_wconf 89' lang='lat' dir='ltr'>pacem</span> <span class='ocrx_word' id='word_1_107' title='bbox 708 1470 973 1525; x_wconf 86' lang='lat' dir='ltr'>contulit.</span> <span class='ocrx_word' id='word_1_108' title='bbox 992 1495 1017 1521; x_wconf 83' lang='grc'><em>‹‹</em></span> <span class='ocrx_word' id='word_1_109' title='bbox 1037 1471 1163 1542; x_wconf 88' lang='lat' dir='ltr'>Ipse</span> <span class='ocrx_word' id='word_1_110' title='bbox 1181 1476 1268 1527; x_wconf 85' lang='lat' dir='ltr'>est</span> <span class='ocrx_word' id='word_1_111' title='bbox 1284 1471 1461 1535; x_wconf 88' lang='lat' dir='ltr'>enim,</span> <span class='ocrx_word' id='word_1_112' title='bbox 1478 1493 1505 1521; x_wconf 83' lang='lat'><strong>»</strong></span> <span class='ocrx_word' id='word_1_113' title='bbox 1527 1470 1951 1542; x_wconf 87' lang='lat' dir='ltr'>aitApostolus,</span> <span class='ocrx_word' id='word_1_114' title='bbox 1968 1492 1995 1519; x_wconf 92' lang='grc'>››</span> <span class='ocrx_word' id='word_1_115' title='bbox 2010 1487 2121 1541; x_wconf 80' lang='lat' dir='ltr'>pax</span> 
     </span>
    </p>
   </div>
   <div class='ocr_carea' id='block_1_17' title="bbox 476 1557 2118 1631">
    <p class='ocr_par' dir='ltr' id='par_1_17' title="bbox 476 1557 2118 1631">
     <span class='ocr_line' id='line_1_17' title="bbox 476 1557 2118 1631; baseline -0.001 -17"><span class='ocrx_word' id='word_1_116' title='bbox 476 1564 678 1614; x_wconf 89' lang='lat' dir='ltr'>nostra</span> <span class='ocrx_word' id='word_1_117' title='bbox 695 1559 791 1631; x_wconf 88' lang='lat' dir='ltr'>qui</span> <span class='ocrx_word' id='word_1_118' title='bbox 818 1559 951 1613; x_wconf 86' lang='lat' dir='ltr'>fecit</span> <span class='ocrx_word' id='word_1_119' title='bbox 973 1563 1217 1631; x_wconf 88' lang='lat' dir='ltr'>utraque</span> <span class='ocrx_word' id='word_1_120' title='bbox 1247 1577 1454 1625; x_wconf 91' lang='lat' dir='ltr'>unum,</span> <span class='ocrx_word' id='word_1_121' title='bbox 1470 1563 1525 1614; x_wconf 87' lang='lat' dir='ltr'>et</span> <span class='ocrx_word' id='word_1_122' title='bbox 1549 1560 1806 1614; x_wconf 90' lang='lat' dir='ltr'>medium</span> <span class='ocrx_word' id='word_1_123' title='bbox 1839 1557 2118 1631; x_wconf 80' lang='lat' dir='ltr'>parietem</span> 
     </span>
    </p>
   </div>
   <div class='ocr_carea' id='block_1_18' title="bbox 477 1646 2121 1720">
    <p class='ocr_par' dir='ltr' id='par_1_18' title="bbox 477 1646 2121 1720">
     <span class='ocr_line' id='line_1_18' title="bbox 477 1646 2121 1720; baseline -0.001 -17"><span class='ocrx_word' id='word_1_124' title='bbox 477 1646 786 1720; x_wconf 84' lang='lat' dir='ltr'>copulavit,</span> <span class='ocrx_word' id='word_1_125' title='bbox 824 1648 1148 1703; x_wconf 89' lang='lat' dir='ltr'>dissolvens</span> <span class='ocrx_word' id='word_1_126' title='bbox 1192 1648 1531 1703; x_wconf 87' lang='lat' dir='ltr'>inimicitias</span> <span class='ocrx_word' id='word_1_127' title='bbox 1577 1648 1635 1703; x_wconf 91' lang='lat' dir='ltr'>in</span> <span class='ocrx_word' id='word_1_128' title='bbox 1677 1664 1849 1703; x_wconf 89' lang='lat' dir='ltr'>carne</span> <span class='ocrx_word' id='word_1_129' title='bbox 1900 1665 2025 1714; x_wconf 86' lang='lat' dir='ltr'>sua,</span> <span class='ocrx_word' id='word_1_130' title='bbox 2056 1652 2121 1702; x_wconf 91' lang='lat' dir='ltr'>ut</span> 
     </span>
    </p>
   </div>
   <div class='ocr_carea' id='block_1_19' title="bbox 477 1732 2200 1838">
    <p class='ocr_par' dir='ltr' id='par_1_19' title="bbox 477 1732 2200 1838">
     <span class='ocr_line' id='line_1_19' title="bbox 477 1732 2200 1838; baseline 0 -47"><span class='ocrx_word' id='word_1_131' title='bbox 477 1737 625 1791; x_wconf 90' lang='lat' dir='ltr'>duos</span> <span class='ocrx_word' id='word_1_132' title='bbox 656 1736 930 1791; x_wconf 90' lang='lat' dir='ltr'>conderet</span> <span class='ocrx_word' id='word_1_133' title='bbox 958 1737 1016 1791; x_wconf 92' lang='lat' dir='ltr'>in</span> <span class='ocrx_word' id='word_1_134' title='bbox 1051 1737 1463 1809; x_wconf 89' lang='lat' dir='ltr'>semetipso,in</span> <span class='ocrx_word' id='word_1_135' title='bbox 1485 1754 1601 1792; x_wconf 89' lang='lat' dir='ltr'>uno</span> <span class='ocrx_word' id='word_1_136' title='bbox 1623 1753 1768 1793; x_wconf 86' lang='lat' dir='ltr'>novo</span> <span class='ocrx_word' id='word_1_137' title='bbox 1793 1732 2119 1792; x_wconf 63' lang='lat' dir='ltr'>inominefa-</span> <span class='ocrx_word' id='word_1_138' title='bbox 2153 1773 2200 1838; x_wconf 71' lang='grc' dir='ltr'><strong>Β</strong></span> 
     </span>
    </p>
   </div>
   <div class='ocr_carea' id='block_1_20' title="bbox 478 1826 2122 1898">
    <p class='ocr_par' dir='ltr' id='par_1_20' title="bbox 478 1826 2122 1898">
     <span class='ocr_line' id='line_1_20' title="bbox 478 1826 2122 1898; baseline 0.001 -19"><span class='ocrx_word' id='word_1_139' title='bbox 478 1826 636 1879; x_wconf 91' lang='lat' dir='ltr'>ciens</span> <span class='ocrx_word' id='word_1_140' title='bbox 667 1830 982 1896; x_wconf 88' lang='lat' dir='ltr'>percem,et</span> <span class='ocrx_word' id='word_1_141' title='bbox 1004 1826 1385 1883; x_wconf 87' lang='lat' dir='ltr'>reconcilians</span> <span class='ocrx_word' id='word_1_142' title='bbox 1408 1828 1612 1882; x_wconf 88' lang='lat' dir='ltr'>ambos</span> <span class='ocrx_word' id='word_1_143' title='bbox 1644 1827 1701 1881; x_wconf 88' lang='lat' dir='ltr'>in</span> <span class='ocrx_word' id='word_1_144' title='bbox 1736 1844 1851 1881; x_wconf 90' lang='lat' dir='ltr'>uno</span> <span class='ocrx_word' id='word_1_145' title='bbox 1882 1844 2122 1898; x_wconf 87' lang='lat' dir='ltr'>corpora</span> 
     </span>
    </p>
   </div>
   <div class='ocr_carea' id='block_1_21' title="bbox 478 1913 2119 1989">
    <p class='ocr_par' dir='ltr' id='par_1_21' title="bbox 478 1913 2119 1989">
     <span class='ocr_line' id='line_1_21' title="bbox 478 1913 2119 1989; baseline 0.002 -21"><span class='ocrx_word' id='word_1_146' title='bbox 478 1913 616 1968; x_wconf 90' lang='lat' dir='ltr'>Deo.</span> <span class='ocrx_word' id='word_1_147' title='bbox 650 1914 719 1968; x_wconf 86' lang='lat' dir='ltr'>Et</span> <span class='ocrx_word' id='word_1_148' title='bbox 747 1913 986 1969; x_wconf 86' lang='lat' dir='ltr'>veniens</span> <span class='ocrx_word' id='word_1_149' title='bbox 1008 1915 1420 1987; x_wconf 88' lang='lat' dir='ltr'>evangelizavit</span> <span class='ocrx_word' id='word_1_150' title='bbox 1448 1933 1648 1988; x_wconf 89' lang='lat' dir='ltr'>pacem</span> <span class='ocrx_word' id='word_1_151' title='bbox 1676 1916 1768 1971; x_wconf 89' lang='lat' dir='ltr'>his</span> <span class='ocrx_word' id='word_1_152' title='bbox 1799 1916 1900 1988; x_wconf 89' lang='lat' dir='ltr'>qui</span> <span class='ocrx_word' id='word_1_153' title='bbox 1929 1915 2119 1989; x_wconf 88' lang='lat' dir='ltr'>longe,</span> 
     </span>
    </p>
   </div>
   <div class='ocr_carea' id='block_1_22' title="bbox 477 1996 2123 2077">
    <p class='ocr_par' dir='ltr' id='par_1_22' title="bbox 477 1996 2123 2077">
     <span class='ocr_line' id='line_1_22' title="bbox 477 1996 2123 2077; baseline 0.001 -19"><span class='ocrx_word' id='word_1_154' title='bbox 477 2006 534 2058; x_wconf 90' lang='lat' dir='ltr'>et</span> <span class='ocrx_word' id='word_1_155' title='bbox 564 1996 764 2074; x_wconf 78' lang='lat' dir='ltr'>paCem</span> <span class='ocrx_word' id='word_1_156' title='bbox 798 2002 890 2057; x_wconf 91' lang='lat' dir='ltr'>his</span> <span class='ocrx_word' id='word_1_157' title='bbox 923 2002 1021 2075; x_wconf 91' lang='lat' dir='ltr'>qui</span> <span class='ocrx_word' id='word_1_158' title='bbox 1055 2020 1232 2076; x_wconf 88' lang='lat' dir='ltr'>prope</span> <span class='ocrx_word' id='word_1_159' title='bbox 1261 2004 1475 2076; x_wconf 78' lang='lat' dir='ltr'>(Ephes.</span> <span class='ocrx_word' id='word_1_160' title='bbox 1495 2006 1578 2075; x_wconf 78' lang='lat' dir='ltr'>ii).</span> <span class='ocrx_word' id='word_1_161' title='bbox 1607 2028 1634 2055; x_wconf 89' lang='grc'><strong>››</strong></span> <span class='ocrx_word' id='word_1_162' title='bbox 1665 2004 1789 2060; x_wconf 90' lang='lat' dir='ltr'>Sive</span> <span class='ocrx_word' id='word_1_163' title='bbox 1812 2021 2123 2077; x_wconf 81' lang='lat' dir='ltr'>resurgens</span> 
     </span>
    </p>
   </div>
   <div class='ocr_carea' id='block_1_23' title="bbox 477 2091 2123 2165">
    <p class='ocr_par' dir='ltr' id='par_1_23' title="bbox 477 2091 2123 2165">
     <span class='ocr_line' id='line_1_23' title="bbox 477 2091 2123 2165; baseline 0 -18"><span class='ocrx_word' id='word_1_164' title='bbox 477 2091 770 2147; x_wconf 87' lang='lat' dir='ltr'>amortuis</span> <span class='ocrx_word' id='word_1_165' title='bbox 802 2092 1106 2163; x_wconf 87' lang='lat' dir='ltr'>discipulis</span> <span class='ocrx_word' id='word_1_166' title='bbox 1138 2110 1336 2165; x_wconf 91' lang='lat' dir='ltr'>pacem</span> <span class='ocrx_word' id='word_1_167' title='bbox 1364 2094 1811 2161; x_wconf 86' lang='lat' dir='ltr'>commendavit,</span> <span class='ocrx_word' id='word_1_168' title='bbox 1828 2100 1892 2149; x_wconf 89' lang='lat' dir='ltr'>ut</span> <span class='ocrx_word' id='word_1_169' title='bbox 1910 2093 2123 2148; x_wconf 91' lang='lat' dir='ltr'>illosad</span> 
     </span>
    </p>
   </div>
   <div class='ocr_carea' id='block_1_24' title="bbox 478 2181 2121 2253">
    <p class='ocr_par' dir='ltr' id='par_1_24' title="bbox 478 2181 2121 2253">
     <span class='ocr_line' id='line_1_24' title="bbox 478 2181 2121 2253; baseline 0.001 -18"><span class='ocrx_word' id='word_1_170' title='bbox 478 2198 648 2235; x_wconf 87' lang='lat' dir='ltr'>suam</span> <span class='ocrx_word' id='word_1_171' title='bbox 678 2181 962 2236; x_wconf 88' lang='lat' dir='ltr'>visionem</span> <span class='ocrx_word' id='word_1_172' title='bbox 998 2187 1374 2253; x_wconf 89' lang='lat' dir='ltr'>perventuros</span> <span class='ocrx_word' id='word_1_173' title='bbox 1406 2199 1533 2237; x_wconf 81' lang='lat' dir='ltr'>esse</span> <span class='ocrx_word' id='word_1_174' title='bbox 1560 2182 2121 2253; x_wconf 86' lang='lat' dir='ltr'>demonstraret.qui</span> 
     </span>
    </p>
   </div>
   <div class='ocr_carea' id='block_1_25' title="bbox 480 2268 2125 2344">
    <p class='ocr_par' dir='ltr' id='par_1_25' title="bbox 480 2268 2125 2344">
     <span class='ocr_line' id='line_1_25' title="bbox 480 2268 2125 2344; baseline 0.002 -20"><span class='ocrx_word' id='word_1_175' title='bbox 480 2268 640 2342; x_wconf 89' lang='lat' dir='ltr'>pacis</span> <span class='ocrx_word' id='word_1_176' title='bbox 671 2270 1040 2325; x_wconf 88' lang='lat' dir='ltr'>concordiam</span> <span class='ocrx_word' id='word_1_177' title='bbox 1087 2270 1260 2326; x_wconf 92' lang='lat' dir='ltr'>corde</span> <span class='ocrx_word' id='word_1_178' title='bbox 1294 2276 1351 2326; x_wconf 90' lang='lat' dir='ltr'>et</span> <span class='ocrx_word' id='word_1_179' title='bbox 1392 2288 1632 2344; x_wconf 90' lang='lat' dir='ltr'>corpore</span> <span class='ocrx_word' id='word_1_180' title='bbox 1675 2278 1928 2336; x_wconf 84' lang='lat' dir='ltr'>servant,</span> <span class='ocrx_word' id='word_1_181' title='bbox 1954 2272 2125 2342; x_wconf 81' lang='lat' dir='ltr'>juxta</span> 
     </span>
    </p>
   </div>
   <div class='ocr_carea' id='block_1_26' title="bbox 481 2357 2122 2434">
    <p class='ocr_par' dir='ltr' id='par_1_26' title="bbox 481 2357 2122 2434">
     <span class='ocr_line' id='line_1_26' title="bbox 481 2357 2122 2434; baseline 0.004 -22"><span class='ocrx_word' id='word_1_182' title='bbox 481 2358 637 2430; x_wconf 90' lang='lat' dir='ltr'>quod</span> <span class='ocrx_word' id='word_1_183' title='bbox 668 2357 766 2414; x_wconf 83' lang='lat' dir='ltr'>ille</span> <span class='ocrx_word' id='word_1_184' title='bbox 796 2357 932 2413; x_wconf 90' lang='lat' dir='ltr'>alibi</span> <span class='ocrx_word' id='word_1_185' title='bbox 966 2358 1107 2414; x_wconf 85' lang='lat' dir='ltr'>dicit</span> <span class='ocrx_word' id='word_1_186' title='bbox 1140 2376 1152 2414; x_wconf 78' lang='grc' dir='ltr'><strong>ε</strong></span> <span class='ocrx_word' id='word_1_187' title='bbox 1190 2382 1216 2409; x_wconf 94' lang='grc'>‹‹</span> <span class='ocrx_word' id='word_1_188' title='bbox 1252 2359 1409 2415; x_wconf 88' lang='lat' dir='ltr'>Beati</span> <span class='ocrx_word' id='word_1_189' title='bbox 1442 2360 1985 2434; x_wconf 81' lang='lat' dir='ltr'>paciﬁci,quoniam</span> <span class='ocrx_word' id='word_1_190' title='bbox 2020 2363 2122 2418; x_wconf 82' lang='lat' dir='ltr'>filii</span> 
     </span>
    </p>
   </div>
   <div class='ocr_carea' id='block_1_27' title="bbox 480 2446 2125 2521">
    <p class='ocr_par' dir='ltr' id='par_1_27' title="bbox 480 2446 2125 2521">
     <span class='ocr_line' id='line_1_27' title="bbox 480 2446 2125 2521; baseline 0.004 -21"><span class='ocrx_word' id='word_1_191' title='bbox 480 2446 581 2501; x_wconf 91' lang='lat' dir='ltr'>Dei</span> <span class='ocrx_word' id='word_1_192' title='bbox 630 2447 997 2503; x_wconf 85' lang='lat' dir='ltr'>vocabuntur</span> <span class='ocrx_word' id='word_1_193' title='bbox 1027 2448 1242 2520; x_wconf 79' lang='lat' dir='ltr'>(Matth.</span> <span class='ocrx_word' id='word_1_194' title='bbox 1276 2449 1351 2519; x_wconf 91' lang='lat' dir='ltr'>v).</span> <span class='ocrx_word' id='word_1_195' title='bbox 1386 2470 1413 2498; x_wconf 85' lang='lat'>»</span> <span class='ocrx_word' id='word_1_196' title='bbox 1447 2481 1515 2489; x_wconf 88' lang='lat'>——</span> <span class='ocrx_word' id='word_1_197' title='bbox 1549 2473 1569 2499; x_wconf 77' lang='grc' dir='ltr'>σι</span> <span class='ocrx_word' id='word_1_198' title='bbox 1608 2450 1721 2505; x_wconf 87' lang='lat' dir='ltr'>Pax</span> <span class='ocrx_word' id='word_1_199' title='bbox 1768 2451 1945 2521; x_wconf 88' lang='lat' dir='ltr'>enim,</span> <span class='ocrx_word' id='word_1_200' title='bbox 1980 2473 2008 2502; x_wconf 84' lang='lat'><strong>»</strong></span> <span class='ocrx_word' id='word_1_201' title='bbox 2045 2452 2125 2507; x_wconf 86' lang='lat' dir='ltr'>ait</span> 
     </span>
    </p>
   </div>
   <div class='ocr_carea' id='block_1_28' title="bbox 479 2534 2120 2610">
    <p class='ocr_par' dir='ltr' id='par_1_28' title="bbox 479 2534 2120 2610">
     <span class='ocr_line' id='line_1_28' title="bbox 479 2534 2120 2610; baseline 0.005 -21"><span class='ocrx_word' id='word_1_202' title='bbox 479 2534 812 2601; x_wconf 86' lang='lat' dir='ltr'>Psalmista,</span> <span class='ocrx_word' id='word_1_203' title='bbox 828 2559 856 2586; x_wconf 92' lang='grc'>‹‹</span> <span class='ocrx_word' id='word_1_204' title='bbox 876 2536 1065 2592; x_wconf 87' lang='lat' dir='ltr'>multa</span> <span class='ocrx_word' id='word_1_205' title='bbox 1077 2535 1440 2610; x_wconf 89' lang='lat' dir='ltr'>dilgentibus</span> <span class='ocrx_word' id='word_1_206' title='bbox 1454 2536 1636 2610; x_wconf 85' lang='lat' dir='ltr'>legem</span> <span class='ocrx_word' id='word_1_207' title='bbox 1654 2544 1839 2605; x_wconf 89' lang='lat' dir='ltr'>tuam,</span> <span class='ocrx_word' id='word_1_208' title='bbox 1856 2541 2120 2609; x_wconf 90' lang='lat' dir='ltr'>Domine,</span> 
     </span>
    </p>
   </div>
   <div class='ocr_carea' id='block_1_29' title="bbox 479 2623 2123 2699">
    <p class='ocr_par' dir='ltr' id='par_1_29' title="bbox 479 2623 2123 2699">
     <span class='ocr_line' id='line_1_29' title="bbox 479 2623 2123 2699; baseline 0.004 -20"><span class='ocrx_word' id='word_1_209' title='bbox 479 2627 535 2679; x_wconf 89' lang='lat' dir='ltr'>et</span> <span class='ocrx_word' id='word_1_210' title='bbox 564 2640 681 2679; x_wconf 89' lang='lat' dir='ltr'>non</span> <span class='ocrx_word' id='word_1_211' title='bbox 713 2627 802 2680; x_wconf 89' lang='lat' dir='ltr'>est</span> <span class='ocrx_word' id='word_1_212' title='bbox 838 2623 955 2680; x_wconf 90' lang='lat' dir='ltr'>illis</span> <span class='ocrx_word' id='word_1_213' title='bbox 1003 2625 1344 2681; x_wconf 81' lang='lat' dir='ltr'>scandalum</span> <span class='ocrx_word' id='word_1_214' title='bbox 1369 2627 1542 2698; x_wconf 81' lang='lat' dir='ltr'>(Psal.</span> <span class='ocrx_word' id='word_1_215' title='bbox 1571 2630 1785 2699; x_wconf 84' lang='lat' dir='ltr'>cxvm).</span> <span class='ocrx_word' id='word_1_216' title='bbox 1821 2652 1847 2679; x_wconf 83' lang='grc'><strong>››</strong></span> <span class='ocrx_word' id='word_1_217' title='bbox 1893 2630 2002 2686; x_wconf 91' lang='lat' dir='ltr'>Sed</span> <span class='ocrx_word' id='word_1_218' title='bbox 2052 2649 2123 2687; x_wconf 90' lang='lat' dir='ltr'>ne</span> 
     </span>
    </p>
   </div>
   <div class='ocr_carea' id='block_1_30' title="bbox 478 2711 2123 2788">
    <p class='ocr_par' dir='ltr' id='par_1_30' title="bbox 478 2711 2123 2788">
     <span class='ocr_line' id='line_1_30' title="bbox 478 2711 2123 2788; baseline 0.005 -21"><span class='ocrx_word' id='word_1_219' title='bbox 478 2711 659 2768; x_wconf 90' lang='lat' dir='ltr'>alium</span> <span class='ocrx_word' id='word_1_220' title='bbox 692 2717 844 2770; x_wconf 87' lang='lat' dir='ltr'>esset</span> <span class='ocrx_word' id='word_1_221' title='bbox 861 2718 1151 2787; x_wconf 85' lang='lat' dir='ltr'>putarent,</span> <span class='ocrx_word' id='word_1_222' title='bbox 1169 2716 1338 2786; x_wconf 87' lang='lat' dir='ltr'>cujus</span> <span class='ocrx_word' id='word_1_223' title='bbox 1360 2732 1574 2788; x_wconf 89' lang='lat' dir='ltr'>corpus</span> <span class='ocrx_word' id='word_1_224' title='bbox 1599 2722 1731 2788; x_wconf 87' lang='lat' dir='ltr'>post</span> <span class='ocrx_word' id='word_1_225' title='bbox 1751 2720 2123 2775; x_wconf 86' lang='lat' dir='ltr'>resurrectio-</span> 
     </span>
    </p>
   </div>
   <div class='ocr_carea' id='block_1_31' title="bbox 478 2801 2122 2883">
    <p class='ocr_par' dir='ltr' id='par_1_31' title="bbox 478 2801 2122 2883">
     <span class='ocr_line' id='line_1_31' title="bbox 478 2801 2122 2883; baseline 0.006 -27"><span class='ocrx_word' id='word_1_226' title='bbox 478 2818 611 2857; x_wconf 89' lang='lat' dir='ltr'>nem</span> <span class='ocrx_word' id='word_1_227' title='bbox 635 2801 1018 2858; x_wconf 78' lang='lat' dir='ltr'>clarificatum</span> <span class='ocrx_word' id='word_1_228' title='bbox 1041 2803 1332 2871; x_wconf 88' lang='lat' dir='ltr'>videbant,</span> <span class='ocrx_word' id='word_1_229' title='bbox 1350 2804 1617 2876; x_wconf 86' lang='lat' dir='ltr'>adjunxit</span> <span class='ocrx_word' id='word_1_230' title='bbox 1637 2807 1914 2864; x_wconf 84' lang='lat' dir='ltr'>continuo</span> <span class='ocrx_word' id='word_1_231' title='bbox 1931 2826 1943 2863; x_wconf 91' lang='lat'><strong>:</strong></span> <span class='ocrx_word' id='word_1_232' title='bbox 1961 2832 1988 2859; x_wconf 83' lang='lat'><strong><em>«</em></strong></span> <span class='ocrx_word' id='word_1_233' title='bbox 2009 2810 2122 2883; x_wconf 87' lang='lat' dir='ltr'>Ego</span> 
     </span>
    </p>
   </div>
   <div class='ocr_carea' id='block_1_32' title="bbox 478 2889 2119 2971">
    <p class='ocr_par' dir='ltr' id='par_1_32' title="bbox 478 2889 2119 2971">
     <span class='ocr_line' id='line_1_32' title="bbox 478 2889 2119 2971; baseline 0.005 -27"><span class='ocrx_word' id='word_1_234' title='bbox 478 2912 507 2939; x_wconf 84' lang='lat'><strong><em>«</em></strong></span> <span class='ocrx_word' id='word_1_235' title='bbox 531 2889 851 2945; x_wconf 87' lang='lat' dir='ltr'>sum.»Ubi</span> <span class='ocrx_word' id='word_1_236' title='bbox 884 2891 1375 2948; x_wconf 89' lang='lat' dir='ltr'>considerandum</span> <span class='ocrx_word' id='word_1_237' title='bbox 1407 2893 1545 2965; x_wconf 87' lang='lat' dir='ltr'>quia</span> <span class='ocrx_word' id='word_1_238' title='bbox 1577 2912 1690 2950; x_wconf 91' lang='lat' dir='ltr'>non</span> <span class='ocrx_word' id='word_1_239' title='bbox 1723 2897 1871 2952; x_wconf 89' lang='lat' dir='ltr'>dixit</span> <span class='ocrx_word' id='word_1_240' title='bbox 1896 2913 2000 2971; x_wconf 86' lang='lat' dir='ltr'>ego</span> <span class='ocrx_word' id='word_1_241' title='bbox 2018 2898 2119 2966; x_wconf 85' lang='lat' dir='ltr'>fui,</span> 
     </span>
    </p>
   </div>
   <div class='ocr_carea' id='block_1_33' title="bbox 477 2978 2123 3056">
    <p class='ocr_par' dir='ltr' id='par_1_33' title="bbox 477 2978 2123 3056">
     <span class='ocr_line' id='line_1_33' title="bbox 477 2978 2123 3056; baseline 0.007 -25"><span class='ocrx_word' id='word_1_242' title='bbox 477 2978 577 3032; x_wconf 89' lang='lat' dir='ltr'>sed</span> <span class='ocrx_word' id='word_1_243' title='bbox 606 2994 711 3051; x_wconf 89' lang='lat' dir='ltr'>ego</span> <span class='ocrx_word' id='word_1_244' title='bbox 743 2995 896 3034; x_wconf 90' lang='lat' dir='ltr'>sum.</span> <span class='ocrx_word' id='word_1_245' title='bbox 930 2980 1073 3036; x_wconf 89' lang='lat' dir='ltr'>Sum</span> <span class='ocrx_word' id='word_1_246' title='bbox 1115 2981 1330 3054; x_wconf 87' lang='lat' dir='ltr'>quippe</span> <span class='ocrx_word' id='word_1_247' title='bbox 1380 2984 1814 3040; x_wconf 88' lang='lat' dir='ltr'>substantivum</span> <span class='ocrx_word' id='word_1_248' title='bbox 1854 2987 2123 3056; x_wconf 84' lang='lat' dir='ltr'>verbum,</span> 
     </span>
    </p>
   </div>
   <div class='ocr_carea' id='block_1_34' title="bbox 476 3066 2123 3148">
    <p class='ocr_par' dir='ltr' id='par_1_34' title="bbox 476 3066 2123 3148">
     <span class='ocr_line' id='line_1_34' title="bbox 476 3066 2123 3148; baseline 0.007 -28"><span class='ocrx_word' id='word_1_249' title='bbox 476 3066 629 3138; x_wconf 92' lang='lat' dir='ltr'>quod</span> <span class='ocrx_word' id='word_1_250' title='bbox 646 3082 749 3122; x_wconf 89' lang='lat' dir='ltr'>nec</span> <span class='ocrx_word' id='word_1_251' title='bbox 766 3067 1145 3139; x_wconf 59' lang='lat' dir='ltr'>praeteritum,</span> <span class='ocrx_word' id='word_1_252' title='bbox 1163 3086 1265 3125; x_wconf 88' lang='lat' dir='ltr'>nec</span> <span class='ocrx_word' id='word_1_253' title='bbox 1284 3070 1547 3127; x_wconf 89' lang='lat' dir='ltr'>futurum</span> <span class='ocrx_word' id='word_1_254' title='bbox 1563 3078 1753 3142; x_wconf 89' lang='lat' dir='ltr'>sonat,</span> <span class='ocrx_word' id='word_1_255' title='bbox 1774 3075 1875 3131; x_wconf 92' lang='lat' dir='ltr'>sed</span> <span class='ocrx_word' id='word_1_256' title='bbox 1889 3092 2123 3148; x_wconf 87' lang='lat' dir='ltr'>semper</span> 
     </span>
    </p>
   </div>
   <div class='ocr_carea' id='block_1_35' title="bbox 2224 483 3806 560">
    <p class='ocr_par' dir='ltr' id='par_1_35' title="bbox 2224 483 3806 560">
     <span class='ocr_line' id='line_1_35' title="bbox 2224 483 3806 560; baseline 0.002 -19"><span class='ocrx_word' id='word_1_257' title='bbox 2224 487 2383 541; x_wconf 89' lang='lat' dir='ltr'>enim</span> <span class='ocrx_word' id='word_1_258' title='bbox 2416 503 2509 560; x_wconf 83' lang='lat' dir='ltr'>ros</span> <span class='ocrx_word' id='word_1_259' title='bbox 2527 487 2843 542; x_wconf 88' lang='lat' dir='ltr'>desursum</span> <span class='ocrx_word' id='word_1_260' title='bbox 2862 484 3221 539; x_wconf 87' lang='lat' dir='ltr'>descendens</span> <span class='ocrx_word' id='word_1_261' title='bbox 3241 486 3442 538; x_wconf 84' lang='lat' dir='ltr'>terram</span> <span class='ocrx_word' id='word_1_262' title='bbox 3457 483 3655 559; x_wconf 82' lang='lat' dir='ltr'>irrigat,</span> <span class='ocrx_word' id='word_1_263' title='bbox 3669 487 3806 545; x_wconf 81' lang='lat' dir='ltr'>aliter</span> 
     </span>
    </p>
   </div>
   <div class='ocr_carea' id='block_1_36' title="bbox 2226 572 3807 647">
    <p class='ocr_par' dir='ltr' id='par_1_36' title="bbox 2226 572 3807 647">
     <span class='ocr_line' id='line_1_36' title="bbox 2226 572 3807 647; baseline 0.002 -17"><span class='ocrx_word' id='word_1_264' title='bbox 2226 575 2421 630; x_wconf 85' lang='lat' dir='ltr'>favilla</span> <span class='ocrx_word' id='word_1_265' title='bbox 2450 580 2758 631; x_wconf 88' lang='lat' dir='ltr'>ventorum</span> <span class='ocrx_word' id='word_1_266' title='bbox 2781 574 3003 647; x_wconf 90' lang='lat' dir='ltr'>impetu</span> <span class='ocrx_word' id='word_1_267' title='bbox 3032 574 3091 627; x_wconf 92' lang='lat' dir='ltr'>in</span> <span class='ocrx_word' id='word_1_268' title='bbox 3123 590 3258 628; x_wconf 90' lang='lat' dir='ltr'>aera</span> <span class='ocrx_word' id='word_1_269' title='bbox 3289 572 3516 644; x_wconf 88' lang='lat' dir='ltr'>rapitur.</span> <span class='ocrx_word' id='word_1_270' title='bbox 3548 575 3609 630; x_wconf 83' lang='lat' dir='ltr'>Et</span> <span class='ocrx_word' id='word_1_271' title='bbox 3636 581 3690 632; x_wconf 92' lang='lat' dir='ltr'>ut</span> <span class='ocrx_word' id='word_1_272' title='bbox 3711 595 3807 632; x_wconf 91' lang='lat' dir='ltr'>om-</span> 
     </span>
    </p>
   </div>
   <div class='ocr_carea' id='block_1_37' title="bbox 2225 662 3807 738">
    <p class='ocr_par' dir='ltr' id='par_1_37' title="bbox 2225 662 3807 738">
     <span class='ocr_line' id='line_1_37' title="bbox 2225 662 3807 738; baseline 0.003 -19"><span class='ocrx_word' id='word_1_273' title='bbox 2225 683 2357 720; x_wconf 89' lang='lat' dir='ltr'>nem</span> <span class='ocrx_word' id='word_1_274' title='bbox 2389 665 2813 721; x_wconf 86' lang='lat' dir='ltr'>dubitationem</span> <span class='ocrx_word' id='word_1_275' title='bbox 2830 664 2900 718; x_wconf 90' lang='lat' dir='ltr'>de</span> <span class='ocrx_word' id='word_1_276' title='bbox 2930 680 3035 718; x_wconf 90' lang='lat' dir='ltr'>sua</span> <span class='ocrx_word' id='word_1_277' title='bbox 3069 662 3477 718; x_wconf 87' lang='lat' dir='ltr'>resurrectione</span> <span class='ocrx_word' id='word_1_278' title='bbox 3496 680 3527 718; x_wconf 88' lang='lat' dir='ltr'>a</span> <span class='ocrx_word' id='word_1_279' title='bbox 3544 665 3807 738; x_wconf 87' lang='lat' dir='ltr'>discipulo-</span> 
     </span>
    </p>
   </div>
   <div class='ocr_carea' id='block_1_38' title="bbox 2224 752 3806 826">
    <p class='ocr_par' dir='ltr' id='par_1_38' title="bbox 2224 752 3806 826">
     <span class='ocr_line' id='line_1_38' title="bbox 2224 752 3806 826; baseline 0.001 -15"><span class='ocrx_word' id='word_1_280' title='bbox 2224 774 2356 811; x_wconf 89' lang='lat' dir='ltr'>rum</span> <span class='ocrx_word' id='word_1_281' title='bbox 2389 756 2686 810; x_wconf 88' lang='lat' dir='ltr'>mentibus</span> <span class='ocrx_word' id='word_1_282' title='bbox 2717 754 2985 820; x_wconf 85' lang='lat' dir='ltr'>auferret,</span> <span class='ocrx_word' id='word_1_283' title='bbox 3021 768 3231 807; x_wconf 87' lang='lat' dir='ltr'>manus</span> <span class='ocrx_word' id='word_1_284' title='bbox 3279 756 3335 806; x_wconf 91' lang='lat' dir='ltr'>et</span> <span class='ocrx_word' id='word_1_285' title='bbox 3369 752 3548 822; x_wconf 69' lang='lat' dir='ltr'>pedes’</span> <span class='ocrx_word' id='word_1_286' title='bbox 3564 754 3806 826; x_wconf 88' lang='lat' dir='ltr'>palpando</span> 
     </span>
    </p>
   </div>
   <div class='ocr_carea' id='block_1_39' title="bbox 2226 845 3799 919">
    <p class='ocr_par' dir='ltr' id='par_1_39' title="bbox 2226 845 3799 919">
     <span class='ocr_line' id='line_1_39' title="bbox 2226 845 3799 919; baseline 0.002 -20"><span class='ocrx_word' id='word_1_287' title='bbox 2226 845 2493 919; x_wconf 65' lang='lat' dir='ltr'>praebuit,</span> <span class='ocrx_word' id='word_1_288' title='bbox 2526 846 2728 900; x_wconf 88' lang='lat' dir='ltr'>dicens</span> <span class='ocrx_word' id='word_1_289' title='bbox 2764 862 2776 900; x_wconf 92' lang='lat'><strong>:</strong></span> <span class='ocrx_word' id='word_1_290' title='bbox 3790 896 3799 902; x_wconf 85' lang='lat'>.</span> 
     </span>
    </p>
   </div>
   <div class='ocr_carea' id='block_1_40' title="bbox 2298 932 3808 1006">
    <p class='ocr_par' dir='ltr' id='par_1_40' title="bbox 2298 932 3808 1006">
     <span class='ocr_line' id='line_1_40' title="bbox 2298 932 3808 1006; baseline 0.004 -23"><span class='ocrx_word' id='word_1_291' title='bbox 2298 958 2324 983; x_wconf 90' lang='grc'><em>‹‹</em></span> <span class='ocrx_word' id='word_1_292' title='bbox 2360 935 2563 990; x_wconf 79' lang='lat' dir='ltr'>Videte</span> <span class='ocrx_word' id='word_1_293' title='bbox 2614 951 2825 989; x_wconf 88' lang='lat' dir='ltr'>manus</span> <span class='ocrx_word' id='word_1_294' title='bbox 2876 950 3035 988; x_wconf 89' lang='lat' dir='ltr'>meas</span> <span class='ocrx_word' id='word_1_295' title='bbox 3066 936 3124 987; x_wconf 87' lang='lat' dir='ltr'>et</span> <span class='ocrx_word' id='word_1_296' title='bbox 3171 932 3366 1004; x_wconf 89' lang='lat' dir='ltr'>pedes,</span> <span class='ocrx_word' id='word_1_297' title='bbox 3400 932 3531 1003; x_wconf 88' lang='lat' dir='ltr'>quia</span> <span class='ocrx_word' id='word_1_298' title='bbox 3572 950 3665 1005; x_wconf 84' lang='lat' dir='ltr'>ego</span> <span class='ocrx_word' id='word_1_299' title='bbox 3709 934 3808 1006; x_wconf 83' lang='lat' dir='ltr'>ipse</span> 
     </span>
    </p>
   </div>
   <div class='ocr_carea' id='block_1_41' title="bbox 2228 1020 3808 1094">
    <p class='ocr_par' dir='ltr' id='par_1_41' title="bbox 2228 1020 3808 1094">
     <span class='ocr_line' id='line_1_41' title="bbox 2228 1020 3808 1094; baseline -0.002 -14"><span class='ocrx_word' id='word_1_300' title='bbox 2228 1047 2255 1073; x_wconf 90' lang='grc'>‹‹</span> <span class='ocrx_word' id='word_1_301' title='bbox 2286 1041 2439 1080; x_wconf 89' lang='lat' dir='ltr'>sum.</span> <span class='ocrx_word' id='word_1_302' title='bbox 2466 1022 2702 1094; x_wconf 87' lang='lat' dir='ltr'>Palpate</span> <span class='ocrx_word' id='word_1_303' title='bbox 2732 1027 2789 1077; x_wconf 88' lang='lat' dir='ltr'>et</span> <span class='ocrx_word' id='word_1_304' title='bbox 2818 1023 3023 1085; x_wconf 88' lang='lat' dir='ltr'>videte,</span> <span class='ocrx_word' id='word_1_305' title='bbox 3059 1021 3197 1092; x_wconf 90' lang='lat' dir='ltr'>quia</span> <span class='ocrx_word' id='word_1_306' title='bbox 3237 1020 3473 1092; x_wconf 86' lang='lat' dir='ltr'>spiritus</span> <span class='ocrx_word' id='word_1_307' title='bbox 3522 1038 3725 1076; x_wconf 88' lang='lat' dir='ltr'>carnem</span> <span class='ocrx_word' id='word_1_308' title='bbox 3764 1028 3808 1077; x_wconf 88' lang='lat' dir='ltr'>et</span> 
     </span>
    </p>
   </div>
   <div class='ocr_carea' id='block_1_42' title="bbox 2230 1098 3807 1179">
    <p class='ocr_par' dir='ltr' id='par_1_42' title="bbox 2230 1098 3807 1179">
     <span class='ocr_line' id='line_1_42' title="bbox 2230 1098 3807 1179; baseline -0.002 -11"><span class='ocrx_word' id='word_1_309' title='bbox 2230 1134 2257 1162; x_wconf 87' lang='grc'>‹‹</span> <span class='ocrx_word' id='word_1_310' title='bbox 2284 1130 2419 1168; x_wconf 85' lang='lat' dir='ltr'>ossa</span> <span class='ocrx_word' id='word_1_311' title='bbox 2449 1130 2564 1168; x_wconf 90' lang='lat' dir='ltr'>non</span> <span class='ocrx_word' id='word_1_312' title='bbox 2599 1098 2794 1179; x_wconf 81' lang='lat' dir='ltr'>habet,</span> <span class='ocrx_word' id='word_1_313' title='bbox 2829 1111 2980 1166; x_wconf 90' lang='lat' dir='ltr'>sicut</span> <span class='ocrx_word' id='word_1_314' title='bbox 3014 1128 3105 1166; x_wconf 90' lang='lat' dir='ltr'>me</span> <span class='ocrx_word' id='word_1_315' title='bbox 3132 1109 3342 1165; x_wconf 86' lang='lat' dir='ltr'>videtis</span> <span class='ocrx_word' id='word_1_316' title='bbox 3373 1108 3589 1165; x_wconf 79' lang='lat' dir='ltr'>habere.</span> <span class='ocrx_word' id='word_1_317' title='bbox 3618 1111 3679 1165; x_wconf 86' lang='lat' dir='ltr'>Et</span> <span class='ocrx_word' id='word_1_318' title='bbox 3702 1128 3807 1165; x_wconf 90' lang='lat' dir='ltr'>cum</span> 
     </span>
    </p>
   </div>
   <div class='ocr_carea' id='block_1_43' title="bbox 2229 1200 3808 1271">
    <p class='ocr_par' dir='ltr' id='par_1_43' title="bbox 2229 1200 3808 1271">
     <span class='ocr_line' id='line_1_43' title="bbox 2229 1200 3808 1271; baseline 0 -15"><span class='ocrx_word' id='word_1_319' title='bbox 2229 1224 2255 1250; x_wconf 91' lang='grc'><strong>‹‹</strong></span> <span class='ocrx_word' id='word_1_320' title='bbox 2283 1201 2390 1256; x_wconf 92' lang='lat' dir='ltr'>hoc</span> <span class='ocrx_word' id='word_1_321' title='bbox 2435 1200 2697 1261; x_wconf 85' lang='lat' dir='ltr'>dixisset.</span> <span class='ocrx_word' id='word_1_322' title='bbox 2730 1200 2985 1256; x_wconf 88' lang='lat' dir='ltr'>ostendit</span> <span class='ocrx_word' id='word_1_323' title='bbox 3014 1200 3097 1255; x_wconf 90' lang='lat' dir='ltr'>eis</span> <span class='ocrx_word' id='word_1_324' title='bbox 3129 1216 3339 1254; x_wconf 85' lang='lat' dir='ltr'>manus</span> <span class='ocrx_word' id='word_1_325' title='bbox 3376 1204 3430 1254; x_wconf 89' lang='lat' dir='ltr'>et</span> <span class='ocrx_word' id='word_1_326' title='bbox 3459 1200 3636 1271; x_wconf 88' lang='lat' dir='ltr'>pedes.</span> <span class='ocrx_word' id='word_1_327' title='bbox 3664 1224 3688 1249; x_wconf 84' lang='grc'>››</span> <span class='ocrx_word' id='word_1_328' title='bbox 3711 1201 3808 1255; x_wconf 79' lang='lat' dir='ltr'>Non</span> 
     </span>
    </p>
   </div>
   <div class='ocr_carea' id='block_1_44' title="bbox 2228 1288 3810 1361">
    <p class='ocr_par' dir='ltr' id='par_1_44' title="bbox 2228 1288 3810 1361">
     <span class='ocr_line' id='line_1_44' title="bbox 2228 1288 3810 1361; baseline -0.002 -15"><span class='ocrx_word' id='word_1_329' title='bbox 2228 1289 2419 1346; x_wconf 89' lang='lat' dir='ltr'>solum</span> <span class='ocrx_word' id='word_1_330' title='bbox 2471 1307 2685 1346; x_wconf 88' lang='lat' dir='ltr'>manus</span> <span class='ocrx_word' id='word_1_331' title='bbox 2726 1296 2783 1347; x_wconf 89' lang='lat' dir='ltr'>et</span> <span class='ocrx_word' id='word_1_332' title='bbox 2831 1291 3029 1361; x_wconf 87' lang='lat' dir='ltr'>pedes,</span> <span class='ocrx_word' id='word_1_333' title='bbox 3055 1290 3156 1343; x_wconf 91' lang='lat' dir='ltr'>sed</span> <span class='ocrx_word' id='word_1_334' title='bbox 3200 1288 3375 1345; x_wconf 90' lang='lat' dir='ltr'>etiam</span> <span class='ocrx_word' id='word_1_335' title='bbox 3411 1290 3571 1359; x_wconf 88' lang='lat' dir='ltr'>juxta</span> <span class='ocrx_word' id='word_1_336' title='bbox 3610 1290 3810 1344; x_wconf 86' lang='lat' dir='ltr'>Joannis</span> 
     </span>
    </p>
   </div>
   <div class='ocr_carea' id='block_1_45' title="bbox 2228 1377 3813 1451">
    <p class='ocr_par' dir='ltr' id='par_1_45' title="bbox 2228 1377 3813 1451">
     <span class='ocr_line' id='line_1_45' title="bbox 2228 1377 3813 1451; baseline -0.001 -18"><span class='ocrx_word' id='word_1_337' title='bbox 2228 1379 2625 1451; x_wconf 89' lang='lat' dir='ltr'>Evangelium,</span> <span class='ocrx_word' id='word_1_338' title='bbox 2658 1379 3005 1450; x_wconf 87' lang='lat' dir='ltr'>1atus,quod</span> <span class='ocrx_word' id='word_1_339' title='bbox 3033 1377 3235 1434; x_wconf 88' lang='lat' dir='ltr'>lancea</span> <span class='ocrx_word' id='word_1_340' title='bbox 3284 1379 3621 1450; x_wconf 87' lang='lat' dir='ltr'>perforatum</span> <span class='ocrx_word' id='word_1_341' title='bbox 3662 1379 3813 1433; x_wconf 82' lang='lat' dir='ltr'>fuerat</span> 
     </span>
    </p>
   </div>
   <div class='ocr_carea' id='block_1_46' title="bbox 2230 1466 3809 1540">
    <p class='ocr_par' dir='ltr' id='par_1_46' title="bbox 2230 1466 3809 1540">
     <span class='ocr_line' id='line_1_46' title="bbox 2230 1466 3809 1540; baseline 0 -18"><span class='ocrx_word' id='word_1_342' title='bbox 2230 1468 2497 1540; x_wconf 65' lang='lat' dir='ltr'>praebuit,</span> <span class='ocrx_word' id='word_1_343' title='bbox 2512 1473 2577 1523; x_wconf 90' lang='lat' dir='ltr'>ut</span> <span class='ocrx_word' id='word_1_344' title='bbox 2592 1468 2648 1523; x_wconf 91' lang='lat' dir='ltr'>in</span> <span class='ocrx_word' id='word_1_345' title='bbox 2669 1468 2942 1523; x_wconf 87' lang='lat' dir='ltr'>manibus</span> <span class='ocrx_word' id='word_1_346' title='bbox 2964 1473 3018 1523; x_wconf 88' lang='lat' dir='ltr'>et</span> <span class='ocrx_word' id='word_1_347' title='bbox 3044 1467 3291 1539; x_wconf 88' lang='lat' dir='ltr'>pedibus</span> <span class='ocrx_word' id='word_1_348' title='bbox 3314 1468 3522 1523; x_wconf 83' lang='lat' dir='ltr'>ﬁxuras</span> <span class='ocrx_word' id='word_1_349' title='bbox 3545 1466 3809 1531; x_wconf 86' lang='lat' dir='ltr'>clavorum,</span> 
     </span>
    </p>
   </div>
   <div class='ocr_carea' id='block_1_47' title="bbox 2230 1554 3813 1629">
    <p class='ocr_par' dir='ltr' id='par_1_47' title="bbox 2230 1554 3813 1629">
     <span class='ocr_line' id='line_1_47' title="bbox 2230 1554 3813 1629; baseline -0.001 -18"><span class='ocrx_word' id='word_1_350' title='bbox 2230 1562 2285 1611; x_wconf 88' lang='lat' dir='ltr'>et</span> <span class='ocrx_word' id='word_1_351' title='bbox 2314 1557 2370 1611; x_wconf 91' lang='lat' dir='ltr'>in</span> <span class='ocrx_word' id='word_1_352' title='bbox 2394 1556 2794 1612; x_wconf 79' lang='lat' dir='ltr'>laterelanceae</span> <span class='ocrx_word' id='word_1_353' title='bbox 2816 1557 3177 1629; x_wconf 89' lang='lat' dir='ltr'>apertionem</span> <span class='ocrx_word' id='word_1_354' title='bbox 3191 1556 3468 1621; x_wconf 88' lang='lat' dir='ltr'>videntes,</span> <span class='ocrx_word' id='word_1_355' title='bbox 3486 1554 3813 1610; x_wconf 86' lang='lat' dir='ltr'>resurrexisse</span> 
     </span>
    </p>
   </div>
   <div class='ocr_carea' id='block_1_48' title="bbox 2229 1644 3814 1718">
    <p class='ocr_par' dir='ltr' id='par_1_48' title="bbox 2229 1644 3814 1718">
     <span class='ocr_line' id='line_1_48' title="bbox 2229 1644 3814 1718; baseline -0.002 -18"><span class='ocrx_word' id='word_1_356' title='bbox 2229 1651 2666 1717; x_wconf 87' lang='lat' dir='ltr'>cognoscerent,</span> <span class='ocrx_word' id='word_1_357' title='bbox 2703 1663 2875 1718; x_wconf 88' lang='lat' dir='ltr'>quem</span> <span class='ocrx_word' id='word_1_358' title='bbox 2908 1650 3042 1701; x_wconf 91' lang='lat' dir='ltr'>ante</span> <span class='ocrx_word' id='word_1_359' title='bbox 3070 1646 3333 1700; x_wconf 88' lang='lat' dir='ltr'>triduum</span> <span class='ocrx_word' id='word_1_360' title='bbox 3364 1644 3814 1709; x_wconf 80' lang='lat' dir='ltr'>viderantcrucifi-</span> 
     </span>
    </p>
   </div>
   <div class='ocr_carea' id='block_1_49' title="bbox 2228 1734 3814 1807">
    <p class='ocr_par' dir='ltr' id='par_1_49' title="bbox 2228 1734 3814 1807">
     <span class='ocr_line' id='line_1_49' title="bbox 2228 1734 3814 1807; baseline -0.001 -18"><span class='ocrx_word' id='word_1_361' title='bbox 2228 1752 2388 1790; x_wconf 85' lang='lat' dir='ltr'>xum.</span> <span class='ocrx_word' id='word_1_362' title='bbox 2425 1735 2531 1791; x_wconf 91' lang='lat' dir='ltr'>Ubi</span> <span class='ocrx_word' id='word_1_363' title='bbox 2575 1740 2764 1790; x_wconf 88' lang='lat' dir='ltr'>movet</span> <span class='ocrx_word' id='word_1_364' title='bbox 2793 1734 3070 1806; x_wconf 88' lang='lat' dir='ltr'>aliquem,</span> <span class='ocrx_word' id='word_1_365' title='bbox 3101 1736 3394 1807; x_wconf 88' lang='lat' dir='ltr'>quomodo</span> <span class='ocrx_word' id='word_1_366' title='bbox 3438 1739 3561 1807; x_wconf 89' lang='lat' dir='ltr'>post</span> <span class='ocrx_word' id='word_1_367' title='bbox 3600 1749 3814 1789; x_wconf 86' lang='lat' dir='ltr'>resurre-</span> 
     </span>
    </p>
   </div>
   <div class='ocr_carea' id='block_1_50' title="bbox 2234 1820 3815 1896">
    <p class='ocr_par' dir='ltr' id='par_1_50' title="bbox 2234 1820 3815 1896">
     <span class='ocr_line' id='line_1_50' title="bbox 2234 1820 3815 1896; baseline -0.002 -19"><span class='ocrx_word' id='word_1_368' title='bbox 2234 1823 2480 1879; x_wconf 87' lang='lat' dir='ltr'>ctionem</span> <span class='ocrx_word' id='word_1_369' title='bbox 2516 1842 2725 1895; x_wconf 87' lang='lat' dir='ltr'>corpus</span> <span class='ocrx_word' id='word_1_370' title='bbox 2753 1823 2983 1879; x_wconf 91' lang='lat' dir='ltr'>Domini</span> <span class='ocrx_word' id='word_1_371' title='bbox 3016 1823 3457 1896; x_wconf 88' lang='lat' dir='ltr'>incorruptibile</span> <span class='ocrx_word' id='word_1_372' title='bbox 3484 1827 3537 1879; x_wconf 89' lang='lat' dir='ltr'>et</span> <span class='ocrx_word' id='word_1_373' title='bbox 3576 1820 3815 1893; x_wconf 86' lang='lat' dir='ltr'>palpabile</span> 
     </span>
    </p>
   </div>
   <div class='ocr_carea' id='block_1_51' title="bbox 2234 1910 3818 1985">
    <p class='ocr_par' dir='ltr' id='par_1_51' title="bbox 2234 1910 3818 1985">
     <span class='ocr_line' id='line_1_51' title="bbox 2234 1910 3818 1985; baseline -0.003 -18"><span class='ocrx_word' id='word_1_374' title='bbox 2234 1913 2427 1979; x_wconf 88' lang='lat' dir='ltr'>fuerit,</span> <span class='ocrx_word' id='word_1_375' title='bbox 2462 1929 2594 1968; x_wconf 91' lang='lat' dir='ltr'>cum</span> <span class='ocrx_word' id='word_1_376' title='bbox 2627 1930 2800 1967; x_wconf 88' lang='lat' dir='ltr'>omne</span> <span class='ocrx_word' id='word_1_377' title='bbox 2831 1913 2987 1985; x_wconf 90' lang='lat' dir='ltr'>quod</span> <span class='ocrx_word' id='word_1_378' title='bbox 3019 1917 3108 1969; x_wconf 88' lang='lat' dir='ltr'>est</span> <span class='ocrx_word' id='word_1_379' title='bbox 3128 1911 3559 1985; x_wconf 90' lang='lat' dir='ltr'>incorruptibile</span> <span class='ocrx_word' id='word_1_380' title='bbox 3587 1912 3656 1966; x_wconf 88' lang='lat' dir='ltr'>sit</span> <span class='ocrx_word' id='word_1_381' title='bbox 3680 1910 3818 1965; x_wconf 88' lang='lat' dir='ltr'>etim-</span> 
     </span>
    </p>
   </div>
   <div class='ocr_carea' id='block_1_52' title="bbox 2233 2001 3816 2075">
    <p class='ocr_par' dir='ltr' id='par_1_52' title="bbox 2233 2001 3816 2075">
     <span class='ocr_line' id='line_1_52' title="bbox 2233 2001 3816 2075; baseline -0.003 -17"><span class='ocrx_word' id='word_1_382' title='bbox 2233 2001 2522 2074; x_wconf 87' lang='lat' dir='ltr'>palpabile</span> <span class='ocrx_word' id='word_1_383' title='bbox 2555 2020 2568 2057; x_wconf 91' lang='lat'>:</span> <span class='ocrx_word' id='word_1_384' title='bbox 2601 2008 2659 2058; x_wconf 90' lang='lat' dir='ltr'>et</span> <span class='ocrx_word' id='word_1_385' title='bbox 2687 2020 2860 2058; x_wconf 91' lang='lat' dir='ltr'>omne</span> <span class='ocrx_word' id='word_1_386' title='bbox 2891 2003 3041 2075; x_wconf 86' lang='lat' dir='ltr'>quod</span> <span class='ocrx_word' id='word_1_387' title='bbox 3078 2007 3167 2058; x_wconf 91' lang='lat' dir='ltr'>est</span> <span class='ocrx_word' id='word_1_388' title='bbox 3210 2001 3501 2075; x_wconf 86' lang='lat' dir='ltr'>palpabile</span> <span class='ocrx_word' id='word_1_389' title='bbox 3547 2001 3617 2056; x_wconf 89' lang='lat' dir='ltr'>sit</span> <span class='ocrx_word' id='word_1_390' title='bbox 3658 2015 3816 2055; x_wconf 88' lang='lat' dir='ltr'>corru-</span> 
     </span>
    </p>
   </div>
   <div class='ocr_carea' id='block_1_53' title="bbox 2231 2091 3819 2165">
    <p class='ocr_par' dir='ltr' id='par_1_53' title="bbox 2231 2091 3819 2165">
     <span class='ocr_line' id='line_1_53' title="bbox 2231 2091 3819 2165; baseline -0.002 -19"><span class='ocrx_word' id='word_1_391' title='bbox 2231 2092 2455 2165; x_wconf 91' lang='lat' dir='ltr'>ptibile.</span> <span class='ocrx_word' id='word_1_392' title='bbox 2490 2093 2599 2149; x_wconf 87' lang='lat' dir='ltr'>Sed</span> <span class='ocrx_word' id='word_1_393' title='bbox 2632 2092 2778 2147; x_wconf 90' lang='lat' dir='ltr'>miro</span> <span class='ocrx_word' id='word_1_394' title='bbox 2809 2097 2865 2147; x_wconf 89' lang='lat' dir='ltr'>et</span> <span class='ocrx_word' id='word_1_395' title='bbox 2895 2091 3173 2147; x_wconf 70' lang='lat' dir='ltr'>ineffabili</span> <span class='ocrx_word' id='word_1_396' title='bbox 3209 2094 3384 2148; x_wconf 91' lang='lat' dir='ltr'>modo</span> <span class='ocrx_word' id='word_1_397' title='bbox 3416 2092 3678 2147; x_wconf 88' lang='lat' dir='ltr'>Dominus</span> <span class='ocrx_word' id='word_1_398' title='bbox 3719 2092 3819 2159; x_wconf 85' lang='lat' dir='ltr'>post</span> 
     </span>
    </p>
   </div>
   <div class='ocr_carea' id='block_1_54' title="bbox 2233 2180 3818 2254">
    <p class='ocr_par' dir='ltr' id='par_1_54' title="bbox 2233 2180 3818 2254">
     <span class='ocr_line' id='line_1_54' title="bbox 2233 2180 3818 2254; baseline -0.003 -18"><span class='ocrx_word' id='word_1_399' title='bbox 2233 2182 2715 2238; x_wconf 88' lang='lat' dir='ltr'>resurrectionem</span> <span class='ocrx_word' id='word_1_400' title='bbox 2774 2199 2987 2254; x_wconf 90' lang='lat' dir='ltr'>corpus</span> <span class='ocrx_word' id='word_1_401' title='bbox 3046 2199 3220 2238; x_wconf 90' lang='lat' dir='ltr'>suum</span> <span class='ocrx_word' id='word_1_402' title='bbox 3271 2188 3332 2238; x_wconf 87' lang='lat' dir='ltr'>et</span> <span class='ocrx_word' id='word_1_403' title='bbox 3374 2180 3645 2254; x_wconf 89' lang='lat' dir='ltr'>palpabile</span> <span class='ocrx_word' id='word_1_404' title='bbox 3705 2196 3818 2250; x_wconf 75' lang='lat' dir='ltr'>pre-</span> 
     </span>
    </p>
   </div>
   <div class='ocr_carea' id='block_1_55' title="bbox 2233 2269 3819 2342">
    <p class='ocr_par' dir='ltr' id='par_1_55' title="bbox 2233 2269 3819 2342">
     <span class='ocr_line' id='line_1_55' title="bbox 2233 2269 3819 2342; baseline -0.003 -17"><span class='ocrx_word' id='word_1_405' title='bbox 2233 2270 2379 2337; x_wconf 90' lang='lat' dir='ltr'>buit,</span> <span class='ocrx_word' id='word_1_406' title='bbox 2424 2275 2480 2325; x_wconf 90' lang='lat' dir='ltr'>et</span> <span class='ocrx_word' id='word_1_407' title='bbox 2537 2269 2980 2342; x_wconf 88' lang='lat' dir='ltr'>incorruptibile</span> <span class='ocrx_word' id='word_1_408' title='bbox 3041 2272 3466 2327; x_wconf 87' lang='lat' dir='ltr'>demonstravit</span> <span class='ocrx_word' id='word_1_409' title='bbox 3512 2287 3525 2324; x_wconf 89' lang='lat'>:</span> <span class='ocrx_word' id='word_1_410' title='bbox 3571 2274 3629 2324; x_wconf 93' lang='lat' dir='ltr'>ut</span> <span class='ocrx_word' id='word_1_411' title='bbox 3684 2284 3819 2322; x_wconf 88' lang='lat' dir='ltr'>mon-</span> 
     </span>
    </p>
   </div>
   <div class='ocr_carea' id='block_1_56' title="bbox 2233 2355 3820 2430">
    <p class='ocr_par' dir='ltr' id='par_1_56' title="bbox 2233 2355 3820 2430">
     <span class='ocr_line' id='line_1_56' title="bbox 2233 2355 3820 2430; baseline -0.003 -19"><span class='ocrx_word' id='word_1_412' title='bbox 2233 2360 2469 2413; x_wconf 87' lang='lat' dir='ltr'>strando</span> <span class='ocrx_word' id='word_1_413' title='bbox 2500 2358 2810 2430; x_wconf 88' lang='lat' dir='ltr'>palpabile,</span> <span class='ocrx_word' id='word_1_414' title='bbox 2828 2360 3169 2414; x_wconf 86' lang='lat' dir='ltr'>reformaret</span> <span class='ocrx_word' id='word_1_415' title='bbox 3197 2360 3269 2415; x_wconf 90' lang='lat' dir='ltr'>ad</span> <span class='ocrx_word' id='word_1_416' title='bbox 3296 2355 3820 2415; x_wconf 79' lang='lat' dir='ltr'>fidemzostendendo</span> 
     </span>
    </p>
   </div>
   <div class='ocr_carea' id='block_1_57' title="bbox 2233 2446 3821 2522">
    <p class='ocr_par' dir='ltr' id='par_1_57' title="bbox 2233 2446 3821 2522">
     <span class='ocr_line' id='line_1_57' title="bbox 2233 2446 3821 2522; baseline -0.003 -20"><span class='ocrx_word' id='word_1_417' title='bbox 2233 2446 2694 2519; x_wconf 88' lang='lat' dir='ltr'>incorruptibile,</span> <span class='ocrx_word' id='word_1_418' title='bbox 2744 2449 3015 2505; x_wconf 86' lang='lat' dir='ltr'>invitaret</span> <span class='ocrx_word' id='word_1_419' title='bbox 3057 2450 3128 2505; x_wconf 87' lang='lat' dir='ltr'>ad</span> <span class='ocrx_word' id='word_1_420' title='bbox 3177 2450 3505 2522; x_wconf 76' lang='lat' dir='ltr'>praemium.</span> <span class='ocrx_word' id='word_1_421' title='bbox 3549 2447 3662 2502; x_wconf 86' lang='lat' dir='ltr'>Sive</span> <span class='ocrx_word' id='word_1_422' title='bbox 3700 2447 3821 2500; x_wconf 84' lang='lat' dir='ltr'>certe</span> 
     </span>
    </p>
   </div>
   <div class='ocr_carea' id='block_1_58' title="bbox 2233 2536 3820 2610">
    <p class='ocr_par' dir='ltr' id='par_1_58' title="bbox 2233 2536 3820 2610">
     <span class='ocr_line' id='line_1_58' title="bbox 2233 2536 3820 2610; baseline -0.004 -18"><span class='ocrx_word' id='word_1_423' title='bbox 2233 2541 2290 2592; x_wconf 88' lang='lat' dir='ltr'>et</span> <span class='ocrx_word' id='word_1_424' title='bbox 2319 2536 2611 2608; x_wconf 88' lang='lat' dir='ltr'>palpabile</span> <span class='ocrx_word' id='word_1_425' title='bbox 2640 2542 2696 2593; x_wconf 92' lang='lat' dir='ltr'>et</span> <span class='ocrx_word' id='word_1_426' title='bbox 2725 2536 3170 2610; x_wconf 89' lang='lat' dir='ltr'>incorruptibile</span> <span class='ocrx_word' id='word_1_427' title='bbox 3214 2543 3351 2609; x_wconf 90' lang='lat' dir='ltr'>post</span> <span class='ocrx_word' id='word_1_428' title='bbox 3394 2536 3820 2592; x_wconf 86' lang='lat' dir='ltr'>resurrectionem</span> 
     </span>
    </p>
   </div>
   <div class='ocr_carea' id='block_1_59' title="bbox 2233 2624 3820 2698">
    <p class='ocr_par' dir='ltr' id='par_1_59' title="bbox 2233 2624 3820 2698">
     <span class='ocr_line' id='line_1_59' title="bbox 2233 2624 3820 2698; baseline -0.003 -17"><span class='ocrx_word' id='word_1_429' title='bbox 2233 2642 2444 2698; x_wconf 90' lang='lat' dir='ltr'>corpus</span> <span class='ocrx_word' id='word_1_430' title='bbox 2512 2644 2686 2682; x_wconf 89' lang='lat' dir='ltr'>suum</span> <span class='ocrx_word' id='word_1_431' title='bbox 2750 2626 3031 2692; x_wconf 84' lang='lat' dir='ltr'>exhibuit,</span> <span class='ocrx_word' id='word_1_432' title='bbox 3076 2631 3143 2683; x_wconf 91' lang='lat' dir='ltr'>ut</span> <span class='ocrx_word' id='word_1_433' title='bbox 3208 2628 3541 2683; x_wconf 88' lang='lat' dir='ltr'>ostenderet</span> <span class='ocrx_word' id='word_1_434' title='bbox 3584 2641 3640 2679; x_wconf 86' lang='lat' dir='ltr'>se</span> <span class='ocrx_word' id='word_1_435' title='bbox 3696 2624 3820 2692; x_wconf 82' lang='lat' dir='ltr'>ejus-</span> 
     </span>
    </p>
   </div>
   <div class='ocr_carea' id='block_1_60' title="bbox 2232 2708 3821 2788">
    <p class='ocr_par' dir='ltr' id='par_1_60' title="bbox 2232 2708 3821 2788">
     <span class='ocr_line' id='line_1_60' title="bbox 2232 2708 3821 2788; baseline -0.006 -18"><span class='ocrx_word' id='word_1_436' title='bbox 2232 2716 2363 2770; x_wconf 91' lang='lat' dir='ltr'>dem</span> <span class='ocrx_word' id='word_1_437' title='bbox 2416 2733 2544 2772; x_wconf 90' lang='lat' dir='ltr'>esse</span> <span class='ocrx_word' id='word_1_438' title='bbox 2592 2720 2834 2785; x_wconf 76' lang='lat' dir='ltr'>naturze,</span> <span class='ocrx_word' id='word_1_439' title='bbox 2872 2721 2929 2772; x_wconf 91' lang='lat' dir='ltr'>et</span> <span class='ocrx_word' id='word_1_440' title='bbox 2972 2715 3215 2772; x_wconf 78' lang='lat' dir='ltr'>alterius</span> <span class='ocrx_word' id='word_1_441' title='bbox 3262 2715 3482 2788; x_wconf 67' lang='lat' dir='ltr'>gloriae.</span> <span class='ocrx_word' id='word_1_442' title='bbox 3506 2714 3609 2770; x_wconf 90' lang='lat' dir='ltr'>Sed</span> <span class='ocrx_word' id='word_1_443' title='bbox 3637 2711 3754 2784; x_wconf 87' lang='lat' dir='ltr'>quia</span> <span class='ocrx_word' id='word_1_444' title='bbox 3776 2708 3821 2762; x_wconf 89' lang='lat' dir='ltr'>in</span> 
     </span>
    </p>
   </div>
   <div class='ocr_carea' id='block_1_61' title="bbox 2232 2796 3821 2878">
    <p class='ocr_par' dir='ltr' id='par_1_61' title="bbox 2232 2796 3821 2878">
     <span class='ocr_line' id='line_1_61' title="bbox 2232 2796 3821 2878; baseline -0.006 -18"><span class='ocrx_word' id='word_1_445' title='bbox 2232 2804 2460 2860; x_wconf 88' lang='lat' dir='ltr'>Domini</span> <span class='ocrx_word' id='word_1_446' title='bbox 2496 2804 2913 2861; x_wconf 87' lang='lat' dir='ltr'>resurrectione</span> <span class='ocrx_word' id='word_1_447' title='bbox 2944 2810 3146 2861; x_wconf 83' lang='lat' dir='ltr'>nostra</span> <span class='ocrx_word' id='word_1_448' title='bbox 3192 2804 3484 2878; x_wconf 88' lang='lat' dir='ltr'>generalis</span> <span class='ocrx_word' id='word_1_449' title='bbox 3532 2796 3821 2858; x_wconf 86' lang='lat' dir='ltr'>resurrectio</span> 
     </span>
    </p>
   </div>
   <div class='ocr_carea' id='block_1_62' title="bbox 2232 2890 3821 2967">
    <p class='ocr_par' dir='ltr' id='par_1_62' title="bbox 2232 2890 3821 2967">
     <span class='ocr_line' id='line_1_62' title="bbox 2232 2890 3821 2967; baseline -0.006 -19"><span class='ocrx_word' id='word_1_450' title='bbox 2232 2899 2321 2949; x_wconf 90' lang='lat' dir='ltr'>est</span> <span class='ocrx_word' id='word_1_451' title='bbox 2350 2895 2886 2967; x_wconf 65' lang='lat' dir='ltr'>praeﬁgurata,cum</span> <span class='ocrx_word' id='word_1_452' title='bbox 2915 2895 3211 2950; x_wconf 86' lang='lat' dir='ltr'>Dominus-</span> <span class='ocrx_word' id='word_1_453' title='bbox 3230 2898 3367 2966; x_wconf 90' lang='lat' dir='ltr'>post</span> <span class='ocrx_word' id='word_1_454' title='bbox 3396 2890 3821 2950; x_wconf 87' lang='lat' dir='ltr'>resurrectionem</span> 
     </span>
    </p>
   </div>
   <div class='ocr_carea' id='block_1_63' title="bbox 2231 2972 3822 3056">
    <p class='ocr_par' dir='ltr' id='par_1_63' title="bbox 2231 2972 3822 3056">
     <span class='ocr_line' id='line_1_63' title="bbox 2231 2972 3822 3056; baseline -0.006 -20"><span class='ocrx_word' id='word_1_455' title='bbox 2231 2999 2442 3054; x_wconf 90' lang='lat' dir='ltr'>corpus</span> <span class='ocrx_word' id='word_1_456' title='bbox 2471 3000 2644 3039; x_wconf 90' lang='lat' dir='ltr'>suum</span> <span class='ocrx_word' id='word_1_457' title='bbox 2676 2989 2734 3039; x_wconf 91' lang='lat' dir='ltr'>et</span> <span class='ocrx_word' id='word_1_458' title='bbox 2762 2983 3049 3056; x_wconf 85' lang='lat' dir='ltr'>palpabile</span> <span class='ocrx_word' id='word_1_459' title='bbox 3073 2983 3344 3055; x_wconf 75' lang='lat' dir='ltr'>praebuit.</span> <span class='ocrx_word' id='word_1_460' title='bbox 3360 2987 3417 3038; x_wconf 92' lang='lat' dir='ltr'>et</span> <span class='ocrx_word' id='word_1_461' title='bbox 3438 2972 3822 3050; x_wconf 86' lang='lat' dir='ltr'>incorruptibile</span> 
     </span>
    </p>
   </div>
   <div class='ocr_carea' id='block_1_64' title="bbox 2230 3072 3822 3144">
    <p class='ocr_par' dir='ltr' id='par_1_64' title="bbox 2230 3072 3822 3144">
     <span class='ocr_line' id='line_1_64' title="bbox 2230 3072 3822 3144; baseline -0.007 -17"><span class='ocrx_word' id='word_1_462' title='bbox 2230 3072 2668 3142; x_wconf 89' lang='lat' dir='ltr'>demonstravit,</span> <span class='ocrx_word' id='word_1_463' title='bbox 2703 3073 2957 3129; x_wconf 87' lang='lat' dir='ltr'>ostendit</span> <span class='ocrx_word' id='word_1_464' title='bbox 2988 3077 3193 3129; x_wconf 91' lang='lat' dir='ltr'>nostra</span> <span class='ocrx_word' id='word_1_465' title='bbox 3225 3088 3474 3144; x_wconf 88' lang='lat' dir='ltr'>corpora</span> <span class='ocrx_word' id='word_1_466' title='bbox 3504 3074 3626 3142; x_wconf 79' lang='lat' dir='ltr'>post</span> <span class='ocrx_word' id='word_1_467' title='bbox 3667 3079 3822 3121; x_wconf 87' lang='lat' dir='ltr'>resur-</span> 
     </span>
    </p>
   </div>
   <div class='ocr_carea' id='block_1_65' title="bbox 474 3144 3824 3235">
    <p class='ocr_par' dir='ltr' id='par_1_65' title="bbox 474 3144 3824 3235">
     <span class='ocr_line' id='line_1_65' title="bbox 474 3144 3824 3235; baseline -0.001 -27"><span class='ocrx_word' id='word_1_468' title='bbox 474 3170 752 3226; x_wconf 63' lang='lat' dir='ltr'>praasens,</span> <span class='ocrx_word' id='word_1_469' title='bbox 784 3155 869 3210; x_wconf 89' lang='lat' dir='ltr'>illi</span> <span class='ocrx_word' id='word_1_470' title='bbox 929 3157 1259 3228; x_wconf 85' lang='lat' dir='ltr'>specialiter</span> <span class='ocrx_word' id='word_1_471' title='bbox 1301 3162 1590 3233; x_wconf 90' lang='lat' dir='ltr'>congruit,</span> <span class='ocrx_word' id='word_1_472' title='bbox 1633 3163 1725 3218; x_wconf 91' lang='lat' dir='ltr'>cui</span> <span class='ocrx_word' id='word_1_473' title='bbox 1770 3180 1874 3218; x_wconf 90' lang='lat' dir='ltr'>nec</span> <span class='ocrx_word' id='word_1_474' title='bbox 1928 3144 2123 3219; x_wconf 76' lang='lat' dir='ltr'>futura</span> <span class='ocrx_word' id='word_1_475' title='bbox 2154 3144 2195 3210; x_wconf 70' lang='grc' dir='ltr'>(ἶ</span> <span class='ocrx_word' id='word_1_476' title='bbox 2234 3161 2547 3217; x_wconf 84' lang='lat' dir='ltr'>rectionem</span> <span class='ocrx_word' id='word_1_477' title='bbox 2582 3163 2663 3217; x_wconf 85' lang='lat' dir='ltr'>ita</span> <span class='ocrx_word' id='word_1_478' title='bbox 2691 3180 2818 3217; x_wconf 89' lang='lat' dir='ltr'>esse</span> <span class='ocrx_word' id='word_1_479' title='bbox 2840 3161 3413 3235; x_wconf 86' lang='lat' dir='ltr'>incorruptibilia,ut</span> <span class='ocrx_word' id='word_1_480' title='bbox 3437 3159 3649 3233; x_wconf 89' lang='lat' dir='ltr'>possint</span> <span class='ocrx_word' id='word_1_481' title='bbox 3669 3153 3824 3209; x_wconf 85' lang='lat' dir='ltr'>esseet</span> 
     </span>
    </p>
   </div>
   <div class='ocr_carea' id='block_1_66' title="bbox 477 3243 2123 3322">
    <p class='ocr_par' dir='ltr' id='par_1_66' title="bbox 477 3243 2123 3322">
     <span class='ocr_line' id='line_1_66' title="bbox 477 3243 2123 3322; baseline 0.004 -23"><span class='ocrx_word' id='word_1_482' title='bbox 477 3243 932 3311; x_wconf 87' lang='lat' dir='ltr'>succedunt,nec</span> <span class='ocrx_word' id='word_1_483' title='bbox 946 3246 1573 3317; x_wconf 69' lang='lat' dir='ltr'>praateritatranseunt,</span> <span class='ocrx_word' id='word_1_484' title='bbox 1592 3251 1689 3305; x_wconf 90' lang='lat' dir='ltr'>sed</span> <span class='ocrx_word' id='word_1_485' title='bbox 1707 3251 2123 3322; x_wconf 88' lang='lat' dir='ltr'>semperhabet</span> 
     </span>
    </p>
   </div>
   <div class='ocr_carea' id='block_1_67' title="bbox 466 3334 2116 3412">
    <p class='ocr_par' dir='ltr' id='par_1_67' title="bbox 466 3334 2116 3412">
     <span class='ocr_line' id='line_1_67' title="bbox 466 3334 2116 3412; baseline 0.005 -25"><span class='ocrx_word' id='word_1_486' title='bbox 466 3348 608 3387; x_wconf 79' lang='lat' dir='ltr'>esse</span> <span class='ocrx_word' id='word_1_487' title='bbox 656 3349 759 3403; x_wconf 90' lang='lat' dir='ltr'>per</span> <span class='ocrx_word' id='word_1_488' title='bbox 804 3334 1207 3401; x_wconf 81' lang='lat' dir='ltr'>aeternitatem,</span> <span class='ocrx_word' id='word_1_489' title='bbox 1242 3335 1395 3391; x_wconf 90' lang='lat' dir='ltr'>sicut</span> <span class='ocrx_word' id='word_1_490' title='bbox 1425 3338 1548 3409; x_wconf 85' lang='lat' dir='ltr'>ipse</span> <span class='ocrx_word' id='word_1_491' title='bbox 1592 3340 1673 3394; x_wconf 88' lang='lat' dir='ltr'>ait</span> <span class='ocrx_word' id='word_1_492' title='bbox 1709 3340 1781 3394; x_wconf 87' lang='lat' dir='ltr'>ad</span> <span class='ocrx_word' id='word_1_493' title='bbox 1832 3341 2067 3412; x_wconf 84' lang='lat' dir='ltr'>Moysen</span> <span class='ocrx_word' id='word_1_494' title='bbox 2105 3359 2116 3395; x_wconf 94' lang='lat'>:</span> 
     </span>
    </p>
   </div>
   <div class='ocr_carea' id='block_1_68' title="bbox 483 3421 2116 3494">
    <p class='ocr_par' dir='ltr' id='par_1_68' title="bbox 483 3421 2116 3494">
     <span class='ocr_line' id='line_1_68' title="bbox 483 3421 2116 3494; baseline 0.009 -26"><span class='ocrx_word' id='word_1_495' title='bbox 483 3421 650 3489; x_wconf 82' lang='lat' dir='ltr'>«Ego</span> <span class='ocrx_word' id='word_1_496' title='bbox 682 3436 814 3474; x_wconf 90' lang='lat' dir='ltr'>sum</span> <span class='ocrx_word' id='word_1_497' title='bbox 848 3421 946 3491; x_wconf 92' lang='lat' dir='ltr'>qui</span> <span class='ocrx_word' id='word_1_498' title='bbox 979 3438 1132 3477; x_wconf 90' lang='lat' dir='ltr'>sum.</span> <span class='ocrx_word' id='word_1_499' title='bbox 1167 3424 1292 3478; x_wconf 70' lang='grc' dir='ltr'>Ηωο</span> <span class='ocrx_word' id='word_1_500' title='bbox 1307 3425 1467 3480; x_wconf 88' lang='lat' dir='ltr'>dices</span> <span class='ocrx_word' id='word_1_501' title='bbox 1499 3424 1976 3493; x_wconf 77' lang='lat' dir='ltr'>filiis~lsrael:0ui</span> <span class='ocrx_word' id='word_1_502' title='bbox 2009 3434 2116 3494; x_wconf 90' lang='lat' dir='ltr'>est,</span> 
     </span>
    </p>
   </div>
   <div class='ocr_carea' id='block_1_69' title="bbox 480 3507 2118 3585">
    <p class='ocr_par' dir='ltr' id='par_1_69' title="bbox 480 3507 2118 3585">
     <span class='ocr_line' id='line_1_69' title="bbox 480 3507 2118 3585; baseline 0.006 -24"><span class='ocrx_word' id='word_1_503' title='bbox 480 3507 643 3562; x_wconf 88' lang='lat' dir='ltr'>misit</span> <span class='ocrx_word' id='word_1_504' title='bbox 682 3524 776 3563; x_wconf 92' lang='lat' dir='ltr'>me</span> <span class='ocrx_word' id='word_1_505' title='bbox 830 3510 899 3563; x_wconf 91' lang='lat' dir='ltr'>ad</span> <span class='ocrx_word' id='word_1_506' title='bbox 945 3527 1049 3564; x_wconf 84' lang='lat' dir='ltr'>vos</span> <span class='ocrx_word' id='word_1_507' title='bbox 1078 3512 1268 3581; x_wconf 71' lang='lat' dir='ltr'>(Exod.</span> <span class='ocrx_word' id='word_1_508' title='bbox 1303 3513 1411 3585; x_wconf 70' lang='lat' dir='ltr'>In),</span> <span class='ocrx_word' id='word_1_509' title='bbox 1447 3536 1473 3562; x_wconf 82' lang='lat'><strong>»</strong></span> <span class='ocrx_word' id='word_1_510' title='bbox 1506 3514 1651 3580; x_wconf 85' lang='lat' dir='ltr'>Quia</span> <span class='ocrx_word' id='word_1_511' title='bbox 1697 3532 1832 3571; x_wconf 90' lang='lat' dir='ltr'>vero</span> <span class='ocrx_word' id='word_1_512' title='bbox 1875 3515 2118 3571; x_wconf 89' lang='lat' dir='ltr'>humani</span> 
     </span>
    </p>
   </div>
   <div class='ocr_carea' id='block_1_70' title="bbox 476 3594 2121 3675">
    <p class='ocr_par' dir='ltr' id='par_1_70' title="bbox 476 3594 2121 3675">
     <span class='ocr_line' id='line_1_70' title="bbox 476 3594 2121 3675; baseline 0.008 -27"><span class='ocrx_word' id='word_1_513' title='bbox 476 3594 628 3649; x_wconf 91' lang='lat' dir='ltr'>oculi</span> <span class='ocrx_word' id='word_1_514' title='bbox 660 3594 988 3653; x_wconf 85' lang='lat' dir='ltr'>immortale</span> <span class='ocrx_word' id='word_1_515' title='bbox 1019 3615 1231 3670; x_wconf 88' lang='lat' dir='ltr'>corpus</span> <span class='ocrx_word' id='word_1_516' title='bbox 1252 3600 1379 3655; x_wconf 89' lang='lat' dir='ltr'>sine</span> <span class='ocrx_word' id='word_1_517' title='bbox 1396 3601 1601 3656; x_wconf 86' lang='lat' dir='ltr'>timore</span> <span class='ocrx_word' id='word_1_518' title='bbox 1613 3602 1805 3657; x_wconf 91' lang='lat' dir='ltr'>videre</span> <span class='ocrx_word' id='word_1_519' title='bbox 1828 3620 1943 3659; x_wconf 88' lang='lat' dir='ltr'>non</span> <span class='ocrx_word' id='word_1_520' title='bbox 1968 3609 2121 3675; x_wconf 89' lang='lat' dir='ltr'>pote-</span> 
     </span>
    </p>
   </div>
   <div class='ocr_carea' id='block_1_71' title="bbox 478 3686 2112 3761">
    <p class='ocr_par' dir='ltr' id='par_1_71' title="bbox 478 3686 2112 3761">
     <span class='ocr_line' id='line_1_71' title="bbox 478 3686 2112 3761; baseline 0.008 -25"><span class='ocrx_word' id='word_1_521' title='bbox 478 3686 627 3749; x_wconf 88' lang='lat' dir='ltr'>rant,</span> <span class='ocrx_word' id='word_1_522' title='bbox 657 3686 1049 3740; x_wconf 61' lang='lat' dir='ltr'>confortarLa</span> <span class='ocrx_word' id='word_1_523' title='bbox 1089 3686 1335 3743; x_wconf 89' lang='lat' dir='ltr'>Domino</span> <span class='ocrx_word' id='word_1_524' title='bbox 1390 3689 1747 3761; x_wconf 87' lang='lat' dir='ltr'>indigebant.</span> <span class='ocrx_word' id='word_1_525' title='bbox 1781 3692 1874 3747; x_wconf 91' lang='lat' dir='ltr'>Ait</span> <span class='ocrx_word' id='word_1_526' title='bbox 1912 3693 2066 3749; x_wconf 89' lang='lat' dir='ltr'>enim</span> <span class='ocrx_word' id='word_1_527' title='bbox 2098 3710 2112 3749; x_wconf 88' lang='lat'><strong>:</strong></span> 
     </span>
    </p>
   </div>
   <div class='ocr_carea' id='block_1_72' title="bbox 476 3770 2118 3852">
    <p class='ocr_par' dir='ltr' id='par_1_72' title="bbox 476 3770 2118 3852">
     <span class='ocr_line' id='line_1_72' title="bbox 476 3770 2118 3852; baseline 0.009 -27"><span class='ocrx_word' id='word_1_528' title='bbox 476 3793 503 3820; x_wconf 85' lang='lat'><strong><em>«</em></strong></span> <span class='ocrx_word' id='word_1_529' title='bbox 539 3770 727 3827; x_wconf 90' lang='lat' dir='ltr'>Nolite</span> <span class='ocrx_word' id='word_1_530' title='bbox 774 3773 998 3828; x_wconf 88' lang='lat' dir='ltr'>timere.</span> <span class='ocrx_word' id='word_1_531' title='bbox 1038 3796 1064 3822; x_wconf 83' lang='lat'>»</span> <span class='ocrx_word' id='word_1_532' title='bbox 1098 3775 1281 3831; x_wconf 85' lang='lat' dir='ltr'>Habet</span> <span class='ocrx_word' id='word_1_533' title='bbox 1322 3778 1476 3832; x_wconf 88' lang='lat' dir='ltr'>enim</span> <span class='ocrx_word' id='word_1_534' title='bbox 1512 3778 1798 3852; x_wconf 80' lang='lat' dir='ltr'>fragilitas</span> <span class='ocrx_word' id='word_1_535' title='bbox 1845 3781 2118 3838; x_wconf 65' lang='lat' dir='ltr'>humanas</span> 
     </span>
    </p>
   </div>
   <div class='ocr_carea' id='block_1_73' title="bbox 474 3859 2115 3940">
    <p class='ocr_par' dir='ltr' id='par_1_73' title="bbox 474 3859 2115 3940">
     <span class='ocr_line' id='line_1_73' title="bbox 474 3859 2115 3940; baseline 0.009 -27"><span class='ocrx_word' id='word_1_536' title='bbox 474 3863 697 3914; x_wconf 71' lang='lat' dir='ltr'>naturae</span> <span class='ocrx_word' id='word_1_537' title='bbox 711 3859 818 3916; x_wconf 91' lang='lat' dir='ltr'>hoc</span> <span class='ocrx_word' id='word_1_538' title='bbox 841 3862 1247 3933; x_wconf 89' lang='lat' dir='ltr'>proprium,ut</span> <span class='ocrx_word' id='word_1_539' title='bbox 1273 3881 1404 3920; x_wconf 91' lang='lat' dir='ltr'>curn</span> <span class='ocrx_word' id='word_1_540' title='bbox 1429 3866 1648 3939; x_wconf 90' lang='lat' dir='ltr'>aliquid</span> <span class='ocrx_word' id='word_1_541' title='bbox 1673 3885 1853 3940; x_wconf 89' lang='lat' dir='ltr'>supra</span> <span class='ocrx_word' id='word_1_542' title='bbox 1881 3888 1942 3925; x_wconf 93' lang='lat' dir='ltr'>se</span> <span class='ocrx_word' id='word_1_543' title='bbox 1955 3871 2115 3927; x_wconf 87' lang='lat' dir='ltr'>vide-</span> 
     </span>
    </p>
   </div>
   <div class='ocr_carea' id='block_1_74' title="bbox 476 3946 1881 4021">
    <p class='ocr_par' dir='ltr' id='par_1_74' title="bbox 476 3946 1881 4021">
     <span class='ocr_line' id='line_1_74' title="bbox 476 3946 1881 4021; baseline 0.009 -21"><span class='ocrx_word' id='word_1_544' title='bbox 476 3946 741 4012; x_wconf 87' lang='lat' dir='ltr'>rit,int&#39;ra</span> <span class='ocrx_word' id='word_1_545' title='bbox 766 3965 827 4004; x_wconf 91' lang='lat' dir='ltr'>se</span> <span class='ocrx_word' id='word_1_546' title='bbox 856 3950 1251 4021; x_wconf 77' lang='lat' dir='ltr'>pertimescat.</span> <span class='ocrx_word' id='word_1_547' title='bbox 1286 3952 1449 4009; x_wconf 91' lang='lat' dir='ltr'>Unde</span> <span class='ocrx_word' id='word_1_548' title='bbox 1479 3959 1537 4009; x_wconf 91' lang='lat' dir='ltr'>et</span> <span class='ocrx_word' id='word_1_549' title='bbox 1562 3956 1837 4013; x_wconf 83' lang='lat' dir='ltr'>subditur</span> <span class='ocrx_word' id='word_1_550' title='bbox 1869 3977 1881 4013; x_wconf 75' lang='grc' dir='ltr'>ε</span> 
     </span>
    </p>
   </div>
   <div class='ocr_carea' id='block_1_75' title="bbox 543 4037 2116 4109">
    <p class='ocr_par' dir='ltr' id='par_1_75' title="bbox 543 4037 2116 4109">
     <span class='ocr_line' id='line_1_75' title="bbox 543 4037 2116 4109; baseline 0.013 -24"><span class='ocrx_word' id='word_1_551' title='bbox 543 4059 571 4086; x_wconf 90' lang='grc'>‹‹</span> <span class='ocrx_word' id='word_1_552' title='bbox 605 4037 942 4093; x_wconf 85' lang='lat' dir='ltr'>Conturbati</span> <span class='ocrx_word' id='word_1_553' title='bbox 976 4056 1108 4094; x_wconf 88' lang='lat' dir='ltr'>vero</span> <span class='ocrx_word' id='word_1_554' title='bbox 1134 4044 1189 4095; x_wconf 89' lang='lat' dir='ltr'>et</span> <span class='ocrx_word' id='word_1_555' title='bbox 1237 4042 1565 4109; x_wconf 84' lang='lat' dir='ltr'>conterriti,</span> <span class='ocrx_word' id='word_1_556' title='bbox 1589 4045 2006 4104; x_wconf 85' lang='lat' dir='ltr'>existimabant</span> <span class='ocrx_word' id='word_1_557' title='bbox 2055 4067 2116 4105; x_wconf 90' lang='lat' dir='ltr'>se</span> 
     </span>
    </p>
   </div>
   <div class='ocr_carea' id='block_1_76' title="bbox 472 4124 2114 4199">
    <p class='ocr_par' dir='ltr' id='par_1_76' title="bbox 472 4124 2114 4199">
     <span class='ocr_line' id='line_1_76' title="bbox 472 4124 2114 4199; baseline 0.007 -18"><span class='ocrx_word' id='word_1_558' title='bbox 472 4147 501 4174; x_wconf 90' lang='grc'><em>‹‹</em></span> <span class='ocrx_word' id='word_1_559' title='bbox 534 4124 808 4199; x_wconf 77' lang='lat' dir='ltr'>Spiritum</span> <span class='ocrx_word' id='word_1_560' title='bbox 838 4126 1101 4184; x_wconf 81' lang='lat' dir='ltr'>videre.»</span> <span class='ocrx_word' id='word_1_561' title='bbox 1124 4129 1235 4184; x_wconf 88' lang='lat' dir='ltr'>Sed</span> <span class='ocrx_word' id='word_1_562' title='bbox 1269 4129 1381 4186; x_wconf 89' lang='lat' dir='ltr'>ista</span> <span class='ocrx_word' id='word_1_563' title='bbox 1411 4132 1718 4189; x_wconf 83' lang='lat' dir='ltr'>subitanea</span> <span class='ocrx_word' id='word_1_564' title='bbox 1748 4137 2114 4194; x_wconf 86' lang='lat' dir='ltr'>conturbatio</span> 
     </span>
    </p>
   </div>
   <div class='ocr_carea' id='block_1_77' title="bbox 470 4213 2114 4291">
    <p class='ocr_par' dir='ltr' id='par_1_77' title="bbox 470 4213 2114 4291">
     <span class='ocr_line' id='line_1_77' title="bbox 470 4213 2114 4291; baseline 0.009 -23"><span class='ocrx_word' id='word_1_565' title='bbox 470 4213 915 4286; x_wconf 91' lang='lat' dir='ltr'>discipulorum,</span> <span class='ocrx_word' id='word_1_566' title='bbox 945 4233 1196 4291; x_wconf 89' lang='lat' dir='ltr'>magnus</span> <span class='ocrx_word' id='word_1_567' title='bbox 1226 4235 1386 4275; x_wconf 89' lang='lat' dir='ltr'>error</span> <span class='ocrx_word' id='word_1_568' title='bbox 1417 4221 1605 4278; x_wconf 86' lang='lat' dir='ltr'>factus</span> <span class='ocrx_word' id='word_1_569' title='bbox 1634 4227 1724 4278; x_wconf 88' lang='lat' dir='ltr'>est</span> <span class='ocrx_word' id='word_1_570' title='bbox 1766 4224 2114 4282; x_wconf 66' lang='lat' dir='ltr'>Manichaeo-</span> 
     </span>
    </p>
   </div>
   <div class='ocr_carea' id='block_1_78' title="bbox 470 4303 2114 4381">
    <p class='ocr_par' dir='ltr' id='par_1_78' title="bbox 470 4303 2114 4381">
     <span class='ocr_line' id='line_1_78' title="bbox 470 4303 2114 4381; baseline 0.009 -25"><span class='ocrx_word' id='word_1_571' title='bbox 470 4319 622 4358; x_wconf 91' lang='lat' dir='ltr'>rum.</span> <span class='ocrx_word' id='word_1_572' title='bbox 647 4304 712 4358; x_wconf 88' lang='lat' dir='ltr'>Et</span> <span class='ocrx_word' id='word_1_573' title='bbox 752 4303 864 4376; x_wconf 89' lang='lat' dir='ltr'>ipsi</span> <span class='ocrx_word' id='word_1_574' title='bbox 897 4305 1054 4359; x_wconf 89' lang='lat' dir='ltr'>enim</span> <span class='ocrx_word' id='word_1_575' title='bbox 1086 4307 1183 4377; x_wconf 91' lang='lat' dir='ltr'>qui</span> <span class='ocrx_word' id='word_1_576' title='bbox 1218 4309 1509 4381; x_wconf 89' lang='lat' dir='ltr'>negabant</span> <span class='ocrx_word' id='word_1_577' title='bbox 1556 4316 1732 4367; x_wconf 89' lang='lat' dir='ltr'>Deum</span> <span class='ocrx_word' id='word_1_578' title='bbox 1759 4330 1953 4369; x_wconf 90' lang='lat' dir='ltr'>veram</span> <span class='ocrx_word' id='word_1_579' title='bbox 1985 4332 2114 4371; x_wconf 84' lang='lat' dir='ltr'>car-</span> 
     </span>
    </p>
   </div>
   <div class='ocr_carea' id='block_1_79' title="bbox 469 4395 2112 4470">
    <p class='ocr_par' dir='ltr' id='par_1_79' title="bbox 469 4395 2112 4470">
     <span class='ocr_line' id='line_1_79' title="bbox 469 4395 2112 4470; baseline 0.009 -25"><span class='ocrx_word' id='word_1_580' title='bbox 469 4408 601 4447; x_wconf 91' lang='lat' dir='ltr'>nem</span> <span class='ocrx_word' id='word_1_581' title='bbox 634 4409 747 4447; x_wconf 92' lang='lat' dir='ltr'>non</span> <span class='ocrx_word' id='word_1_582' title='bbox 780 4395 1318 4465; x_wconf 86' lang='lat' dir='ltr'>assumpsisse,hoc</span> <span class='ocrx_word' id='word_1_583' title='bbox 1339 4398 1395 4451; x_wconf 93' lang='lat' dir='ltr'>in</span> <span class='ocrx_word' id='word_1_584' title='bbox 1418 4399 1774 4470; x_wconf 82' lang='lat' dir='ltr'>adjutorium</span> <span class='ocrx_word' id='word_1_585' title='bbox 1794 4403 2112 4460; x_wconf 88' lang='lat' dir='ltr'>suierroris</span> 
     </span>
    </p>
   </div>
   <div class='ocr_carea' id='block_1_80' title="bbox 2234 3240 3825 3320">
    <p class='ocr_par' dir='ltr' id='par_1_80' title="bbox 2234 3240 3825 3320">
     <span class='ocr_line' id='line_1_80' title="bbox 2234 3240 3825 3320; baseline -0.007 -15"><span class='ocrx_word' id='word_1_586' title='bbox 2234 3249 2569 3320; x_wconf 88' lang='lat' dir='ltr'>palpabilia.</span> <span class='ocrx_word' id='word_1_587' title='bbox 2605 3252 2766 3307; x_wconf 92' lang='lat' dir='ltr'>Unde</span> <span class='ocrx_word' id='word_1_588' title='bbox 2798 3251 3078 3308; x_wconf 90' lang='lat' dir='ltr'>mentitur</span> <span class='ocrx_word' id='word_1_589' title='bbox 3106 3255 3163 3306; x_wconf 91' lang='lat' dir='ltr'>et</span> <span class='ocrx_word' id='word_1_590' title='bbox 3195 3249 3562 3307; x_wconf 89' lang='lat' dir='ltr'>convincitur</span> <span class='ocrx_word' id='word_1_591' title='bbox 3589 3240 3825 3316; x_wconf 77' lang='lat' dir='ltr'>Eutycbes</span> 
     </span>
    </p>
   </div>
   <div class='ocr_carea' id='block_1_81' title="bbox 2231 3331 3824 3414">
    <p class='ocr_par' dir='ltr' id='par_1_81' title="bbox 2231 3331 3824 3414">
     <span class='ocr_line' id='line_1_81' title="bbox 2231 3331 3824 3414; baseline -0.007 -20"><span class='ocrx_word' id='word_1_592' title='bbox 2231 3340 2559 3407; x_wconf 64' lang='lat' dir='ltr'>haereticus,</span> <span class='ocrx_word' id='word_1_593' title='bbox 2575 3340 2673 3412; x_wconf 92' lang='lat' dir='ltr'>qui</span> <span class='ocrx_word' id='word_1_594' title='bbox 2705 3341 2845 3396; x_wconf 88' lang='lat' dir='ltr'>dicit</span> <span class='ocrx_word' id='word_1_595' title='bbox 2866 3357 3109 3412; x_wconf 89' lang='lat' dir='ltr'>corpora</span> <span class='ocrx_word' id='word_1_596' title='bbox 3125 3344 3334 3397; x_wconf 88' lang='lat' dir='ltr'>nostra</span> <span class='ocrx_word' id='word_1_597' title='bbox 3354 3345 3485 3414; x_wconf 89' lang='lat' dir='ltr'>post</span> <span class='ocrx_word' id='word_1_598' title='bbox 3505 3331 3824 3394; x_wconf 88' lang='lat' dir='ltr'>resurrectio-</span> 
     </span>
    </p>
   </div>
   <div class='ocr_carea' id='block_1_82' title="bbox 2230 3419 3826 3502">
    <p class='ocr_par' dir='ltr' id='par_1_82' title="bbox 2230 3419 3826 3502">
     <span class='ocr_line' id='line_1_82' title="bbox 2230 3419 3826 3502; baseline -0.006 -19"><span class='ocrx_word' id='word_1_599' title='bbox 2230 3445 2362 3485; x_wconf 90' lang='lat' dir='ltr'>nem</span> <span class='ocrx_word' id='word_1_600' title='bbox 2394 3433 2562 3484; x_wconf 90' lang='lat' dir='ltr'>vento</span> <span class='ocrx_word' id='word_1_601' title='bbox 2595 3430 2831 3502; x_wconf 91' lang='lat' dir='ltr'>aerique</span> <span class='ocrx_word' id='word_1_602' title='bbox 2861 3446 2988 3487; x_wconf 89' lang='lat' dir='ltr'>esse</span> <span class='ocrx_word' id='word_1_603' title='bbox 3019 3429 3234 3485; x_wconf 88' lang='lat' dir='ltr'>similia</span> <span class='ocrx_word' id='word_1_604' title='bbox 3265 3422 3497 3485; x_wconf 74' lang='lat' dir='ltr'>futurai</span> <span class='ocrx_word' id='word_1_605' title='bbox 3530 3430 3583 3482; x_wconf 88' lang='lat' dir='ltr'>et</span> <span class='ocrx_word' id='word_1_606' title='bbox 3609 3419 3826 3490; x_wconf 82' lang='lat' dir='ltr'>sicutju-</span> 
     </span>
    </p>
   </div>
   <div class='ocr_carea' id='block_1_83' title="bbox 2227 3517 3827 3592">
    <p class='ocr_par' dir='ltr' id='par_1_83' title="bbox 2227 3517 3827 3592">
     <span class='ocr_line' id='line_1_83' title="bbox 2227 3517 3827 3592; baseline -0.007 -19"><span class='ocrx_word' id='word_1_607' title='bbox 2227 3518 2335 3573; x_wconf 90' lang='lat' dir='ltr'>bar</span> <span class='ocrx_word' id='word_1_608' title='bbox 2386 3517 2524 3573; x_wconf 91' lang='lat' dir='ltr'>solis</span> <span class='ocrx_word' id='word_1_609' title='bbox 2564 3519 2746 3574; x_wconf 91' lang='lat' dir='ltr'>videri</span> <span class='ocrx_word' id='word_1_610' title='bbox 2791 3522 2998 3591; x_wconf 87' lang='lat' dir='ltr'>potest,</span> <span class='ocrx_word' id='word_1_611' title='bbox 3032 3519 3113 3574; x_wconf 88' lang='lat' dir='ltr'>ita</span> <span class='ocrx_word' id='word_1_612' title='bbox 3154 3524 3213 3574; x_wconf 88' lang='lat' dir='ltr'>et</span> <span class='ocrx_word' id='word_1_613' title='bbox 3243 3534 3494 3592; x_wconf 88' lang='lat' dir='ltr'>corpora</span> <span class='ocrx_word' id='word_1_614' title='bbox 3520 3520 3703 3571; x_wconf 87' lang='lat' dir='ltr'>nostra</span> <span class='ocrx_word' id='word_1_615' title='bbox 3727 3521 3827 3564; x_wconf 85' lang='lat' dir='ltr'>esse</span> 
     </span>
    </p>
   </div>
   <div class='ocr_carea' id='block_1_84' title="bbox 2229 3597 3828 3680">
    <p class='ocr_par' dir='ltr' id='par_1_84' title="bbox 2229 3597 3828 3680">
     <span class='ocr_line' id='line_1_84' title="bbox 2229 3597 3828 3680; baseline -0.007 -18"><span class='ocrx_word' id='word_1_616' title='bbox 2229 3607 2464 3679; x_wconf 90' lang='lat' dir='ltr'>quidem</span> <span class='ocrx_word' id='word_1_617' title='bbox 2477 3606 2749 3675; x_wconf 87' lang='lat' dir='ltr'>visibilia,</span> <span class='ocrx_word' id='word_1_618' title='bbox 2766 3609 2865 3663; x_wconf 86' lang='lat' dir='ltr'>sed</span> <span class='ocrx_word' id='word_1_619' title='bbox 2880 3607 3308 3680; x_wconf 87' lang='lat' dir='ltr'>impalpabilia,</span> <span class='ocrx_word' id='word_1_620' title='bbox 3325 3607 3506 3663; x_wconf 89' lang='lat' dir='ltr'>hocin</span> <span class='ocrx_word' id='word_1_621' title='bbox 3519 3597 3828 3675; x_wconf 84' lang='lat' dir='ltr'>adjutorium</span> 
     </span>
    </p>
   </div>
   <div class='ocr_carea' id='block_1_85' title="bbox 2229 3687 3825 3769">
    <p class='ocr_par' dir='ltr' id='par_1_85' title="bbox 2229 3687 3825 3769">
     <span class='ocr_line' id='line_1_85' title="bbox 2229 3687 3825 3769; baseline -0.008 -17"><span class='ocrx_word' id='word_1_622' title='bbox 2229 3696 2318 3752; x_wconf 92' lang='lat' dir='ltr'>sui</span> <span class='ocrx_word' id='word_1_623' title='bbox 2351 3696 2565 3753; x_wconf 85' lang='lat' dir='ltr'>erroris</span> <span class='ocrx_word' id='word_1_624' title='bbox 2594 3714 2892 3753; x_wconf 90' lang='lat' dir='ltr'>assumere</span> <span class='ocrx_word' id='word_1_625' title='bbox 2929 3696 3150 3762; x_wconf 88' lang='lat' dir='ltr'>volens,</span> <span class='ocrx_word' id='word_1_626' title='bbox 3179 3698 3340 3769; x_wconf 88' lang='lat' dir='ltr'>quod</span> <span class='ocrx_word' id='word_1_627' title='bbox 3392 3696 3472 3752; x_wconf 87' lang='lat' dir='ltr'>ait</span> <span class='ocrx_word' id='word_1_628' title='bbox 3520 3687 3825 3765; x_wconf 82' lang='lat' dir='ltr'>Apostolus:</span> 
     </span>
    </p>
   </div>
   <div class='ocr_carea' id='block_1_86' title="bbox 2229 3772 3826 3858">
    <p class='ocr_par' dir='ltr' id='par_1_86' title="bbox 2229 3772 3826 3858">
     <span class='ocr_line' id='line_1_86' title="bbox 2229 3772 3826 3858; baseline -0.009 -17"><span class='ocrx_word' id='word_1_629' title='bbox 2229 3808 2257 3833; x_wconf 94' lang='grc'>‹‹</span> <span class='ocrx_word' id='word_1_630' title='bbox 2290 3786 2432 3841; x_wconf 90' lang='lat' dir='ltr'>Caro</span> <span class='ocrx_word' id='word_1_631' title='bbox 2463 3790 2520 3841; x_wconf 90' lang='lat' dir='ltr'>et</span> <span class='ocrx_word' id='word_1_632' title='bbox 2549 3786 2790 3858; x_wconf 88' lang='lat' dir='ltr'>sanguis</span> <span class='ocrx_word' id='word_1_633' title='bbox 2821 3802 3066 3857; x_wconf 86' lang='lat' dir='ltr'>regnum</span> <span class='ocrx_word' id='word_1_634' title='bbox 3099 3785 3200 3840; x_wconf 89' lang='lat' dir='ltr'>Dei</span> <span class='ocrx_word' id='word_1_635' title='bbox 3238 3803 3356 3841; x_wconf 88' lang='lat' dir='ltr'>non</span> <span class='ocrx_word' id='word_1_636' title='bbox 3414 3780 3767 3858; x_wconf 87' lang='lat' dir='ltr'>possidebunt</span> <span class='ocrx_word' id='word_1_637' title='bbox 3790 3772 3826 3843; x_wconf 83' lang='grc' dir='ltr'>(ι</span> 
     </span>
    </p>
   </div>
   <div class='ocr_carea' id='block_1_87' title="bbox 2228 3862 3828 3947">
    <p class='ocr_par' dir='ltr' id='par_1_87' title="bbox 2228 3862 3828 3947">
     <span class='ocr_line' id='line_1_87' title="bbox 2228 3862 3828 3947; baseline -0.009 -17"><span class='ocrx_word' id='word_1_638' title='bbox 2228 3874 2348 3930; x_wconf 85' lang='lat' dir='ltr'>Cor.</span> <span class='ocrx_word' id='word_1_639' title='bbox 2382 3879 2494 3943; x_wconf 87' lang='lat' dir='ltr'>xv).</span> <span class='ocrx_word' id='word_1_640' title='bbox 2531 3897 2558 3923; x_wconf 87' lang='lat'>»</span> <span class='ocrx_word' id='word_1_641' title='bbox 2590 3876 2713 3930; x_wconf 92' lang='lat' dir='ltr'>Non</span> <span class='ocrx_word' id='word_1_642' title='bbox 2747 3874 3079 3947; x_wconf 86' lang='lat' dir='ltr'>intelligens</span> <span class='ocrx_word' id='word_1_643' title='bbox 3111 3873 3248 3946; x_wconf 89' lang='lat' dir='ltr'>quia</span> <span class='ocrx_word' id='word_1_644' title='bbox 3278 3892 3417 3931; x_wconf 91' lang='lat' dir='ltr'>caro</span> <span class='ocrx_word' id='word_1_645' title='bbox 3455 3874 3513 3928; x_wconf 90' lang='lat' dir='ltr'>in</span> <span class='ocrx_word' id='word_1_646' title='bbox 3557 3862 3828 3939; x_wconf 87' lang='lat' dir='ltr'>Scripturis</span> 
     </span>
    </p>
   </div>
   <div class='ocr_carea' id='block_1_88' title="bbox 2225 3951 3827 4037">
    <p class='ocr_par' dir='ltr' id='par_1_88' title="bbox 2225 3951 3827 4037">
     <span class='ocr_line' id='line_1_88' title="bbox 2225 3951 3827 4037; baseline -0.006 -20"><span class='ocrx_word' id='word_1_647' title='bbox 2225 3964 2416 4019; x_wconf 81' lang='lat' dir='ltr'>varias</span> <span class='ocrx_word' id='word_1_648' title='bbox 2445 3963 2619 4019; x_wconf 89' lang='lat' dir='ltr'>habet</span> <span class='ocrx_word' id='word_1_649' title='bbox 2649 3963 3126 4037; x_wconf 81' lang='lat' dir='ltr'>significationes.</span> <span class='ocrx_word' id='word_1_650' title='bbox 3146 3964 3479 4036; x_wconf 87' lang='lat' dir='ltr'>Aliquando</span> <span class='ocrx_word' id='word_1_651' title='bbox 3496 3960 3644 4017; x_wconf 88' lang='lat' dir='ltr'>enim</span> <span class='ocrx_word' id='word_1_652' title='bbox 3672 3951 3827 4012; x_wconf 84' lang='lat' dir='ltr'>carnis</span> 
     </span>
    </p>
   </div>
   <div class='ocr_carea' id='block_1_89' title="bbox 2227 4042 3827 4127">
    <p class='ocr_par' dir='ltr' id='par_1_89' title="bbox 2227 4042 3827 4127">
     <span class='ocr_line' id='line_1_89' title="bbox 2227 4042 3827 4127; baseline -0.001 -22"><span class='ocrx_word' id='word_1_653' title='bbox 2227 4051 2460 4107; x_wconf 89' lang='lat' dir='ltr'>nomine</span> <span class='ocrx_word' id='word_1_654' title='bbox 2501 4051 2630 4123; x_wconf 90' lang='lat' dir='ltr'>ipsa</span> <span class='ocrx_word' id='word_1_655' title='bbox 2664 4052 2856 4107; x_wconf 86' lang='lat' dir='ltr'>carnis</span> <span class='ocrx_word' id='word_1_656' title='bbox 2898 4057 3110 4109; x_wconf 90' lang='lat' dir='ltr'>natura</span> <span class='ocrx_word' id='word_1_657' title='bbox 3152 4052 3522 4127; x_wconf 88' lang='lat' dir='ltr'>designatur,</span> <span class='ocrx_word' id='word_1_658' title='bbox 3555 4042 3827 4119; x_wconf 79' lang='lat' dir='ltr'>aliquando</span> 
     </span>
    </p>
   </div>
   <div class='ocr_carea' id='block_1_90' title="bbox 2224 4135 3825 4214">
    <p class='ocr_par' dir='ltr' id='par_1_90' title="bbox 2224 4135 3825 4214">
     <span class='ocr_line' id='line_1_90' title="bbox 2224 4135 3825 4214; baseline -0.001 -19"><span class='ocrx_word' id='word_1_659' title='bbox 2224 4141 2488 4210; x_wconf 87' lang='lat' dir='ltr'>ejusdem</span> <span class='ocrx_word' id='word_1_660' title='bbox 2515 4142 2707 4198; x_wconf 89' lang='lat' dir='ltr'>carnis</span> <span class='ocrx_word' id='word_1_661' title='bbox 2737 4141 3042 4214; x_wconf 76' lang='lat' dir='ltr'>fragilitas,</span> <span class='ocrx_word' id='word_1_662' title='bbox 3076 4140 3399 4213; x_wconf 83' lang='lat' dir='ltr'>aliquando</span> <span class='ocrx_word' id='word_1_663' title='bbox 3444 4156 3575 4196; x_wconf 89' lang='lat' dir='ltr'>vero</span> <span class='ocrx_word' id='word_1_664' title='bbox 3612 4135 3825 4209; x_wconf 47' lang='lat' dir='ltr'>peccata,</span> 
     </span>
    </p>
   </div>
   <div class='ocr_carea' id='block_1_91' title="bbox 2224 4222 3827 4303">
    <p class='ocr_par' dir='ltr' id='par_1_91' title="bbox 2224 4222 3827 4303">
     <span class='ocr_line' id='line_1_91' title="bbox 2224 4222 3827 4303; baseline -0.004 -21"><span class='ocrx_word' id='word_1_665' title='bbox 2224 4244 2353 4299; x_wconf 69' lang='lat' dir='ltr'>qua:</span> <span class='ocrx_word' id='word_1_666' title='bbox 2380 4244 2448 4283; x_wconf 83' lang='lat' dir='ltr'>ex</span> <span class='ocrx_word' id='word_1_667' title='bbox 2471 4245 2643 4285; x_wconf 90' lang='lat' dir='ltr'>carne</span> <span class='ocrx_word' id='word_1_668' title='bbox 2666 4230 2955 4298; x_wconf 91' lang='lat' dir='ltr'>oriuntur,</span> <span class='ocrx_word' id='word_1_669' title='bbox 2973 4247 3403 4301; x_wconf 88' lang='lat' dir='ltr'>nonnunquam</span> <span class='ocrx_word' id='word_1_670' title='bbox 3424 4222 3827 4303; x_wconf 70' lang='lat' dir='ltr'>genealogiam-</span> 
     </span>
    </p>
   </div>
   <div class='ocr_carea' id='block_1_92' title="bbox 2222 4306 3825 4390">
    <p class='ocr_par' dir='ltr' id='par_1_92' title="bbox 2222 4306 3825 4390">
     <span class='ocr_line' id='line_1_92' title="bbox 2222 4306 3825 4390; baseline -0.004 -20"><span class='ocrx_word' id='word_1_671' title='bbox 2222 4315 2536 4388; x_wconf 90' lang='lat' dir='ltr'>gnationis.</span> <span class='ocrx_word' id='word_1_672' title='bbox 2569 4315 2774 4373; x_wconf 87' lang='lat' dir='ltr'>Carnis</span> <span class='ocrx_word' id='word_1_673' title='bbox 2800 4317 3038 4373; x_wconf 90' lang='lat' dir='ltr'>nomine</span> <span class='ocrx_word' id='word_1_674' title='bbox 3063 4318 3191 4390; x_wconf 89' lang='lat' dir='ltr'>ipsa</span> <span class='ocrx_word' id='word_1_675' title='bbox 3209 4319 3408 4373; x_wconf 90' lang='lat' dir='ltr'>carnis</span> <span class='ocrx_word' id='word_1_676' title='bbox 3439 4312 3726 4372; x_wconf 87' lang='lat' dir='ltr'>subtantia</span> <span class='ocrx_word' id='word_1_677' title='bbox 3749 4306 3825 4359; x_wconf 76' lang='lat' dir='ltr'>de-</span> 
     </span>
    </p>
   </div>
   <div class='ocr_carea' id='block_1_93' title="bbox 2221 4404 3829 4479">
    <p class='ocr_par' dir='ltr' id='par_1_93' title="bbox 2221 4404 3829 4479">
     <span class='ocr_line' id='line_1_93' title="bbox 2221 4404 3829 4479; baseline -0.003 -21"><span class='ocrx_word' id='word_1_678' title='bbox 2221 4404 2508 4475; x_wconf 86' lang='lat' dir='ltr'>signatur,</span> <span class='ocrx_word' id='word_1_679' title='bbox 2542 4405 2693 4460; x_wconf 90' lang='lat' dir='ltr'>sicut</span> <span class='ocrx_word' id='word_1_680' title='bbox 2724 4406 3007 4479; x_wconf 82' lang='lat' dir='ltr'>scriptum</span> <span class='ocrx_word' id='word_1_681' title='bbox 3038 4412 3162 4463; x_wconf 89' lang='lat' dir='ltr'>est:</span> <span class='ocrx_word' id='word_1_682' title='bbox 3195 4430 3222 4457; x_wconf 90' lang='grc'>‹‹</span> <span class='ocrx_word' id='word_1_683' title='bbox 3258 4407 3379 4463; x_wconf 84' lang='grc' dir='ltr'>Ηοο</span> <span class='ocrx_word' id='word_1_684' title='bbox 3411 4422 3567 4462; x_wconf 89' lang='lat' dir='ltr'>nunc</span> <span class='ocrx_word' id='word_1_685' title='bbox 3595 4419 3656 4457; x_wconf 92' lang='lat' dir='ltr'>os</span> <span class='ocrx_word' id='word_1_686' title='bbox 3683 4416 3741 4455; x_wconf 80' lang='lat' dir='ltr'>ex</span> <span class='ocrx_word' id='word_1_687' title='bbox 3759 4410 3829 4450; x_wconf 72' lang='lat' dir='ltr'>ex-</span> 
     </span>
    </p>
   </div>
   <div class='ocr_carea' id='block_1_94' title="bbox 467 4480 3825 4575">
    <p class='ocr_par' dir='ltr' id='par_1_94' title="bbox 467 4480 3825 4575">
     <span class='ocr_line' id='line_1_94' title="bbox 467 4480 3825 4575; baseline 0 -40"><span class='ocrx_word' id='word_1_688' title='bbox 467 4480 1277 4555; x_wconf 87' lang='lat' dir='ltr'>assumerevoluerunt,quod</span> <span class='ocrx_word' id='word_1_689' title='bbox 1293 4488 1366 4539; x_wconf 90' lang='lat' dir='ltr'>ab</span> <span class='ocrx_word' id='word_1_690' title='bbox 1388 4487 1965 4558; x_wconf 89' lang='lat' dir='ltr'>apostolisDominus</span> <span class='ocrx_word' id='word_1_691' title='bbox 1984 4500 2113 4564; x_wconf 89' lang='lat' dir='ltr'>post</span> <span class='ocrx_word' id='word_1_692' title='bbox 2148 4511 2190 4575; x_wconf 73' lang='grc' dir='ltr'>υ</span> <span class='ocrx_word' id='word_1_693' title='bbox 2222 4492 2386 4549; x_wconf 89' lang='lat' dir='ltr'>sibus</span> <span class='ocrx_word' id='word_1_694' title='bbox 2417 4494 2582 4557; x_wconf 89' lang='lat' dir='ltr'>meis,</span> <span class='ocrx_word' id='word_1_695' title='bbox 2619 4501 2675 4551; x_wconf 91' lang='lat' dir='ltr'>et</span> <span class='ocrx_word' id='word_1_696' title='bbox 2723 4513 2853 4551; x_wconf 89' lang='lat' dir='ltr'>caro</span> <span class='ocrx_word' id='word_1_697' title='bbox 2884 4496 2955 4550; x_wconf 91' lang='lat' dir='ltr'>de</span> <span class='ocrx_word' id='word_1_698' title='bbox 3008 4511 3179 4550; x_wconf 88' lang='lat' dir='ltr'>carne</span> <span class='ocrx_word' id='word_1_699' title='bbox 3221 4512 3355 4551; x_wconf 89' lang='lat' dir='ltr'>mea</span> <span class='ocrx_word' id='word_1_700' title='bbox 3383 4496 3536 4565; x_wconf 82' lang='lat' dir='ltr'>(Gen.</span> <span class='ocrx_word' id='word_1_701' title='bbox 3571 4496 3648 4557; x_wconf 79' lang='lat' dir='ltr'>Ii).</span> <span class='ocrx_word' id='word_1_702' title='bbox 3682 4512 3706 4538; x_wconf 81' lang='grc'>››</span> <span class='ocrx_word' id='word_1_703' title='bbox 3734 4482 3825 4539; x_wconf 78' lang='lat' dir='ltr'>Ali-</span> 
     </span>
    </p>
   </div>
   <div class='ocr_carea' id='block_1_95' title="bbox 467 4568 2112 4644">
    <p class='ocr_par' dir='ltr' id='par_1_95' title="bbox 467 4568 2112 4644">
     <span class='ocr_line' id='line_1_95' title="bbox 467 4568 2112 4644; baseline 0.01 -23"><span class='ocrx_word' id='word_1_704' title='bbox 467 4568 952 4625; x_wconf 81' lang='lat' dir='ltr'>resurrectionem</span> <span class='ocrx_word' id='word_1_705' title='bbox 1005 4572 1246 4644; x_wconf 86' lang='lat' dir='ltr'>spiritus</span> <span class='ocrx_word' id='word_1_706' title='bbox 1307 4574 1383 4629; x_wconf 89' lang='lat' dir='ltr'>sit</span> <span class='ocrx_word' id='word_1_707' title='bbox 1430 4576 1775 4633; x_wconf 81' lang='lat' dir='ltr'>aestimatus.</span> <span class='ocrx_word' id='word_1_708' title='bbox 1810 4581 1920 4635; x_wconf 92' lang='lat' dir='ltr'>Sed</span> <span class='ocrx_word' id='word_1_709' title='bbox 1956 4581 2112 4637; x_wconf 88' lang='lat' dir='ltr'>hunc</span> 
     </span>
    </p>
   </div>
   <div class='ocr_carea' id='block_1_96' title="bbox 465 4658 2110 4742">
    <p class='ocr_par' dir='ltr' id='par_1_96' title="bbox 465 4658 2110 4742">
     <span class='ocr_line' id='line_1_96' title="bbox 465 4658 2110 4742; baseline 0.01 -32"><span class='ocrx_word' id='word_1_710' title='bbox 465 4672 715 4712; x_wconf 91' lang='lat' dir='ltr'>errorem</span> <span class='ocrx_word' id='word_1_711' title='bbox 731 4658 1154 4731; x_wconf 87' lang='lat' dir='ltr'>discipulorum</span> <span class='ocrx_word' id='word_1_712' title='bbox 1175 4662 1299 4732; x_wconf 90' lang='lat' dir='ltr'>ipse</span> <span class='ocrx_word' id='word_1_713' title='bbox 1310 4662 1594 4721; x_wconf 89' lang='lat' dir='ltr'>Dominus</span> <span class='ocrx_word' id='word_1_714' title='bbox 1608 4666 1819 4722; x_wconf 88' lang='lat' dir='ltr'>falsum</span> <span class='ocrx_word' id='word_1_715' title='bbox 1836 4685 2110 4742; x_wconf 89' lang='lat' dir='ltr'>compro-</span> 
     </span>
    </p>
   </div>
   <div class='ocr_carea' id='block_1_97' title="bbox 468 4744 2107 4824">
    <p class='ocr_par' dir='ltr' id='par_1_97' title="bbox 468 4744 2107 4824">
     <span class='ocr_line' id='line_1_97' title="bbox 468 4744 2107 4824; baseline 0.009 -25"><span class='ocrx_word' id='word_1_716' title='bbox 468 4744 639 4814; x_wconf 87' lang='lat' dir='ltr'>bavit,</span> <span class='ocrx_word' id='word_1_717' title='bbox 674 4763 807 4802; x_wconf 89' lang='lat' dir='ltr'>cum</span> <span class='ocrx_word' id='word_1_718' title='bbox 841 4748 913 4803; x_wconf 91' lang='lat' dir='ltr'>ab</span> <span class='ocrx_word' id='word_1_719' title='bbox 945 4748 1052 4803; x_wconf 90' lang='lat' dir='ltr'>hoc</span> <span class='ocrx_word' id='word_1_720' title='bbox 1083 4766 1274 4805; x_wconf 89' lang='lat' dir='ltr'>errore</span> <span class='ocrx_word' id='word_1_721' title='bbox 1306 4750 1725 4824; x_wconf 89' lang='lat' dir='ltr'>discipulorum</span> <span class='ocrx_word' id='word_1_722' title='bbox 1768 4756 1996 4813; x_wconf 89' lang='lat' dir='ltr'>animos</span> <span class='ocrx_word' id='word_1_723' title='bbox 2020 4776 2107 4814; x_wconf 88' lang='lat' dir='ltr'>re-</span> 
     </span>
    </p>
   </div>
   <div class='ocr_carea' id='block_1_98' title="bbox 462 4835 989 4901">
    <p class='ocr_par' dir='ltr' id='par_1_98' title="bbox 462 4835 989 4901">
     <span class='ocr_line' id='line_1_98' title="bbox 462 4835 989 4901; baseline 0.009 -13"><span class='ocrx_word' id='word_1_724' title='bbox 462 4835 705 4901; x_wconf 85' lang='lat' dir='ltr'>vocavit,</span> <span class='ocrx_word' id='word_1_725' title='bbox 739 4836 943 4893; x_wconf 90' lang='lat' dir='ltr'>dicens</span> <span class='ocrx_word' id='word_1_726' title='bbox 977 4855 989 4892; x_wconf 92' lang='lat'>:</span> 
     </span>
    </p>
   </div>
   <div class='ocr_carea' id='block_1_99' title="bbox 534 4923 2103 5000">
    <p class='ocr_par' dir='ltr' id='par_1_99' title="bbox 534 4923 2103 5000">
     <span class='ocr_line' id='line_1_99' title="bbox 534 4923 2103 5000; baseline 0.014 -30"><span class='ocrx_word' id='word_1_727' title='bbox 534 4945 561 4970; x_wconf 84' lang='lat'><strong><em>«</em></strong></span> <span class='ocrx_word' id='word_1_728' title='bbox 592 4923 739 4987; x_wconf 85' lang='lat' dir='ltr'>Quid</span> <span class='ocrx_word' id='word_1_729' title='bbox 773 4925 987 4980; x_wconf 81' lang='lat' dir='ltr'>turbati</span> <span class='ocrx_word' id='word_1_730' title='bbox 1025 4926 1251 4995; x_wconf 85' lang='lat' dir='ltr'>estis,et</span> <span class='ocrx_word' id='word_1_731' title='bbox 1282 4928 1662 5000; x_wconf 89' lang='lat' dir='ltr'>cogitationes</span> <span class='ocrx_word' id='word_1_732' title='bbox 1693 4936 2018 4990; x_wconf 85' lang='lat' dir='ltr'>ascendunt</span> <span class='ocrx_word' id='word_1_733' title='bbox 2046 4936 2103 4992; x_wconf 91' lang='lat' dir='ltr'>in</span> 
     </span>
    </p>
   </div>
   <div class='ocr_carea' id='block_1_100' title="bbox 460 5012 2101 5090">
    <p class='ocr_par' dir='ltr' id='par_1_100' title="bbox 460 5012 2101 5090">
     <span class='ocr_line' id='line_1_100' title="bbox 460 5012 2101 5090; baseline 0.013 -32"><span class='ocrx_word' id='word_1_734' title='bbox 460 5030 486 5058; x_wconf 87' lang='grc'><strong>‹‹</strong></span> <span class='ocrx_word' id='word_1_735' title='bbox 521 5012 699 5067; x_wconf 87' lang='lat' dir='ltr'>corda</span> <span class='ocrx_word' id='word_1_736' title='bbox 738 5014 968 5069; x_wconf 85' lang='lat' dir='ltr'>vestra?</span> <span class='ocrx_word' id='word_1_737' title='bbox 996 5038 1023 5064; x_wconf 89' lang='grc'><strong><em>››</em></strong></span> <span class='ocrx_word' id='word_1_738' title='bbox 1058 5015 1162 5072; x_wconf 91' lang='lat' dir='ltr'>Ubi</span> <span class='ocrx_word' id='word_1_739' title='bbox 1214 5019 1560 5087; x_wconf 86' lang='lat' dir='ltr'>notandum,</span> <span class='ocrx_word' id='word_1_740' title='bbox 1594 5020 1733 5090; x_wconf 89' lang='lat' dir='ltr'>quia</span> <span class='ocrx_word' id='word_1_741' title='bbox 1772 5040 1885 5077; x_wconf 88' lang='lat' dir='ltr'>non</span> <span class='ocrx_word' id='word_1_742' title='bbox 1936 5024 2101 5090; x_wconf 86' lang='lat' dir='ltr'>dixit,</span> 
     </span>
    </p>
   </div>
   <div class='ocr_carea' id='block_1_101' title="bbox 458 5098 2104 5178">
    <p class='ocr_par' dir='ltr' id='par_1_101' title="bbox 458 5098 2104 5178">
     <span class='ocr_line' id='line_1_101' title="bbox 458 5098 2104 5178; baseline 0.011 -28"><span class='ocrx_word' id='word_1_743' title='bbox 458 5098 840 5170; x_wconf 86' lang='lat' dir='ltr'>cogitationes</span> <span class='ocrx_word' id='word_1_744' title='bbox 868 5102 1230 5159; x_wconf 89' lang='lat' dir='ltr'>descendunt</span> <span class='ocrx_word' id='word_1_745' title='bbox 1259 5103 1319 5159; x_wconf 90' lang='lat' dir='ltr'>in</span> <span class='ocrx_word' id='word_1_746' title='bbox 1351 5107 1526 5161; x_wconf 89' lang='lat' dir='ltr'>corda</span> <span class='ocrx_word' id='word_1_747' title='bbox 1553 5112 1763 5178; x_wconf 88' lang='lat' dir='ltr'>vestra,</span> <span class='ocrx_word' id='word_1_748' title='bbox 1779 5111 1878 5166; x_wconf 89' lang='lat' dir='ltr'>sed</span> <span class='ocrx_word' id='word_1_749' title='bbox 1909 5128 2104 5167; x_wconf 88' lang='lat' dir='ltr'>ascen-</span> 
     </span>
    </p>
   </div>
   <div class='ocr_carea' id='block_1_102' title="bbox 459 5185 2105 5272">
    <p class='ocr_par' dir='ltr' id='par_1_102' title="bbox 459 5185 2105 5272">
     <span class='ocr_line' id='line_1_102' title="bbox 459 5185 2105 5272; baseline 0.012 -35"><span class='ocrx_word' id='word_1_750' title='bbox 459 5185 624 5240; x_wconf 86' lang='lat' dir='ltr'>dunt.</span> <span class='ocrx_word' id='word_1_751' title='bbox 660 5191 832 5243; x_wconf 79' lang='lat' dir='ltr'>Bome</span> <span class='ocrx_word' id='word_1_752' title='bbox 857 5188 1012 5244; x_wconf 81' lang='lat' dir='ltr'>enim</span> <span class='ocrx_word' id='word_1_753' title='bbox 1044 5191 1425 5263; x_wconf 88' lang='lat' dir='ltr'>cogitationes</span> <span class='ocrx_word' id='word_1_754' title='bbox 1447 5195 1981 5272; x_wconf 89' lang='lat' dir='ltr'>descendunt,quia</span> <span class='ocrx_word' id='word_1_755' title='bbox 2010 5202 2105 5257; x_wconf 90' lang='lat' dir='ltr'>de-</span> 
     </span>
    </p>
   </div>
   <div class='ocr_carea' id='block_1_103' title="bbox 456 5276 2098 5362">
    <p class='ocr_par' dir='ltr' id='par_1_103' title="bbox 456 5276 2098 5362">
     <span class='ocr_line' id='line_1_103' title="bbox 456 5276 2098 5362; baseline 0.011 -35"><span class='ocrx_word' id='word_1_756' title='bbox 456 5290 687 5347; x_wconf 88' lang='lat' dir='ltr'>supera</span> <span class='ocrx_word' id='word_1_757' title='bbox 716 5276 962 5332; x_wconf 90' lang='lat' dir='ltr'>Domino</span> <span class='ocrx_word' id='word_1_758' title='bbox 995 5279 1227 5349; x_wconf 90' lang='lat' dir='ltr'>dantur,</span> <span class='ocrx_word' id='word_1_759' title='bbox 1263 5286 1408 5338; x_wconf 89' lang='lat' dir='ltr'>teste</span> <span class='ocrx_word' id='word_1_760' title='bbox 1437 5283 1652 5340; x_wconf 86' lang='lat' dir='ltr'>Jacobo</span> <span class='ocrx_word' id='word_1_761' title='bbox 1683 5288 1961 5358; x_wconf 90' lang='lat' dir='ltr'>apostolo,</span> <span class='ocrx_word' id='word_1_762' title='bbox 1996 5291 2098 5362; x_wconf 90' lang='lat' dir='ltr'>qui</span> 
     </span>
    </p>
   </div>
   <div class='ocr_carea' id='block_1_104' title="bbox 455 5363 2099 5450">
    <p class='ocr_par' dir='ltr' id='par_1_104' title="bbox 455 5363 2099 5450">
     <span class='ocr_line' id='line_1_104' title="bbox 455 5363 2099 5450; baseline 0.01 -33"><span class='ocrx_word' id='word_1_763' title='bbox 455 5363 569 5417; x_wconf 89' lang='lat' dir='ltr'>ait:</span> <span class='ocrx_word' id='word_1_764' title='bbox 608 5387 634 5411; x_wconf 94' lang='grc'>‹‹</span> <span class='ocrx_word' id='word_1_765' title='bbox 667 5365 851 5420; x_wconf 87' lang='lat' dir='ltr'>Omne</span> <span class='ocrx_word' id='word_1_766' title='bbox 881 5366 1081 5423; x_wconf 87' lang='lat' dir='ltr'>datum</span> <span class='ocrx_word' id='word_1_767' title='bbox 1114 5370 1497 5441; x_wconf 76' lang='lat' dir='ltr'>Optimum,et</span> <span class='ocrx_word' id='word_1_768' title='bbox 1525 5389 1696 5431; x_wconf 89' lang='lat' dir='ltr'>omne</span> <span class='ocrx_word' id='word_1_769' title='bbox 1725 5376 1939 5432; x_wconf 87' lang='lat' dir='ltr'>donum</span> <span class='ocrx_word' id='word_1_770' title='bbox 1976 5396 2099 5450; x_wconf 91' lang='lat' dir='ltr'>per-</span> 
     </span>
    </p>
   </div>
   <div class='ocr_carea' id='block_1_105' title="bbox 456 5454 2094 5523">
    <p class='ocr_par' dir='ltr' id='par_1_105' title="bbox 456 5454 2094 5523">
     <span class='ocr_line' id='line_1_105' title="bbox 456 5454 2094 5523; baseline 0.011 -18"><span class='ocrx_word' id='word_1_771' title='bbox 456 5454 667 5507; x_wconf 78' lang='lat' dir='ltr'>fectum</span> <span class='ocrx_word' id='word_1_772' title='bbox 701 5454 1013 5511; x_wconf 89' lang='lat' dir='ltr'>desursum</span> <span class='ocrx_word' id='word_1_773' title='bbox 1048 5462 1154 5523; x_wconf 89' lang='lat' dir='ltr'>est,</span> <span class='ocrx_word' id='word_1_774' title='bbox 1182 5461 1541 5516; x_wconf 85' lang='lat' dir='ltr'>descendens</span> <span class='ocrx_word' id='word_1_775' title='bbox 1569 5480 1601 5517; x_wconf 87' lang='lat' dir='ltr'>a</span> <span class='ocrx_word' id='word_1_776' title='bbox 1631 5464 2094 5523; x_wconf 85' lang='lat' dir='ltr'>Patrclumiuum</span> 
     </span>
    </p>
   </div>
   <div class='ocr_carea' id='block_1_106' title="bbox 453 5540 2093 5628">
    <p class='ocr_par' dir='ltr' id='par_1_106' title="bbox 453 5540 2093 5628">
     <span class='ocr_line' id='line_1_106' title="bbox 453 5540 2093 5628; baseline 0.01 -33"><span class='ocrx_word' id='word_1_777' title='bbox 453 5540 595 5611; x_wconf 78' lang='lat' dir='ltr'>(Jac.</span> <span class='ocrx_word' id='word_1_778' title='bbox 631 5545 691 5611; x_wconf 83' lang='lat'>1).</span> <span class='ocrx_word' id='word_1_779' title='bbox 729 5566 756 5593; x_wconf 89' lang='grc'><strong>››</strong></span> <span class='ocrx_word' id='word_1_780' title='bbox 788 5544 950 5601; x_wconf 71' lang='lat' dir='ltr'>Malae</span> <span class='ocrx_word' id='word_1_781' title='bbox 976 5563 1116 5614; x_wconf 88' lang='lat' dir='ltr'>_vcvo</span> <span class='ocrx_word' id='word_1_782' title='bbox 1149 5548 1527 5620; x_wconf 80' lang='lat' dir='ltr'>cogitationes</span> <span class='ocrx_word' id='word_1_783' title='bbox 1558 5552 2093 5628; x_wconf 87' lang='lat' dir='ltr'>descendunt,quia</span> 
     </span>
    </p>
   </div>
   <div class='ocr_carea' id='block_1_107' title="bbox 2222 4570 3829 4655">
    <p class='ocr_par' dir='ltr' id='par_1_107' title="bbox 2222 4570 3829 4655">
     <span class='ocr_line' id='line_1_107' title="bbox 2222 4570 3829 4655; baseline -0.006 -19"><span class='ocrx_word' id='word_1_784' title='bbox 2222 4583 2456 4653; x_wconf 85' lang='lat' dir='ltr'>quando</span> <span class='ocrx_word' id='word_1_785' title='bbox 2481 4586 2675 4639; x_wconf 88' lang='lat' dir='ltr'>autem</span> <span class='ocrx_word' id='word_1_786' title='bbox 2702 4584 2895 4640; x_wconf 89' lang='lat' dir='ltr'>carnis</span> <span class='ocrx_word' id='word_1_787' title='bbox 2918 4584 3390 4649; x_wconf 89' lang='lat' dir='ltr'>nomine,carnis</span> <span class='ocrx_word' id='word_1_788' title='bbox 3421 4570 3829 4655; x_wconf 86' lang='lat' dir='ltr'>fragilitasdesi-</span> 
     </span>
    </p>
   </div>
   <div class='ocr_carea' id='block_1_108' title="bbox 2216 4659 3827 4743">
    <p class='ocr_par' dir='ltr' id='par_1_108' title="bbox 2216 4659 3827 4743">
     <span class='ocr_line' id='line_1_108' title="bbox 2216 4659 3827 4743; baseline -0.001 -20"><span class='ocrx_word' id='word_1_789' title='bbox 2216 4675 2448 4741; x_wconf 87' lang='lat' dir='ltr'>gnatur,</span> <span class='ocrx_word' id='word_1_790' title='bbox 2482 4671 2631 4726; x_wconf 88' lang='lat' dir='ltr'>sicut</span> <span class='ocrx_word' id='word_1_791' title='bbox 2663 4670 2945 4743; x_wconf 89' lang='lat' dir='ltr'>scriptum</span> <span class='ocrx_word' id='word_1_792' title='bbox 2976 4678 3090 4728; x_wconf 88' lang='lat' dir='ltr'>est:</span> <span class='ocrx_word' id='word_1_793' title='bbox 3109 4698 3134 4723; x_wconf 86' lang='grc'>‹‹</span> <span class='ocrx_word' id='word_1_794' title='bbox 3163 4673 3228 4727; x_wconf 89' lang='lat' dir='ltr'>Et</span> <span class='ocrx_word' id='word_1_795' title='bbox 3258 4673 3599 4730; x_wconf 86' lang='lat' dir='ltr'>recordatus</span> <span class='ocrx_word' id='word_1_796' title='bbox 3619 4659 3827 4734; x_wconf 74' lang='lat' dir='ltr'>estquia</span> 
     </span>
    </p>
   </div>
   <div class='ocr_carea' id='block_1_109' title="bbox 2217 4750 3826 4836">
    <p class='ocr_par' dir='ltr' id='par_1_109' title="bbox 2217 4750 3826 4836">
     <span class='ocr_line' id='line_1_109' title="bbox 2217 4750 3826 4836; baseline -0.004 -24"><span class='ocrx_word' id='word_1_797' title='bbox 2217 4774 2349 4813; x_wconf 87' lang='lat' dir='ltr'>caro</span> <span class='ocrx_word' id='word_1_798' title='bbox 2373 4764 2513 4814; x_wconf 90' lang='lat' dir='ltr'>sunt</span> <span class='ocrx_word' id='word_1_799' title='bbox 2542 4761 2710 4825; x_wconf 71' lang='lat' dir='ltr'>(Paul.</span> <span class='ocrx_word' id='word_1_800' title='bbox 2738 4764 2960 4827; x_wconf 79' lang='lat' dir='ltr'>Lxxvu),</span> <span class='ocrx_word' id='word_1_801' title='bbox 2996 4783 3024 4810; x_wconf 85' lang='lat'>»</span> <span class='ocrx_word' id='word_1_802' title='bbox 3046 4761 3102 4817; x_wconf 89' lang='lat' dir='ltr'>id</span> <span class='ocrx_word' id='word_1_803' title='bbox 3126 4766 3215 4818; x_wconf 92' lang='lat' dir='ltr'>est</span> <span class='ocrx_word' id='word_1_804' title='bbox 3243 4760 3506 4836; x_wconf 87' lang='lat' dir='ltr'>fragiles.</span> <span class='ocrx_word' id='word_1_805' title='bbox 3542 4750 3826 4829; x_wconf 84' lang='lat' dir='ltr'>Aliquando</span> 
     </span>
    </p>
   </div>
   <div class='ocr_carea' id='block_1_110' title="bbox 2214 4842 3822 4921">
    <p class='ocr_par' dir='ltr' id='par_1_110' title="bbox 2214 4842 3822 4921">
     <span class='ocr_line' id='line_1_110' title="bbox 2214 4842 3822 4921; baseline -0.004 -20"><span class='ocrx_word' id='word_1_806' title='bbox 2214 4846 2553 4918; x_wconf 86' lang='lat' dir='ltr'>genealogia</span> <span class='ocrx_word' id='word_1_807' title='bbox 2573 4849 2954 4919; x_wconf 86' lang='lat' dir='ltr'>cognationis,</span> <span class='ocrx_word' id='word_1_808' title='bbox 2985 4850 3222 4906; x_wconf 87' lang='lat' dir='ltr'>nomine</span> <span class='ocrx_word' id='word_1_809' title='bbox 3260 4851 3460 4908; x_wconf 88' lang='lat' dir='ltr'>carnis</span> <span class='ocrx_word' id='word_1_810' title='bbox 3496 4842 3822 4921; x_wconf 84' lang='lat' dir='ltr'>exprimitur.</span> 
     </span>
    </p>
   </div>
   <div class='ocr_carea' id='block_1_111' title="bbox 2214 4928 3825 4996">
    <p class='ocr_par' dir='ltr' id='par_1_111' title="bbox 2214 4928 3825 4996">
     <span class='ocr_line' id='line_1_111' title="bbox 2214 4928 3825 4996; baseline 0 -6"><span class='ocrx_word' id='word_1_811' title='bbox 2214 4936 2364 4991; x_wconf 90' lang='lat' dir='ltr'>sicut</span> <span class='ocrx_word' id='word_1_812' title='bbox 2390 4936 2556 4992; x_wconf 89' lang='lat' dir='ltr'>Petro</span> <span class='ocrx_word' id='word_1_813' title='bbox 2586 4936 2807 4992; x_wconf 91' lang='lat' dir='ltr'>dictum</span> <span class='ocrx_word' id='word_1_814' title='bbox 2840 4942 2926 4993; x_wconf 88' lang='lat' dir='ltr'>est</span> <span class='ocrx_word' id='word_1_815' title='bbox 2957 4956 2969 4993; x_wconf 88' lang='lat'>:</span> <span class='ocrx_word' id='word_1_816' title='bbox 3005 4959 3031 4990; x_wconf 76' lang='grc' dir='ltr'>α</span> <span class='ocrx_word' id='word_1_817' title='bbox 3060 4939 3185 4995; x_wconf 89' lang='lat' dir='ltr'>Non</span> <span class='ocrx_word' id='word_1_818' title='bbox 3211 4940 3317 4995; x_wconf 90' lang='lat' dir='ltr'>tibi</span> <span class='ocrx_word' id='word_1_819' title='bbox 3353 4937 3623 4996; x_wconf 88' lang='lat' dir='ltr'>revelavit</span> <span class='ocrx_word' id='word_1_820' title='bbox 3651 4928 3825 4991; x_wconf 67' lang='lat' dir='ltr'>cal&#39;ocl</span> 
     </span>
    </p>
   </div>
   <div class='ocr_carea' id='block_1_112' title="bbox 2214 5022 3823 5101">
    <p class='ocr_par' dir='ltr' id='par_1_112' title="bbox 2214 5022 3823 5101">
     <span class='ocr_line' id='line_1_112' title="bbox 2214 5022 3823 5101; baseline -0.005 -22"><span class='ocrx_word' id='word_1_821' title='bbox 2214 5023 2454 5096; x_wconf 83' lang='lat' dir='ltr'>sanguis</span> <span class='ocrx_word' id='word_1_822' title='bbox 2484 5026 2696 5093; x_wconf 79' lang='lat' dir='ltr'>(Matth.</span> <span class='ocrx_word' id='word_1_823' title='bbox 2728 5027 2864 5099; x_wconf 72' lang='lat' dir='ltr'>xvn).</span> <span class='ocrx_word' id='word_1_824' title='bbox 2902 5049 2928 5075; x_wconf 84' lang='grc'><strong>››</strong></span> <span class='ocrx_word' id='word_1_825' title='bbox 2963 5028 3030 5082; x_wconf 88' lang='lat' dir='ltr'>Et</span> <span class='ocrx_word' id='word_1_826' title='bbox 3054 5026 3206 5083; x_wconf 89' lang='lat' dir='ltr'>sicut</span> <span class='ocrx_word' id='word_1_827' title='bbox 3261 5029 3345 5084; x_wconf 87' lang='lat' dir='ltr'>ait</span> <span class='ocrx_word' id='word_1_828' title='bbox 3384 5025 3681 5101; x_wconf 87' lang='lat' dir='ltr'>apostolus</span> <span class='ocrx_word' id='word_1_829' title='bbox 3708 5022 3823 5075; x_wconf 85' lang='lat' dir='ltr'>Pau-</span> 
     </span>
    </p>
   </div>
   <div class='ocr_carea' id='block_1_113' title="bbox 2211 5102 3820 5189">
    <p class='ocr_par' dir='ltr' id='par_1_113' title="bbox 2211 5102 3820 5189">
     <span class='ocr_line' id='line_1_113' title="bbox 2211 5102 3820 5189; baseline -0.004 -22"><span class='ocrx_word' id='word_1_830' title='bbox 2211 5110 2346 5168; x_wconf 90' lang='lat' dir='ltr'>lus:</span> <span class='ocrx_word' id='word_1_831' title='bbox 2381 5136 2409 5163; x_wconf 84' lang='lat'><strong>«</strong></span> <span class='ocrx_word' id='word_1_832' title='bbox 2443 5113 2730 5171; x_wconf 88' lang='lat' dir='ltr'>Continuo</span> <span class='ocrx_word' id='word_1_833' title='bbox 2786 5133 2899 5171; x_wconf 91' lang='lat' dir='ltr'>non</span> <span class='ocrx_word' id='word_1_834' title='bbox 2952 5116 3212 5189; x_wconf 90' lang='lat' dir='ltr'>acquievi</span> <span class='ocrx_word' id='word_1_835' title='bbox 3259 5118 3423 5172; x_wconf 87' lang='lat' dir='ltr'>carni</span> <span class='ocrx_word' id='word_1_836' title='bbox 3456 5122 3512 5173; x_wconf 89' lang='lat' dir='ltr'>et</span> <span class='ocrx_word' id='word_1_837' title='bbox 3563 5102 3820 5182; x_wconf 88' lang='lat' dir='ltr'>sanguini.</span> 
     </span>
    </p>
   </div>
   <div class='ocr_carea' id='block_1_114' title="bbox 2212 5198 3823 5277">
    <p class='ocr_par' dir='ltr' id='par_1_114' title="bbox 2212 5198 3823 5277">
     <span class='ocr_line' id='line_1_114' title="bbox 2212 5198 3823 5277; baseline -0.014 -3"><span class='ocrx_word' id='word_1_838' title='bbox 2212 5202 2352 5274; x_wconf 69' lang='grc' dir='ltr'>(δαίι</span> <span class='ocrx_word' id='word_1_839' title='bbox 2390 5206 2447 5270; x_wconf 83' lang='grc'>1)-</span> <span class='ocrx_word' id='word_1_840' title='bbox 2486 5226 2512 5254; x_wconf 71' lang='grc'>³)</span> <span class='ocrx_word' id='word_1_841' title='bbox 2541 5203 2746 5260; x_wconf 76' lang='lat' dir='ltr'>Carnis</span> <span class='ocrx_word' id='word_1_842' title='bbox 2776 5222 3009 5277; x_wconf 87' lang='lat' dir='ltr'>quoque</span> <span class='ocrx_word' id='word_1_843' title='bbox 3044 5207 3297 5272; x_wconf 90' lang='lat' dir='ltr'>nomine,</span> <span class='ocrx_word' id='word_1_844' title='bbox 3332 5206 3477 5261; x_wconf 87' lang='lat' dir='ltr'>vitia</span> <span class='ocrx_word' id='word_1_845' title='bbox 3527 5209 3583 5260; x_wconf 90' lang='lat' dir='ltr'>et</span> <span class='ocrx_word' id='word_1_846' title='bbox 3623 5198 3823 5274; x_wconf 75' lang='lat' dir='ltr'>peccata</span> 
     </span>
    </p>
   </div>
   <div class='ocr_carea' id='block_1_115' title="bbox 2209 5290 3821 5367">
    <p class='ocr_par' dir='ltr' id='par_1_115' title="bbox 2209 5290 3821 5367">
     <span class='ocr_line' id='line_1_115' title="bbox 2209 5290 3821 5367; baseline -0.004 -22"><span class='ocrx_word' id='word_1_847' title='bbox 2209 5306 2336 5361; x_wconf 69' lang='lat' dir='ltr'>qua:</span> <span class='ocrx_word' id='word_1_848' title='bbox 2365 5308 2433 5346; x_wconf 86' lang='lat' dir='ltr'>ex</span> <span class='ocrx_word' id='word_1_849' title='bbox 2463 5309 2636 5347; x_wconf 88' lang='lat' dir='ltr'>carne</span> <span class='ocrx_word' id='word_1_850' title='bbox 2667 5294 2938 5349; x_wconf 88' lang='lat' dir='ltr'>oriuntur</span> <span class='ocrx_word' id='word_1_851' title='bbox 2966 5294 3395 5367; x_wconf 77' lang='lat' dir='ltr'>signiﬁcantur,</span> <span class='ocrx_word' id='word_1_852' title='bbox 3431 5294 3585 5348; x_wconf 91' lang='lat' dir='ltr'>sicut</span> <span class='ocrx_word' id='word_1_853' title='bbox 3630 5290 3821 5344; x_wconf 85' lang='lat' dir='ltr'>dictum</span> 
     </span>
    </p>
   </div>
   <div class='ocr_carea' id='block_1_116' title="bbox 2207 5372 3817 5455">
    <p class='ocr_par' dir='ltr' id='par_1_116' title="bbox 2207 5372 3817 5455">
     <span class='ocr_line' id='line_1_116' title="bbox 2207 5372 3817 5455; baseline -0.006 -21"><span class='ocrx_word' id='word_1_854' title='bbox 2207 5384 2329 5435; x_wconf 80' lang='lat' dir='ltr'>est:</span> <span class='ocrx_word' id='word_1_855' title='bbox 2361 5404 2387 5429; x_wconf 85' lang='lat'><strong>«</strong></span> <span class='ocrx_word' id='word_1_856' title='bbox 2425 5381 2546 5435; x_wconf 91' lang='lat' dir='ltr'>Non</span> <span class='ocrx_word' id='word_1_857' title='bbox 2583 5384 2942 5453; x_wconf 81' lang='lat' dir='ltr'>permanebit</span> <span class='ocrx_word' id='word_1_858' title='bbox 2963 5383 3203 5455; x_wconf 90' lang='lat' dir='ltr'>spiritus</span> <span class='ocrx_word' id='word_1_859' title='bbox 3234 5399 3407 5438; x_wconf 89' lang='lat' dir='ltr'>meus</span> <span class='ocrx_word' id='word_1_860' title='bbox 3438 5382 3497 5436; x_wconf 90' lang='lat' dir='ltr'>in</span> <span class='ocrx_word' id='word_1_861' title='bbox 3530 5377 3749 5436; x_wconf 87' lang='lat' dir='ltr'>homine</span> <span class='ocrx_word' id='word_1_862' title='bbox 3774 5372 3817 5424; x_wconf 89' lang='lat' dir='ltr'>in</span> 
     </span>
    </p>
   </div>
   <div class='ocr_carea' id='block_1_117' title="bbox 2207 5466 3819 5545">
    <p class='ocr_par' dir='ltr' id='par_1_117' title="bbox 2207 5466 3819 5545">
     <span class='ocr_line' id='line_1_117' title="bbox 2207 5466 3819 5545; baseline -0.005 -22"><span class='ocrx_word' id='word_1_863' title='bbox 2207 5473 2509 5533; x_wconf 67' lang='lat' dir='ltr'>aeternum,</span> <span class='ocrx_word' id='word_1_864' title='bbox 2543 5488 2608 5525; x_wconf 92' lang='lat' dir='ltr'>eo</span> <span class='ocrx_word' id='word_1_865' title='bbox 2639 5472 2793 5542; x_wconf 89' lang='lat' dir='ltr'>quod</span> <span class='ocrx_word' id='word_1_866' title='bbox 2827 5473 2904 5528; x_wconf 89' lang='lat' dir='ltr'>sit</span> <span class='ocrx_word' id='word_1_867' title='bbox 2936 5489 3069 5528; x_wconf 88' lang='lat' dir='ltr'>caro</span> <span class='ocrx_word' id='word_1_868' title='bbox 3103 5474 3251 5545; x_wconf 78' lang='lat' dir='ltr'>(Gen.</span> <span class='ocrx_word' id='word_1_869' title='bbox 3284 5473 3388 5543; x_wconf 79' lang='lat' dir='ltr'>Vl).</span> <span class='ocrx_word' id='word_1_870' title='bbox 3432 5495 3450 5520; x_wconf 73' lang='grc' dir='ltr'>ν</span> <span class='ocrx_word' id='word_1_871' title='bbox 3493 5472 3633 5542; x_wconf 85' lang='lat' dir='ltr'>Ergo</span> <span class='ocrx_word' id='word_1_872' title='bbox 3680 5466 3730 5519; x_wconf 91' lang='lat' dir='ltr'>in</span> <span class='ocrx_word' id='word_1_873' title='bbox 3767 5473 3819 5514; x_wconf 83' lang='lat' dir='ltr'>co</span> 
     </span>
    </p>
   </div>
   <div class='ocr_carea' id='block_1_118' title="bbox 2206 5545 3819 5641">
    <p class='ocr_par' dir='ltr' id='par_1_118' title="bbox 2206 5545 3819 5641">
     <span class='ocr_line' id='line_1_118' title="bbox 2206 5545 3819 5641; baseline -0.002 -29"><span class='ocrx_word' id='word_1_874' title='bbox 2206 5558 2359 5628; x_wconf 88' lang='lat' dir='ltr'>quod</span> <span class='ocrx_word' id='word_1_875' title='bbox 2396 5557 2476 5612; x_wconf 91' lang='lat' dir='ltr'>ait</span> <span class='ocrx_word' id='word_1_876' title='bbox 2500 5559 2809 5629; x_wconf 87' lang='lat' dir='ltr'>Apostolus</span> <span class='ocrx_word' id='word_1_877' title='bbox 2836 5579 2847 5616; x_wconf 95' lang='lat'>:</span> <span class='ocrx_word' id='word_1_878' title='bbox 2883 5584 2909 5612; x_wconf 86' lang='grc'><strong>‹‹</strong></span> <span class='ocrx_word' id='word_1_879' title='bbox 2940 5561 3084 5617; x_wconf 92' lang='lat' dir='ltr'>Caro</span> <span class='ocrx_word' id='word_1_880' title='bbox 3106 5567 3163 5617; x_wconf 88' lang='lat' dir='ltr'>et</span> <span class='ocrx_word' id='word_1_881' title='bbox 3193 5560 3442 5641; x_wconf 86' lang='lat' dir='ltr'>sanguis</span> <span class='ocrx_word' id='word_1_882' title='bbox 3476 5571 3708 5631; x_wconf 87' lang='lat' dir='ltr'>regnum</span> <span class='ocrx_word' id='word_1_883' title='bbox 3740 5545 3819 5605; x_wconf 71' lang='lat' dir='ltr'>Dei</span> 
     </span>
    </p>
   </div>
  </div>
