3872 6170
136 303 236 368 469

1307 299 1663 364 ΗΟΜΠᾸΛί
1706 299 1806 364 ΒΕ
1848 299 2249 366 TEMPORE.

3356 302 3478 369 470

131 453 222 494 non
247 431 606 509 possidebunt,
629 454 657 483 ››
684 449 798 489 non
830 434 1099 490 naturam
1135 433 1328 491 carnis
1360 424 1715 490 resurrectu-
1743 435 1791 501 Α
1824 433 2069 509 vestigia
2101 435 2393 509 passionis
2423 434 2484 492 in
2516 454 2624 493 sua
2656 453 2829 495 carne
2861 434 3044 495 voluit
3074 454 3389 507 reservare,
3420 456 3461 497 ιι

129 543 229 583 ram
257 540 369 581 esse
397 522 628 596 negavit,
663 524 762 578 sed
794 523 934 579 vitia
960 540 1088 596 quae
1121 541 1189 579 ex
1218 540 1391 580 carne
1421 522 1710 589 oriuntur,

124 633 234 672 cum
260 613 464 669 Christo
494 629 600 668 non
642 629 814 685 posse
862 629 1104 685 regnare
1154 614 1427 669 ostendit.
1464 612 1627 667 Unde
1656 614 1714 668 et

123 708 492 774 consequenter
518 701 778 771 adjunxit
804 720 816 757 :
841 725 867 751 ‹‹
894 703 1093 775 Neque
1117 701 1412 775 corruptio
1444 701 1712 756 incorru-

118 792 300 866 ptelam
329 790 627 864 possidebit
649 793 694 863 (Ι
714 792 834 847 Cor.
856 795 971 861 xv).
1000 815 1025 840 υ
1049 792 1333 847 Caeterum
1356 791 1709 846 credendum

119 888 189 938 est
213 898 421 936 carnem
444 886 693 937 nostram
717 880 776 935 in
801 882 1242 948 resurrectione,
1270 881 1489 953 absque
1514 897 1710 935 corru-

116 970 281 1042 ptione
308 970 384 1026 vel
415 970 718 1043 fragilitate
751 972 980 1038 mortis,
1014 972 1072 1027 in
1105 972 1348 1027 veritate
1370 968 1711 1026 substantiae

116 1077 220 1116 esse
248 1060 888 1130 resurrecturum,juxta
921 1060 1065 1114 illud
1098 1060 1251 1133 quod
1274 1061 1481 1115 beatus
1500 1059 1606 1114 Job
1630 1062 1710 1113 te-

114 1152 289 1215 statur,
320 1147 545 1203 dicens:
571 1171 598 1197 ‹‹
622 1149 751 1203 Scio
783 1150 937 1220 quod
967 1149 1320 1215 Redemptor
1358 1165 1524 1204 meus
1552 1147 1709 1214 vivit,

113 1237 229 1291 etin
259 1235 557 1291 novissimo
587 1237 680 1292 die
727 1239 796 1293 de
845 1242 999 1293 terra
1049 1242 1417 1293 surrecturus
1470 1254 1625 1302 sum,
1656 1239 1713 1291 et

114 1342 312 1382 ruisum
343 1325 744 1381 circumdabor
773 1326 920 1398 pelle
952 1344 1101 1397 mea,
1120 1331 1175 1381 et
1196 1327 1254 1381 in
1278 1343 1449 1383 carne
1480 1342 1610 1381 mea
1629 1324 1713 1380 vi-

113 1416 231 1469 debo
274 1413 466 1480 Deum,
518 1431 693 1485 quem
742 1415 977 1471 visurus
1026 1433 1156 1471 sum
1203 1433 1308 1488 ego
1354 1415 1477 1487 ipse
1508 1421 1565 1470 et
1595 1431 1711 1470 non

112 1502 249 1572 alius,
270 1507 321 1557 et
348 1501 493 1557 oculi
518 1502 632 1557 mei
656 1505 1020 1575 conspecturi
1044 1510 1182 1559 sunt
1211 1505 1353 1575 (Job.
1382 1504 1512 1576 xxx).
1544 1527 1568 1551 »
1600 1504 1711 1557 Sed

111 1592 228 1648 solet
247 1593 298 1646 in
317 1591 419 1647 hoc
437 1591 561 1647 loco
580 1594 827 1648 mendax
845 1610 1205 1665 paganorum
1224 1593 1473 1649 stultitia
1490 1591 1715 1661 simpli-

110 1680 304 1735 citatem
334 1680 722 1736 Christianam
752 1681 1016 1750 irridere,
1048 1683 1248 1737 dicens
1280 1700 1293 1738 :
1327 1683 1449 1747 Qua
1478 1681 1713 1736 temeri-

110 1775 200 1825 tate
218 1769 439 1842 putatis,
462 1787 565 1826 vos
586 1770 921 1838 Christiani,
948 1772 1101 1843 quod
1125 1772 1279 1826 Deus
1307 1775 1494 1827 vester
1521 1774 1712 1826 vestra
1748 1803 1790 1866 Β

110 1875 309 1929 corpora
329 1859 395 1913 de
415 1859 650 1931 pulvere
672 1859 859 1932 possit
880 1862 1247 1926 resuscitare,
1272 1877 1427 1927 cum,
1453 1860 1605 1915 sicut
1626 1860 1710 1913 di-

109 1947 229 2011 citis,
250 1948 366 2020 ipse
387 1964 699 2020 resurgens
721 1966 754 2003 a
776 1949 1044 2015 mortuis,
1070 1950 1126 2004 in
1151 1966 1258 2003 sua
1278 1965 1451 2005 carne
1470 1947 1714 2020 vestigia

110 2036 359 2108 passionis
406 2054 520 2092 non
575 2036 764 2110 potuit
809 2040 1065 2094 sanare?
1094 2039 1175 2093 Ad
1223 2038 1375 2110 quod
1409 2054 1540 2092 vera
1568 2038 1713 2093 ﬁdes

109 2126 373 2198 respondet
394 2144 507 2182 non
530 2127 639 2182 hoc
664 2126 842 2183 fuisse
865 2127 1378 2200 impossibilitatis,
1395 2128 1492 2182 sed
1518 2126 1714 2199 potius

108 2214 317 2285 pietatis.
338 2216 525 2286 Majus
552 2220 643 2271 est
672 2216 827 2271 enim
860 2233 1095 2272 carnem
1127 2217 1430 2279 suscitare,
1452 2232 1630 2287 quam
1656 2215 1712 2271 in

108 2302 208 2374 ipsa
233 2319 391 2360 carne
418 2304 714 2376 passionis
744 2304 989 2377 vestigia
1019 2321 1246 2379 sanare.
1280 2305 1390 2360 Sed
1424 2304 1522 2375 qui
1557 2305 1711 2376 quod

108 2393 265 2463 majus
307 2398 391 2449 est
420 2394 632 2465 potuit,
669 2394 823 2465 quod
856 2393 1052 2448 minus
1084 2399 1174 2448 est
1215 2393 1414 2465 utique
1460 2393 1714 2461 fecisset,

108 2479 193 2534 nisi
221 2481 394 2537 varias
424 2483 496 2537 ob
529 2499 745 2538 causas
774 2481 1018 2555 vestigia
1049 2482 1342 2555 passionis
1370 2482 1424 2536 in
1449 2481 1578 2553 ipsa
1608 2498 1715 2536 sua

109 2586 245 2626 carne
285 2571 635 2644 reliquiaset.
670 2572 955 2639 Primum,
988 2578 1050 2627 ut
1084 2573 1257 2627 ﬁdem
1288 2571 1713 2643 discipulorum

108 2659 162 2714 de
184 2676 278 2716 sua
301 2662 721 2717 resurrectione
752 2661 989 2717 dubiam
1017 2660 1242 2717 facilius
1265 2662 1334 2716 ad
1359 2661 1712 2717 credendum

110 2749 419 2807 reformaret.
456 2751 581 2807 Etsi
614 2751 769 2806 enim
812 2752 981 2807 tarde
1023 2751 1399 2806 crediderunt
1446 2748 1712 2821 apostoli,

111 2837 327 2895 videntes
354 2840 409 2895 in
458 2841 591 2911 ejus
640 2857 879 2911 corpore
932 2841 1147 2894 ﬁxuras
1178 2837 1497 2903 clavorum,
1529 2838 1714 2892 multo

111 2926 295 2983 tardius
324 2928 729 2995 credidissent,
756 2929 868 2984 nisi
898 2928 957 2983 in
981 2929 1108 3000 ejus
1129 2944 1367 2999 corpore
1390 2926 1558 3000 signa
1578 2944 1714 2998 pas-

112 3012 259 3071 sionis
285 3018 773 3089 recognovisseut.
795 3016 955 3073 Unde
979 3033 1131 3071 unus
1153 3033 1352 3072 eorum
1386 3015 1716 3071 dicentibus

110 3101 225 3172 aliis,
256 3128 279 3155 ‹‹
310 3107 563 3162 vidimus
598 3106 935 3173 Dominum,
972 3128 998 3155 ››
1033 3123 1165 3161 cum
1199 3105 1438 3178 quidam
1471 3108 1713 3159 attesta-

110 3191 230 3248 tione
256 3195 581 3252 afﬁrmabat
613 3196 811 3251 dicens
844 3212 858 3250 :
893 3218 921 3244 ‹‹
955 3195 1078 3250 Nisi
1111 3195 1304 3250 videro
1334 3194 1394 3249 in
1436 3194 1711 3249 manibus

108 3280 204 3350 ejus
220 3284 448 3341 ﬁxuram
470 3285 795 3352 clavorum,
820 3288 877 3340 et
897 3283 1126 3339 mittam
1149 3283 1400 3356 digitum
1433 3300 1628 3338 meum
1651 3283 1711 3337 in

109 3367 259 3427 locum
288 3372 604 3440 clavorum,
628 3377 684 3429 et
705 3373 934 3429 mittam
970 3390 1208 3428 manum
1245 3389 1435 3428 meam
1467 3372 1527 3427 in
1558 3371 1712 3427 latus

108 3458 221 3528 ejus,
248 3478 350 3517 non
382 3464 620 3519 credam
651 3466 842 3531 (Joan.
866 3462 978 3533 XX).
1006 3484 1033 3511 ››
1056 3460 1184 3517 Sive
1215 3466 1369 3517 certe
1402 3478 1713 3534 resurgens

108 3560 131 3598 α
153 3551 364 3606 mortuis
395 3551 785 3613 Dominus,in
815 3568 988 3607 carne
1019 3568 1128 3607 sua
1157 3550 1403 3623 vestigia
1424 3550 1713 3621 passionis

107 3649 345 3696 reservare
364 3640 563 3708 voluit,
591 3641 733 3713 quia
753 3640 990 3696 veniens
1014 3640 1083 3695 ad
1102 3639 1397 3711 judicium
1422 3639 1480 3693 in
1503 3639 1705 3695 eadem

109 3723 251 3782 forma
276 3730 543 3786 omnibus
566 3728 1084 3802 apparebit,justis
1112 3728 1335 3784 scilicet
1358 3731 1412 3783 et
1434 3728 1671 3799 injustis
1695 3744 1707 3781 :

110 3817 155 3866 ut
171 3814 293 3885 justi
320 3817 580 3875 videntes
617 3822 837 3890 quanta
866 3822 923 3873 et
957 3816 1154 3889 qualia
1184 3834 1287 3888 pro
1337 3833 1537 3871 eorum
1588 3831 1711 3870 ere-

110 3901 261 3970 ptisne
276 3909 477 3963 Auctor
492 3907 741 3963 humani
762 3906 990 3979 generis
1005 3904 1304 3973 sustinuit,
1324 3905 1379 3959 in
1395 3904 1523 3975 ejus
1541 3903 1713 3957 laude

112 3995 153 4042 et
175 3995 461 4064 gratiarum
493 3996 729 4052 actione
759 3994 1065 4067 proﬁciant
1098 4012 1111 4049 :
1147 3994 1350 4064 injusti
1382 4010 1514 4047 vero
1554 3996 1714 4047 tanto

114 4076 319 4138 deterius
335 4085 677 4156 puniantur,
694 4087 912 4155 quanto
934 4082 1186 4155 largiora
1202 4082 1301 4136 Dei
1325 4080 1605 4137 beneﬁcia
1626 4080 1713 4134 in-

115 4165 302 4238 dignius
328 4171 994 4246 contempserunt,sicut
1023 4170 1307 4242 scriptum
1339 4175 1427 4224 est
1452 4187 1464 4223 :
1492 4193 1517 4218 ‹‹
1542 4169 1716 4225 Vide-

116 4252 226 4311 bunt
250 4258 299 4315 in
329 4279 501 4333 quem
531 4263 956 4317 transﬁxarunt
984 4261 1168 4329 (Zach.
1196 4264 1319 4328 xu).
1350 4283 1375 4307 ››
1408 4260 1473 4314 Et
1504 4260 1714 4314 iterum

117 4341 197 4397 alia
221 4348 504 4423 Scriptura
534 4349 680 4405 dicit
711 4366 724 4403 :
760 4373 786 4399 ‹‹
822 4350 962 4405 Ecce
993 4350 1145 4405 venit
1178 4365 1311 4403 cum
1349 4348 1625 4413 nubibus,
1658 4351 1717 4402 et

116 4429 284 4490 Videbit
309 4455 437 4494 eum
470 4439 670 4495 omnis
700 4437 928 4506 oculus,
948 4442 1004 4493 et
1025 4437 1123 4510 qui
1148 4455 1282 4492 eum
1316 4440 1713 4509 pupugerunt.

120 4517 165 4572 Et
187 4523 436 4600 plangent
465 4547 529 4585 se
561 4543 742 4599 super
770 4544 905 4582 eum
927 4544 1132 4582 omnes
1159 4527 1345 4581 tribus
1368 4531 1532 4581 terra:
1556 4527 1715 4597 (Λρο-
1747 4548 1791 4611 υ

117 4611 193 4663 cat.
220 4618 269 4680 ι).
301 4638 325 4665 ››
354 4618 417 4672 Et
445 4617 563 4674 alio
597 4617 736 4672 item
769 4616 894 4672 loco
928 4634 941 4671 :
978 4642 1003 4666 ‹‹
1030 4618 1193 4671 Tunc
1219 4615 1493 4687 plangent
1514 4631 1716 4669 omnes

119 4697 263 4756 tribus
276 4708 515 4774 terrea,et
530 4706 815 4761 videbunt
832 4705 1016 4761 ﬁlium
1037 4705 1293 4760 hominis
1312 4705 1636 4760 venientem
1660 4703 1717 4757 in

121 4789 326 4849 nubibus
341 4795 464 4851 cceli
491 4813 625 4851 cum
652 4794 861 4850 virtute
886 4794 1070 4849 multa
1091 4798 1148 4850 et
1169 4795 1476 4865 majestate
1497 4794 1717 4862 (Matth.

123 4884 256 4947 XXIV).
277 4905 302 4931 ››
322 4884 383 4938 Et
403 4884 598 4940 adhuc
619 4884 784 4939 aliter
807 4884 1090 4940 Dominus
1123 4883 1181 4938 in
1215 4900 1322 4939 sua
1353 4899 1526 4937 carne
1549 4880 1719 4937 vesti-

124 4964 194 5032 gia
206 4972 471 5039 passionis
488 4973 894 5041 reservan’tmt
909 4972 1048 5045 quid
1067 4972 1380 5027 advocatus
1399 4976 1485 5027 est
1504 4975 1718 5041 noster,

126 5056 167 5106 et
188 5055 388 5117 Patrem
420 5062 752 5136 interpellat
778 5079 882 5135 pro
915 5061 1085 5117 nobis
1115 5061 1173 5115 in
1206 5060 1595 5125 humanitate,
1619 5064 1721 5132 qui

126 5150 293 5203 cuncta
312 5150 404 5205 dat
423 5169 557 5207 cum
590 5152 757 5207 Patre
781 5168 882 5223 per
903 5150 1290 5215 divinitatem,
1316 5148 1442 5221 ipsa
1462 5146 1721 5217 vulnera,

128 5244 226 5299 (1ηᾶ
236 5252 326 5306 pro
339 5244 533 5296 nostra
546 5240 941 5312 redemptione
955 5238 1416 5304 sustinuit,Patri
1435 5238 1723 5304 ostendat,

129 5323 304 5380 Uteum
328 5328 582 5384 misereri
602 5329 938 5384 hominibus
965 5327 1267 5399 faciat,pro
1285 5327 1500 5398 quibus
1524 5327 1725 5399 unige-

131 5406 256 5465 nitus
271 5413 541 5473 Dominus
555 5422 715 5474 tanta
730 5434 796 5473 ac
816 5417 953 5473 talia
972 5417 1267 5472 sustinere
1284 5434 1396 5471 non
1421 5416 1725 5470 recusavit:

131 5503 173 5549 et
192 5498 261 5554 sic
287 5519 409 5560 eum
441 5505 541 5579 qui
575 5507 834 5563 misereri
867 5523 978 5562 non
1004 5508 1214 5571 cessat,
1233 5506 1300 5558 ad
1328 5504 1726 5559 miserandum

132 5596 372 5651 provocet.
404 5593 503 5649 Vel
555 5600 704 5651 certe
752 5598 885 5668 post
929 5593 1413 5649 resurrectionem
1448 5594 1730 5649 Dominus

1742 3174 1782 3238 C

1825 524 1953 596 ipsa
1985 526 2153 599 signa
2184 526 2475 599 passionis
2503 526 2803 583 victoriam
2827 544 3005 600 quam
3028 528 3099 585 de
3120 528 3362 604 antiquo
3383 529 3482 587 ho-

1821 618 1910 669 ste
1952 615 2228 682 obtinuit,
2257 615 2317 670 in
2369 620 2647 688 perpetuo
2699 617 3034 689 pmdicent.
3085 618 3250 675 Sicut
3295 619 3474 685 enim,

1820 704 1977 759 verbi
2009 704 2217 776 gratia,
2254 706 2614 761 fortissimus
2648 707 2837 775 miles,
2860 724 2996 763 cum
3021 707 3266 779 jubente
3299 708 3480 783 impe-

1823 796 2013 848 ratore
2059 794 2116 848 in
2169 794 2433 866 praelium
2482 795 2847 866 processerit,
2902 796 2949 851 si
2983 796 3289 870 contigerit
3338 813 3475 854 eum

1819 881 2097 937 victorem
2132 883 2392 954 quidem,
2424 884 2525 939 sed
2554 883 2923 940 vulneratum
2954 886 3024 941 ad
3059 888 3352 959 propriam
3377 904 3476 961 pa-

1822 971 1993 1026 triam
2029 972 2236 1043 redire,
2270 989 2384 1027 non
2419 974 2501 1028 ita
2528 973 2649 1029 vult
2679 974 2873 1029 sanari
2906 992 2939 1028 a
2985 976 3249 1044 medicis,
3283 980 3350 1032 ut
3374 993 3473 1033 ve—

1821 1060 1995 1133 stigia
2019 1059 2323 1117 vulnerum
2349 1080 2461 1117 non
2488 1067 2822 1133 appareant,
2839 1063 2937 1117 sed
2963 1064 3184 1135 absque
3204 1064 3474 1120 deformi-

1822 1153 1936 1203 tate
1967 1155 2334 1222 apparentes,
2385 1151 2511 1221 ejus
2540 1151 2844 1206 audaciam
2878 1152 3105 1206 cunctis
3135 1152 3470 1209 videntibus

1824 1237 2080 1294 indicent
2113 1256 2125 1294 :
2162 1240 2241 1294 ita
2271 1243 2327 1295 et
2355 1240 2634 1295 Dominus
2666 1256 2979 1312 resurgens
3009 1257 3044 1295 a
3072 1240 3341 1305 mortuis,
3376 1258 3470 1297 ve-

1822 1327 1994 1400 stigia
2024 1328 2318 1400 passionis
2351 1330 2408 1383 in
2441 1346 2548 1383 sua
2578 1346 2749 1385 carne
2779 1328 2960 1384 voluit
2989 1345 3291 1401 apparere,
3311 1333 3377 1385 ut
3397 1330 3475 1385 vi-

1822 1421 2036 1472 ctorem
2071 1435 2203 1472 eum
2236 1417 2450 1472 diaboli
2506 1418 2632 1489 ipsa
2670 1419 2841 1490 signa
2869 1435 2973 1490 per
3002 1418 3230 1473 inﬁnita
3260 1417 3474 1473 saecula

1822 1506 2245 1562 demonstrent.
2276 1507 2345 1561 Et
2391 1507 2530 1578 quia
2576 1506 2999 1579 discipulorum
3052 1510 3277 1563 mentes
3322 1506 3475 1562 inter

1822 1608 2130 1648 mmrorem
2182 1597 2235 1648 et
2295 1594 2577 1665 gaudium
2628 1595 2849 1666 positae,
2896 1595 3155 1650 nondum
3209 1594 3471 1666 perfecta

1821 1698 1954 1736 cum
1989 1683 2375 1738 resurrexisse
2399 1683 2944 1749 credebant,verum
2973 1683 3256 1739 indicium
3285 1699 3474 1739 resur-

1821 1772 2093 1827 rectionis
2124 1772 2314 1827 adhuc
2346 1772 2699 1828 manifestat.
2734 1772 2896 1828 Unde
2924 1776 2982 1827 et
3009 1772 3281 1828 subditur
3313 1790 3325 1827 :

1897 1881 1922 1909 υ
1952 1858 2156 1914 Adhuc
2200 1864 2397 1914 autem
2448 1858 2563 1914 illis
2616 1876 2730 1915 non
2780 1859 3171 1925 credentibus,
3205 1861 3305 1915 sed
3355 1877 3470 1931 pra:

1822 1970 1849 1995 «
1874 1949 2088 2020 gaudio
2111 1949 2461 2004 mirantibus
2488 1949 2662 2004 dixit:
2687 1949 2926 2004 Habetis
2951 1948 3047 2003 hic
3068 1947 3287 2027 aliquid
3314 1949 3471 2020 quod

1823 2058 1849 2086 ‹‹
1885 2038 2318 2093 manducetur?
2343 2040 2416 2093 At
2468 2037 2550 2092 illi
2583 2036 2924 2093 obtulerunt
2953 2037 3003 2093 ei
3038 2043 3262 2109 partem
3294 2038 3472 2109 piscis

1825 2146 1852 2174 ‹‹
1885 2127 2001 2180 assi
2033 2132 2087 2181 et
2116 2128 2306 2182 favum
2341 2126 2552 2182 mellis.
2580 2129 2801 2182 Etcum
2836 2129 3251 2183 manducasset
3274 2143 3472 2183 coram

1825 2237 1852 2263 ‹‹
1884 2214 1988 2279 eis,
2014 2232 2254 2271 sumens
2278 2215 2554 2288 reliquias
2585 2216 2745 2271 dedit
2764 2215 2868 2271 eis.
2893 2239 2913 2268 ι
2943 2215 3311 2270 Manducavit
3335 2231 3472 2289 ergo

1821 2309 1878 2359 et
1908 2304 2054 2360 bibit
2084 2322 2278 2360 coram
2314 2304 2620 2377 discipulis
2653 2308 2784 2377 post
2814 2304 3322 2370 resurrectionem,
3356 2321 3473 2360 non

1824 2394 1978 2465 quod
2010 2393 2136 2448 cibo
2167 2393 2385 2449 carnali
2418 2393 2732 2449 sustentari
2764 2394 3067 2465 indigeret,
3093 2393 3192 2449 sed
3216 2392 3361 2448 utin
3385 2409 3476 2448 ve-

1824 2482 1994 2538 ritate
2023 2483 2217 2538 carnis
2248 2500 2308 2537 se
2341 2482 2725 2539 resurrexisse
2758 2487 3133 2549 monstraret,
3167 2483 3308 2554 quia
3336 2498 3474 2554 pro-

1824 2572 1946 2643 prie
1972 2573 2272 2627 comedere
2306 2574 2375 2627 ad
2408 2589 2619 2643 corpus
2651 2570 2921 2643 pertinet,
2941 2589 3057 2626 non
3080 2572 3152 2626 ad
3175 2571 3471 2643 spiritum.

1825 2661 2195 2716 Manducavit
2226 2667 2282 2716 et
2307 2662 2456 2715 bibit
2485 2678 2678 2715 coram
2710 2658 3037 2731 discipulis,
3062 2665 3129 2713 ut
3157 2663 3317 2715 tanto
3345 2660 3475 2731 ejus

1824 2749 2309 2805 resurrectionem
2351 2747 2614 2803 securius
2663 2747 3060 2820 praedicarent,
3095 2751 3314 2819 quanto
3358 2764 3474 2802 non

1823 2838 2014 2894 solum
2045 2854 2279 2893 carnem
2314 2839 2441 2907 ejus
2473 2837 2745 2892 manibus
2776 2835 3134 2909 palpassent,
3164 2835 3267 2891 sed
3297 2835 3473 2891 etiam

1822 2926 2008 2983 oculis
2041 2926 2441 2999 corporalibus
2489 2926 2792 2981 comedere
2842 2925 3147 2992 vidissent,
3180 2929 3238 2980 et
3284 2924 3474 2980 securi

1822 3022 2023 3089 postea
2053 3016 2310 3071 dicerent
2329 3032 2341 3069 :
2362 3015 2506 3080 Quia
2525 3014 2686 3070 visus
2707 3018 2795 3069 est
2825 3018 2955 3086 post
2986 3014 3471 3069 resurrectionem

1822 3123 1938 3160 non
1968 3104 2125 3160 omni
2161 3104 2393 3177 populo,
2423 3104 2521 3159 sed
2554 3103 2804 3159 testibus
2834 3102 3239 3183 praeordinatis
3268 3120 3303 3157 a
3331 3102 3468 3170 Deo,

1822 3195 1991 3249 nobis
2022 3193 2120 3265 qui
2150 3192 2632 3248 manducavimus
2663 3195 2717 3245 et
2743 3190 3004 3246 bibimus
3028 3207 3163 3245 cum
3190 3189 3290 3245 illo
3315 3193 3471 3263 post-

1821 3301 1995 3355 quam
2032 3282 2344 3339 resurrexit
2373 3300 2405 3337 a
2437 3280 2703 3346 mortuis,
2734 3285 2790 3335 et
2818 3278 3093 3352 przecepit
3124 3278 3293 3335 nobis
3324 3295 3468 3351 prae-

1819 3372 2012 3427 dicare
2042 3370 2255 3443 populo
2281 3374 2338 3425 et
2363 3369 2664 3425 testiﬁcari
2692 3368 2832 3441 quia
2861 3367 2984 3439 ipse
3009 3371 3118 3435 est,
3138 3366 3237 3439 qui
3259 3364 3471 3423 consti-

1822 3467 1983 3517 tutus
2014 3464 2103 3516 est
2130 3479 2163 3515 a
2196 3465 2309 3515 Deo
2336 3460 2518 3531 judex
2546 3459 2804 3513 vivorum
2849 3462 2907 3512 et
2939 3461 3325 3511 mortuorum.
3359 3456 3472 3511 Sed

1821 3568 1926 3605 nec
1958 3549 2144 3622 ipsius
2176 3549 2289 3605 cibi
2323 3547 2594 3620 qualitas,
2618 3563 2792 3618 quem
2826 3550 2956 3618 post
2987 3544 3473 3601 resurrectionem

1820 3638 2089 3703 comedit,
2124 3656 2157 3694 a
2191 3638 2467 3710 mysterio
2491 3653 2673 3691 vacua
2704 3635 2994 3691 credenda
3023 3638 3131 3690 est.

1895 3750 1923 3778 ‹‹
1956 3728 2324 3793 Obtulerunt,
2362 3750 2387 3775 ››
2422 3726 2630 3798 inquit,
2663 3748 2689 3774 α
2725 3725 2775 3780 ei
2801 3728 3024 3797 partem
3058 3722 3235 3796 piscis
3269 3723 3387 3778 assi
3420 3727 3480 3778 et

1824 3838 1850 3865 ‹‹
1881 3817 2073 3871 favum
2106 3815 2318 3871 mellis.
2349 3838 2373 3863 ››
2405 3814 2551 3878 Quid
2587 3815 2642 3868 in
2676 3814 2833 3886 pisce
2864 3829 3018 3879 asso,
3047 3810 3159 3868 nisi
3195 3811 3481 3868 Mediator

1822 3904 1921 3961 Dei
1949 3909 2005 3960 et
2026 3905 2333 3959 hominum
2358 3904 2724 3973 signiﬁcatur
2744 3919 2873 3957 esse
2894 3900 3147 3972 passus?
3170 3906 3300 3973 Ipse
3319 3900 3479 3957 enim

1823 3999 1886 4049 ut
1905 3993 2080 4066 piscis
2103 3992 2280 4047 latere
2300 3992 2574 4064 dignatus
2592 3991 2753 4047 estin
2774 3990 2944 4062 aquis
2961 3990 3192 4063 generis
3209 3989 3476 4052 humani,

1824 4084 1947 4155 ipse
1978 4086 2043 4136 ut
2073 4081 2252 4153 piscis
2283 4084 2489 4152 captus
2519 4083 2607 4134 est
2638 4078 2814 4133 hamo
2845 4078 3157 4150 passionis,
3177 4078 3277 4132 sed
3305 4076 3479 4132 melle

1824 4170 2050 4226 dulcior
2080 4168 2299 4224 exstitit
2332 4168 2387 4222 in
2423 4167 2866 4223 resurrectione.
2896 4156 3075 4236 Cujus
3107 4164 3475 4220 dulcedinem

1824 4260 2230 4332 degustaverat
2262 4256 2375 4319 ille,
2398 4256 2495 4327 qui
2531 4255 2759 4309 dicebat
2781 4272 2793 4309 :
2819 4277 2844 4303 ‹‹
2866 4255 3049 4318 Quam
3080 4251 3276 4308 dulcia
3301 4251 3478 4307 fauci-

1823 4350 1935 4403 bus
1968 4348 2113 4403 meis
2144 4345 2374 4417 eloquia
2406 4350 2524 4410 tua,
2550 4342 2814 4409 Domine,
2843 4358 3022 4414 super
3052 4340 3165 4396 mel
3197 4345 3253 4395 et
3282 4341 3475 4396 lavum

1825 4437 1908 4492 ori
1943 4453 2070 4491 meo
2103 4436 2275 4499 (Paul.
2311 4432 2577 4504 cxv1u).»
2615 4432 2799 4487 Favus
2825 4447 3080 4501 namque
3112 4428 3227 4485 mel
3259 4429 3312 4484 in
3347 4445 3481 4484 cera

1825 4532 1932 4582 est.
1970 4526 2077 4580 Mel
2113 4544 2248 4593 ergo
2279 4524 2333 4578 in
2387 4539 2539 4587 cera,
2575 4520 2819 4576 dulcedo
2852 4518 3173 4575 divinitatis
3203 4517 3313 4585 est,
3336 4518 3479 4589 jun-

1828 4620 1921 4670 cta
1951 4616 2138 4669 forma
2170 4609 2575 4667 humanitatis.

1902 4727 1928 4751 ι‹
1965 4704 2033 4757 Et
2065 4720 2196 4757 cum
2248 4701 2662 4755 manducasset
2704 4714 2897 4753 coram
2928 4696 3033 4764 eis,
3066 4712 3309 4751 sumens
3349 4694 3480 4750 reli-

1835 4815 1862 4843 «ς
1894 4791 2063 4864 quias
2093 4791 2251 4847 dedit
2300 4790 2405 4846 eis.
2443 4812 2470 4839 ››
2501 4789 2661 4855 Quod
2694 4786 2978 4843 Dominus
3008 4784 3286 4857 reliquias
3318 4784 3481 4839 cibo-

1833 4898 1963 4936 rum
1995 4878 2303 4952 discipulis
2335 4877 2592 4941 tradidit,
2613 4877 2683 4931 ad
2709 4876 2817 4930 hoc
2843 4874 3111 4945 pertinet,
3140 4872 3280 4944 quia
3310 4881 3480 4928 suam

1834 4970 2167 5043 passionem
2201 4969 2285 5023 eis
2316 4966 2659 5022 imitandam
2691 4981 2821 5019 esse
2848 4962 3122 5029 ostendit,
3134 4963 3303 5032 juxta
3327 4962 3482 5035 quod

1834 5060 1957 5132 ipse
1985 5058 2121 5114 alibi
2154 5058 2236 5112 ait
2266 5073 2278 5111 :
2316 5079 2343 5105 ‹‹
2377 5057 2435 5111 Si
2468 5055 2602 5125 quis
2629 5053 2753 5108 vult
2782 5055 2913 5124 post
2943 5068 3034 5106 me
3064 5050 3278 5118 venire,
3306 5052 3483 5107 abne-

1834 5152 1929 5221 get
1960 5146 2342 5218 semetipsum
2373 5149 2429 5199 et
2458 5141 2626 5198 tollat
2655 5157 2884 5197 crucem
2917 5157 3087 5197 suam
3118 5144 3177 5196 et
3204 5144 3487 5213 sequatur
3532 5212 3543 5217 ‘

1837 5255 1928 5291 me
1960 5238 2111 5306 (Luc.
2144 5235 2239 5306 ix).
2270 5258 2296 5282 ››
2323 5233 2484 5289 Unde
2507 5248 2662 5286 unus
2687 5247 2887 5286 eorum
2912 5230 3102 5285 aiebat
3131 5248 3143 5287 :
3172 5230 3487 5287 «Christus

1837 5343 2049 5397 passus
2080 5328 2168 5378 est
2199 5340 2302 5395 pro
2334 5321 2501 5375 nobis
2549 5325 2595 5388 (ι
2630 5326 2775 5376 Petr.
2811 5320 2892 5391 ιι),
2928 5342 2955 5367 ››
2991 5326 3098 5375 etc.
3133 5320 3303 5375 Dedit
3350 5336 3488 5392 ergo

1838 5414 1921 5469 eis
1951 5411 2226 5484 reliquias
2259 5410 2437 5483 piscis
2470 5410 2586 5465 assi
2626 5415 2683 5465 et
2714 5410 2905 5465 favum
2941 5408 3152 5474 mellis,
3184 5407 3286 5479 qui
3318 5425 3486 5464 suam

1838 5504 2172 5575 passionem
2206 5517 2465 5555 amaram
2500 5517 2628 5556 esse
2671 5499 2926 5555 ostendit
2957 5499 3017 5553 in
3047 5496 3244 5553 dolore
3274 5497 3484 5557 cordis,

1841 5592 1939 5647 sed
1974 5590 2377 5646 dulcissimam
2431 5589 2485 5643 in
2536 5589 2779 5661 gloriam
2828 5584 3291 5643 resurrectionis.
3326 5583 3485 5639 Unde
