4012 6174
413 303 525 369 ﬁt

999 300 1406 366 HAYMONIS
1451 303 1987 367 HALBERSTAT.
2034 300 2277 366 EPISG.
2324 302 2493 365 OPP.
2542 302 2741 365 PARS
2784 302 2861 364 Il.
2895 336 2973 347 —
3002 300 3272 363 HOMIL.

3688 303 3788 364 412

417 453 575 495 unus
602 451 826 503 eorum,
859 436 959 509 qui
990 437 1160 508 quasi
1192 438 1470 510 stigmata
1522 439 1812 510 passionis
1841 440 1968 510 ejus
1999 442 2057 496 in
2090 440 2144 504 Α
2174 437 2351 503 ditur,
2382 437 2481 510 qui
2514 436 2757 493 localem
2788 435 2968 492 Deum
3003 434 3277 490 inducere
3305 432 3571 501 volentes,
3599 435 3653 489 in
3682 435 3790 493 sola

417 542 526 582 suo
547 542 783 597 corpore
804 526 1149 597 perferebat,
1169 527 1282 582 ait:
1304 550 1331 577 ‹‹
1356 529 1603 594 Fratres,
1619 529 1888 585 existimo
1910 531 2066 586 enim

419 616 575 687 quod
608 631 722 670 non
753 618 890 670 sunt
919 616 1218 689 condignae
1250 616 1553 688 passiones
1581 617 1759 690 hujus
1786 622 2068 692 temporis

419 705 491 759 ad
542 704 797 760 futuram
851 703 1118 777 gloriam,
1169 721 1295 776 quae
1329 706 1679 763 revelabitur
1722 709 1778 763 in
1814 711 2000 765 nobis.
2036 732 2064 761 υ

419 794 592 862 (Rom.
626 793 767 864 vm.)

489 905 517 932 ι(
552 883 620 938 Et
647 881 793 937 dixit
821 883 891 938 ad
938 882 1070 939 illos
1098 900 1111 938 :
1155 884 1284 940 Haec
1315 888 1455 941 sunt
1482 886 1655 943 verba
1686 905 1811 959 quae
1838 888 2067 945 locutus

418 994 448 1021 «
468 988 601 1027 sum
619 972 690 1025 ad
708 987 827 1037 vos,
843 988 973 1028 cum
992 973 1183 1028 adhuc
1200 991 1389 1029 essem
1403 976 1722 1033 vobiscum.
1744 1001 1770 1027 ››
1788 979 2065 1052 Nunquid

419 1061 573 1115 enim
606 1077 740 1116 cum
772 1062 856 1116 eis
883 1078 997 1116 non
1026 1067 1167 1128 erat,
1202 1064 1418 1135 quibus
1450 1066 1756 1122 visibiliter
1784 1068 2066 1139 loqueba-

419 1149 557 1205 tur?
577 1151 710 1205 Erat
730 1150 931 1222 utique
954 1168 1056 1222 per
1075 1152 1440 1223 praesentiam
1468 1156 1746 1226 corporis,
1773 1159 1873 1213 sed
1898 1158 2066 1230 longe

420 1240 490 1295 ab
522 1240 606 1295 eis
637 1240 892 1295 distabat
925 1258 1025 1312 per
1049 1243 1523 1298 communionem
1553 1245 1904 1317 fragilitatis,
1929 1251 2069 1321 quia

421 1329 501 1384 illi
531 1334 697 1384 erant
727 1331 1135 1402 corruptibiles
1165 1337 1221 1386 et
1255 1332 1549 1399 mortales,
1583 1334 1679 1389 ille
1711 1336 2065 1410 incorrupti-

420 1418 555 1475 bilis
583 1423 640 1474 et
667 1416 1038 1474 immortalis.
1073 1421 1141 1474 Et
1184 1420 1313 1476 ideo
1345 1439 1475 1476 eum
1512 1425 1956 1494 praesentialiter
1983 1428 2065 1483 lo-

421 1511 714 1579 queretur,
747 1507 829 1562 ait
860 1525 872 1562 :
907 1531 935 1559 ‹‹
971 1509 1098 1564 Haec
1129 1514 1279 1564 sunt
1310 1512 1486 1567 verba
1516 1530 1642 1584 qua:
1672 1513 1904 1571 locutus
1934 1534 2063 1574 sum

422 1596 493 1652 ad
523 1613 646 1661 vos,
681 1612 815 1652 cum
855 1597 1044 1652 adhuc
1076 1615 1264 1653 essem
1295 1600 1620 1656 vobiscum.
1658 1625 1685 1651 »
1716 1626 1746 1653 «
1782 1606 2068 1670 Quoniam

424 1708 452 1735 κ
487 1702 723 1741 necesse
753 1690 841 1742 est
880 1686 1112 1759 impleri
1160 1689 1357 1745 omnia
1401 1707 1528 1762 quae
1577 1692 1794 1765 scripta
1840 1700 1979 1749 sunt
2010 1695 2067 1751 in

427 1796 454 1824 ‹‹
480 1774 607 1848 lege
636 1774 816 1879 lldoysi
846 1779 902 1831 et
931 1776 1228 1879 prophetis
1277 1784 1333 1833 et
1372 1779 1617 1851 psalmis
1649 1782 1719 1837 de
1753 1799 1863 1838 me.
1904 1807 1929 1832 η
1963 1785 2069 1840 Ubi
2102 1814 2151 1879 Β

423 1881 538 1919 non
571 1863 761 1920 solum
794 1864 1003 1936 legem,
1023 1866 1122 1921 sed
1156 1866 1333 1922 etiam
1365 1870 1436 1923 ad
1471 1886 1638 1925 suam
1663 1872 1996 1943 passionem
2019 1880 2076 1930 et

424 1954 909 2010 resurrectionem
928 1955 1836 2031 confirmandamprophetarum
1854 1967 1912 2017 et
1928 1963 2079 2035 psal-

428 2058 659 2099 morum
689 2042 928 2099 oracula
960 2044 1248 2113 adhibuit,
1289 2049 1352 2101 ut
1384 2046 1545 2119 (quia
1567 2050 1737 2120 juxta
1766 2053 1921 2123 quod
1953 2052 2077 2125 ipse

429 2129 527 2197 ait,
564 2154 586 2181 α
621 2132 683 2186 In
714 2149 814 2188 ore
841 2133 1093 2189 duorum
1123 2134 1211 2189 vel
1245 2134 1421 2191 trium
1455 2137 1695 2195 testium
1746 2143 1859 2196 stet
1905 2158 2076 2198 omne

387 2259 391 2263 ρ
426 2220 667 2277 verbum
697 2223 881 2293 [Deut.
912 2225 1007 2293 xv]
1041 2224 1092 2295 ››)
1125 2224 1172 2279 si
1206 2224 1340 2296 quis
1369 2225 1518 2299 legis
1547 2227 1883 2285 testimonia
1910 2231 1979 2286 de
2011 2249 2077 2288 eo

429 2310 661 2366 credere
689 2311 904 2379 renuit,
925 2312 1131 2368 saltem
1155 2312 1477 2370 multorum
1502 2317 1835 2373 testimonia
1861 2319 1919 2374 in
1950 2337 2079 2392 pro-

429 2397 739 2468 phetarum
769 2403 827 2455 et
871 2399 1234 2471 psalmorum
1283 2402 1535 2459 oraculis
1585 2406 1911 2463 discredere
1962 2426 2073 2464 non

428 2491 765 2559 praesumat,
798 2489 896 2543 sed
933 2489 1219 2545 credenda
1239 2491 1484 2562 judieet.

501 2598 530 2626 «
564 2577 729 2632 Tunc
759 2577 987 2649 aperuit
1011 2577 1128 2634 illis
1158 2585 1497 2646 sensum,ut
1518 2582 1909 2657 intelligerent
1931 2587 2079 2643 Seri-

431 2687 459 2716 «
492 2669 715 2738 pturas.
738 2688 766 2715 »
792 2667 860 2722 Et
890 2668 1028 2739 quia
1057 2685 1159 2739 per
1187 2685 1249 2724 se
1270 2669 1600 2742 Scripturas
1624 2672 1944 2748 intelligere
1962 2693 2077 2732 non

430 2759 719 2827 poterant,
748 2757 976 2828 aperuit
999 2756 1111 2813 illis
1137 2775 1397 2825 sensum,
1422 2765 1487 2816 ut
1517 2761 1903 2836 intelligerent
1933 2766 2079 2821 Scri-

433 2847 656 2915 pturas,
687 2848 754 2899 ut
783 2845 937 2915 quod
968 2846 1279 2901 carnaliter
1329 2849 1665 2917 audiebant,
1698 2852 2081 2925 spiritualiter

434 2932 846 3003 intelligerent.
881 2933 1027 2998 Quid
1058 2939 1256 2991 autem
1303 2937 1361 2991 in
1413 2936 1537 3011 lege
1585 2943 1642 2995 et
1693 2942 1994 3015 prophetis
2025 2947 2081 3000 et

435 3020 679 3093 psalmis
727 3022 799 3077 de
844 3040 911 3078 eo
961 3023 1245 3094 scriptum
1300 3024 1394 3094 sit,
1428 3029 1764 3085 manifestat
1809 3047 1943 3087 cum
1977 3033 2081 3088 ad-

424 3108 628 3184 jungit
660 3127 673 3165 :

504 3221 545 3249 cr
568 3201 635 3255 Et
662 3199 809 3257 dixit
836 3202 920 3257 eis
956 3220 967 3258 :
1003 3204 1286 3268 Quoniam
1340 3205 1421 3261 sic
1458 3207 1740 3279 scriptum
1772 3213 1879 3271 est,
1912 3214 1967 3265 et
1997 3211 2080 3266 sic

430 3311 458 3339 «
493 3290 799 3362 oportebat
827 3291 1121 3348 Christum
1155 3294 1295 3366 pati,
1329 3298 1384 3350 et
1433 3312 1737 3368 resurgere
1767 3315 1801 3353 a
1831 3299 2078 3354 mortuis

427 3401 456 3429 «
482 3378 574 3434 die
599 3379 790 3436 tertia.
813 3402 839 3429 »
856 3380 1167 3452 Oportebat
1188 3383 1488 3438 Christum
1513 3385 1652 3455 pati,
1674 3390 1733 3440 et
1755 3403 2074 3457 resurgere,

426 3483 541 3521 non
574 3483 677 3537 pro
709 3484 790 3531 se,
824 3471 924 3524 sed
960 3487 1061 3541 pro
1093 3470 1282 3537 nobis,
1317 3476 1382 3527 ut
1412 3488 1513 3543 per
1553 3490 1722 3529 suam
1754 3473 2075 3531 indebitam

425 3554 778 3626 passionem,
799 3573 832 3611 a
852 3558 1048 3613 debita
1069 3576 1239 3631 pmna
1259 3578 1364 3617 nos
1390 3560 1678 3629 liberaret,
1702 3566 1759 3617 et
1783 3579 1885 3634 per
1905 3581 2074 3621 suam

423 3647 689 3698 sanctam
720 3646 1206 3702 resurrectionem
1238 3664 1343 3703 nos
1374 3666 1571 3704 secum
1604 3654 1947 3722 regnaturos
1980 3670 2073 3709 os-

421 3731 685 3786 tenderet
717 3748 730 3786 :
766 3732 923 3803 quia,
973 3735 1127 3790 sicut
1156 3735 1236 3792 ait
1263 3736 1594 3808 Apostolus,
1629 3761 1657 3788 «
1689 3743 1956 3796 mortuus
1987 3745 2076 3797 est

423 3825 659 3892 propter
685 3828 924 3893 peccata
954 3827 1170 3889 nostra,
1203 3830 1258 3882 et
1289 3827 1606 3882 resurrexit
1634 3832 1872 3900 propter
1893 3830 2074 3901 justi-

424 3908 757 3964 ﬁcationem
790 3916 1048 3967 nostram
1081 3915 1251 3983 (Rom.
1275 3916 1371 3985 ιν).
1400 3937 1427 3963 ››
1450 3914 1612 3971 Unde
1632 3917 1779 3971 bene
1801 3933 1970 3973 suam
1994 3935 2075 3974 re-

424 3998 844 4054 surrectionem
879 4017 989 4055 non
1021 4001 1253 4075 longius
1274 4021 1450 4075 quam
1478 4022 1661 4076 usque
1692 4006 1747 4060 in
1780 4006 1932 4061 diem
1966 4011 2074 4062 ter-

421 4086 571 4142 tium
603 4086 834 4144 diti'erre
862 4089 1063 4158 voluit,
1098 4091 1178 4147 ita
1212 4097 1274 4147 ut
1303 4093 1533 4148 duabus
1567 4094 1834 4150 noctibus
1870 4100 1926 4150 et
1958 4114 2073 4151 una

421 4175 514 4229 die
536 4174 595 4230 in
618 4176 884 4248 sepulcro
906 4179 1249 4251 quiesceret.
1266 4182 1388 4238 Nox
1412 4182 1647 4255 quidem
1672 4184 1743 4238 ad
1768 4189 2066 4255 peccatum

421 4263 671 4334 pertinet
690 4270 974 4323 etnatura
992 4269 1228 4341 quidem
1254 4270 1510 4326 humana
1533 4272 1761 4328 duabus
1783 4274 2070 4330 mortibus

419 4354 726 4410 tenebatur
754 4356 994 4413 astricta
1022 4375 1035 4413 :
1060 4360 1289 4425 animae,
1324 4366 1557 4432 propter
1587 4367 1888 4432 peccatum
1913 4380 1924 4428 ;
1945 4380 2068 4418 car-

420 4442 512 4498 nis
541 4460 696 4513 vere,
723 4450 959 4517 propter
980 4447 1297 4503 vindictam
1328 4449 1570 4521 peccati.
1598 4451 1745 4515 Quia
1773 4451 1929 4507 enim
1953 4453 2067 4506 Me-

2177 527 2372 582 Africa
2385 527 2512 599 ejus
2531 527 2704 581 ﬁdem
2719 542 2847 582 esse
2864 526 3274 590 dixerunt,non
3294 523 3640 582 attendentes
3654 526 3789 597 quod

2178 616 2305 688 ipse
2336 617 2621 671 Dominus
2653 616 2764 671 ait:
2792 638 2819 665 ‹‹
2853 615 2914 671 In
2938 629 3141 669 omnes
3172 616 3390 685 gentes.
3412 634 3438 661 ››
3466 612 3525 666 In
3547 615 3788 670 omnibus

2176 707 2453 778 gentibus
2485 722 2587 777 per
2617 705 3013 777 apostolorum
3063 701 3455 756 ministerium
3487 702 3791 773 paenitentia

2176 799 2229 849 et
2261 795 2535 850 remissio
2567 798 2941 866 peccatorum
2974 791 3286 865 praedicata
3316 789 3661 863 est,impleta
3678 808 3789 862 pro-

2178 882 2375 955 phetia
2404 899 2532 956 quae
2562 883 2745 939 dixit:
2782 905 2808 933 «
2842 886 2904 935 In
2937 897 3171 936 omnem
3203 883 3417 934 terram
3448 877 3611 934 exivit
3635 896 3791 937 sonus

2176 988 2402 1039 eorum,
2430 976 2487 1028 et
2519 973 2577 1027 in
2612 972 2759 1027 lines
2790 971 2949 1027 orbis
2979 973 3143 1025 terra:
3175 970 3349 1023 verba
3369 985 3583 1024 eorum.
3610 990 3635 1017 ››
3656 969 3718 1024 Et
3733 986 3791 1025 ne

2175 1060 2391 1133 aliquis
2420 1065 2655 1133 propter
2684 1059 3153 1133 magnitudinem
3181 1060 3547 1129 peccatorum
3570 1058 3634 1112 de
3651 1058 3792 1113 venia

2174 1151 2533 1222 desperaret,
2556 1151 2934 1221 subjunctum
2968 1151 3088 1203 est:
3115 1170 3141 1195 ‹‹
3168 1145 3582 1218 Incipientibus
3606 1147 3669 1201 ab
3689 1147 3793 1201 Hie-

2185 1261 2211 1287 ‹‹
2245 1238 2557 1312 rosolyma.
2584 1262 2610 1288 ››
2646 1239 2854 1294 Nullus
2884 1255 3020 1310 ergo
3052 1254 3167 1309 prae
3199 1235 3595 1308 magnitudine
3622 1252 3791 1307 pecca-

2174 1321 2369 1382 torum
2404 1345 2649 1384 suorum
2685 1327 3092 1383 remissionem
3126 1342 3187 1380 se
3219 1341 3393 1396 posse
3423 1324 3683 1395 consequi
3710 1324 3789 1377 de-

2176 1423 2386 1489 speret,
2422 1418 2469 1472 si
2501 1416 2761 1489 legitime
2792 1415 3089 1488 pmniteat,
3121 1412 3358 1486 quando
3391 1412 3532 1484 ipsis
3561 1411 3790 1466 Hieroso-

2175 1506 2397 1580 lymitis
2428 1507 2728 1580 cognoscit
2756 1504 3073 1569 indultum,
3109 1503 3209 1575 qui
3254 1500 3511 1557 cruentis
3558 1500 3793 1555 manibus

2179 1598 2235 1653 et
2265 1596 2646 1652 mendacibus
2671 1594 2908 1650 vocibus
2928 1593 3124 1665 ipsum
3155 1591 3502 1664 sanguinem
3525 1606 3620 1660 per
3646 1605 3790 1660 quem

2179 1702 2365 1759 genus
2396 1685 2724 1741 humanum
2758 1683 3127 1755 redemptum
3154 1686 3267 1746 est,
3290 1679 3644 1735 effuderunt:
3673 1694 3792 1749 quo-

2180 1775 2336 1830 niam
2388 1775 2541 1829 sicut
2588 1772 2871 1828 Dominus
2918 1771 2998 1826 ait
3048 1786 3150 1842 per
3201 1768 3542 1841 prophetam
3577 1783 3589 1820 :
3622 1765 3793 1821 «Nolo

2186 1871 2431 1921 mortem
2478 1861 2815 1934 peccatoris,
2850 1861 2950 1916 sed
2983 1863 3048 1915 ut
3078 1861 3449 1915 convertatur
3493 1860 3548 1911 et
3589 1856 3740 1910 vivat.
3770 1876 3791 1903 »

2187 1953 2398 2025 (Ezech.
2427 1952 2609 2021 xvnl.)

2739 2085 3037 2141 HOMILIA
3078 2081 3287 2138 LXXV.

2651 2202 2714 2239 FE
2722 2202 2817 2239 RIA
2855 2199 3081 2246 QUARTA
3118 2198 3256 2237 PASC
3264 2198 3375 2236 ΗΕΒ.

2256 2312 2408 2377 (Acr,
2444 2310 2552 2375 III.)
2585 2330 2611 2358 «
2668 2309 2729 2363 In
2776 2306 2985 2361 diebus
3034 2304 3172 2371 illis,
3207 2302 3481 2376 aperiens
3522 2303 3705 2358 Petrus
3745 2315 3798 2355 es

2191 2420 2218 2449 ‹‹
2250 2414 2425 2452 suum
2465 2397 2611 2451 dixit
2641 2413 2655 2451 :
2690 2396 2806 2451 Viri
2841 2394 3134 2463 Israelitaz,
3161 2396 3219 2448 et
3246 2393 3350 2465 qui
3383 2391 3594 2447 timetis
3620 2390 3795 2455 Deum,

2190 2508 2217 2534 ‹‹
2250 2488 2467 2542 audite.
2496 2510 2522 2535 ››
2554 2488 2622 2541 Et
2650 2486 2895 2556 reliqua.
2921 2484 3252 2539 Notandum
3293 2482 3445 2555 quod
3476 2480 3619 2535 viros
3645 2479 3798 2549 dege-

2188 2593 2323 2631 nere
2353 2575 2549 2643 lsrael,
2583 2580 2637 2631 et
2669 2574 2940 2630 timentes
2972 2572 3316 2638 Dominum,
3367 2570 3438 2627 ad
3480 2567 3793 2625 audiendum

2187 2665 2285 2720 Dei
2314 2670 2581 2736 provocet
2599 2665 2862 2720 verbum.
2889 2661 3008 2717 Viri
3033 2660 3188 2717 enim
3216 2659 3500 2716 dicuntur
3525 2675 3558 2714 a
3586 2656 3793 2718 viribus,

2188 2754 2327 2826 quia
2357 2753 2623 2810 nesciunt
2675 2752 2974 2808 tolerando
3022 2750 3294 2814 deficere,
3329 2752 3429 2804 aut
3457 2748 3510 2811 in
3544 2741 3796 2840 prosperis

2188 2843 2386 2915 aliqua
2416 2860 2477 2899 se
2508 2842 2755 2898 elatione
2776 2841 3021 2912 jactare,
3054 2838 3154 2894 sed
3187 2836 3391 2893 animo
3420 2833 3604 2892 stabili
3634 2832 3794 2895 defixi,

2189 2937 2246 2987 et
2275 2931 2595 2987 emlestium
2630 2947 2821 2986 rerum
2846 2926 3340 2999 contemplatione
3360 2922 3797 2989 ﬁrmati,manent

2190 3037 2421 3093 semper
2451 3018 2746 3092 impavidi.
2783 3042 2809 3069 ‹‹
2849 3017 2953 3084 Qui
2985 3014 3206 3071 timetis
3253 3013 3589 3079 Dominum,
3615 3006 3794 3080 inquit,

2192 3109 2406 3173 audite,
2442 3130 2468 3159 ››
2502 3110 2557 3164 id
2590 3113 2696 3175 est,
2748 3106 2848 3179 qui
2880 3101 3255 3161 reverentiam
3312 3101 3537 3157 habetis
3580 3095 3797 3154 nominis

2110 3182 2152 3247 Ο
2183 3202 2311 3271 ejus
2337 3218 2349 3254 :
2376 3200 2514 3271 quia
2542 3199 2669 3269 ejus
2699 3199 2875 3251 verba
2905 3211 3019 3250 non
3055 3196 3316 3249 meretur
3346 3189 3566 3255 audire,
3588 3186 3688 3280 nisi
3715 3182 3796 3280 qui

2188 3288 2558 3361 cognoscitur
2586 3291 2640 3341 et
2680 3285 2903 3340 timere.
2938 3282 3140 3338 Timor
3187 3284 3389 3336 autem
3421 3274 3660 3339 Domini,
3686 3274 3799 3370 quia

2178 3378 2381 3447 justus
2411 3381 2467 3432 et
2497 3380 2688 3431 rectus
2718 3379 2826 3441 est,
2860 3372 3127 3429 auditum
3158 3373 3421 3434 renovat,
3453 3380 3691 3422 amorem
3716 3365 3795 3415 tri-

2185 3466 2333 3535 buit,
2364 3466 2629 3521 ardorem
2664 3462 2967 3519 cbaritatis
2997 3461 3351 3516 inﬂammat.

2255 3580 2281 3607 ‹‹
2313 3555 2466 3611 Deus
2514 3554 2817 3619 abrabam,
2852 3555 2909 3606 et
2941 3550 3095 3607 Deus
3140 3548 3330 3613 Isaac,
3364 3550 3421 3601 et
3450 3544 3597 3598 Deus
3629 3537 3798 3601 Jacob,

2183 3668 2211 3695 «
2246 3645 2399 3701 Deus
2430 3648 2664 3717 patrum
2699 3644 3053 3696 nostrorum.
3090 3658 3116 3685 ››
3147 3636 3386 3724 Poterat
3416 3632 3567 3689 enim
3617 3628 3796 3724 dicere,

2183 3735 2336 3790 Deus
2371 3733 2684 3799 Abraham,
2742 3730 2901 3786 Isaac
2955 3732 3013 3782 et
3051 3725 3250 3789 Jacob,
3289 3723 3390 3778 sed
3442 3726 3529 3776 ter
3574 3717 3799 3773 nominat

2186 3829 2365 3880 Deum
2416 3821 2733 3883 Abraham,
2784 3820 2962 3873 Deum
2996 3819 3179 3877 Isaac,
3205 3812 3398 3867 Deum
3446 3808 3637 3872 Jacob,
3667 3810 3723 3859 ut
3746 3806 3798 3855 tu

2182 3911 2474 3984 intelligas
2506 3910 2686 3966 Deum
2716 3909 2964 3969 Patrem,
2992 3908 3050 3960 et
3071 3900 3308 3993 Filium:
3335 3904 3393 3993 et
3412 3896 3679 3993 Spiritum
3694 3906 3801 3947 san-

2181 4006 2361 4056 ctum.
2382 4002 2451 4055 Et
2482 4015 2551 4053 ne
2578 3997 2683 4052 tibi
2714 3992 3057 4051 scandalum
3080 3994 3248 4047 terna
3267 3988 3376 4045 Dei
3400 3986 3702 4043 nominatio
3720 3995 3797 4053 ge-

2182 4093 2427 4155 neraret,
2459 4085 2683 4142 addidit
2715 4107 2741 4133 ‹‹
2775 4088 3007 4155 patrum
3054 4083 3423 4135 nostrorum.
3458 4098 3486 4125 »
3518 4072 3799 4164 Prudenter

2180 4180 2335 4235 enim
2368 4192 2648 4249 personas
2677 4172 2962 4239 distinxit,
2982 4176 3037 4225 et
3062 4173 3341 4224 naturam
3368 4164 3573 4222 univit.
3596 4184 3623 4211 «
3650 4158 3800 4254 Glori-

2180 4292 2207 4319 ‹‹
2241 4267 2432 4324 ticavit
2465 4265 2675 4321 Filium
2707 4278 2901 4326 suum,
2937 4282 2965 4309 »
3001 4258 3233 4331 quando
3282 4259 3421 4328 post
3464 4250 3799 4308 resurrectio-

2179 4374 2311 4413 nem
2344 4354 2521 4410 nimis
2551 4350 2898 4417 mirabilem,
2941 4347 3120 4403 totius
3170 4343 3380 4399 mundi
3427 4337 3797 4433 credulitatem

2178 4448 2330 4502 Deus
2360 4444 2416 4498 in
2452 4460 2517 4497 eo
2549 4442 2702 4514 quod
2734 4440 2911 4493 homo
2935 4437 3121 4492 factus
3152 4438 3260 4499 est,
3280 4433 3502 4489 habere
3521 4426 3793 4514 concessit.

417 4529 607 4585 diator
631 4512 741 4586 Dei
762 4537 819 4587 et
834 4512 1156 4591 hominum
1189 4512 1518 4592 sola‘earne
1551 4544 1818 4595 mortuus
1862 4545 1970 4606 est,
2005 4545 2069 4594 ut
2105 4552 2145 4615 υ
2180 4531 2534 4591 Glorificavit
2586 4547 2719 4586 eum
2760 4527 2944 4600 gloria
2971 4522 3458 4615 resurrectionisp
3491 4512 3796 4615 glporiticawt

418 4635 523 4673 nos
545 4636 579 4674 a
603 4625 786 4675 morte
808 4624 1015 4679 animae
1039 4625 1329 4685 liberaret.
1351 4631 1501 4681 recte
1523 4626 1754 4683 duabus
1776 4630 2063 4696 noctibus,

417 4710 617 4762 etuna
663 4708 758 4764 die
805 4710 863 4766 in
909 4713 1176 4785 sepulcro
1225 4714 1521 4785 quiescere
1554 4716 1753 4781 voluit,
1787 4717 2065 4788 quoniam

416 4812 517 4866 per
538 4813 706 4853 suam
730 4799 1003 4873 simplam
1024 4807 1267 4857 mortem
1288 4808 1549 4859 nostram
1567 4803 1806 4876 duplam
1831 4806 2068 4861 damna-

415 4882 514 4937 vit.
538 4883 610 4939 Ut
639 4888 779 4958 quid
812 4894 1004 4945 autem
1040 4908 1142 4962 pro
1174 4891 1343 4945 nobis
1376 4891 1521 4945 mori
1545 4891 1630 4945 vel
1656 4909 1956 4964 resurgere
1975 4911 2068 4949 vo-

414 4968 609 5041 luerit,
634 4976 1062 5045 manifestatur,
1078 4996 1211 5034 cum
1235 4979 1427 5035 adhuc
1449 4980 1754 5039 subditur:
1783 5005 1810 5028 «
1841 4983 1908 5037 Et
1929 5000 2067 5054 pra:-

420 5080 448 5108 ‹‹
472 5059 649 5115 dicari
675 5063 730 5117 in
754 5067 986 5122 nomine
1007 5068 1136 5139 ejus
1155 5069 1556 5140 pmnitentiam
1579 5074 1636 5124 et
1657 5070 2063 5126 remissionem

421 5168 449 5195 ‹‹
472 5155 862 5217 peccatorum.
878 5176 905 5205 »
930 5156 1051 5211 Non
1074 5174 1211 5229 ergo
1233 5158 1446 5212 durum
1472 5156 1562 5212 vel
1583 5174 1856 5230 asperum
1878 5159 2066 5215 videa-

416 5237 531 5301 tur,
555 5238 710 5306 quod
742 5240 974 5311 dicitur,
1001 5267 1028 5294 ‹‹
1054 5246 1356 5317 ρῐιωάἰοθῐιί
1383 5246 1442 5300 in
1468 5246 1705 5301 nomine
1726 5248 1855 5317 ejus
1886 5248 2063 5320 pmni-

414 5322 657 5380 tentiam
684 5341 695 5379 :
724 5348 752 5376 »
775 5328 912 5398 quia
940 5331 1106 5388 valde
1136 5333 1304 5389 dulce
1336 5338 1423 5389 est
1455 5335 1609 5406 quod
1644 5335 1926 5407 sequitur,
1951 5360 1979 5388 «
2003 5337 2059 5392 in

415 5412 818 5472 remissionem
855 5425 1250 5489 peccatorum.
1278 5445 1304 5471 ››
1334 5424 1398 5477 Et
1428 5423 1527 5478 ubi
1551 5423 1671 5479 haec
1693 5425 2062 5496 praedicanda

411 5508 627 5569 essent,
663 5504 1070 5564 manifestatur
1099 5527 1232 5566 cum
1266 5512 1628 5568 subinfertur
1652 5529 1663 5567 :
1690 5537 1715 5562 (ι
1758 5520 1815 5569 In
1856 5532 2057 5572 omnes

411 5614 439 5640 «
471 5594 691 5661 gentes.
714 5617 740 5644 ››
767 5596 890 5661 Quo
912 5598 1082 5654 verbo
1105 5600 1539 5656 Donatistarum
1562 5602 1799 5657 haeresis
1821 5606 2054 5660 confun-

2176 4623 2360 4697 gloria
2391 4618 2768 4683 ascensionis,
2802 4621 2854 4671 et
2887 4612 3230 4687 gloriﬁcavit
3274 4627 3395 4665 sure
3427 4608 3663 4697 dextera:
3690 4614 3796 4695 ses-

2176 4694 2382 4769 sionis.
2408 4734 2437 4760 ‹‹
2469 4713 2652 4776 Quem
2683 4725 2787 4763 vos
2817 4705 3053 4778 quidem
3084 4698 3434 4756 tradidistis.
3458 4720 3484 4747 ››
3508 4694 3644 4751 Hinc
3661 4694 3793 4745 enim

2177 4801 2477 4875 respondit
2506 4797 2727 4854 Pilatus
2756 4792 3022 4860 Domino,
3058 4791 3258 4846 dicens
3290 4804 3305 4842 ;
3348 4810 3369 4835 α
3406 4780 3672 4875 Nunquid
3707 4789 3795 4875 ego

2173 4864 2409 4948 Judaaus
2440 4904 2572 4943 sum
2587 4887 2614 4941 ?
2635 4887 2788 4942 Gens
2808 4889 2911 4938 tua
2930 4886 2988 4937 et
3007 4879 3313 4952 pontiﬁces
3345 4875 3429 4930 tui
3461 4864 3795 4929 tradiderunt

2174 4986 2229 5036 te
2260 4979 2423 5044 mihi,
2447 4976 2586 5049 quid
2620 4973 2807 5030 fecisti
2839 4972 3015 5039 (Joan.
3041 4965 3242 5038 xvm)?
3274 4987 3302 5014 »
3328 4952 3793 5020 subaudiatur,ut

2174 5067 2487 5124 tradereris
2508 5063 2673 5119 mihi.
2699 5061 3093 5118 Tradiderunt
3113 5055 3271 5112 enim
3291 5051 3612 5141 Dominum
3635 5054 3794 5141 sect!“

2173 5158 2338 5212 dotes
2368 5173 2470 5226 per
2498 5153 2798 5217 invidiam,
2832 5147 3073 5204 tradidit
3101 5145 3286 5201 Judas
3329 5158 3436 5213 pro
3468 5131 3791 5235 cupiditates

2170 5217 2413 5301 tradidit
2440 5244 2608 5299 Pater
2628 5258 2730 5314 pro
2752 5243 2954 5295 nostra
2972 5235 3333 5297 liberatione,
3358 5225 3592 5286 tradidit
3614 5217 3793 5313 semet-

2170 5335 2365 5407 ipsum
2399 5332 2579 5388 Filius
2610 5348 2713 5404 pro
2744 5331 2946 5385 nostra
2989 5323 3319 5381 dilectione.
3354 5319 3436 5373 De
3466 5315 3629 5369 Patre
3656 5317 3790 5407 enim

2171 5394 2251 5479 ait
2278 5394 2627 5495 Apostolus;
2644 5443 2671 5469 «
2691 5419 2798 5484 Qui
2825 5415 3058 5490 proprio
3090 5412 3231 5469 Filio
3253 5423 3360 5464 suo
3393 5420 3509 5495 non
3542 5394 3790 5495 pepereit,

2168 5514 2267 5568 sed
2302 5482 2405 5584 pro
2438 5510 2605 5565 nobis
2636 5482 2911 5563 omnibus
2935 5482 3190 5561 tradidit
3216 5497 3380 5553 illum
3617 5482 3790 5587 Vlllglj’

2174 5567 2252 5657 De
2286 5567 2427 5657 Pilio
2460 5602 2676 5668 autem,
2698 5618 2726 5645 ‹‹
2750 5595 2847 5667 qui
2882 5591 3082 5649 dilexit
3110 5606 3236 5656 nos,
3258 5587 3320 5641 et
3342 5576 3588 5636 tradidit
3613 5567 3794 5628 semet-
