4012 6174
325 304 397 364 ἷ3
912 346 919 353 ι
1511 297 1865 367 llOMIlJ/E
1909 298 2007 361 DE
2061 292 2459 365 TEMPO'RE.
2504 346 2509 355 ,

3544 294 3549 297 ’
3575 302 3696 385 414

286 434 476 508 ipsum
510 451 617 508 pro
650 433 819 493 nobis
842 434 982 506 (Gal.
1010 434 1093 505 1i),
1117 459 1144 487 »
1169 438 1225 491 et
1248 458 1274 487 ιι
1300 435 1558 510 negastis
1579 439 1711 492 ante
1737 432 1938 490 faciem
1969 434 2016 500 Α
2055 454 2082 484 ‹‹
2114 433 2328 493 dicitur
2358 434 2660 508 Didymus.
2698 456 2725 484 ››
2756 435 2824 491 Et
2876 431 3117 508 reliqua.
3164 435 3309 494 Cum
3349 438 3692 498 memoriam

287 524 467 592 Pilati,
487 547 516 573 ››
539 524 798 583 dicentes
818 542 830 579 :
853 548 880 574 ‹‹
902 524 1209 598 Crucifige,
1223 526 1498 598 cruci'ﬁge
1520 548 1545 574 »
1565 524 1760 581 talem.
1778 548 1804 574 «
1822 524 1935 579 Nos

287 630 397 668 non
432 611 723 669 habemus
753 630 947 686 regem
982 615 1094 669 nisi
1124 615 1429 670 Caesarem.
1463 616 1577 669 Nos
1608 615 1793 687 legem
1826 613 1935 670 ha—

287 702 509 765 bemus,
530 707 587 756 et
617 703 941 757 secundum
976 702 1161 775 legem
1182 704 1353 759 debet
1378 703 1545 770 mori,
1563 704 1700 775 quia
1723 702 1934 758 Filium

285 790 380 847 Dei
412 807 475 846 se
523 791 676 859 fecit,
724 814 745 840 ι
801 814 821 839 α
845 792 1145 862 judicante
1174 791 1273 846 illo
1305 791 1540 847 dimitti.
1576 815 1601 841 υ
1635 792 1936 859 Quaerebat

283 878 458 945 enim,
493 879 575 934 ait
615 879 1013 952 Evangelium,
1048 880 1268 935 Pilatus
1320 881 1835 953 opportunitatem,
1869 885 1934 935 ut

280 967 604 1024 dimitteret
632 969 855 1035 Jesum,
883 969 1083 1024 dicens
1112 986 1126 1023 :
1161 994 1188 1019 ‹‹
1225 971 1340 1043 Ego
1372 988 1487 1025 non
1516 969 1746 1025 invenio
1775 969 1833 1024 in
1867 987 1933 1025 eo

280 1074 539 1123 causam,
572 1082 598 1108 ››
634 1058 735 1113 sed
768 1074 955 1129 neque
988 1059 1261 1116 Herodes.
1295 1058 1514 1115 Pilatus
1538 1059 1715 1115 mittit
1737 1061 1806 1115 ad
1834 1060 1935 1116 He-

276 1146 500 1212 rodem,
522 1147 775 1202 Herodes
797 1147 977 1202 mittit
997 1148 1066 1203 ad
1092 1148 1363 1203 Pilatum.
1382 1150 1538 1203 Inter
1557 1150 1705 1204 duas
1728 1149 1930 1222 impie-

275 1240 424 1289 tates
455 1235 732 1291 discurrit
765 1236 966 1307 pietas,
1003 1241 1060 1291 et
1110 1241 1303 1293 tamen
1352 1238 1623 1310 impietas
1656 1239 1929 1311 pietatem

272 1340 390 1377 non
424 1328 613 1395 potest
644 1324 1050 1380 condemnare.
1106 1325 1364 1382 PI‘EESCDS
1408 1332 1495 1381 est
1538 1344 1693 1395 rens,
1728 1331 1783 1381 et
1814 1345 1929 1382 non

269 1411 570 1467 invenitur
597 1417 815 1469 reatus.
849 1414 1197 1469 Tradidistis
1230 1415 1372 1470 mihi
1424 1416 1580 1472 hunc
1632 1416 1927 1473 hominem

266 1502 441 1573 quasi
476 1506 850 1571 avertentem,
886 1502 1098 1575 inquit,
1132 1504 1436 1576 populum,
1471 1510 1527 1561 et
1570 1522 1700 1561 ecce
1733 1523 1926 1561 coram

263 1590 435 1647 vobis
465 1590 852 1663 interrogans,
883 1591 1105 1648 nullam
1139 1611 1377 1649 causam
1410 1594 1640 1650 invenio
1673 1594 1727 1649 in
1762 1612 1827 1650 eo
1859 1612 1927 1650 ex

264 1677 383 1743 bis,
405 1679 464 1733 in
498 1678 712 1753 quibus
745 1697 879 1735 eum
902 1684 1211 1737 accusatis.
1239 1682 1434 1738 Dicitis
1455 1684 1607 1755 quod
1632 1683 1927 1756 prazcipiat

264 1765 493 1823 tributa
522 1786 636 1823 non
672 1768 815 1824 solvi
864 1770 1094 1837 Caesari,
1128 1772 1495 1844 comprobavi
1554 1772 1767 1828 falsum
1799 1790 1925 1827 esse
1957 1806 2003 1871 Β

263 1856 425 1933 quod
462 1857 736 1926 objicitis.
760 1858 973 1913 Docere
1004 1858 1157 1915 hunc
1189 1864 1390 1916 contra
1419 1861 1604 1934 legem
1638 1860 1927 1927 dicitis,et

260 1944 510 2021 probavi
542 1962 677 2000 eum
710 1964 825 2001 non
875 1947 1173 2004 destruere
1205 1948 1413 2021 legem,
1448 1950 1549 2006 sed
1583 1951 1923 2023 adimplere.

259 2032 481 2108 Omnia
508 2050 634 2106 qua:
666 2035 983 2106 objecistis,
1018 2036 1075 2091 in
1107 2038 1402 2094 diversum
1436 2038 1667 2094 inventa
1693 2044 1851 2095 sunt.

336 2144 366 2170 ‹‹
387 2123 456 2177 Et
475 2123 705 2194 petistis
724 2124 912 2179 virum
930 2125 1287 2182 homicidam
1306 2127 1509 2183 donari
1534 2128 1717 2183 vobis.
1742 2153 1768 2176 ››
1790 2130 1927 2185 Erat

256 2214 488 2276 autem,
509 2211 588 2265 ait
613 2213 1014 2286 Evangelium,
1036 2215 1133 2287 qui
1159 2215 1462 2271 dicebatur
1492 2217 1787 2273 Barabbas
1808 2219 1925 2273 vin-

254 2303 417 2366 ctus,
443 2299 542 2371 qui
578 2301 634 2355 in
668 2302 953 2358 seditione
978 2305 1187 2360 fecerat
1206 2304 1609 2361 homicidium.
1630 2307 1923 2364 Barabbas

253 2388 449 2469 enim,
483 2389 582 2460 qui
614 2392 766 2461 ﬁlius
789 2394 968 2463 patris
1011 2410 1199 2449 eorum
1229 2395 1663 2467 interpretatur,
1698 2396 1922 2469 signiti-

256 2480 359 2531 cat
393 2476 719 2545 diabolum,
739 2479 834 2551 qui
860 2480 1077 2536 multas
1103 2482 1418 2539 seditiones
1451 2484 1510 2538 in
1535 2489 1652 2540 toto
1674 2487 1925 2542 concitat

254 2566 755 2633 orbe,homicidia
772 2569 1060 2626 scilicetet
1077 2572 1635 2628 adulteriaetomnia
1653 2575 1919 2645 crimina,

254 2655 406 2728 quia
437 2654 636 2711 statim
673 2660 733 2711 ut
761 2658 934 2714 Jesus
980 2659 1294 2717 cruciﬁxus
1347 2667 1453 2729 est,
1489 2663 1780 2719 Barabbas
1812 2665 1922 2721 iste

254 2744 573 2810 dimissus,
608 2746 853 2801 suifocat
882 2748 1164 2820 populum
1195 2751 1553 2807 Judaaorum.

336 2854 366 2882 ‹‹
398 2836 711 2889 Auctorem
755 2852 889 2891 vero
936 2837 1066 2892 vitae
1116 2837 1509 2908 interfecistis,
1548 2864 1567 2890 ιι
1608 2839 1772 2897 illum
1819 2844 1919 2916 qui

257 2919 579 2995 plasmavit
606 2922 904 2980 hominem
941 2926 1009 2980 de
1040 2925 1178 2983 limo
1218 2932 1405 2995 terrae,
1438 2934 1494 2985 et
1523 2930 1831 3002 inspiravit
1860 2932 1919 2988 in

262 3009 469 3066 faciem
504 3011 632 3082 ejus
665 3012 1025 3084 spiraculum
1056 3015 1205 3083 vitae,
1239 3023 1295 3072 et
1327 3018 1515 3074 factus
1545 3025 1634 3075 est
1656 3020 1829 3085 homo
1860 3021 1917 3076 in

268 3097 524 3154 animam
556 3098 864 3168 viventem,
890 3101 1055 3157 illum
1089 3105 1187 3176 qui
1219 3106 1403 3162 dixit:
1430 3131 1457 3157 «
1491 3108 1605 3180 Ego
1638 3126 1770 3164 sum
1802 3109 1913 3175 via,

2051 524 2357 579 Dominicae
2391 525 2832 581 resurrectionis
2862 542 3093 599 semper
3122 525 3316 583 animo
3348 527 3613 597 retinere,
3637 534 3695 589 et

2045 626 2142 666 ore
2177 612 2418 667 recitare
2448 612 2788 680 debeamus,
2814 613 3067 668 maxime
3097 618 3291 669 tamen
3325 616 3454 670 istis
3486 616 3693 673 diebus

2043 700 2114 754 de
2143 699 2246 755 illa
2275 700 2632 773 loquendum
2665 708 2772 769 est,
2806 703 2862 757 in
2896 703 3113 774 quibus
3145 704 3298 758 facta
3341 705 3596 760 creditur
3639 708 3696 760 et

2043 795 2369 845 veneratur.
2406 791 2471 844 Et
2504 808 2616 846 non
2657 792 2829 846 debet
2875 808 3186 847 onerosum
3234 793 3419 849 videri
3467 794 3538 848 ad
3591 811 3693 849 au-

2043 879 2345 946 diendum,
2367 881 2519 952 quod
2556 882 2774 936 sanctis
2806 881 3179 953 evangelistis
3211 882 3350 938 utile
3370 883 3561 938 visum
3588 883 3696 939 fuit

2043 967 2114 1022 ad
2158 968 2554 1023 scribendum.
2590 970 2715 1025 Non
2767 970 2955 1024 solum
3008 971 3162 1025 enim
3216 970 3537 1044 gloriosum
3584 976 3692 1041 est,

2042 1056 2198 1129 quod
2230 1058 2535 1130 discipulis
2589 1063 2721 1129 post
2756 1059 3235 1115 resurrectionem
3269 1061 3557 1132 apparuit,
3590 1061 3692 1117 sed

2041 1146 2216 1201 etiam
2252 1164 2532 1203 numerus
2563 1166 2763 1203 eorum
2797 1149 3015 1222 quibus
3049 1151 3338 1225 apparuit,
3372 1152 3459 1205 vel
3486 1150 3611 1206 loca
3634 1152 3690 1205 in

2040 1236 2255 1308 quibus
2285 1237 2445 1291 visus
2475 1242 2580 1303 cst,
2604 1238 2896 1309 mysteriis
2931 1238 3100 1310 plena
3125 1242 3279 1294 sunt.
3303 1240 3465 1304 Quod
3497 1239 3695 1295 in‘hu-

2029 1326 2132 1397 jus
2168 1324 2430 1380 lectionis
2463 1327 2610 1382 serie
2644 1326 3010 1400 Evangelista
3042 1328 3415 1384 manifestare
3448 1330 3687 1395 curavit,

2038 1432 2170 1469 cum
2206 1420 2321 1470 tam
2356 1415 2600 1470 sollicite
2632 1416 2870 1471 modum
2905 1416 3284 1488 apparitionis
3306 1417 3434 1487 ejus
3464 1434 3693 1490 expres-

2038 1504 2133 1570 sit,
2154 1502 2354 1559 dicens
2380 1522 2393 1559 :
2425 1528 2449 1553 ‹‹
2478 1504 2866 1561 Manifestavit
2893 1523 2953 1561 se
2984 1505 3194 1561 iterum
3225 1506 3397 1562 Jesus
3427 1506 3498 1561 ad
3531 1523 3691 1563 mare

2037 1592 2384 1647 Tiberiadis.
2410 1593 2799 1648 Manifestavit
2825 1598 3017 1649 autem
3053 1594 3155 1658 sic,
3184 1617 3210 1643 ›)
3233 1598 3341 1650 etc.
3364 1596 3429 1650 Et
3447 1594 3690 1667 pulchre

2036 1681 2287 1753 septima
2304 1681 2667 1753 apparitione
2685 1687 2908 1754 septem
2931 1682 3234 1754 discipulis
3256 1683 3692 1757 apparuit,quia

2037 1768 2117 1824 illi
2146 1771 2213 1825 ad
2250 1772 2377 1842 ejus
2396 1771 2680 1827 visionem
2705 1773 3035 1843 perventuri
3063 1776 3222 1837 sunt,
3243 1773 3341 1845 qui
3365 1771 3688 1843 scptiformi

2039 1859 2294 1931 Spiritus
2323 1861 2505 1916 sancti
2539 1861 2727 1932 gratia
2757 1860 3095 1928 illuminati,
3128 1861 3339 1917 ﬂuctus
3387 1861 3690 1933 praesentis

2036 1949 2230 2004 saeculi
2265 1951 2459 2005 divino
2486 1967 2683 2005 amore
2706 1950 2948 2017 calcant,
2969 1956 3025 2005 et
3049 1950 3106 2006 in
3138 1949 3439 2005 lucrandis
3470 1951 3691 2005 anima-

2034 2038 2145 2093 bus
2178 2038 2499 2110 invigilant.
2527 2039 2901 2111 Septenarius
2925 2040 3081 2094 enim
3108 2055 3409 2104 numerus,
3433 2038 3531 2112 qui
3560 2056 3691 2095 con-

2035 2130 2151 2182 stat
2180 2145 2247 2182 ex
2278 2127 2532 2183 ternario
2563 2134 2619 2182 et
2644 2129 3036 2201 quaternario,
3060 2128 3114 2183 id
3145 2132 3234 2183 est
3263 2145 3331 2205 ex
3362 2127 3550 2200 primo
3576 2128 3690 2183 im-

2034 2216 2159 2288 pari
2188 2218 2243 2270 et
2283 2215 2470 2288 primo
2502 2216 2649 2288 pari,
2684 2218 2834 2272 dona
2870 2217 3123 2288 Spiritus
3155 2216 3342 2272 sancti
3375 2217 3686 2289 significat,

2033 2321 2137 2376 per
2166 2305 2333 2375 cujus
2364 2305 2610 2378 gratiam
2642 2309 2697 2359 et
2724 2306 2867 2359 fides
2891 2305 3196 2361 Trinitatis
3223 2307 3612 2378 cognoscitur,
3633 2310 3690 2361 et

2034 2398 2288 2464 quatuor
2304 2392 2748 2465 Evangeliorum
2768 2392 3035 2448 doctrina
3055 2393 3518 2448 custoditur.Sed
3537 2409 3689 2464 quaa-

2034 2481 2108 2536 rit
2133 2481 2346 2554 aliquis
2378 2499 2556 2554 quare
2588 2482 2793 2537 Petrus
2823 2487 2953 2555 post
2983 2481 3417 2539 conversionem
3450 2482 3521 2537 ad
3565 2482 3684 2555 pis-

2031 2571 2317 2627 cationem
2351 2570 2543 2638 rediit,
2561 2588 2693 2627 eum
2726 2572 2952 2627 Veritas
2974 2571 3131 2626 dicat
3155 2588 3166 2625 :
3193 2594 3220 2620 ‹‹
3245 2572 3425 2627 Nemo
3448 2570 3686 2628 mittens

2032 2677 2272 2716 manum
2306 2660 2365 2714 in
2399 2665 2680 2725 aratrum,
2716 2664 2773 2716 et
2824 2660 3114 2732 aspiciens
3162 2664 3336 2727 retro,
3371 2665 3544 2733 aptus
3595 2665 3686 2721 est

2030 2766 2209 2822 regno
2241 2750 2339 2805 Dei
2374 2750 2523 2822 (Luc.
2558 2751 2684 2818 1x)?
2716 2773 2743 2799 ››
2769 2751 2853 2805 Ad
2888 2750 3041 2821 quod
3075 2750 3266 2805 brevis
3294 2749 3550 2821 quidem,
3581 2751 3682 2807 sed

2030 2838 2219 2894 facilis
2251 2842 2407 2911 patet
2437 2838 2761 2911 responsio,
2782 2839 2923 2910 quia
2943 2837 3085 2893 illud
3120 2854 3266 2909 opus
3290 2841 3420 2909 post
3449 2854 3681 2894 conver-
3722 2848 3725 2849 '

2029 2926 2251 2982 sionem
2271 2928 2397 2981 sine
2420 2926 2594 2999 culpa
2611 2927 2910 3001 repetitur,
2927 2927 3083 2999 quod
3101 2930 3233 2981 ante
3249 2925 3682 2982 conversionem

2028 3016 2250 3087 absque
2280 3014 2450 3088 culpa
2480 3017 2875 3071 exercebatur.
2927 3015 3089 3078 Quod
3123 3013 3351 3070 facilius
3382 3015 3682 3086 cognosci-

2028 3120 2183 3169 mus,
2214 3104 2262 3159 si
2293 3120 2427 3159 cum
2460 3103 2651 3159 oflicio
2683 3104 2831 3159 Petri
2866 3109 2923 3159 et
2953 3103 3201 3160 Mattbaei
3234 3101 3603 3177 evangelista:
3626 3108 3685 3160 et

270 3187 499 3255 veritas,
531 3194 588 3245 et
637 3189 753 3245 vita
802 3192 987 3262 (Joan.
1022 3173 1154 3264 xw).
1194 3218 1220 3243 ››
1252 3196 1319 3249 Et
1361 3196 1432 3251 de
1464 3173 1578 3268 quo
1607 3197 1862 3254 Joannes
1947 3173 1989 3239 (ἶ
2028 3192 2342 3264 coapostoli
2361 3210 2534 3265 opera
2550 3193 3101 3249 conferamus.Nam
3127 3193 3475 3264 piscatorem
3501 3192 3682 3249 fuisse

277 3300 301 3324 ‹‹
334 3276 431 3331 Hic
464 3282 554 3333 est
583 3295 755 3334 verus
786 3280 939 3336 Deus
969 3286 1027 3336 et
1054 3280 1170 3337 vita
1198 3288 1411 3340 aeterna
1443 3285 1489 3357 (I
1510 3286 1667 3342 Joan.
1702 3287 1777 3359 ν).
1818 3310 1844 3336 ››

348 3390 372 3414 ‹‹
404 3367 469 3421 Et
516 3384 692 3433 nunc,
752 3369 980 3435 fratres,
1016 3371 1136 3426 seio
1193 3373 1331 3444 quia
1377 3390 1479 3445 per
1526 3375 1915 3448 ignorantiam

281 3476 306 3501 «
345 3453 574 3511 fecistis.
609 3478 637 3506 ››
671 3457 726 3511 Si
772 3456 927 3513 enim
977 3460 1405 3532 cognovissent,
1459 3464 1541 3518 ait
1585 3464 1912 3536 Apostolus,

281 3566 305 3590 α
340 3560 634 3617 nunquam
697 3547 1006 3603 Dominum
1058 3547 1254 3621 gloriae
1307 3550 1750 3609 cruciﬁxissent.
1800 3576 1826 3603 ››
1870 3555 1918 3627 (Ι

279 3631 398 3686 Cor.
430 3634 513 3704 ιι.)

345 3744 367 3767 ‹‹
400 3720 547 3777 Deus
581 3726 774 3778 autem
810 3723 908 3796 qui
942 3725 1356 3796 przcnuntiavit
1399 3745 1499 3799 per
1543 3746 1606 3784 os
1646 3731 1911 3788 omnium

277 3830 305 3854 «
338 3810 737 3881 prephetarum
772 3813 890 3885 pati
920 3814 1216 3871 Christum
1249 3817 1726 3891 suum,implevit
1754 3821 1858 3875 sic.
1882 3844 1910 3871 ››

277 3894 410 3953 Hinc
438 3902 492 3954 et
510 3899 636 3972 ipse
659 3901 945 3958 Dominus
965 3903 1249 3976 Cleophaz,
1274 3910 1328 3961 et
1348 3906 1462 3961 alio
1482 3906 1766 3980 discipulo
1789 3910 1870 3965 ait
1894 3927 1907 3965 :

280 4006 300 4030 ι
334 3985 373 4040 Ο
400 3988 559 4043 stulti
587 3994 645 4045 et
674 3991 825 4044 tardi
857 3992 1030 4047 corde
1061 3993 1132 4047 ad
1157 3995 1536 4064 credendum,
1554 3996 1612 4051 in
1635 3998 1910 4055 omnibus

275 4087 392 4142 quae
418 4073 592 4132 locuti
625 4082 766 4133 sunt
788 4080 1101 4151 prophetae,
1126 4099 1319 4138 nonne
1351 4082 1469 4138 haec
1501 4087 1758 4156 oportuit
1792 4087 1909 4159 pati

273 4160 572 4232 Christum,
607 4172 664 4223 et
694 4167 775 4222 ita
805 4169 1020 4227 intrare
1053 4170 1111 4225 in
1144 4168 1390 4243 gloriam
1426 4190 1594 4228 suam
1614 4174 1641 4228 ?
1672 4176 1741 4230 Et
1769 4174 1909 4232 inci-

275 4249 424 4319 piens
439 4271 470 4308 a
486 4254 679 4327 Moyse
700 4260 756 4311 et
778 4256 1054 4312 omnibus
1076 4258 1394 4330 prophetis,
1417 4261 1908 4334 interpretabatur

271 4334 379 4394 illis
408 4340 461 4396 in
494 4343 771 4399 omnibus
801 4344 1119 4417 Scripturis
1151 4364 1279 4419 qua;
1308 4349 1379 4403 de
1407 4348 1534 4420 ipso
1565 4356 1732 4407 erant
1754 4352 1903 4423 (Luc.

272 4428 430 4499 xx1v).
464 4453 490 4480 n
522 4431 579 4487 Si
612 4431 771 4487 enim
804 4433 1029 4506 Moyses
1060 4439 1115 4489 et
1163 4452 1366 4492 omnes
1410 4437 1702 4510 prophetae
1735 4439 1901 4495 Chri-

2025 3280 2284 3348 Petrum,
2320 3281 2657 3336 Matthaaum
2705 3298 2838 3336 vero
2886 3279 3237 3336 telonarium
3291 3281 3579 3337 novimus.
3616 3282 3683 3339 Et

2025 3369 2260 3425 Petrum
2292 3370 2527 3442 quidem
2564 3374 2693 3442 post
2724 3369 3158 3426 conversionem
3192 3369 3262 3425 ad
3295 3368 3679 3443 piscationem

2026 3459 2289 3525 rediisse,
2324 3458 2660 3514 Matthzeum
2697 3459 2769 3514 ad
2802 3458 3009 3514 telonei
3049 3457 3211 3514 lucra
3242 3458 3531 3514 resedisse
3562 3476 3677 3514 non

2022 3547 2276 3619 legimus
2312 3565 2323 3603 :
2370 3548 2507 3619 quia
2536 3546 2693 3602 aliud
2724 3552 2814 3604 est
2842 3547 3060 3602 victum
3090 3564 3225 3602 cum
3252 3546 3487 3619 justitia
3519 3564 3678 3620 qua:-

2025 3654 2150 3693 rere
2180 3636 2239 3692 in
2272 3637 2572 3709 piscando,
2605 3641 2661 3693 et
2690 3635 2847 3692 aliud
2892 3636 3189 3709 jurgando
3241 3635 3449 3692 telonei
3502 3635 3678 3694 lucris

2022 3726 2311 3782 insistere.

2094 3838 2121 3865 ‹‹
2156 3816 2221 3870 Et
2250 3816 2515 3871 exierunt
2558 3820 2615 3872 et
2661 3816 3050 3872 ascenderunt
3098 3816 3158 3871 in
3210 3832 3436 3883 navem,
3470 3821 3527 3872 et
3578 3816 3678 3872 illa

2019 3927 2047 3953 «
2082 3908 2249 3959 nocte
2279 3901 2423 3958 nihil
2457 3904 2895 3976 prendiderunt.
2928 3928 2963 3956 ω
2996 3905 3159 3960 Sicut
3201 3905 3364 3960 navis
3397 3904 3675 3962 sazculum

2018 3992 2328 4065 signiﬁcat,
2355 3993 2438 4047 sic
2470 4010 2581 4048 nox
2610 3992 2712 4048 illa
2743 4010 2847 4065 pro
2878 3994 3207 4066 ignorantia
3240 3993 3566 4066 ponitur,ut
3587 3998 3677 4051 est

2017 4079 2160 4135 illud
2188 4097 2198 4135 :
2237 4104 2263 4130 «
2299 4082 2420 4136 Nox
2453 4081 2765 4152 praecessit,
2800 4082 2926 4137 dies
2958 4088 3154 4137 autem
3188 4081 3676 4163 appropinquavit

2014 4171 2186 4237 (Rom.
2219 4172 2363 4237 xm).
2400 4191 2427 4219 ››
2459 4170 2674 4226 Omnes
2722 4169 2879 4225 enim
2912 4176 3045 4225 ante
3076 4170 3390 4224 adventum
3440 4170 3671 4224 Domini

2014 4262 2299 4331 quotquot
2330 4257 2739 4312 laboraverunt
2765 4258 2933 4329 quasi
2963 4259 3021 4312 in
3046 4262 3211 4312 nocte
3238 4255 3669 4322 laboraverunt,

2014 4345 2153 4418 quia
2173 4364 2335 4418 spem
2360 4345 2703 4418 resurgendi
2728 4345 2811 4401 vel
2833 4346 3011 4401 vitam
3035 4351 3307 4401 aaternam
3333 4345 3669 4416 possidendi

2012 4436 2261 4506 perfecte
2296 4435 2507 4491 habere
2542 4452 2655 4490 non
2703 4438 2991 4515 poterant,
3026 4434 3177 4489 sicut
3224 4434 3397 4489 modo
3430 4433 3665 4488 habent.

274 4518 417 4603 etum
446 4518 619 4575 locuti
653 4524 811 4588 sunt,
840 4526 897 4577 et
927 4522 1082 4577 hunc
1113 4541 1217 4596 per
1247 4525 1579 4598 angustiam
1612 4527 1907 4600 passionis
1939 4539 1982 4603 D
2014 4525 2162 4579 Tota
2193 4541 2329 4597 ergo
2354 4529 2520 4579 nocte
2543 4523 2689 4579 nihil
2716 4524 3155 4597 prendideruut,
3181 4522 3319 4594 quia
3339 4523 3453 4578 nisi
3471 4521 3667 4579 Domi-

275 4599 327 4656 in
355 4604 586 4677 gloriam
610 4627 779 4665 suam
801 4609 1179 4680 intraturum,
1198 4629 1312 4685 qua
1330 4614 1555 4673 ratione
1577 4632 1636 4670 se
1658 4614 1907 4689 glorian-

273 4692 361 4744 tur
386 4710 504 4750 esse
533 4696 916 4767 Christianos,
941 4700 1040 4770 qui
1063 4700 1234 4772 juxta
1261 4701 1475 4757 virium
1508 4721 1749 4759 suarum
1782 4723 1905 4761 m0-

274 4775 457 4866 dulum
490 4801 677 4857 neque
707 4785 1039 4858 Scripturas
1067 4788 1317 4860 qualiter
1345 4792 1416 4846 ad
1450 4791 1747 4850 Christum
1775 4810 1905 4866 per-

272 4865 475 4925 tineant
502 4872 875 4947 investigare,
910 4892 1098 4948 neque
1131 4877 1202 4931 ad
1256 4876 1526 4950 gloriam,
1560 4898 1736 4953 quam
1768 4865 1902 4937 cum

270 4953 475 5014 Christo
496 4958 710 5018 habere
730 4962 995 5034 cupiunt,
1016 4980 1118 5036 per
1135 4965 1438 5037 passiones
1456 4967 1902 5027 tribulationum

268 5040 582 5105 desiderant
612 5050 897 5124 attingere
913 5052 941 5105 ?

780 5191 1077 5249 HOMILIA
1129 5194 1365 5252 LXXVI.

710 5298 874 5338 FERIA
912 5299 1137 5345 QUARTA
1179 5300 1429 5342 PASCHE.

328 5401 499 5467 (JOAN.
524 5408 661 5474 xxi).
692 5428 719 5455 ‹‹
742 5406 805 5460 In
841 5405 938 5460 illo
967 5412 1263 5481 tempore:
1290 5412 1678 5468 Manifestavit
1709 5431 1769 5469 se
1793 5414 1896 5471 ite-

268 5509 292 5533 υ
313 5504 430 5546 rum
447 5492 619 5549 Jesus
638 5494 710 5550 ad
740 5511 898 5550 mare
920 5496 1264 5553 Tiberiadis.
1287 5499 1677 5556 Manifestavit
1699 5506 1893 5559 autem

267 5598 291 5623 ‹‹
319 5576 393 5634 sic
425 5598 437 5636 :
472 5582 648 5638 Erant
696 5583 873 5639 simul
919 5585 1119 5642 Simon
1167 5586 1370 5644 Petrus
1400 5594 1456 5646 et
1486 5590 1759 5658 Thomas,
1794 5591 1895 5665 qui

2016 4631 2126 4670 nus
2158 4631 2265 4669 sua
2294 4613 2479 4687 gratia
2510 4630 2610 4669 cor
2651 4613 3033 4670 illustraverit
3071 4611 3372 4679 auditoris,
3406 4613 3575 4684 quasi
3608 4612 3666 4666 in

2017 4706 2181 4758 nocte
2214 4702 2438 4758 laborat
2469 4720 2660 4759 sermo
2700 4703 2975 4767 doctoris,
3030 4705 3174 4757 teste
3224 4701 3534 4756 Psalmista
3568 4700 3666 4771 qui

2014 4791 2131 4851 ait:
2159 4816 2186 4842 «
2208 4792 2329 4847 Nisi
2364 4793 2648 4848 Dominus
2683 4792 3053 4847 tediflcaverit
3081 4791 3344 4855 domum,
3368 4790 3424 4843 in
3448 4806 3666 4844 vanum

2012 4879 2282 4937 laborant.
2313 4880 2413 4953 qui
2444 4881 2733 4937 aediﬁcant
2764 4897 2891 4936 eam
2924 4881 3094 4947 (Psal.
3124 4879 3291 4951 cxvx).
3320 4900 3346 4926 »
3367 4877 3441 4934 Ut
3469 4884 3665 4934 autem

2011 4974 2069 5025 et
2099 4971 2366 5040 doctores
2396 4974 2549 5026 recte
2580 4971 2805 5036 docere,
2831 4973 2886 5024 et
2907 4968 3204 5024 auditores
3234 4967 3407 5041 digne
3435 4966 3669 5037 valeant

2012 5059 2234 5129 audire,
2268 5058 2427 5115 illius
2477 5058 2792 5133 ﬂagitanda
2840 5062 2929 5113 est
2976 5056 3398 5123 misericordia,
3431 5057 3503 5112 de
3551 5074 3665 5129 quo

2012 5149 2286 5203 subditur
2320 5166 2332 5202 :

2082 5259 2108 5286 ‹‹
2146 5237 2313 5292 Mane
2344 5239 2541 5291 autem
2569 5236 2693 5307 jam
2746 5236 2916 5302 facto,
2948 5235 3111 5291 stetit
3139 5235 3313 5293 Jesus
3342 5236 3400 5289 in
3434 5233 3661 5303 littore;

2010 5347 2037 5374 ‹‹
2070 5343 2180 5380 non
2216 5329 2410 5380 tamen
2444 5329 2838 5397 cognoverunt
2863 5324 3134 5399 discipuli
3159 5325 3294 5396 quia
3314 5325 3485 5380 Jesus
3507 5328 3658 5380 est.»

2008 5413 2113 5468 Ubi
2160 5414 2305 5468 forte
2353 5419 2545 5469 movet
2577 5413 2853 5486 aliquem,
2886 5431 3067 5487 quare
3094 5413 3377 5470 Dominus
3408 5418 3541 5485 post
3573 5430 3660 5468 re-

2005 5502 2425 5558 surrectionem
2458 5503 2517 5557 in
2549 5501 2740 5559 littore
2779 5505 2957 5573 stetit,
2991 5522 3126 5561 cum
3159 5508 3293 5560 ante
3325 5503 3658 5575 passionem

2006 5608 2119 5647 non
2143 5591 2333 5647 solum
2356 5608 2550 5647 coram
2574 5593 2881 5667 discipulis
2903 5611 3080 5667 super
3100 5594 3314 5649 ﬂuetus
3337 5590 3517 5645 maris
3539 5604 3658 5644 am-
