4012 6174
260 394 271 401 ,
343 298 464 396 ius

918 335 1324 400 HAYMONIS
1369 336 1890 403 HALBERSTAT
1939 339 2181 403 EPISC.
2230 340 2402 404 OPP.
2449 336 2652 403 PARS
2695 338 2770 403 ll.
2804 372 2881 387 —-
2909 337 3179 404 HOMIL.

3634 336 3751 401 476

345 465 653 536 bulaverit,
675 467 776 524 sed
808 467 981 525 etiam
1013 470 1201 541 Petro,
1221 488 1398 542 supra
1420 489 1579 529 mare
1604 478 1666 528 ut
1697 471 1998 529 ambulare
2026 474 2079 541 Α
2110 476 2278 528 nocte
2307 471 2638 529 laborantes
2682 472 2825 529 nihil
2857 471 3167 546 cepissent,
3204 488 3337 528 mox
3364 469 3435 527 ad
3469 470 3594 540 ejus
3616 470 3750 542 jus-

347 560 565 630 posset,
599 556 824 612 dederit
875 575 1137 615 manum.
1185 562 1267 616 Ad
1320 563 1475 633 quod
1520 562 1833 619 dicendum
1883 568 1993 630 est,

347 644 486 716 quia
505 662 618 702 non
639 644 745 701 hoc
762 647 1049 704 Dominus
1067 655 1301 721 prOpter
1320 650 1875 723 impossibilitatem,
1893 654 1993 709 sed

346 736 583 805 propter
603 736 947 806 mysterium
970 737 1074 793 feci
1084 743 1119 794 t.
1146 740 1250 793 Per
1267 756 1428 795 mare
1448 758 1584 814 ergo
1609 742 1692 813 (ut
1718 742 1999 810 diximus)

348 821 625 877 saeculum
662 824 1043 897 signiﬁcatur.
1071 828 1347 901 Discipuli
1374 847 1510 901 ergo
1543 831 1599 885 in
1633 832 1777 886 mari
1810 837 1995 898 erant,

348 910 489 982 quia
519 910 674 967 inter
703 911 915 970 ﬂuctus
946 916 1138 970 szeculi
1182 917 1360 989 hujus
1413 919 1602 990 adhuc
1633 920 1994 976 laborabant.

348 1000 633 1056 Dominus
666 1008 861 1058 autem
914 1005 971 1059 in
1020 1005 1207 1061 littore
1254 1009 1435 1074 stetit,
1486 1008 1623 1081 quia
1674 1010 1747 1064 ab
1795 1027 1996 1066 eorum

348 1089 722 1160 corruptione
752 1097 809 1146 et
843 1094 1194 1149 mortalitate
1216 1095 1441 1153 alienus
1463 1103 1604 1153 erat.
1629 1101 1706 1154 Ac
1734 1100 1781 1154 si
1809 1100 1999 1155 verbis

349 1177 564 1231 diceret
592 1194 604 1231 :
637 1179 767 1233 Jam
803 1181 963 1236 vobis
995 1181 1051 1237 in
1081 1184 1227 1239 mari
1253 1203 1364 1241 non
1393 1204 1665 1259 appareo,
1692 1188 1829 1261 quia
1852 1189 2001 1243 inter

351 1264 563 1321 ﬂuctus
595 1268 790 1322 smculi
822 1271 1120 1326 vobiscum
1175 1276 1564 1331 communiter
1606 1294 1721 1331 non
1751 1278 1893 1332 vivo.
1932 1279 2002 1333 Et

350 1353 457 1408 hoc
489 1360 578 1410 est
609 1358 761 1427 quod
798 1358 933 1414 alibi
967 1361 1085 1415 ait:
1116 1385 1135 1409 a
1166 1363 1292 1417 Haec
1320 1369 1458 1419 sunt
1481 1367 1655 1421 verba
1684 1384 1809 1438 qua}
1842 1366 1998 1422 locu-

350 1447 448 1496 tus
479 1460 608 1498 sum
644 1448 715 1500 ad
751 1464 870 1514 vos,
902 1467 1034 1504 cum
1068 1451 1259 1507 adhuc
1288 1470 1474 1509 essem
1511 1456 1810 1512 vobiscum
1845 1459 1995 1525 (Luc.

348 1535 519 1599 XXIV).
552 1554 579 1581 ››
1144 1576 1145 1595 1

428 1644 449 1669 ιι
484 1621 633 1677 Dicit
664 1640 800 1696 ergo
831 1627 914 1681 eis
944 1628 1119 1684 Jesus
1154 1647 1165 1684 :
1202 1630 1391 1697 Pueri,
1432 1634 1696 1705 nunquid
1734 1635 1998 1706 pulmen-

352 1729 380 1757 «
416 1710 632 1765 tarium
680 1711 957 1770 habetis?
988 1717 1435 1790 Responderunt
1482 1723 1531 1775 ei
1569 1740 1581 1776 :
1634 1724 1778 1778 Non.
1815 1746 1842 1772 ››
1873 1725 1998 1780 Non

350 1794 628 1869 ignorans
659 1799 943 1859 Dominus
965 1804 1340 1879 interrogavit
1364 1810 1703 1882 discipulos,
1728 1814 1826 1868 sed
1850 1819 1913 1867 ut
1933 1831 1999 1868 ex

354 1888 651 1942 communi
667 1888 953 1948 locutione
964 1911 1130 1950 suam
1145 1896 1571 1955 demonstraret
1587 1900 1997 1974 cognitionem.

352 1974 425 2030 Et
442 1975 682 2047 pulchre
699 1996 838 2034 suos
859 1982 1177 2056 discipulos
1198 2004 1407 2058 pueros
1428 1990 1825 2046 vocavit.Puer
1842 1990 1999 2047 enim

356 2080 390 2119 a
418 2064 670 2135 puritate
700 2067 891 2125 dictus
917 2077 1026 2127 est.
1052 2074 1223 2130 Recte
1243 2080 1297 2131 et
1328 2076 1434 2132 hoc
1458 2095 1669 2135 nomen
1696 2079 2001 2151 discipulis

355 2154 641 2221 convenit,
657 2156 795 2228 quia
815 2159 1036 2232 absque
1056 2163 1185 2218 dolo
1206 2169 1263 2219 et
1284 2165 2000 2240 simulatione,purissimo

354 2241 546 2298 cordis
575 2260 771 2300 amore
797 2247 1042 2305 Domino
1073 2252 1482 2341 adhaerebant;
1489 2256 1549 2310 In
1581 2274 1831 2329 quorum
1861 2256 2000 2313 olim

356 2347 607 2402 persona
639 2351 741 2406 per
769 2335 981 2392 Isaiam
1031 2340 1253 2397 dictum
1305 2335 1491 2399 fuerat
1524 2363 1537 2400 :
1574 2369 1601 2395 «
1639 2347 1777 2401 Ecce
1808 2363 1914 2418 ego
1945 2352 2002 2402 et

356 2420 520 2490 pueri
563 2423 697 2491 mei,
732 2441 880 2496 quos
923 2427 1085 2483 dedit
1133 2430 1276 2485 mihi
1325 2431 1609 2489 Dominus
1635 2437 1762 2503 (Isa.
1790 2435 1935 2507 VIII).
1973 2458 2000 2484 »

356 2508 527 2566 Tales
555 2511 710 2568 enim
745 2516 1015 2585 parvulos
1045 2534 1248 2575 omnes
1274 2522 1575 2578 credentes
1619 2540 1747 2579 esse
1780 2524 2004 2580 volebat

357 2614 492 2654 cum
522 2599 661 2656 alibi
691 2602 919 2659 dicebat
947 2622 958 2661 :
994 2630 1021 2657 «
1055 2608 1174 2662 Nisi
1207 2612 1465 2667 conversi
1507 2613 1752 2681 fueritis,
1785 2618 1842 2669 et
1873 2615 2003 2669 efﬁ-

357 2688 593 2745 ciamini
617 2691 1152 2766 sicutparvuli,non
1174 2696 1469 2756 intrabitis
1490 2702 1549 2756 in
1574 2719 1817 2775 regnum
1840 2701 2005 2757 ecclo-

358 2795 490 2833 rum
524 2778 744 2848 (Matth.
775 2784 954 2855 xvm).
992 2808 1021 2833 »
1068 2787 1134 2840 Et
1163 2786 1377 2844 iterum
1408 2806 1420 2843 :
1459 2813 1487 2840 ‹‹
1518 2790 1701 2847 Sinite
1732 2790 2004 2864 parvulos

358 2867 553 2923 venire
584 2870 655 2925 ad
690 2887 802 2941 me,
852 2872 1059 2929 talium
1103 2881 1193 2931 est
1236 2877 1393 2933 enim
1441 2897 1685 2952 regnum
1725 2878 2003 2936 ccelorum

362 2958 577 3027 (Matth.
609 2960 747 3031 XIX).
777 2982 804 3011 »
1082 3023 1096 3032 ε

434 3069 461 3094 ‹‹
496 3047 647 3102 Dicit
696 3049 781 3103 eis
828 3050 1001 3108 Jesus
1034 3069 1046 3107 :
1082 3054 1291 3110 Mittite
1338 3057 1397 3112 in
1447 3057 1740 3114 dexteram
1793 3058 2006 3133 navigii

362 3158 390 3185 «
427 3141 567 3201 rete,
594 3142 651 3191 et
679 3136 1003 3198 invenietis.
1029 3166 1057 3193 »
1092 3144 1188 3199 Bis
1220 3144 1278 3200 in
1312 3151 1513 3202 sancto
1538 3147 1842 3220 Evangelio
1871 3147 2011 3221 legi-

362 3241 517 3293 mus,
541 3228 697 3298 quod
728 3229 800 3282 ad
834 3231 1061 3286 Domini
1080 3233 1409 3303 jussionem
1434 3237 1578 3292 retia
1596 3236 1789 3293 laxata
1809 3220 2007 3293 sintin
2040 3220 2083 3286 Ο

359 3313 740 3385 piscationem
767 3334 779 3372 :
814 3314 1070 3390 primum
1101 3326 1234 3377 ante
1259 3325 1615 3395 passionem,
1647 3330 1704 3382 et
1732 3342 1887 3381 nunc
1916 3342 2005 3381 se-

360 3405 551 3459 cundo
578 3410 709 3475 post
730 3410 1234 3466 resurrectionem.
1256 3411 1372 3468 Hoc
1396 3416 1588 3468 tamen
1612 3414 1764 3469 inter
1784 3419 2006 3468 utram-

361 3508 474 3561 que
494 3492 875 3562 piscationem
896 3496 1249 3570 distat,quia
1270 3500 1325 3554 in
1352 3499 1451 3555 illa
1477 3501 1654 3572 priori
1685 3502 2006 3573 piscatione

360 3578 508 3634 retia
536 3578 719 3635 laxari
739 3583 1045 3652 jubentur,
1063 3585 1121 3639 in
1145 3604 1262 3657 qua
1285 3591 1479 3643 tamen
1514 3595 1675 3661 parte
1706 3589 2005 3646 mitteren-

358 3669 457 3721 tur
488 3684 603 3722 non
634 3669 1085 3740 demonstratur,
1133 3674 1190 3728 in
1222 3674 1332 3731 hac
1360 3681 1557 3731 autem
1591 3677 1918 3750 specialiter
1946 3678 2006 3733 in

361 3755 656 3812 dexteram
690 3758 843 3814 mitti
865 3759 1152 3830 jubentur
1184 3780 1196 3819 :
1232 3763 1291 3818 in
1324 3763 1426 3821 illa
1464 3783 1577 3837 prae
1620 3766 2006 3841 multitudine

361 3845 610 3917 piscium
645 3850 762 3902 rete
793 3850 1107 3920 rumpitur,
1141 3852 1197 3908 in
1232 3853 1340 3909 hac
1371 3860 1564 3911 autem
1616 3856 1782 3911 multi
1818 3856 2006 3928 pisces

362 3933 516 4005 capti
547 3940 705 4001 sunt,
739 3941 797 3992 et
825 3938 971 3993 retia
1002 3946 1174 4013 rupta
1205 3959 1320 3998 non
1364 3949 1521 3999 sunt.
1559 3945 1721 4000 Unde
1769 3952 2008 4018 apparet

361 4021 499 4094 quia
528 4040 630 4095 per
655 4023 815 4080 illam
837 4027 1088 4099 priorem
1116 4030 1496 4102 piscationem
1519 4034 1884 4106 signiﬁcatur
1906 4037 2005 4091 Ec—

360 4111 556 4180 clesia,
591 4114 782 4185 qualis
811 4120 900 4171 est
929 4118 986 4172 in
1020 4122 1286 4189 praesenti
1303 4122 1420 4177 vita
1444 4139 1456 4176 :
1479 4140 1580 4197 per
1608 4123 1761 4178 hanc
1787 4128 2002 4190 autem,

360 4206 492 4272 post
521 4204 1004 4262 resurrectionem
1037 4208 1270 4277 factam,
1306 4210 1494 4282 qualis
1525 4212 1637 4267 erit
1683 4214 1743 4268 in
1787 4214 2002 4269 futuro.

359 4289 499 4345 Boni
531 4291 688 4347 enim
718 4290 825 4347 soli
857 4311 1151 4368 nusquam
1176 4303 1317 4354 sunt
1338 4299 1448 4356 nisi
1472 4300 1528 4355 in
1552 4300 1712 4368 caelo,
1734 4302 1869 4357 mali
1898 4302 2004 4359 soli

359 4396 655 4452 nusquam
677 4386 817 4436 sunt
838 4383 950 4437 nisi
972 4384 1032 4439 in
1056 4386 1301 4443 inferno.
1326 4387 1390 4443 In
1412 4389 1680 4460 prazsenti
1711 4392 1864 4445 enim
1900 4393 2006 4448 Ec-

360 4467 536 4523 clesia
558 4469 865 4543 utriusque
891 4474 1072 4543 partis
1093 4475 1246 4530 cives
1268 4475 1813 4551 inveniuntur,quia
1835 4481 2004 4536 multi

360 4573 463 4629 per
493 4558 666 4613 ﬁdem
696 4560 755 4614 in
789 4561 1105 4617 Ecclesiam
1141 4564 1379 4632 intrant,
1400 4565 1500 4638 qui
1532 4584 1634 4638 per
1654 4569 1807 4623 bona
1832 4586 2008 4642 opera

360 4646 432 4701 ad
464 4662 709 4719 regnum
732 4649 1008 4706 cmlorum
1032 4654 1361 4724 perventuri
1385 4672 1500 4710 non
1524 4660 1680 4722 sunt,
1701 4658 1771 4713 de
1794 4659 2008 4729 quibus

361 4753 463 4808 per
509 4736 880 4794 Psalmistam
931 4738 1142 4796 dicitur
1176 4758 1189 4797 :
1223 4765 1250 4792 «
1283 4744 1638 4813 Annuntiavi
1681 4750 1738 4801 et
1781 4745 2011 4802 locutus

361 4843 518 4895 sum,
579 4826 947 4899 multiplicati
1022 4835 1162 4886 sunt
1229 4849 1408 4905 super
1477 4850 1786 4891 numerum
1840 4837 2008 4908 (Psal.

360 4916 570 4987 xxxix).
594 4938 621 4964 η
654 4917 717 4972 In
749 4916 856 4973 hac
885 4935 1021 4991 ergo
1043 4918 1380 4991 piscatione,
1403 4938 1529 4994 qua:
1558 4932 1689 4995 post
1719 4941 2010 4981 resurrec—

361 5001 579 5057 tionem
611 5006 765 5060 i'acta
790 5010 896 5072 est,
929 5007 1171 5063 decebat
1201 5013 1264 5063 ut
1294 5009 1402 5064 soli
1451 5010 1588 5065 boni
1619 5012 1809 5083 pisces
1837 5029 2011 5085 cape-

363 5093 583 5157 rentur,
606 5109 706 5162 per
735 5110 883 5165 quos
904 5093 1220 5153 electorum
1243 5115 1526 5154 numerus
1558 5100 2008 5173 significaretur.

363 5201 391 5229 «
426 5178 711 5235 Miserunt
755 5198 890 5254 ergo
921 5189 1058 5249 rete,
1110 5190 1168 5240 et
1201 5187 1328 5258 jam
1379 5205 1495 5243 non
1544 5187 1816 5245 valebant
1865 5189 2012 5247 illud

362 5266 593 5323 trahere
623 5285 737 5341 prae
770 5268 1148 5328 multitudine
1178 5274 1450 5346 piscium.
1481 5300 1508 5327 »
1539 5278 1699 5341 Quod
1730 5280 2015 5336 exteriora

364 5356 647 5417 miracula
678 5358 1011 5415 interiorem
1044 5361 1218 5417 ﬁdem
1251 5364 1583 5436 frequenter
1610 5366 1928 5436 instruant,
1954 5370 2015 5424 in

362 5447 631 5519 praesenti
684 5446 810 5502 loco
865 5449 1320 5519 demonstratur,
1384 5456 1618 5527 quando
1671 5456 2011 5527 Dominum,

363 5551 538 5607 quem
571 5552 638 5591 ex
680 5537 902 5593 visione
950 5543 1009 5593 et
1045 5537 1427 5597 collocatione
1458 5562 1571 5599 non
1605 5552 2011 5617 cognoverant,

363 5643 431 5681 ex
481 5632 723 5698 captura
770 5625 1023 5699 piscium
1072 5636 1483 5701 cognoverunt.
1537 5632 1679 5689 Cum
1729 5651 1864 5707 ergo
1896 5642 2015 5692 tota

2109 560 2330 617 sionem
2365 568 2588 618 tantam
2622 563 3057 618 multitudinem
3091 561 3341 635 piscium
3372 567 3671 634 ceperunt,
3690 567 3753 616 ut

2107 654 2226 705 rete
2257 651 2485 708 trahere
2515 670 2627 707 non
2662 652 2936 709 valerent.

2179 762 2207 789 «
2262 741 2411 797 Dicit
2466 741 2563 797 ille
2616 740 2943 813 discipulus
2998 758 3172 813 quem
3239 739 3517 813 diligebat
3581 739 3752 796 Jesus

2107 850 2135 877 ‹‹
2170 829 2335 884 Petro
2372 846 2385 883 :
2420 830 2705 886 Dominus
2734 834 2839 885 est.
2875 852 2902 880 »
2936 830 3003 885 Et
3030 830 3169 901 quia
3215 829 3365 885 inter
3408 844 3612 883 omnes
3643 828 3749 882 vir-

2108 922 2262 973 tutes
2290 918 2591 991 virginalis
2634 919 2938 991 integritas
2987 919 3240 991 quodam
3274 916 3573 990 privilegio
3604 933 3752 987 pra:-

2108 1006 2441 1075 cellit,recte
2455 1007 2894 1080 incorruptibile
2906 1007 3137 1063 Domini
3155 1024 3363 1079 corpus
3381 1006 3752 1077 incorruptus

2106 1094 2267 1167 virgo
2319 1097 2477 1168 prior
2520 1098 2852 1169 recognovit
2896 1097 3150 1152 Joannes
3193 1096 3429 1159 scilicet,
3464 1095 3638 1166 cujus
3668 1097 3755 1149 est

2107 1182 2216 1240 hoc
2249 1185 2643 1257 Evangelium.
2678 1187 2786 1242 Sed
2837 1203 2967 1241 cum
3019 1203 3223 1242 omnes
3271 1185 3575 1240 audissent
3621 1182 3755 1254 quia

2108 1274 2391 1329 Dominus
2423 1280 2530 1341 est,
2564 1276 2663 1347 qui
2705 1293 2837 1330 eum
2889 1293 3003 1347 pra:
3048 1275 3267 1330 caeteris
3315 1274 3549 1338 amavit,
3602 1271 3756 1345 prior

2105 1362 2300 1419 venire
2346 1364 2655 1420 festinavit.
2694 1365 2856 1420 Unde
2905 1363 3177 1420 subditur
3209 1381 3222 1418 :
3257 1386 3283 1413 «
3317 1362 3516 1418 Simon
3551 1361 3756 1416 Petrus

2108 1475 2135 1501 ‹‹
2168 1470 2301 1507 cum
2328 1453 2588 1510 audisset
2619 1455 2758 1527 quia
2789 1454 3068 1508 Dominus
3099 1457 3207 1519 est,
3242 1450 3439 1507 tunica
3470 1448 3758 1504 succinxit

2110 1564 2137 1591 ‹‹
2172 1559 2234 1598 se
2267 1565 2294 1591 »
2324 1544 2470 1615 (erat
2498 1544 2653 1598 enim
2689 1544 2906 1611 nudus)
2937 1566 2965 1593 ‹‹
2999 1548 3055 1598 et
3105 1542 3266 1598 misit
3308 1558 3369 1596 se
3399 1540 3454 1595 in
3489 1555 3676 1605 mare,
3706 1543 3759 1593 et

2110 1652 2139 1679 ‹‹
2174 1632 2433 1703 pervenit
2461 1633 2531 1686 ad
2582 1633 2807 1688 Jesum.
2844 1656 2865 1683 ιο
2906 1633 2966 1687 1n
3019 1630 3221 1686 multis
3268 1630 3411 1685 locis
3463 1626 3755 1701 Evangelii

2110 1721 2569 1787 demonstratur,
2600 1722 2753 1794 quod
2805 1739 2921 1794 prie
2970 1721 3191 1775 caeteris
3221 1718 3524 1791 discipulis
3554 1717 3759 1772 Petrus

2109 1808 2424 1864 Dominum
2447 1809 2731 1866 dilexerit.
2748 1811 2893 1865 Nam
2918 1827 3049 1864 cum
3070 1826 3131 1865 se
3155 1825 3467 1881 passurum
3490 1807 3759 1862 Hieroso-

2109 1896 2282 1970 lymis
2313 1897 2665 1970 praediceret,
2699 1898 2897 1954 dicens
2930 1916 2943 1954 :
2979 1923 3005 1948 «
3040 1901 3178 1955 Ecce
3221 1895 3594 1954 ascendimus
3622 1893 3759 1949 Hie-

2109 1987 2546 2060 rosolymam,et
2566 1987 2746 2043 Filius
2764 1987 3020 2043 hominis
3037 1989 3298 2043 tradetur
3315 1987 3373 2041 in
3395 2001 3605 2040 manus
3627 1999 3760 2055 pec-

2108 2080 2395 2146 catorum,
2412 2082 2467 2133 et
2489 2077 2965 2133 condemnabunt
2986 2094 3120 2132 eum
3145 2080 3330 2132 morte
3362 2074 3568 2147 (Matth.
3593 2078 3710 2138 xx).
3732 2093 3759 2120 υ

2110 2166 2316 2222 Petrus
2345 2167 2669 2238 assumpsit
2717 2184 2849 2222 eum
2898 2170 3137 2233 secreto,
3171 2171 3227 2222 et
3257 2165 3337 2220 ait
3372 2164 3453 2219 illi
3486 2182 3499 2219 :
3534 2185 3562 2213 ‹‹
3596 2161 3764 2218 Absit

2111 2260 2247 2324 ate,
2298 2256 2561 2324 Domine,
2613 2274 2727 2311 non
2775 2257 2879 2312 fiat
2928 2255 3085 2311 istud
3138 2256 3356 2325 (Matth.
3390 2256 3526 2325 xvx),
3564 2274 3592 2301 »
3645 2269 3761 2307 non

2109 2344 2264 2400 enim
2298 2346 2462 2400 decet
2492 2349 2557 2400 ut
2602 2345 2782 2401 Filius
2831 2345 2931 2401 Dei
2981 2349 3176 2418 gustet
3224 2348 3491 2398 mortem.
3526 2342 3761 2397 Etcum

2109 2434 2372 2505 ejusdem
2406 2434 2697 2507 passionis
2729 2433 2972 2490 articulo
3006 2433 3346 2489 imminente
3366 2431 3652 2488 Dominus
3675 2429 3762 2485 di-

2109 2528 2302 2578 ceret:
2341 2545 2368 2573 «
2399 2523 2613 2579 Omnes
2644 2540 2744 2580 vos
2774 2522 3118 2579 scandalum
3152 2521 3450 2594 patiemini
3484 2520 3540 2574 in
3575 2536 3670 2575 me
3705 2518 3760 2574 in

2111 2611 2225 2667 ista
2253 2617 2441 2679 nocte,
2480 2635 2506 2661 »
2538 2611 2633 2668 ille
2664 2630 2783 2685 prae
2814 2610 3189 2668 multitudine
3238 2610 3454 2665 amoris
3502 2608 3762 2664 confisus

2111 2701 2339 2756 dicebat
2363 2718 2375 2756 :
2401 2724 2427 2751 ‹‹
2456 2701 2573 2756 Etsi
2604 2718 2809 2758 omnes
2830 2700 3205 2756 scandalizati
3237 2698 3455 2755 fuerint
3480 2697 3539 2752 in
3572 2701 3761 2768 te,ego

2112 2806 2415 2862 nunquam
2457 2789 2914 2845 scandalizabor.
2939 2812 2967 2840 »
3001 2793 3261 2861 Cumque
3290 2788 3576 2844 Dominus
3606 2786 3761 2858 quod

2113 2880 2377 2935 futurum
2408 2884 2532 2935 erat
2574 2883 3044 2951 prosequeretur.
3076 2877 3276 2934 dicens
3311 2894 3323 2933 :
3362 2899 3382 2925 α
3416 2879 3598 2931 Amen
3632 2875 3761 2930 dico

2112 2968 2239 3035 tibi,
2273 2973 2588 3041 antequam
2620 2967 2810 3041 gallus
2840 2971 3054 3035 cantet,
3086 2972 3173 3023 ter
3202 2983 3295 3022 me
3325 2965 3588 3038 negabis,
3616 2987 3643 3012 ››
3667 2963 3763 3019 ille

2115 3057 2548 3114 contradicebat
2579 3073 2591 3111 :
2626 3081 2652 3108 ‹‹
2690 3057 2805 3114 Etsi
2859 3056 3181 3129 oportuerit
3225 3071 3319 3111 me
3368 3053 3514 3109 mori
3545 3058 3758 3118 tecum,

2116 3164 2230 3202 non
2260 3152 2318 3202 te
2348 3148 2569 3218 negabo
2600 3148 2813 3217 (Matth.
2846 3145 3013 3216 xxvu).
3034 3167 3061 3196 »
3097 3146 3163 3200 Et
3192 3149 3259 3200 ut
3288 3144 3345 3199 in
3377 3143 3487 3198 hac
3520 3141 3763 3198 lectione

2116 3236 2536 3301 refertur,cum
2567 3235 2880 3291 Dominum
2913 3238 3164 3290 stantem
3198 3233 3255 3288 in
3286 3231 3476 3287 littore
3502 3232 3760 3295 vidisset,

2116 3325 2315 3379 tunica
2365 3323 2650 3379 succinxit
2680 3341 2761 3391 se,
2795 3328 2851 3380 et
2881 3323 3043 3379 misit
3081 3340 3144 3379 se
3174 3322 3234 3377 in
3267 3336 3445 3377 mare.
3480 3320 3764 3392 Spiritua-

2115 3412 2247 3466 liter
2269 3428 2401 3467 vero
2424 3412 2535 3466 hoc
2558 3411 2749 3468 dicere
2770 3429 3108 3484 possumus,
3132 3410 3269 3483 quia
3298 3414 3611 3482 postquam
3631 3425 3761 3463 eum

2116 3499 2501 3556 resurrexisse
2530 3501 2818 3573 cognovit,
2852 3500 3051 3557 tunica
3081 3498 3212 3556 ﬁdei
3244 3499 3332 3555 vel
3381 3498 3619 3566 amoris,
3650 3514 3764 3569 qua

2117 3588 2175 3643 in
2209 3590 2474 3661 negando
2505 3606 2567 3645 se
2608 3590 2947 3657 nudaverat,
2982 3589 3256 3656 reinduit,
3291 3594 3348 3644 et
3394 3588 3557 3643 misit
3606 3603 3665 3642 se
3705 3585 3762 3640 in

2116 3694 2295 3745 mare,
2329 3678 2387 3732 id
2419 3683 2508 3734 est
2536 3678 2687 3734 inter
2716 3684 3011 3735 tumentes
3058 3678 3263 3734 mundi
3294 3681 3610 3750 potestates
3637 3675 3762 3746 ejus

2116 3783 2328 3822 nomen
2372 3762 2671 3840 praedicari
2722 3768 2913 3840 cmpit,
2947 3785 3122 3839 quem
3154 3768 3227 3823 ad
3279 3766 3455 3822 unius
3505 3763 3761 3819 mulieris

2112 3872 2313 3912 vocem
2345 3862 2431 3911 ter
2462 3857 2627 3930 prius
2660 3856 2908 3929 negavit.
2935 3857 3026 3911 Ait
3055 3856 3250 3912 enim:
3284 3875 3303 3899 ε
3330 3854 3575 3911 Obedire
3596 3868 3759 3925 opor-

2115 3950 2197 4001 tet
2226 3947 2341 4002 Deo
2374 3947 2561 4018 magis
2593 3963 2770 4018 quam
2804 3946 3145 4001 hominibus
3174 3945 3306 4018 (Act.
3336 3947 3413 4015 v).
3452 3966 3479 3994 »

2187 4058 2215 4083 ‹‹
2248 4034 2357 4089 Alii
2389 4040 2583 4090 autem
2616 4034 2888 4105 discipuli
2921 4033 3149 4107 navigio
3178 4036 3481 4097 venerunt,
3510 4055 3536 4080 »
3568 4032 3622 4085 id
3650 4032 3754 4092 est,

2114 4124 2317 4180 eadem
2349 4123 2463 4178 fide
2482 4121 2568 4177 vel
2594 4139 2790 4178 amore
2812 4123 3144 4195 ﬂagrantes,
3169 4140 3286 4195 qua
3307 4122 3512 4177 Petrus
3531 4122 3756 4193 aposto-

2113 4212 2208 4267 lus
2239 4228 2517 4267 accensus
2547 4217 2690 4279 erat,
2723 4212 2907 4267 secuti
2958 4216 3116 4277 sunt.
3151 4212 3317 4268 Unde
3366 4215 3424 4267 et
3452 4212 3597 4267 bene
3620 4207 3753 4285 dici-

2116 4305 2257 4356 tur:
2294 4324 2321 4349 ‹‹
2376 4301 2501 4356 Non
2551 4300 2708 4355 enim
2758 4300 2928 4373 longe
2978 4305 3142 4357 erant
3170 4318 3205 4355 a
3236 4307 3409 4367 terra,
3444 4300 3546 4355 sed
3595 4295 3756 4365 quasi

2114 4413 2141 4439 «
2178 4389 2391 4445 cubitis
2422 4389 2708 4455 ducentis,
2754 4389 3049 4445 trahentes
3093 4396 3212 4446 rete
3256 4389 3529 4462 piscium.
3567 4410 3593 4438 ››
3623 4385 3756 4449 Quia

2115 4478 2170 4533 in
2191 4478 2462 4533 ducentis
2483 4477 2699 4534 cubitis
2717 4479 3090 4535 ceutenarius
3112 4495 3394 4536 numerus
3410 4477 3754 4550 duplicatur,

2041 4588 2084 4652 ι)
2118 4567 2431 4639 perfectam
2454 4583 2737 4623 numerus
2766 4568 2875 4624 iste
2898 4568 3243 4625 charitatem
3269 4566 3675 4638 insinuat,qua3
3694 4579 3756 4618 ex

2119 4654 2429 4710 dilectione
2459 4655 2558 4711 Dei
2592 4660 2650 4712 et
2678 4657 2925 4729 proximi
2948 4660 3194 4714 constat.
3214 4657 3320 4721 Qui
3344 4657 3500 4711 enim
3525 4654 3756 4727 perfecte

2121 4744 2302 4799 Deum
2335 4748 2393 4799 et
2423 4745 2752 4817 proximum
2783 4746 2995 4820 diligit,
3028 4764 3144 4801 non
3188 4744 3360 4818 longe
3407 4751 3497 4800 est
3544 4761 3577 4798 a
3618 4746 3758 4797 terra

2119 4832 2456 4889 viventium.

2193 4946 2219 4971 «
2256 4922 2327 4978 Ut
2355 4927 2552 4979 autem
2584 4925 2974 4980 ascenderunt
2995 4926 3051 4979 in
3074 4928 3311 4992 terram,
3330 4922 3602 4977 viderunt
3630 4934 3757 4991 pru-

2123 5034 2149 5060 «
2184 5027 2290 5066 nas
2322 5011 2543 5083 positas
2569 5016 2626 5068 et
2656 5012 2874 5085 piscem
2905 5012 3362 5085 superpositum,
3396 5014 3454 5067 et
3485 5024 3751 5084 panem.»

2122 5099 2230 5156 Ubi
2261 5100 2331 5154 ad
2363 5099 2619 5156 litteram
2669 5101 2839 5173 quasi
2888 5118 3095 5158 sonare
3120 5101 3368 5168 videtur,
3404 5099 3562 5172 quod
3594 5093 3755 5171 piscis

2121 5192 2173 5243 et
2219 5187 2389 5259 panis
2431 5189 2638 5260 prunis
2666 5189 3073 5262 superpositus
3122 5193 3295 5246 esset.
3323 5189 3432 5244 Sed
3467 5185 3754 5243 sciendum

2121 5281 2210 5332 est
2240 5277 2378 5348 quia
2409 5276 2505 5333 ille
2533 5278 2633 5350 qui
2666 5279 3032 5335 necessarius
3062 5282 3207 5343 erat,
3227 5277 3285 5333 id
3307 5282 3397 5334 est
3420 5278 3756 5350 piscis,pru-

2125 5364 2217 5421 nis
2248 5371 2372 5421 erat
2402 5367 2829 5439 superpositus,
2862 5368 3031 5440 panis
3085 5383 3217 5421 vero
3248 5382 3514 5424 seorsum
3543 5363 3755 5437 positus

2125 5461 2265 5516 erat.
2297 5456 2630 5511 Notandum
2663 5456 2840 5511 etiam
2872 5457 3025 5529 quod
3062 5457 3189 5529 ipsa
3223 5453 3494 5544 qualitas
3505 5452 3755 5544 ciborum

2126 5564 2158 5602 a
2206 5545 2482 5616 mysterio
2513 5562 2627 5600 non
2659 5549 2844 5601 vacat.
2890 5545 3034 5602 Nam
3067 5545 3220 5601 sicut
3247 5544 3307 5600 in
3339 5541 3453 5599 alia
3483 5536 3757 5610 Evangelii

2126 5634 2372 5692 lectione
2395 5633 2666 5706 legimus,
2682 5650 2814 5689 cum
2837 5634 2996 5707 pisce
3018 5651 3149 5691 asso
3171 5634 3366 5690 favum
3389 5630 3578 5687 mellis
3598 5624 3755 5683 disci-
