4012 6174
283 324 378 384 4Ὶῖ
1062 320 1071 327 ’
1479 319 1833 382 HOMILIE
1876 319 1976 380 DE
2020 319 2419 381 TEMPORE.

3527 310 3648 380 478

280 451 385 528 puli
405 449 633 509 Domino
665 448 1021 517 obtulerunt,
1054 448 1149 507 hic
1180 455 1398 520 autem,
1434 450 1602 525 panis
1624 456 1680 507 et
1709 450 1886 526 piscis
1915 454 1966 520 Α
1998 451 2121 507 lum
2153 452 2281 524 ejus
2311 452 2586 526 dignatus
2630 453 2720 508 est
2766 464 3066 524 apparere,
3100 449 3199 507 sed
3240 447 3414 507 etiam
3446 466 3639 507 coram

278 547 599 600 memoratur
630 540 833 597 fuisse.
866 541 995 614 Ipse
1038 540 1195 597 enim
1249 541 1417 615 quasi
1451 540 1628 614 piscis
1659 546 1891 598 assatus

274 637 351 689 est
376 636 613 702 tempore
640 629 950 702 passionis,
987 632 1087 686 sed
1120 631 1488 686 dulcedinem
1522 632 1690 704 panis
1710 630 1877 686 exhi-

273 720 384 776 buit
410 724 654 790 tempore
684 718 1253 791 resurrectionis,qui
1284 720 1355 774 de
1386 720 1577 790 seipso
1606 719 1878 787 ait(Joan.

270 812 336 880 v1)
361 826 417 865 :u
438 809 546 881 Ego
575 824 705 863 sum
730 807 899 879 panis
927 808 1111 876 vivus,
1138 809 1235 881 qui
1269 809 1339 864 de
1371 808 1513 865 cmlo
1536 808 1827 864 descendi.
1862 831 1888 857 ››

268 899 330 954 Et
356 898 589 952 iterum:
625 920 650 945 α
688 896 861 952 Panis
891 914 1065 971 quem
1098 915 1204 968 ego
1221 898 1453 967 dedero,
1488 915 1619 953 caro
1652 914 1781 953 mea
1801 902 1890 953 est

265 1002 359 1059 pro
380 984 563 1040 saeculi
594 986 732 1040 vita.
771 1007 792 1033 ο

330 1098 355 1123 ‹‹
386 1074 527 1129 Dicit
554 1074 637 1129 eis
666 1074 839 1129 Jesus
863 1090 875 1128 :
899 1074 1110 1130 Alferte
1141 1075 1211 1129 de
1235 1075 1495 1147 piscibus
1531 1093 1679 1147 quos
1721 1092 1886 1148 pren-

264 1188 288 1213 ‹‹
318 1162 540 1218 didistis
571 1179 747 1218 nunc.
777 1164 1051 1218 Ascendit
1080 1167 1274 1219 autem
1326 1165 1528 1220 Simon
1578 1166 1801 1232 Petrus,
1834 1169 1891 1219 et

263 1276 285 1300 «
316 1250 479 1306 traxit
506 1256 626 1307 rete
674 1251 733 1306 in
782 1256 1020 1320 terram,
1067 1252 1305 1325 plenum
1359 1253 1589 1326 magnis
1626 1252 1888 1325 piscibus

260 1365 283 1390 «
312 1345 535 1395 centum
569 1340 1001 1413 quinquaginta
1032 1342 1319 1397 tribus.Et
1342 1358 1476 1397 cum
1501 1342 1647 1398 tanti
1670 1346 1887 1409 essent,

257 1452 283 1479 «
311 1445 419 1484 non
447 1434 535 1484 est
563 1430 817 1485 scissum
851 1433 990 1485 rete.
1027 1430 1431 1486 nManit‘estum
1463 1434 1681 1497 est,nec
1710 1448 1887 1504 expo-

255 1515 448 1572 sitione
476 1517 866 1590 indiget,quid
901 1519 977 1574 sit
1007 1519 1162 1590 quod
1193 1520 1399 1574 Petrus
1431 1520 1589 1591 prior
1613 1520 1888 1576 omnibus

255 1610 360 1661 rete
388 1622 518 1661 cum
553 1606 818 1677 piscibus
849 1607 1023 1662 traxit
1053 1607 1111 1661 in
1146 1612 1385 1663 terram.
1419 1609 1533 1681 Ipsi
1567 1610 1724 1665 enim
1756 1627 1887 1681 spe-

252 1694 459 1751 cialiter
486 1694 746 1751 Ecclesia
766 1697 1175 1751 commendata
1204 1700 1311 1763 est,
1347 1696 1429 1752 illi
1464 1697 1886 1771 ligandietsol-

251 1784 556 1888 ve‘ndid'a‘ta
591 1788 989 1888 estﬂpotestas,
1024 1786 1321 1888 quando‘ei
1345 1787 1641 1843 aDomino
1666 1787 1886 1843 dictum
1921 1823 1967 1888 Β

251 1874 362 1928 est:
395 1894 416 1920 α
450 1873 531 1926 Tu
565 1889 631 1927 es
681 1873 903 1939 Petrus,
933 1879 990 1928 et
1028 1890 1204 1947 super
1252 1874 1402 1930 hanc
1454 1880 1676 1947 petram
1709 1877 1887 1932 aedili-

252 1960 713 2017 caboEcclesiam
732 1979 944 2028 meam,
978 1968 1035 2018 et
1064 1968 1239 2035 portae
1272 1963 1442 2019 inferi
1476 1983 1589 2020 non
1622 1965 1890 2037 praevale-

252 2050 691 2106 buntadversus
711 2068 863 2106 eam.
897 2052 965 2106 Et
1003 2052 1108 2106 tibi
1141 2053 1290 2109 dabo
1322 2052 1508 2108 claves
1534 2054 1692 2126 regni
1717 2054 1887 2110 coelo-

251 2156 389 2195 rum.
415 2140 484 2194 Et
512 2140 909 2211 quodcunque
958 2139 1229 2214 ligaveris
1271 2160 1448 2215 super
1496 2147 1732 2209 terram,
1782 2143 1890 2199 erit

248 2225 480 2300 ligatum
514 2233 575 2283 et
600 2228 661 2283 in
688 2227 883 2283 cmlis:
918 2235 976 2284 et
1015 2231 1408 2303 quodcunque
1441 2231 1681 2287 solveris
1714 2250 1891 2304 super

249 2321 470 2384 terram,
504 2317 623 2372 erit
654 2316 913 2373 solutum
944 2323 1002 2373 et
1023 2319 1080 2373 in
1103 2319 1261 2375 cmlis
1294 2322 1650 2392 (Maltinxw).
1682 2344 1709 2371 »
1741 2323 1886 2377 Nam

234 2409 451 2476 etpost
480 2405 973 2462 resurrectionem
1025 2408 1075 2463 ei
1123 2425 1157 2463 a
1204 2409 1449 2464 Domino
1507 2409 1726 2465 dictum
1759 2414 1885 2466 est:

248 2517 271 2541 κ
302 2495 495 2551 Simon
525 2495 797 2561 Joannis,
830 2495 1028 2568 diligis
1060 2513 1151 2552 me
1200 2496 1333 2569 plus
1365 2498 1458 2554 his
1481 2498 1509 2553 ‘?
1538 2500 1714 2555 Pasce
1755 2516 1888 2555 oves

248 2598 396 2638 meas
414 2585 598 2652 (Joan.
633 2586 768 2651 XXI).
804 2606 833 2633 »
875 2585 985 2639 Sed
1032 2583 1175 2639 illud
1226 2586 1470 2641 sollicite
1514 2588 1888 2644 consideran-

246 2670 375 2726 dum
430 2675 539 2744 est,
594 2673 737 2745 quia
789 2689 1161 2745 nequaquam
1215 2673 1572 2748 evangelista
1625 2676 1888 2749 ipsorum

248 2759 483 2831 piscium
518 2779 839 2817 numerum
872 2766 989 2817 tam
1022 2761 1269 2818 sollicite
1320 2764 1719 2837 expressisset,
1752 2767 1799 2822 si
1832 2766 1889 2821 in

249 2848 363 2921 ipso
395 2867 647 2905 numero
669 2851 1011 2923 mysterium
1027 2851 1282 2908 defuisse
1304 2853 1681 2910 crederet.Ait
1699 2856 1885 2910 enim:

249 2960 273 2987 «
304 2940 574 2995 Ascendit
604 2939 810 2996 Simon
838 2941 1060 3009 Petrus,
1094 2946 1151 2996 et
1202 2942 1376 2997 traxit
1406 2948 1523 2998 rete
1560 2942 1619 2997 in
1651 2948 1887 3012 terram,

250 3025 470 3097 plenam
502 3028 743 3099 magnis
774 3028 1035 3100 piscibus
1065 3034 1300 3085 centum
1334 3032 1765 3103 quinquaginta
1788 3032 1891 3088 tri-

250 3114 401 3170 bus.-
434 3115 737 3170 Numerus
767 3115 878 3172 iste
909 3116 982 3171 ab
1024 3134 1140 3172 uno
1191 3117 1414 3189 incipit,
1448 3119 1547 3173 sed
1600 3137 1786 3192 usque
1817 3121 1888 3176 ad

249 3202 433 3258 decem
459 3207 518 3259 et
542 3208 772 3275 septem
814 3206 1124 3260 crescendo
1164 3205 1607 3279 multiplicatur.
1641 3191 1706 3264 Si
1732 3209 1889 3265 enim
1922 3191 1964 3256 (ἶ

249 3289 432 3346 decem
464 3296 522 3347 et
554 3297 784 3364 septem
816 3296 904 3348 tcr
938 3293 1191 3361 duxeris,
1245 3294 1675 3370 quinquaginta
1703 3315 1885 3354 unum

250 3377 823 3449 invenies.1terum,si
855 3382 1283 3456 quinquaginta
1297 3402 1481 3441 unum
1506 3390 1591 3442 ter
1613 3387 1893 3460 multipli-

248 3471 471 3537 caveris,
505 3474 748 3526 centum
781 3470 1210 3544 quinquaginta
1240 3473 1352 3528 tria
1382 3474 1660 3531 invenies.
1682 3475 1889 3532 Decem

246 3572 367 3611 vera
394 3558 464 3612 ad
486 3557 840 3630 deealogum
873 3557 1019 3631 legis
1060 3578 1372 3617 numerum
1406 3563 1717 3635 pertinent,
1752 3566 1892 3638 quia

247 3644 434 3701 decem
467 3650 765 3719 praecepta
798 3647 977 3720 Moysi
1011 3649 1147 3705 data
1197 3655 1355 3706 sunt.
1388 3652 1621 3725 Septem
1652 3672 1784 3711 vero
1816 3656 1887 3710 ad

246 3733 599 3804 spiritualem
613 3734 865 3807 gratiam
881 3735 1020 3793 Novl
1033 3738 1387 3795 Testamenti
1399 3784 1411 3805 ,
1420 3747 1655 3814 propter
1665 3749 1888 3815 septem

245 3821 382 3878 dona
412 3824 679 3897 Spiritus
711 3824 915 3891 sancti,
936 3825 1021 3881 vel
1054 3831 1288 3899 propter
1313 3830 1487 3885 tidem
1521 3837 1733 3886 sancta:
1760 3833 1887 3887 Tri-

245 3909 451 3980 nitatis,
484 3917 543 3969 et
575 3912 908 3968 doctrinam
940 3917 1191 3985 quatuor
1222 3917 1686 3992 Evangeliorum.
1710 3920 1887 3984 Quin-

244 4000 621 4074 quagesimus
649 4006 845 4057 autem
878 4020 1158 4060 numerus
1199 4006 1270 4060 ad
1320 4008 1581 4078 requiem
1612 4008 1887 4080 pertinet,

245 4089 369 4159 quia
397 4090 935 4163 quinquagesimus
966 4109 1157 4167 annus
1179 4094 1544 4165 jubilmust
1577 4102 1666 4153 est
1696 4115 1888 4155 annus

245 4176 600 4234 remissionis
632 4183 723 4233 est
751 4179 962 4235 dictus.
998 4182 1146 4246 Quia
1178 4198 1314 4255 ergo
1346 4183 1429 4238 illi
1461 4186 1532 4240 ad
1564 4201 1760 4241 veram
1793 4204 1886 4243 re-

242 4264 422 4335 quiem
455 4268 793 4339 perventuri
816 4272 973 4335 sunt,
996 4269 1096 4340 qui
1119 4270 1460 4343 decalogum
1478 4270 1623 4345 legis
1637 4291 1738 4346 per
1754 4290 1883 4347 gra-

242 4352 370 4410 tiam
401 4355 664 4427 Spiritus
696 4356 883 4412 sancti
906 4357 1290 4430 spiritualiter
1321 4360 1761 4434 implent,quasi
1786 4364 1883 4419 de-

242 4456 352 4497 cem
382 4448 439 4499 et
469 4448 700 4516 septem
734 4450 824 4500 ter
850 4446 1217 4511 ducimus,ut
1232 4448 1880 4524 ad'quinquagesimum

2001 542 2085 598 eis
2117 543 2435 597 comedere.
2473 541 2635 598 Unde
2666 543 2724 596 et
2756 539 3067 595 subditur:

2076 654 2102 679 ‹‹
2135 630 2286 686 Dicit
2316 630 2400 685 eis
2427 631 2599 686 Jesus
2626 647 2638 685 :
2674 630 2896 697 Venite,
2922 628 3220 700 prandete.
3250 650 3276 675 »
3308 629 3376 684 Et
3408 627 3646 699 pulchre

2002 719 2278 775 ultimum
2300 720 2627 775 convivium
2660 736 2793 773 cum
2826 723 3048 791 septem
3108 715 3416 789 discipulis
3464 714 3648 772 voluit

2000 807 2456 881 celebrare,quia
2484 806 2567 862 illi
2603 805 3368 880 postuniversalejudicium
3392 809 3647 860 cumDo-

2001 898 2160 954 mino
2192 903 2470 953 aeternum
2503 896 2830 952 convivium
2873 894 3218 951 celebraturi
3270 898 3430 958 sunt,
3457 892 3555 966 qui
3588 892 3647 947 in

1999 986 2269 1059 praesenti
2299 984 2508 1041 saeculo
2557 985 2879 1058 septiformi
2939 984 3128 1055 gratia
3170 983 3422 1056 Spiritus
3462 981 3649 1038 sancti

1999 1075 2199 1146 repleti
2236 1076 2469 1130 fuerint.
2502 1075 2664 1141 Quod
2693 1090 2827 1129 vero
2861 1074 3173 1129 subditur:
3209 1095 3237 1121 «
3263 1073 3331 1127 Et
3361 1088 3531 1128 nemo
3553 1089 3653 1127 au-

2002 1186 2030 1215 ‹‹
2060 1165 2233 1220 debat
2262 1164 2759 1219 discumbentium
2791 1179 2924 1219 eum
2976 1162 3351 1229 interrogare,
3379 1163 3465 1217 Tu
3516 1161 3651 1232 quis

2000 1278 2028 1304 ι(
2063 1271 2125 1311 es
2148 1256 2176 1309 ‘I
2204 1256 2454 1310 scientes
2505 1253 2643 1326 quia
2696 1252 2980 1307 Dominus
3013 1255 3120 1306 est.
3153 1275 3177 1299 υ
3225 1250 3362 1306 Tale
3394 1256 3483 1306 est
3511 1268 3577 1305 ac
3599 1252 3646 1306 si

1998 1344 2250 1399 diceret:
2285 1344 2463 1398 Nemo
2489 1342 2880 1414 praesumebat
2911 1341 3043 1412 quis
3085 1344 3239 1395 esset
3270 1340 3645 1412 interrogare,

1999 1434 2136 1505 quia
2163 1434 2316 1505 quod
2343 1432 2467 1503 ipse
2498 1431 2764 1486 Christus
2795 1434 2968 1497 esset,
3004 1446 3174 1485 nemo
3219 1433 3447 1500 poterat
3475 1429 3647 1483 dubi-

1999 1528 2141 1578 tare.
2176 1522 2321 1577 Tam
2354 1520 2510 1575 enim
2558 1520 2871 1575 manifesta
2919 1523 2976 1574 et
3031 1516 3308 1591 praeclara
3365 1522 3489 1572 erat
3518 1517 3648 1588 ejus

1998 1611 2344 1684 cognitio,ut
2365 1609 2641 1665 omnibus
2658 1625 2720 1663 se
2734 1608 3068 1663 videntibus
3095 1605 3470 1661 manifestum
3493 1611 3649 1662 esset

1998 1700 2134 1773 quis
2162 1703 2315 1756 esset
2339 1715 2351 1752 :
2380 1703 2437 1753 et
2466 1697 2595 1752 ideo
2626 1696 2992 1767 superfluum
3033 1700 3174 1761 erat,
3210 1695 3342 1767 quis
3371 1698 3526 1750 esset
3559 1694 3646 1748 in-

1999 1795 2312 1861 terrogare,
2347 1788 2418 1842 de
2459 1787 2630 1858 cuius
2678 1785 3009 1858 cognitione
3063 1801 3233 1840 nemo
3266 1784 3644 1840 discumben-

1998 1880 2147 1934 tium
2179 1881 2404 1949 poterat
2434 1876 2722 1932 dubitare.

2071 1992 2098 2017 ‹‹
2128 1970 2197 2023 Et
2227 1968 2383 2022 venit
2410 1967 2582 2022 Jesus
2614 1970 2671 2022 et
2713 1965 2934 2037 accepit
2977 1980 3208 2036 panem,
3240 1968 3296 2017 et
3335 1963 3511 2018 dabat
3540 1963 3645 2030 eis,

2003 2081 2029 2107 ‹‹
2062 2058 2280 2129 piscem
2315 2056 2603 2112 similiter.
2644 2054 2842 2110 nDcdit
2863 2070 2999 2126 ergo
3031 2052 3315 2108 Dominus
3345 2050 3651 2123 discipulis

2000 2146 2241 2220 piscem,
2276 2144 2415 2217 quia
2445 2160 2613 2199 suam
2647 2143 2980 2215 passionem
3015 2141 3368 2196 imitandum
3401 2157 3532 2195 esse
3563 2157 3653 2195 os-

1999 2235 2203 2291 tendit.
2237 2234 2403 2289 Dedit
2434 2238 2489 2288 et
2520 2249 2654 2287 eum
2706 2231 2862 2304 pisce
2920 2246 3152 2302 panem,
3187 2228 3326 2301 quia
3357 2233 3489 2301 post
3514 2227 3651 2284 tole-

2000 2325 2248 2378 rantiam
2283 2321 2571 2395 passionis
2601 2319 2813 2391 gaudia
2862 2317 3197 2391 repromisit
3227 2322 3452 2373 aeternae
3482 2317 3652 2373 satie-

1999 2412 2156 2468 tatis.
2190 2411 2351 2477 Quod
2383 2427 2515 2465 vero
2542 2410 2793 2463 dicitur:

2072 2525 2099 2552 ‹‹
2135 2502 2249 2557 Hoc
2265 2502 2390 2573 jam
2424 2499 2590 2555 tertio
2614 2497 3022 2554 manifestatus
3039 2501 3127 2553 est
3147 2497 3320 2552 Jesus
3342 2493 3651 2568 discipulis

2000 2615 2028 2641 ‹‹
2058 2591 2182 2647 suis
2211 2607 2223 2645 :
2259 2607 2393 2645 cum
2426 2588 2840 2644 resurrexisset
2865 2604 2897 2641 a
2930 2586 3200 2643 mortuis.
3235 2611 3256 2638 ι
3296 2587 3420 2641 Non
3448 2586 3517 2640 ad
3550 2602 3652 2639 nu-

2001 2696 2227 2735 merum
2261 2677 2707 2750 apparitionem,
2741 2676 2841 2731 sed
2869 2676 3063 2748 potius
3105 2675 3175 2730 ad
3209 2675 3437 2729 dierum
3469 2674 3653 2746 perti-

2001 2769 2269 2825 net.Nam
2300 2766 2490 2839 primo
2522 2765 2616 2821 die
2646 2781 2761 2837 quo
2783 2763 3099 2820 resurrexit
3128 2780 3161 2819 a
3193 2761 3461 2828 mortuis,
3486 2762 3653 2833 quin-

2001 2857 2167 2929 quies
2192 2857 2263 2911 ab
2285 2855 2627 2911 hominibus
2647 2854 2809 2909 visus
2828 2858 2934 2909 est.
2959 2853 3173 2907 Iterum
3198 2855 3390 2905 autem
3406 2848 3522 2904 alia
3536 2849 3647 2918 die,

2002 2946 2234 3019 quando
2257 2943 2523 3017 postdies
2534 2947 2660 2998 octo
2674 2942 2945 3015 apparuit
2978 2938 3282 3011 discipulis
3300 2938 3357 2993 in
3371 2936 3647 3004 conclavi,

2004 3034 2100 3091 ubi
2127 3038 2251 3090 erat
2280 3031 2755 3089 Tliomas.Tertio
2785 3047 2917 3085 vero
2935 3029 3169 3101 quando
3195 3026 3561 3100 piscantibus
3577 3025 3649 3080 ad

2004 3140 2164 3179 mare
2194 3121 2543 3186 Tiberiadis,
2575 3120 2825 3191 septima
2855 3118 2977 3173 vice
3025 3116 3297 3189 apparuit
3327 3112 3649 3187 discipulis.

2522 3263 2831 3319 HOMlLlA
2870 3261 3133 3316 LXXVII.

2476 3367 2639 3407 FERIA
2680 3368 2884 3415 QUINTA
2926 3366 3175 3406 PASCH/E.

2072 3483 2252 3553 (10m.
2287 3479 2402 3551 xx.)
2434 3479 2553 3533 «In
2599 3476 2697 3533 illo
2745 3481 3042 3548 tempore:
3100 3473 3281 3529 Maria
3331 3472 3527 3529 stabat
3575 3471 3649 3527 ad

2003 3593 2030 3621 «
2058 3572 2507 3625 monumentum
2539 3564 2966 3637 foris,plorans.
2992 3588 3013 3615 ι
3051 3564 3121 3618 Et
3142 3561 3384 3632 reliqua.
3418 3562 3482 3616 In
3506 3558 3656 3614 mul-

2000 3659 2075 3715 tis
2106 3657 2248 3714 locis
2279 3657 2587 3728 Scriptura;
2619 3654 2804 3709 virtus
2846 3650 3288 3725 perseverantia:
3342 3646 3654 3704 laudabilis

1999 3747 2349 3813 ostenditur,
2384 3762 2500 3801 non
2531 3744 2729 3798 minus
2762 3747 2960 3797 tamen
3007 3740 3065 3795 in
3097 3738 3279 3810 hujus
3310 3736 3543 3793 exordio
3572 3734 3654 3791 le-

1998 3835 2227 3902 ctionis,
2257 3851 2435 3906 quam
2468 3832 2761 3905 praecipua
2790 3830 2975 3885 virtus
3022 3828 3100 3884 sit
3136 3826 3569 3900 cognoscimus,
3604 3824 3651 3880 si

1998 3924 2178 3995 hujus
2203 3920 2495 3994 Evangelii
2549 3919 2851 3991 superiora
2893 3933 3211 3990 parumper
3253 3915 3651 3971 attendamus.

1999 4012 2189 4084 Supra
2212 4011 2366 4065 enim
2404 4007 2603 4064 retulit
2645 4005 3020 4079 evangelista,
3073 4005 3232 4077 quia,
3266 4021 3400 4059 cum
3460 4002 3654 4058 adhuc

1996 4100 2249 4155 tenebrae
2272 4095 2678 4163 essent,Maria
2698 4093 3036 4166 Magdalene
3049 4090 3205 4147 venit
3221 4092 3293 4145 ad
3313 4106 3656 4146 monumen-

1995 4192 2142 4252 tum,
2166 4190 2223 4242 et
2250 4184 2395 4240 vidit
2424 4183 2677 4255 lapidem
2710 4180 3009 4237 sublatum
3038 4197 3071 4234 a
3105 4183 3504 4234 monumento.
3538 4177 3649 4232 Cu-

1995 4276 2177 4331 currit
2206 4290 2367 4345 ergo,
2397 4277 2454 4328 et
2500 4271 2653 4325 venit
2713 4270 2784 4325 ad
2836 4269 3136 4325 Simonem
3190 4267 3442 4323 Petrum.
3474 4270 3532 4320 et
3576 4264 3649 4319 ad

1994 4363 2176 4419 alium
2208 4359 2565 4432 discipulum
2597 4374 2773 4430 quem
2806 4356 3042 4411 amabat
3057 4356 3250 4423 Jesus,
3275 4358 3332 4410 et
3359 4353 3500 4409 dicit
3532 4352 3647 4409 eis:

1994 4450 2281 4508 'l‘ulerunt
2312 4449 2625 4504 Dominum
2650 4447 2719 4501 de
2744 4448 3210 4511 monumento,et
3240 4441 3650 4498 nescimusubi

243 4545 544 4588 numerum
597 4534 1026 4604 perveniamus.
1082 4536 1150 4591 Et
1193 4537 1332 4609 quia
1380 4555 1513 4594 vera
1567 4541 1798 4613 requies
1826 4542 1882 4595 in
1917 4550 1961 4614 Ι)
1995 4542 2318 4613 posuerunt
2348 4554 2503 4592 eum.
2539 4539 2611 4591 At
2634 4534 2718 4589 illi
2750 4537 3049 4609 currentes
3072 4531 3420 4587 introierunt
3442 4531 3499 4585 in
3533 4547 3651 4585 mo-

242 4619 450 4677 unitate
466 4626 744 4690 est,recte
758 4623 829 4678 ad
852 4625 1410 4699 quinquagesimum
1427 4628 1663 4683 additur
1677 4647 1882 4697 unum,

242 4710 506 4775 quoniam
542 4710 626 4767 sic
653 4711 724 4767 de
754 4712 1051 4783 primitiva
1075 4713 1331 4771 Ecclesia
1347 4716 1567 4771 dictum
1583 4722 1689 4773 est.
1707 4718 1887 4774 «Mul-

242 4794 500 4854 titudinis
522 4804 720 4856 autem
744 4801 1106 4858 credentium
1128 4807 1252 4859 erat
1273 4819 1372 4860 eor
1402 4823 1585 4862 unum
1614 4811 1671 4861 et
1691 4808 1887 4864 anima

242 4897 349 4940 una
376 4886 511 4957 (Act.
546 4892 641 4957 ιν).
680 4911 706 4938 ››
739 4890 808 4945 Et
838 4891 1113 4963 quoniam
1147 4893 1412 4949 custodia
1442 4895 1588 4967 legis
1618 4899 1676 4950 et
1701 4897 1891 4969 gratia

243 4972 561 5043 spiritualis
590 4977 649 5034 in
694 4979 808 5035 ﬁde
840 4985 1055 5036 sancta:
1084 4980 1386 5039 Trinitatis
1435 4988 1683 5053 constat,
1718 4987 1886 5057 quasi

243 5062 666 5138 quinquaginta
709 5067 824 5123 tria
873 5070 1301 5140 perveniamus.
1346 5071 1493 5137 Quia
1521 5072 1678 5128 enim
1712 5073 1889 5142 (sicut

244 5164 411 5222 supra
439 5152 662 5210 dictum
695 5154 804 5228 est)
837 5172 940 5228 per
985 5157 1135 5213 hanc
1188 5158 1572 5230 piscationem
1605 5162 1883 5234 Ecclesia,

243 5239 424 5306 qualis
455 5242 515 5297 in
549 5242 741 5299 futuro
789 5245 918 5314 erit,
970 5246 1355 5317 significatur,
1389 5249 1635 5322 dignum
1680 5251 1792 5307 fuit
1822 5256 1887 5307 ut

196 5368 197 5371 η
244 5326 321 5382 tot
349 5329 541 5399 pisces
565 5340 926 5405 caperentur,
960 5351 1061 5407 per
1090 5352 1237 5408 quos
1268 5334 1587 5393 electorum
1624 5356 1881 5408 summa,

244 5426 362 5482 qua;
388 5432 523 5472 eum
561 5422 797 5478 Domino
831 5427 1146 5495 regnatura
1176 5431 1283 5492 est,
1332 5426 1782 5498 significaretur.
1814 5428 1885 5484 Ut

245 5505 428 5558 autem
462 5509 740 5565 Dominus
771 5512 841 5566 de
869 5530 976 5568 sua
1008 5514 1429 5569 resurrectione
1460 5531 1693 5571 omnem
1713 5517 1882 5572 dubi-

244 5588 513 5648 tationem
546 5612 578 5650 a
601 5598 1019 5671 discipulorum
1053 5603 1350 5657 mentibus
1373 5604 1764 5672 auferret,non
1790 5623 1880 5661 so-

1996 4633 2367 4689 numentum.
2400 4631 2457 4681 et
2486 4627 2564 4681 ita
2597 4626 2942 4680 invenerunt
2977 4622 3132 4677 sicut
3183 4620 3457 4676 mulieres
3490 4620 3650 4674 dixe-

2000 4722 2155 4773 runt.
2192 4718 2260 4772 Et
2290 4717 2361 4771 de
2391 4714 2509 4770 illis
2560 4713 2827 4786 protinus
2885 4710 3174 4783 scriptum
3206 4714 3331 4765 est:
3366 4709 3653 4764 Abierunt

1998 4823 2134 4880 ergo
2166 4806 2374 4860 iterum
2399 4801 2670 4875 discipuli
2704 4802 2775 4857 ad
2818 4800 3183 4871 semetipsos.
3218 4796 3297 4853 De
3328 4796 3428 4852 illa
3452 4804 3648 4852 autem

1998 4896 2299 4952 subditur:
2340 4918 2365 4943 ‹‹
2412 4891 2593 4948 Maria
2633 4892 2823 4946 szabat
2871 4889 2942 4944 ad
3004 4890 3453 4943 monumentum
3488 4885 3647 4952 foris,

2001 5007 2027 5035 α
2059 4984 2351 5057 plorans.»
2375 4982 2480 5038 Ubi
2516 4978 3005 5036 considerandum
3028 4980 3136 5044 est,
3173 4974 3438 5031 mulieris
3471 4973 3649 5046 hujus

1997 5078 2249 5129 mentem
2265 5075 2524 5143 quantus
2536 5066 2941 5143 amorDomini
2960 5065 3459 5136 accenderat,quae
3472 5064 3648 5119 eliam

1994 5142 2299 5233 discipulis
2320 5178 2353 5215 a
2401 5142 2780 5214 monumento
2824 5153 3285 5217 discedentibus,
3319 5170 3435 5208 non
3462 5152 3647 5209 disce-

1993 5249 2184 5305 debat.
2220 5249 2285 5303 Et
2315 5247 2454 5320 quia
2476 5247 2547 5301 ab
2578 5244 2957 5316 inquisitione
2988 5260 3102 5299 non
3153 5241 3405 5298 cessavit
3460 5242 3651 5314 prima

1993 5355 2125 5394 eum
2159 5337 2351 5392 videre
2377 5336 2607 5391 meruit.
2627 5334 2789 5390 Unde
2818 5332 3199 5405 cognovimus
3228 5332 3369 5404 quia
3400 5331 3457 5386 in
3485 5331 3646 5386 omni

1994 5428 2145 5482 bono
2189 5442 2360 5498 opere
2409 5423 2837 5497 perseverantia
2896 5420 3225 5477 necessaria
3256 5425 3365 5485 est,
3399 5418 3647 5474 Domino

1996 5515 2258 5570 dicente:
2292 5537 2317 5562 ‹‹
2354 5513 2459 5578 Qui
2511 5511 2962 5584 perseveraverit
3020 5527 3207 5582 usque
3236 5509 3293 5563 in
3328 5508 3526 5573 finem,
3554 5505 3647 5559 hic

1993 5604 2188 5660 salvus
2218 5603 2328 5659 erit
2361 5602 2583 5675 (Matth.
2609 5605 2686 5672 x).
2727 5625 2752 5649 ››
2782 5601 2927 5657 Hinc
2975 5604 3084 5664 est,
3119 5598 3274 5671 quod
3328 5613 3431 5667 per
3457 5596 3641 5665 legem
