3872 6170
193 304 288 367 485

1350 289 1703 353 HOMILUE
1746 288 1846 352 DE
1892 286 2288 351 TEMPORE.

3406 301 3529 369 486

190 436 422 491 viventem
441 444 654 483 summe
675 425 1183 482 dilexeratamore.
1208 426 1469 498 Denique
1494 428 1576 492 (ut
1606 441 1770 478 evau-
1804 429 1849 493 Α
1885 423 2128 488 dissent,
2163 423 2241 477 illi
2285 440 2397 494 prro
2432 423 2649 479 cmleris
2681 435 3041 497 amaverunt,
3079 434 3278 491 Petrus
3309 441 3533 501 scilicd

185 524 367 598 gelistaz
396 523 647 584 referunt)
679 532 812 571 mox
851 520 916 571 ut
946 516 1257 571 Dominum
1303 515 1361 570 in
1393 519 1773 569 monumento

183 610 398 686 positum
416 606 564 670 vidit,
586 605 725 660 emit
745 608 1026 673 aromata,
1050 608 1105 660 et
1136 622 1306 660 mane
1335 603 1525 677 prima
1545 601 1773 659 sabbati

174 704 291 757 ante
317 698 483 754 lucem
508 697 591 763 (ut
619 710 875 765 praesens
917 692 1202 765 Evangelii
1234 692 1400 748 lectio
1431 692 1653 762 narrat)
1700 691 1773 745 ad

181 784 468 858 sepulcrum
481 780 699 838 Domini
714 780 887 836 venit.
907 782 1120 836 Etcum
1136 797 1310 837 sexus
1323 779 1776 836 femineustimi-

181 877 271 931 dus
285 888 395 929 esse
413 869 583 927 soleat
596 868 667 924 ad
695 868 1117 923 ambulandum
1136 868 1193 923 in
1214 867 1639 933 tenebris,nihil
1662 867 1776 923 ista

179 962 370 1025 metuit,
391 977 507 1032 quae
530 963 642 1014 toto
663 958 835 1014 corde
864 957 1177 1014 Dominum
1201 957 1420 1013 dilexit.
1453 958 1591 1012 Erat
1618 955 1774 1013 enim

175 1051 224 1107 in
249 1049 338 1106 illa
364 1050 601 1122 pert'ecta
628 1047 902 1112 charitas,
936 1064 1063 1119 quas
1095 1046 1249 1103 foras
1282 1046 1460 1101 mittit
1482 1045 1773 1101 timorem.

175 1140 265 1195 Sed
291 1139 548 1212 quaeritur
575 1153 751 1210 quare
781 1137 1036 1192 Joannes
1077 1136 1266 1191 dicat:
1310 1136 1493 1191 Maria
1540 1135 1775 1207 Magda-

175 1229 280 1283 lene
298 1228 437 1282 venit
457 1243 621 1281 mane
638 1244 771 1280 eum
795 1226 986 1280 adhuc
1003 1226 1251 1281 tenebrae
1266 1229 1463 1279 essent
1479 1224 1547 1279 ad
1576 1241 1779 1278 monu-

175 1322 417 1381 mentum,
442 1315 665 1370 Marcus
685 1316 985 1369 verodicat
1004 1331 1132 1369 eam
1156 1313 1382 1368 venisse
1403 1312 1567 1368 valde
1588 1330 1777 1378 mane,

172 1408 398 1477 ortojam
428 1403 563 1460 sole.
595 1404 680 1458 Ad
714 1404 869 1475 quod
900 1403 1243 1476 simpliciter
1272 1403 1622 1474 respondere
1656 1420 1782 1475 pos-

172 1512 364 1563 sumus,
387 1493 518 1566 quia
537 1493 725 1566 potuit
752 1493 873 1548 ﬁeri
907 1498 968 1547 ut
994 1494 1249 1564 primum
1282 1492 1406 1547 sola
1436 1497 1568 1546 ante
1590 1490 1777 1547 lucem

171 1586 226 1640 ad
253 1588 677 1639 monumentum
717 1583 938 1637 venerit
969 1586 1204 1655 prepter
1231 1580 1449 1636 amoris
1484 1581 1782 1653 magnitu-

170 1675 355 1739 dinem,
404 1679 457 1728 et
501 1677 701 1745 postea
748 1678 873 1727 orto
922 1671 1042 1728 sole
1090 1689 1223 1727 cum
1254 1671 1487 1727 duabus
1515 1672 1778 1742 ejusdem

169 1763 392 1818 nominis
422 1761 650 1823 feminis
676 1761 887 1817 iterum
920 1762 990 1816 ad
1037 1766 1483 1815 monumentum
1526 1759 1778 1815 redierit.
1813 1795 1858 1859 Β

168 1853 270 1907 Non
298 1852 443 1906 enim
474 1850 656 1906 semel
700 1850 757 1905 in
790 1851 904 1917 die,
936 1851 1037 1905 sed
1086 1852 1419 1921 frequenter
1448 1850 1519 1905 ad
1551 1847 1781 1905 Domini

169 1945 574 1995 monumentum
592 1939 1086 1995 sanctamulieres
1099 1937 1324 1994 venisse
1337 1938 1606 2011 putandae
1620 1941 1778 1992 sunt.

167 2027 273 2082 Sive
300 2031 441 2082 certe
488 2027 649 2098 quod
697 2026 951 2082 Joannes
1000 2026 1159 2091 dicit,
1208 2025 1436 2082 venisse
1466 2044 1593 2080 eam
1646 2042 1780 2079 cum

165 2117 328 2171 adhuc
355 2116 601 2171 tenebrae
632 2118 827 2171 essent
859 2116 929 2170 ad
962 2104 1428 2182 monumentum,
1465 2120 1520 2169 et
1555 2115 1783 2170 Marcus

165 2209 268 2260 orto
284 2207 399 2275 jam
420 2202 557 2272 sole,
597 2220 752 2258 unus
784 2203 967 2275 partis
997 2204 1261 2276 orientis,
1292 2204 1439 2259 alter
1468 2203 1784 2258 occidentis

163 2294 427 2348 describit.
450 2292 720 2358 Quotidie
740 2293 894 2347 enim
928 2292 1111 2348 oculis
1143 2293 1460 2359 cernimus,
1494 2293 1631 2364 quia
1650 2310 1784 2347 cum

164 2382 231 2437 sol
255 2399 518 2439 concavas
540 2387 834 2437 terrarum
858 2386 1052 2454 partes
1075 2381 1429 2455 relinquens,
1454 2383 1642 2455 primo
1664 2399 1786 2437 cre-

164 2470 375 2542 pusculo
409 2472 574 2528 terris
614 2471 801 2526 lucem
848 2471 1089 2526 reddere
1134 2471 1357 2544 incipit,
1390 2471 1471 2526 ita
1502 2474 1567 2526 ﬁt
1598 2471 1696 2526 lux
1726 2471 1785 2526 in

163 2561 370 2629 oriente,
393 2566 455 2616 ut
479 2562 735 2617 tenebrae
759 2578 873 2615 non
896 2561 1091 2616 desint
1113 2560 1169 2615 in
1193 2562 1508 2616 occidente.
1534 2562 1602 2615 Et
1632 2560 1787 2632 quod

164 2651 498 2718 aitJoannes,
524 2667 664 2706 cum
688 2650 880 2705 adhuc
901 2650 1150 2704 tenebrae
1171 2653 1386 2713 essent,
1419 2654 1612 2721 partes
1634 2649 1788 2704 occi-

164 2740 327 2795 dentis
355 2741 641 2796 attendit:
677 2740 831 2812 quod
862 2756 996 2793 vero
1036 2738 1264 2793 Marcus
1312 2738 1471 2804 dicit,
1503 2742 1626 2793 orto
1662 2740 1789 2809 jam

165 2827 281 2891 sole,
310 2832 494 2901 partes
524 2827 776 2884 orientis
802 2826 1204 2882 consideravit.
1238 2826 1633 2899 Spiritualiter
1661 2843 1791 2881 vero

165 2917 380 2973 tenebrae
398 2917 456 2973 in
480 2917 662 2974 corde
684 2916 947 2972 mulieris
967 2919 1152 2981 erant,
1176 2933 1309 2971 cum
1341 2915 1413 2971 ad
1442 2915 1671 2970 Domini
1704 2932 1795 2971 ve-

167 3005 234 3060 nit
262 3012 739 3062 monumentum:
773 3005 913 3077 quia
943 3004 1383 3061 resurrectionis
1405 3005 1533 3074 ejus
1564 3003 1790 3075 ignara,

162 3095 413 3151 viventem
446 3096 610 3152 inter
638 3099 897 3149 mortuos
923 3093 1273 3165 requirebat.
1307 3093 1471 3147 Tunc
1502 3096 1696 3146 autem
1734 3092 1791 3146 in

163 3183 269 3253 ejus
297 3189 480 3240 mente
526 3182 625 3240 sol
656 3188 818 3238 ortus
849 3187 956 3248 est,
1002 3182 1235 3255 quando
1264 3198 1398 3237 eum
1434 3198 1547 3237 non
1598 3179 1788 3236 solum
1822 3159 1864 3225 (ἶ

161 3274 514 3331 resurrexisse
532 3273 709 3338 vidit,
734 3272 834 3328 sed
858 3271 1033 3327 etiam
1064 3270 1329 3326 credidit.

219 3384 242 3409 ‹‹
271 3362 331 3415 Et
357 3363 500 3417 vidit
516 3361 781 3434 lapidem
804 3360 1101 3416 sublatum
1124 3376 1158 3414 a
1174 3363 1572 3416 monumento.
1602 3382 1630 3408 »
1652 3359 1798 3423 Qua-

159 3447 269 3504 liter
300 3450 384 3506 vel
432 3451 679 3524 quando
732 3448 1010 3505 revolutio
1042 3449 1222 3520 hujus
1272 3447 1486 3522 lapidis
1518 3450 1666 3505 facta
1697 3450 1795 3517 sit,

162 3536 433 3596 Mattheus
461 3540 843 3597 manifestius
875 3538 1170 3605 describit,
1206 3538 1441 3593 dicens:
1478 3562 1505 3589 «
1538 3538 1797 3611 Angelus

90 3638 95 3641 '
159 3627 346 3701 quippe
368 3629 610 3686 Domini
633 3627 931 3685 descendit
951 3627 1019 3682 de
1048 3626 1212 3692 coelo,
1234 3630 1291 3682 et
1311 3628 1589 3684 accedens
1613 3626 1794 3682 revol-

163 3715 228 3769 vit
253 3716 518 3790 lapidem,
551 3722 619 3775 et
648 3717 887 3772 sedebat
920 3732 1097 3787 super
1127 3732 1261 3771 eum
1294 3716 1498 3783 (ΜαιιΙι.
1528 3718 1746 3789 xxvm).
1770 3739 1797 3765 ››

164 3802 249 3859 Ubi
280 3825 386 3863 non
432 3807 771 3879 putandum
799 3809 888 3860 est
918 3806 1070 3876 quod
1104 3805 1417 3860 Dominum
1450 3805 1508 3859 in
1542 3823 1800 3861 resurre-

163 3893 326 3951 ctione
355 3896 609 3970 angelus
632 3894 868 3967 juverit,
903 3894 1000 3949 sed
1027 3894 1097 3948 ad
1131 3892 1241 3948 hoc
1263 3893 1513 3966 lapidem
1544 3893 1798 3960 revolvit,

164 3987 215 4037 ut
250 3986 366 4056 ejus
400 3984 895 4042 resurrectionem
945 3983 1155 4038 factam
1188 3982 1528 4038 hominibus
1558 3983 1801 4038 demon-

166 4076 366 4129 straret.
392 4077 502 4132 Sed
526 4074 746 4130 mulier
761 4078 1072 4145 postquam
1094 4072 1347 4144 lapidem
1367 4088 1400 4125 a
1422 4076 1801 4127 monumento

166 4161 435 4219 sublatum
453 4165 622 4231 vidit,
649 4163 791 4234 quia
807 4161 1118 4217 Dominum
1135 4161 1285 4216 nond
1297 4177 1394 4215 um
1416 4161 1802 4216 resurrexisse

165 4251 429 4319 credebat,
455 4254 722 4308 furatum
750 4249 1015 4318 credidit,
1041 4254 1214 4323 atque
1246 4249 1455 4304 festina
1485 4250 1640 4322 quod
1662 4250 1806 4304 vidit

166 4335 446 4412 discipulis
474 4338 792 4396 nuntiavit.
817 4339 946 4394 Haec
976 4343 1065 4395 est
1093 4339 1391 4408 veraciter,
1418 4355 1543 4409 quae
1566 4338 1624 4392 in
1657 4338 1802 4394 Can-

166 4426 277 4482 ticis
304 4431 672 4486 canticorum
703 4444 839 4484 voce
888 4426 1156 4483 Ecclesiae
1187 4426 1361 4482 dicit:
1424 4451 1451 4477 ‹‹
1486 4428 1548 4482 In
1594 4427 1806 4483 lectulo

1882 518 1939 566 et
1968 512 2246 579 Joannes,
2268 514 2439 585 cujus
2457 512 2677 569 esthoc
2698 516 3096 589 Evangelium.
3122 522 3283 580 Unde
3306 532 3363 583 et
3385 530 3532 587 bene

1881 601 2134 656 dicitur:

1955 713 1981 741 ‹‹
2014 690 2163 746 Exiit
2195 708 2331 763 ergo
2367 692 2570 748 Petrus
2590 698 2647 749 et
2668 693 2761 749 ille
2783 694 2935 754 alius
2957 698 3303 774 discipulus,
3337 710 3395 760 et
3441 723 3533 762 ve-

1884 804 1911 830 ‹‹
1942 784 2155 835 nerunt
2180 779 2250 834 ad
2302 787 2748 838 monumentum
2775 801 2787 838 :
2819 785 3144 845 Currebant
3173 796 3370 848 autem
3419 796 3536 852 duo

1885 890 1911 917 ‹‹
1940 867 2139 933 simul,
2172 874 2227 923 et
2257 868 2352 924 ille
2381 868 2532 926 alius
2554 871 2878 944 discipulus
2904 879 3205 947 przecurrit
3233 880 3406 939 citius
3434 885 3542 941 Pe-

1885 980 1912 1006 ‹‹
1950 962 2054 1019 tro.
2090 962 2145 1012 et
2173 957 2329 1013 venit
2353 958 2577 1030 primus
2598 961 2668 1015 ad
2704 971 3175 1024 monumentum.
3208 970 3277 1025 Et
3306 988 3440 1029 cum
3475 992 3537 1030 se

1887 1045 2304 1112 «inclinasset,
2355 1046 2500 1103 vidit
2547 1049 2738 1120 posita
2766 1049 3128 1122 linteamina,
3173 1074 3289 1114 non
3341 1066 3537 1119 tamen

1886 1159 1910 1185 (ι
1949 1134 2224 1191 introivit.
2266 1135 2437 1191 Venit
2468 1153 2603 1210 ergo
2632 1138 2834 1194 Simon
2865 1141 3069 1197 Petrus
3100 1162 3349 1218 sequens
3379 1168 3537 1222 eum,

1888 1246 1915 1273 ‹‹
1945 1227 2001 1279 ct
2037 1224 2275 1279 intravit
2303 1224 2362 1279 in
2397 1232 2865 1284 monumentum.
2903 1231 2971 1285 Et
2998 1232 3145 1288 vidit
3194 1234 3542 1297 linteamina

1886 1335 1914 1362 «
1950 1313 2158 1385 posita,
2184 1317 2240 1368 et
2264 1314 2567 1369 sudarium
2601 1317 2754 1388 quod
2779 1318 2966 1374 fuerat
2997 1337 3173 1393 super
3192 1331 3367 1397 caput
3386 1330 3537 1399 ejus,

1887 1426 1914 1451 ‹‹
1950 1419 2064 1457 non
2090 1419 2221 1456 cum
2239 1401 2680 1461 linteaminibus
2702 1407 2978 1478 positum,
3006 1411 3103 1465 sed
3125 1417 3435 1485 separatim
3459 1418 3544 1473 in-

1888 1515 1915 1541 ‹‹
1951 1490 2212 1545 volutum
2248 1491 2304 1545 in
2338 1509 2518 1547 unum
2543 1492 2756 1550 locum.
2786 1520 2812 1545 ››
2845 1496 3063 1554 Cursus
3096 1507 3288 1558 autem
3323 1504 3431 1560 iste
3462 1506 3545 1563 di-

1889 1579 2247 1651 scipulorum
2281 1597 2314 1634 a
2356 1582 2628 1654 mysterio
2658 1601 2876 1640 vacuus
2925 1604 3037 1642 non
3088 1595 3176 1645 est
3222 1596 3539 1664 putandus.

1890 1668 2015 1723 Non
2039 1668 2192 1723 enim
2218 1685 2279 1723 se
2300 1670 2548 1724 Joannes
2571 1672 2823 1745 priorem
2852 1677 3081 1745 venisse
3105 1685 3163 1734 et
3194 1698 3307 1737 non
3331 1682 3543 1741 intras-

1891 1774 1951 1812 se
1983 1755 2243 1823 dixisset,
2280 1757 2329 1812 si
2378 1758 2434 1812 in
2468 1758 2597 1830 ipsa
2628 1777 2736 1816 sua
2765 1762 3149 1834 trepidatione
3200 1772 3542 1842 mysterium

1891 1846 2095 1900 deesse
2126 1845 2425 1900 sensisset.
2459 1847 2565 1902 Per
2593 1848 2740 1905 duos
2766 1867 2902 1923 ergo
2924 1853 3242 1928 discipulos
3273 1860 3547 1931 spiritali-

1891 1935 2124 1989 terduo
2155 1935 2391 1990 ordines
2440 1936 2637 2009 populi
2690 1941 3158 2013 prazﬁgurantur,
3208 1946 3544 2004 Judaeorum

1891 2022 2111 2077 scilicet
2160 2027 2217 2077 et
2258 2024 2541 2094 gentium.
2577 2026 2684 2082 Per
2715 2027 2947 2084 Petrum
3000 2038 3194 2089 autem
3235 2036 3544 2107 seniorem,

1892 2109 2258 2182 signiﬁcatur
2307 2113 2542 2184 gentilis
2590 2115 2879 2187 populus:
2933 2137 3036 2192 per
3073 2123 3369 2192 juniorem
3418 2144 3549 2183 vero

1892 2199 2200 2269 Joannem,
2226 2218 2521 2275 synagoga
2541 2204 2900 2263 Judzeorum.
2935 2208 3099 2264 Prior
3128 2228 3263 2284 ergo
3293 2214 3550 2271 Joannes

1896 2289 2170 2357 cucurrit,
2196 2291 2294 2345 sed
2325 2291 2383 2344 in
2419 2299 2863 2350 monumentum
2887 2314 3001 2351 non
3027 2298 3291 2356 intravit:
3326 2304 3464 2374 quia
3491 2303 3549 2359 in

1897 2379 2227 2452 cognitione
2266 2379 2365 2435 Dei
2389 2384 2444 2435 et
2484 2381 2854 2455 notitialegis
2876 2386 3036 2456 prior
3064 2386 3371 2461 Synagoga
3420 2392 3548 2459 fuit,

1897 2470 1998 2524 sed
2023 2468 2095 2523 ad
2128 2469 2300 2523 ﬁnem
2326 2469 2539 2524 intrare
2572 2472 2781 2527 renuit.
2806 2472 2976 2528 Venit
2999 2480 3194 2531 autem
3230 2478 3431 2534 Simon
3456 2479 3553 2536 Pe-

1899 2563 2024 2613 trus
2056 2574 2306 2628 sequens
2337 2575 2492 2625 eum,
2525 2557 2855 2627 etintravit,
2879 2562 3017 2633 quia
3038 2564 3272 2636 gentilis
3300 2567 3554 2639 populus

1899 2651 2031 2719 post
2066 2645 2289 2700 Domini
2320 2645 2779 2703 incarnationem
2813 2666 3148 2716 conversus,
3172 2654 3397 2709 tardius
3428 2657 3555 2727 qui-

1899 2736 2029 2790 dem
2064 2734 2239 2799 venit,
2276 2735 2375 2791 sed
2410 2734 2573 2806 prius
2617 2737 2687 2790 ad
2726 2737 2897 2791 ﬁdem
2934 2737 3186 2806 intravit,
3210 2742 3382 2812 juxta
3409 2743 3552 2799 illud

1900 2824 2052 2897 quod
2113 2822 2193 2877 ait
2241 2822 2301 2877 in
2354 2822 2662 2896 Evangelia
2721 2826 3040 2882 Dominus:
3093 2850 3119 2877 ‹‹
3154 2828 3335 2884 Erunt
3378 2832 3551 2902 primi

1902 2910 2224 2979 novissimi,
2266 2916 2321 2966 et
2373 2912 2675 2967 novissimi
2734 2914 2908 2987 primi
2942 2916 3157 2988 (Matth.
3196 2918 3309 2990 xx).
3345 2941 3373 2969 ››
3410 2943 3437 2970 ‹‹
3487 2920 3556 2975 Et

1900 3002 2043 3057 vidit
2064 2999 2406 3055 linteamina
2428 2999 2634 3072 posita,
2660 3007 2716 3056 et
2746 3003 3050 3060 sudarium
3074 3007 3229 3077 quod
3258 3006 3444 3063 fuerat
3464 3025 3557 3064 su-

1904 3108 2007 3164 per
2028 3094 2201 3161 caput
2220 3090 2368 3160 ejus,
2395 3106 2509 3145 non
2532 3106 2666 3144 cum
2689 3090 3129 3150 linteaminibus
3150 3095 3428 3166 positum,
3454 3098 3556 3153 sed

1904 3177 2219 3252 separatim
2243 3177 2565 3233 involutum
2590 3179 2649 3234 in
2674 3197 2855 3234 unum
2877 3179 3138 3236 locum.»
3162 3183 3306 3246 Quid
3332 3202 3434 3257 per
3451 3185 3559 3241 lin-

1902 3267 2178 3333 teamina,
2203 3267 2314 3321 nisi
2338 3267 2502 3323 home
2525 3268 2782 3325 actiones
2803 3268 3209 3343 signiﬁcantur
3228 3272 3256 3328 ‘I
3287 3272 3557 3330 Linteum

1905 3374 2181 3429 namque,
2206 3358 2359 3428 quod
2394 3374 2527 3412 cum
2560 3357 2756 3413 labore
2788 3360 3020 3427 texitur,
3054 3362 3154 3416 sed
3187 3379 3322 3417 cum
3354 3364 3560 3420 decore

1906 3447 2188 3513 induitur,
2239 3447 2528 3501 bonorum
2576 3446 2833 3503 actiones
2882 3449 3211 3521 signiﬁcat:
3246 3468 3371 3524 quae
3424 3470 3559 3509 cum

1906 3535 2102 3592 studio
2126 3536 2203 3608 pii
2227 3535 2446 3590 laboris
2469 3536 2869 3607 perﬁciuntur,
2904 3537 3006 3594 sed
3051 3555 3185 3594 cum
3209 3540 3412 3598 decore
3434 3542 3560 3598 ani-

1908 3643 2018 3682 mze
2056 3626 2403 3690 induuntur,
2436 3625 2506 3681 de
2537 3626 2755 3698 quibus
2801 3627 3067 3684 Ecclesiae
3098 3645 3233 3684 voce
3280 3647 3384 3702 per
3430 3648 3561 3703 pro-

1908 3715 2145 3788 phetam
2194 3714 2444 3770 dicitur:
2498 3738 2525 3765 «
2555 3714 2688 3771 Vivo
2719 3733 2846 3789 ego,
2889 3717 3031 3773 dicit
3075 3719 3379 3787 Dominus,
3427 3720 3563 3792 quia

1909 3804 2185 3861 omnibus
2207 3804 2298 3860 his
2335 3803 2493 3859 velut
2513 3810 2855 3861 ornamento
2886 3807 3149 3863 vestieris
3175 3811 3302 3876 (Isa.
3337 3815 3506 3878 xux).
3534 3831 3562 3858 »

1911 3895 2019 3949 Per
2046 3893 2348 3949 sudarium
2373 3909 2525 3959 vero,
2550 3910 2681 3949 cum
2707 3911 2819 3966 quo
2842 3897 3022 3951 sudor
3041 3896 3436 3953 laborantium
3460 3903 3568 3953 ter-

1910 3981 1966 4056 gi
1998 3982 2162 4047 solet,
2195 3981 2350 4036 unde
2397 3986 2455 4036 et
2497 3998 2708 4036 nomen
2739 3985 2979 4055 accepit,
3039 3985 3205 4041 labor
3257 3986 3564 4042 Dominicze

1911 4071 2202 4144 passionis
2232 4070 2595 4141 exprimitur.
2624 4069 2782 4124 Unde
2810 4076 2864 4125 et
2895 4072 3019 4143 ipse
3046 4090 3146 4144 per
3176 4074 3521 4146 Prophetam
3548 4092 3560 4130 :

1913 4183 1939 4210 «
1967 4158 2245 4215 Laboravi
2276 4157 2558 4223 clamans,
2596 4174 2781 4212 raucae
2832 4159 2995 4214 factis
3028 4165 3166 4215 sunt
3198 4163 3394 4218 fauces
3425 4180 3564 4219 mea:

1912 4249 2081 4320 (Psel.
2117 4247 2322 4303 vam).
2353 4268 2380 4294 »
2410 4244 2621 4300 Aliter:
2674 4262 2776 4316 per
2820 4248 3124 4303 sudarium
3179 4250 3336 4320 quod
3389 4267 3567 4321 super

1913 4340 2090 4411 caput
2120 4337 2247 4407 ejus
2278 4334 2533 4408 positum
2585 4334 2793 4401 fuerat,
2826 4337 2955 4407 ejus
3000 4337 3285 4393 Divinitas
3318 4338 3565 4411 intelligi

1915 4431 2121 4500 potest.
2161 4450 2187 4475 ‹‹
2213 4426 2401 4497 Caput
2423 4442 2677 4497 namque
2696 4424 2929 4493 Christi,
2953 4425 3035 4480 ait
3056 4425 3388 4497 Apostolus,
3414 4427 3567 4482 Deus

169 4529 278 4570 meo
313 4534 414 4590 per
442 4523 681 4574 noctem
714 4516 953 4589 quaesivi
986 4533 1160 4589 quem
1193 4515 1381 4588 diligit
1410 4516 1607 4571 anima
1638 4534 1803 4574 mea:
1840 4529 1883 4594 ι)
1915 4520 2003 4572 est
2043 4518 2092 4582 (I
2118 4517 2237 4572 Cor.
2269 4516 2369 4577 xu).
2405 4536 2433 4563 »
2491 4515 2653 4579 Quod
2703 4513 3015 4586 separatim
3066 4514 3378 4582 invenitur,
3431 4514 3570 4588 quia

168 4606 379 4672 quaesivi
414 4607 613 4675 illum,
635 4612 693 4664 et
714 4623 826 4661 non
850 4605 1066 4660 inveni.
1091 4604 1337 4677 Surgam
1360 4608 1415 4659 et
1437 4604 1694 4661 circuibo
1720 4605 1804 4661 ci-

168 4690 686 4769 vitatem,quaerens
698 4712 874 4775 quem
889 4693 1288 4767 diligitanima
1300 4710 1447 4749 mea.
1465 4693 1814 4751 Invenerunt

170 4797 245 4836 me
264 4784 463 4858 vigiles
481 4785 589 4857 qui
611 4785 956 4840 custodiunt
976 4781 1286 4837 civitatem.
1306 4782 1471 4837 Nune
1494 4799 1668 4854 quem
1687 4783 1814 4839 dili-

169 4869 239 4941 git
258 4873 453 4929 anima
473 4891 611 4930 mea
629 4874 857 4929 vidistis
877 4874 905 4927 ‘2
924 4872 993 4927 Et
1014 4872 1229 4927 factum
1255 4875 1342 4927 est
1363 4871 1501 4925 dum
1528 4877 1814 4943 pertrans-

167 4956 324 5016 issem
356 4962 512 5030 illos,
540 4962 734 5018 inveni
760 4979 933 5034 quem
956 4959 1151 5033 diligit
1170 4959 1367 5014 anima
1388 4977 1535 5014 mea.
1560 4961 1810 5016 ’l‘eneam

167 5044 317 5104 illum
346 5069 452 5108 nec
483 5050 806 5117 dimittam,
841 5051 1023 5106 donec
1067 5048 1434 5104 introducam
1479 5050 1535 5103 in
1568 5050 1809 5105 domum

166 5138 327 5205 patris
353 5142 492 5210 mei,
526 5146 587 5196 et
618 5141 675 5195 in
708 5138 1043 5195 cubiculum
1098 5136 1396 5211 genitricis
1449 5155 1589 5193 mea;
1631 5139 1809 5206 (Cant.

169 5230 262 5293 ιιι).
298 5251 323 5277 ι»
354 5229 519 5287 Unde
553 5235 615 5285 et
643 5230 946 5286 subditur:

222 5337 254 5393 ει(
285 5320 558 5387 cucurrit
591 5335 726 5391 ergo
748 5324 802 5375 et
832 5318 988 5374 venit
1018 5317 1088 5372 ad
1122 5316 1418 5373 Simonem
1470 5316 1726 5383 Petrum,
1759 5322 1816 5372 et

170 5424 195 5449 (ι
222 5405 288 5459 ad
319 5407 507 5462 alium
541 5406 897 5479 discipulum
930 5422 1101 5479 quem
1135 5404 1373 5461 amabat
1417 5404 1607 5471 Jesus,
1643 5409 1698 5460 et
1728 5406 1814 5460 di-

172 5511 197 5541 u
224 5493 295 5549 cit
314 5495 429 5553 eis:
456 5495 749 5552 Tulerunt
769 5495 1080 5551 Dominum
1106 5510 1300 5550 meum
1322 5494 1392 5548 de
1414 5500 1812 5562 monumento,

172 5602 197 5632 α
225 5586 278 5637 et
304 5586 609 5644 nescimus
634 5586 729 5644 ubi
763 5588 1083 5665 posuerunt
1113 5600 1267 5641 eum.
1294 5604 1323 5636 »
1356 5581 1517 5652 Quod
1550 5598 1682 5638 cum
1717 5600 1820 5640 au-

1916 4607 2148 4663 Creator
2184 4621 2416 4660 omnem
2449 4608 2774 4659 creaturam
2813 4602 3062 4660 excellit.
3095 4604 3219 4659 Non
3268 4621 3403 4678 ergo
3435 4622 3567 4660 cum

1921 4694 2383 4761 linteaminibus,
2409 4694 2508 4748 sed
2523 4692 2845 4764 separatim
2880 4693 2939 4747 in
2971 4710 3153 4747 unum
3187 4692 3377 4748 locum
3401 4694 3571 4748 suda-

1922 4785 2043 4839 rius
2073 4783 2281 4857 capitis
2311 4781 2539 4838 Domini
2582 4781 2908 4837 invenitur:
2942 4781 3081 4853 quia
3112 4782 3341 4836 Domini
3374 4781 3567 4854 passio

1919 4873 2089 4946 longe
2111 4890 2143 4927 a
2159 4877 2355 4927 nostra
2366 4872 2635 4943 passione
2650 4870 2955 4925 dissimilis
2969 4871 3098 4937 fuit,
3123 4869 3399 4942 quoniam
3414 4870 3571 4943 quod

1921 4980 2029 5017 nos
2058 4978 2193 5016 cum
2216 4965 2449 5033 peccato
2469 4961 2560 5015 vix
2581 4965 2904 5032 portamus,
2928 4957 3023 5014 ille
3045 4959 3169 5015 sine
3195 4964 3427 5030 peccato
3450 4976 3573 5031 per-

1920 5050 2088 5106 tulit:
2121 5055 2177 5106 et
2209 5067 2314 5105 nos
2345 5049 2578 5121 quidem
2613 5066 2715 5121 pro
2756 5049 2925 5104 nobis
2972 5048 3117 5120 ipsis
3166 5048 3575 5107 tribulationes

1922 5141 2201 5213 patimur,
2223 5138 2319 5193 ille
2340 5143 2533 5193 autem
2566 5154 2668 5210 pro
2701 5138 2891 5204 nobis,
2913 5142 2972 5193 et
2996 5155 3108 5193 non
3133 5155 3236 5211 pro
3267 5155 3329 5195 se
3362 5156 3574 5211 passus

1922 5234 2032 5285 est.
2058 5229 2208 5283 Bene
2230 5232 2426 5282 autem
2444 5225 2766 5282 involutum
2790 5228 3033 5283 inveniri
3056 5227 3289 5283 dicitur.
3306 5228 3574 5284 Linteum

1923 5317 2077 5374 enim
2110 5317 2262 5388 quod
2296 5315 2624 5382 involvitur,
2655 5317 2783 5387 ejus
2805 5333 2908 5373 nec
2931 5316 3165 5372 initium
3198 5334 3302 5373 nec
3329 5317 3464 5373 ﬁnis
3492 5318 3576 5371 vi-

1923 5408 2110 5463 detur.
2157 5406 2226 5460 Et
2255 5405 2394 5478 quia
2426 5403 2537 5471 hic,
2573 5405 2670 5478 qui
2713 5423 2925 5478 passus
2953 5410 3041 5463 est
3072 5407 3130 5462 iu
3190 5406 3573 5471 humanitate,

1926 5513 2030 5552 nec
2064 5494 2297 5549 initium
2340 5511 2442 5549 nec
2474 5494 2648 5548 ﬁnem
2680 5493 2921 5551 haberet
2950 5496 3007 5550 in
3058 5495 3389 5559 Divinitate,
3423 5496 3576 5548 recte

1925 5584 2231 5643 sudarium
2283 5583 2490 5660 capitis
2539 5583 2668 5658 ejus
2697 5583 3025 5645 involutum
3056 5582 3367 5642 invenitur.
3402 5580 3577 5641 Recte
