4012 6174
400 293 521 355 487

970 297 1374 359 HAYMONIS
1423 297 1969 362 HALBEllSTAT.
2019 298 2266 364 EPISC.
2303 302 2474 364 UPP.
2527 305 2722 365 l‘AltS
2770 304 2839 365 ll.
2881 340 2954 349 —
2992 306 3248 367 HOMIL.

3650 320 3746 381 488

386 427 573 485 "etiam
599 428 657 483 in
679 444 795 483 uno
818 427 940 483 loco
964 427 1209 483 inveniri
1240 429 1488 485 dicitur:
1537 431 1677 502 quia
1709 431 1767 485 in
1799 431 2058 488 scissura
2087 437 2139 501 Α
2171 451 2289 490 nos-
2331 436 2660 503 credamus,
2721 442 2778 492 et
2834 437 3126 494 mandatis
3190 440 3311 509 ejus
3372 442 3591 501 ﬁdeliter
3636 449 3745 507 obe'

398 517 685 572 mentium
718 516 1002 572 Dominus
1035 533 1148 572 non
1171 523 1279 585 est,
1303 520 1401 573 sed
1426 519 1484 573 in
1514 518 1748 574 illorum
1776 521 2052 577 cordibus

395 606 640 672 habitat,
687 606 785 677 qui
817 622 965 678 puro
1014 608 1184 662 corde
1235 607 1515 663 unitatem
1567 609 1839 665 retinent.
1889 610 2050 665 Unus

394 693 550 750 enim
581 694 886 759 Dominus,
920 695 1205 750 unitatem
1238 695 1447 769 diligit.
1486 697 1679 752 Unum
1710 715 1845 771 ergo
1871 699 2050 755 dividi

395 799 512 837 non
542 786 750 854 potest,
777 781 915 853 quia
937 781 1033 837 ubi
1057 783 1261 840 divisio
1283 789 1395 855 est,
1428 784 1693 842 Christus
1722 786 2051 843 inhabitare

382 880 510 926 ‘non
540 870 727 925 valet:
771 872 1050 942 quoniam
1082 872 1204 944 ipse
1234 879 1340 942 est,
1384 874 1483 945 qui
1538 876 1674 930 facit
1723 874 2052 933 inhabitare

394 960 703 1015 unanimes
726 960 783 1014 in
807 959 978 1015 domo
1021 961 1196 1021 (Psat.
1232 967 1424 1030 vau).
1459 963 1621 1019 Unde
1651 970 1707 1019 et
1748 965 1818 1019 de
1848 964 2048 1037 primi-

392 1048 509 1105 tiva
528 1047 785 1103 Ecclesia
812 1049 1051 1107 dicitur:
1091 1050 1527 1108 «Multitudinis
1542 1054 1904 1108 credentium
1928 1058 2050 1111 erat

380 1154 490 1192 [cor
521 1137 750 1197 unum(
786 1146 882 1193 Ict.
918 1140 1016 1210 IV),
1056 1163 1082 1187 ››
1115 1143 1172 1195 et
1204 1139 1448 1213 reliqua.

461 1248 489 1275 «
523 1227 686 1281 Tunc
714 1242 850 1299 ergo
880 1227 1139 1283 introivit
1169 1228 1265 1284 ille
1300 1229 1625 1303 discipulus
1674 1232 1772 1304 qui
1811 1237 2049 1288 venerat

394 1338 415 1365 α
452 1315 678 1387 primus
729 1317 798 1370 ad
859 1323 1395 1374 monumentum.»
1450 1321 1766 1393 Postquam
1814 1321 2048 1377 intravit

386 1405 612 1471 Petrus,
636 1404 872 1461 intravit
902 1409 957 1460 et
986 1406 1263 1476 Joannes,
1289 1409 1390 1479 qui
1415 1408 1577 1481 prius
1603 1415 1871 1466 venerat:
1907 1410 2047 1483 quia

384 1493 538 1547 sicut
573 1494 887 1566 Apostolus
918 1496 995 1550 ait
1023 1512 1035 1548 :
1080 1520 1105 1544 ‹‹
1134 1498 1279 1551 Cum
1314 1495 1613 1569 plenitudo
1661 1500 1923 1571 gentium
1955 1500 2043 1555 in-

384 1582 627 1651 troierit,
661 1589 799 1639 tunc
822 1585 1015 1640 υηιηὶδ
1041 1586 1212 1641 lsrael
1243 1587 1439 1642 salvus
1464 1588 1559 1643 ﬁet
1580 1592 1756 1656 (Rom.
1781 1592 1880 1656 x1).
1918 1612 1945 1647 ››
1980 1590 2043 1645 Et

374 1682 498 1726 non
512 1672 678 1743 prius
692 1673 846 1744 quod
861 1675 1122 1744 spiritale
1135 1679 1241 1741 est,
1258 1676 1355 1730 sed
1374 1677 1528 1748 quod
1544 1676 1818 1743 animale,
1832 1677 2041 1734 deinde

381 1762 537 1870 quod
565 1761 847 1862 spiritale.
880 1788 907 1812 «
1042 1763 1183 1818 vidit
1213 1770 1269 1819 et
1295 1765 1558 1870 cre‘didit.
1590 1790 1615 1815 ››
1648 1767 1795 1866 Quid
1830 1771 2037 1839 putan—
2070 1807 2114 1870 Β

380 1849 521 1905 dum
554 1855 644 1907 est
672 1850 887 1906 vidisse
918 1852 1002 1907 vel
1036 1853 1401 1910 credidisse?
1441 1854 1715 1927 Nunquid
1742 1857 1895 1927 quod
1927 1856 2036 1912 Do-

380 1939 578 1995 minus
611 1940 991 1996 resurrexerit
1020 1958 1052 1996 a
1084 1941 1377 1998 mortuis?
1416 1943 1559 1998 Non.
1597 1944 1707 1999 Sed
1741 1943 1883 1999 vidit
1924 1944 2035 2000 lin-

374 2028 631 2082 teamina
681 2028 890 2100 posita,
943 2035 1000 2085 et
1048 2030 1293 2085 credidit
1337 2031 1509 2103 (sicut
1549 2032 1762 2088 mulier
1790 2033 2034 2101 dixerat)

379 2118 686 2173 Dominum
718 2118 977 2173 furatum
1010 2121 1079 2175 de
1113 2125 1515 2177 monumento.
1549 2122 1693 2177 Nam
1717 2122 1767 2177 si
1791 2123 1919 2194 ejus
1952 2140 2035 2179 re-

376 2207 795 2261 surrectionem
846 2208 1206 2272 credidisset,
1254 2226 1627 2282 nequaquam
1677 2210 2034 2283 evangelista

375 2297 503 2366 subj
514 2314 545 2349 u
558 2314 587 2349 ι]
597 2300 758 2368 geret
779 2312 791 2352 :

445 2409 471 2434 ‹‹
500 2385 767 2440 Nondum
790 2386 945 2441 enim
980 2385 1241 2442 sciebant
1260 2387 1612 2460 Scripturas,
1649 2388 1789 2459 quia
1811 2393 2033 2461 oporte-

375 2497 400 2524 ‹‹
434 2474 532 2529 bat
561 2491 693 2529 eum
713 2491 746 2529 a
768 2475 1015 2531 mortuis
1041 2492 1361 2549 resurgere.
1384 2500 1411 2525 ››
1444 2478 1505 2531 In
1528 2495 1642 2549 quo
1666 2476 1788 2533 loco
1811 2481 2030 2550 quanta

372 2562 597 2618 utilitas
628 2564 703 2619 sit
734 2564 793 2618 in
826 2562 1119 2620 intellectu
1154 2565 1615 2637 Scripturarum,
1662 2568 2029 2623 demonstra-

372 2655 488 2720 tur,
520 2653 754 2725 quando
802 2652 1046 2724 apostoli
1078 2653 1208 2708 ideo
1241 2654 1520 2709 dicuntur
1551 2654 1782 2711 Domini
1833 2672 2025 2710 resur-

370 2742 685 2797 rectionem
719 2742 1004 2815 ignorare,
1040 2743 1179 2814 quia
1206 2743 1537 2816 Scripturas
1569 2745 1831 2799 nondum
1863 2743 2028 2801 intel-

367 2828 646 2902 ligebant,
675 2831 894 2887 scilicet
940 2832 1078 2904 quia
1107 2849 1172 2887 eo
1214 2832 1522 2902 revelante,
1556 2850 1589 2888 a
1619 2851 1733 2906 quo
1765 2833 2026 2906 procedit

368 2920 562 2975 omnis
583 2921 888 2991 sapientia,
913 2936 981 2976 ea
1010 2921 1391 2992 spiritualiter
1419 2923 1679 2979 nondum
1705 2921 2024 2995 intelligere

368 3009 709 3077 didicerant,
761 3009 1021 3064 nondum
1071 3011 1228 3065 enim
1286 3012 1628 3067 audierant:
1682 3013 1890 3078 «Quia
1937 3012 2023 3068 sic

368 3097 649 3169 scriptum
708 3102 796 3154 est
844 3099 904 3153 in
953 3096 1077 3171 lege
1117 3105 1173 3155 et
1220 3099 1467 3172 psalmis
1498 3105 1555 3156 et
1605 3101 1903 3173 prophetis
1951 3102 2022 3156 de

2160 522 2420 579 diamus.

2238 634 2258 660 α
2295 612 2399 667 Hic
2419 618 2510 669 est
2533 614 2630 685 qui
2659 614 2812 670 venit
2835 630 2937 687 per
2959 632 3165 686 aquam
3189 620 3244 672 et
3270 620 3587 691 sanguinem
3605 624 3746 682 Jesus

2161 725 2189 751 «
2222 701 2510 758 Christus.
2538 726 2567 753 »
2598 704 2675 759 Ac
2706 702 2755 759 si
2787 704 3029 759 diceret:
3056 703 3156 759 Hic
3176 710 3259 760 est
3279 707 3374 778 qui
3394 709 3533 763 venit
3551 712 3748 768 maledi.

2160 790 2412 846 ctionem
2451 796 2611 848 terrae
2654 810 2760 848 suo
2808 792 2999 848 delere
3050 792 3390 864 baptismate
3419 796 3472 850 in
3517 797 3744 867 Jordane,

2158 884 2216 936 et
2245 881 2531 936 mundum
2581 898 2686 938 suo
2726 886 2927 938 sancto
2978 881 3256 939 redimere
3288 884 3569 957 sanguine.
3600 909 3622 936 ‹‹
3644 888 3746 944 Non

2159 967 2217 1022 in
2249 986 2402 1041 aqua
2423 969 2639 1040 solum,
2664 971 2761 1025 sed
2792 971 2850 1026 in
2874 988 3027 1043 aqua
3051 975 3103 1026 et
3129 972 3425 1043 sanguine.
3452 995 3478 1022 »
3497 974 3603 1028 Non
3621 976 3748 1031 enim

2144 1056 2281 1112 solo
2294 1058 2646 1130 baptismate
2656 1063 2892 1115 venerat
2908 1057 3188 1115 redimere
3203 1060 3590 1127 mundum,sed
3605 1064 3748 1120 etiam

2157 1145 2393 1218 prepria
2422 1152 2607 1202 morte
2639 1151 2696 1202 et
2726 1148 2817 1202 sui
2848 1148 3153 1221 sanguinis
3187 1148 3474 1205 eﬁ‘usione.

2230 1257 2257 1285 ‹‹
2289 1234 2542 1306 Spiritus
2573 1240 2661 1291 est
2689 1236 2788 1308 qui
2825 1236 3188 1303 testiﬁcatur,
3221 1238 3483 1309 quoniam
3524 1238 3746 1296 Christus

2154 1327 2244 1378 est
2272 1323 2503 1379 veritas.
2534 1348 2561 1373 ››
2591 1325 2844 1397 Spiritus
2876 1325 3031 1380 enim
3066 1329 3323 1393 sanctus,
3357 1344 3453 1399 per
3479 1342 3634 1399 quem
3664 1346 3747 1385 no-

2153 1411 2245 1467 bis
2262 1412 2321 1467 in
2340 1413 2635 1485 baptismo
2656 1414 2921 1471 omnium
2939 1415 3113 1470 datur
3130 1416 3389 1471 remissio
3411 1422 3745 1488 peccatorum,

2153 1518 2260 1556 nos
2292 1518 2393 1573 per
2423 1503 2794 1573 adoptionem
2828 1503 2978 1559 ﬁlios
3012 1505 3107 1560 Dei
3141 1505 3311 1560 facit:
3353 1522 3493 1577 quos
3521 1504 3631 1578 ipse
3656 1505 3747 1560 Do-

2153 1589 2351 1645 minus
2382 1589 2439 1644 in
2473 1596 2657 1645 morte
2689 1590 2876 1646 crucis
2908 1595 2964 1645 et
2995 1608 3101 1646 suo
3137 1592 3415 1664 sanguine
3445 1593 3679 1656 redemit,
3702 1597 3755 1648 et

2151 1695 2253 1750 per
2281 1679 2531 1750 gratiam
2564 1681 2824 1751 ejusdem
2859 1682 3045 1736 sancti
3080 1681 3351 1753 Spiritus,
3382 1697 3544 1753 quem
3574 1681 3623 1735 in
3667 1682 3749 1737 ba-

2151 1767 2367 1838 ptismo
2400 1769 2789 1840 suscepimus,
2820 1787 2965 1824 verae
2999 1770 3131 1825 ﬁdei
3167 1770 3357 1826 lumen
3391 1774 3444 1824 et
3479 1769 3747 1842 agnitionis

2146 1856 2243 1911 Dei
2292 1856 2638 1928 recepimus,
2690 1859 2846 1913 unde
2893 1857 3143 1915 salutem
3197 1858 3466 1930 consequi
3511 1859 3748 1914 debemus

2144 1948 2442 2000 aeternam.

2216 2057 2244 2083 ‹‹
2280 2035 2562 2099 Quoniam
2608 2038 2726 2090 tres
2768 2041 2908 2092 sunt
2950 2036 3049 2109 qui
3100 2036 3495 2092 testimonium
3541 2035 3665 2091 dant
3702 2033 3749 2088 in

2143 2147 2169 2172 ‹‹
2206 2126 2378 2191 terra,
2412 2141 2585 2196 aqua,
2609 2129 2665 2179 et
2696 2124 2959 2198 sanguis,
2988 2130 3043 2180 et
3074 2125 3342 2199 spiritus.
3376 2147 3402 2175 ››
3435 2124 3657 2191 Quidam
3677 2118 3751 2177 hic

2142 2216 2404 2268 sanctam
2429 2213 2771 2268 Trinitatem
2786 2213 3026 2285 mystice
3039 2214 3423 2288 signiﬁcatam
3440 2210 3749 2285 intelligunt,

2141 2315 2267 2369 quas
2290 2299 2519 2354 Christo
2538 2300 2940 2356 testimonium
2965 2301 3283 2374 perhibuit.
3307 2302 3369 2356 In
3396 2316 3540 2372 aqua
3559 2300 3749 2354 Patrem

2140 2387 2457 2459 signiﬁcari
2504 2388 2859 2461 intelligunt,
2908 2391 3046 2461 quia
3088 2391 3213 2463 ipse
3245 2390 3315 2445 de
3345 2407 3405 2445 se
3435 2389 3596 2443 dicit:
3627 2411 3649 2436 ‹‹
3681 2387 3752 2442 Me

2138 2476 2573 2549 dereliquerunt
2604 2478 2820 2534 fontem
2855 2496 3030 2551 aequa:
3061 2481 3201 2535 vivas
3236 2480 3362 2553 (Jer.
3397 2481 3474 2549 ιι).
3509 2499 3534 2527 ››
3566 2477 3620 2532 In
3647 2493 3754 2531 san-

2137 2565 2333 2638 guine,
2360 2566 2553 2639 ipsum
2579 2567 2897 2639 Christum,
2923 2569 3020 2641 qui
3045 2586 3151 2640 pro
3176 2568 3363 2624 salute
3382 2565 3575 2622 mundi
3606 2580 3750 2619 suum

2137 2653 2484 2727 sanguinem
2517 2655 2686 2712 fudit.
2722 2656 2784 2711 In
2809 2656 3038 2729 spiritu,
3061 2657 3337 2712 eumdem
3361 2655 3627 2727 Spiritum
3649 2668 3754 2706 sau-

2136 2749 2318 2800 ctum.
2352 2745 2482 2800 llaec
2514 2749 2716 2801 sancta
2732 2745 2989 2801 Trinitas
3022 2746 3257 2801 Christo
3288 2742 3665 2801 testimonium
3688 2740 3753 2793 ita

2134 2834 2419 2907 perhibet,
2443 2833 2570 2907 ipso
2594 2851 2695 2906 per
2715 2833 3093 2907 Evangelium
3123 2835 3428 2907 loquente:
3461 2854 3486 2882 ‹‹
3512 2831 3616 2904 Ego
3644 2844 3752 2884 sum

2134 2923 2231 2995 qui
2252 2922 2651 2978 testimonium
2671 2922 2945 2994 perhibeo
2964 2922 3035 2978 de
3049 2922 3163 2978 mei
3172 2941 3300 2995 pso,
3315 2926 3371 2978 et
3389 2916 3748 2976 testimonium

2132 3012 2397 3084 perhibet
2427 3011 2497 3066 de
2529 3027 2640 3078 me,
2675 3011 2772 3083 qui
2802 3010 2962 3067 misit
2992 3027 3086 3066 me
3119 3012 3310 3067 Pater.
3357 3011 3426 3065 Et
3454 3024 3579 3064 cum
3607 3020 3750 3071 vene-

2132 3101 2207 3155 rit
2229 3100 2575 3173 paracletus,
2609 3116 2783 3172 quem
2815 3115 2919 3173 ego
2943 3099 3175 3155 mittam
3198 3098 3365 3156 vobis
3388 3116 3423 3155 a
3451 3099 3606 3153 Patre
3626 3108 3750 3157 meo,

368 3203 479 3255 me,
514 3210 540 3238 ››
575 3191 707 3255 etc.,
744 3205 929 3260 usque
951 3169 1437 3245 in—remissionem
1467 3169 1836 3261 peccatorum
1868 3189 2016 3262 (Luc.
2052 3169 2094 3236 Ο
2131 3189 2415 3260 Spiritum
2437 3187 2828 3255 veritatis,ille
2844 3189 3249 3258 testimonium
3266 3185 3751 3262 perhibebitdeme

365 3278 538 3347 xx1v).
585 3275 688 3331 Sin
732 3282 925 3332 autem
973 3276 1219 3348 apostoli
1271 3278 1400 3332 ideo
1431 3295 1546 3333 non
1586 3279 1900 3333 credebant
1930 3294 2019 3332 re-

366 3365 687 3421 surrexisse
716 3367 1051 3431 Dominum,
1076 3365 1213 3438 quia
1235 3383 1350 3422 non
1374 3366 1635 3421 sciebant
1665 3366 2018 3436 Scripturas,

366 3458 554 3507 cesset
585 3469 786 3507 eorum
812 3452 1106 3509 dementia
1127 3455 1226 3526 qui
1254 3454 1527 3526 praeclara
1555 3455 1883 3509 discernere
1916 3470 2017 3508 no-

254 3594 276 3616 .
364 3539 515 3607 lunt,
547 3545 604 3595 et
633 3539 778 3596 alios
799 3541 1128 3597 discernere
1154 3543 1408 3598 volentes
1441 3542 1892 3614 reprehendunt,
1924 3558 2016 3598 so-

363 3627 605 3700 lumque
628 3628 684 3683 in
704 3627 833 3685 aliis
851 3629 1129 3697 invident,
1146 3632 1297 3702 quod
1323 3635 1420 3686 aut
1442 3647 1611 3702 agere
1635 3648 1747 3686 non
1771 3635 2021 3702 possunt

365 3722 466 3773 aut
503 3717 728 3773 nolunt.

913 3807 1215 3864 HOMILIA
1263 3809 1466 3864 LXXX.

811 3897 885 3952 IN
940 3912 1205 3953 OCTAVA
1260 3914 1571 3953 pascuae.

435 3985 481 4055 (Ι
511 3985 677 4041 JOAN.
710 3990 791 4056 v.)
836 4008 863 4037 ‹‹
899 3986 1262 4055 Charissimi,
1298 3987 1480 4043 Omne
1510 3986 1664 4059 quod
1699 3991 1902 4042 natum
1929 3993 2019 4043 est

366 4098 393 4124 ‹‹
428 4090 495 4130 ex
524 4074 660 4141 Deo,
703 4076 881 4131 vincit
907 4077 1195 4131 mundum
1222 4093 1233 4131 :
1262 4080 1317 4131 et
1344 4076 1463 4131 haec
1492 4080 1580 4132 est
1620 4074 1860 4131 victoria
1889 4094 2016 4149 quae

364 4186 393 4215 ‹‹
425 4164 604 4219 vincit
634 4166 943 4231 mundum,
980 4166 1122 4221 ﬁdes
1148 4168 1367 4221 nostra.
1401 4166 1539 4229 Quis
1570 4169 1658 4221 est
1686 4170 1880 4221 autem
1913 4165 2013 4238 qui

367 4276 389 4303 (ι
423 4252 605 4310 vincit
621 4254 930 4322 mundum,
951 4253 1060 4309 nisi
1084 4255 1183 4326 qui
1205 4255 1387 4310 credit
1408 4255 1684 4328 quoniam
1705 4254 1876 4310 Jesus
1894 4259 2018 4309 erat

363 4365 391 4392 ι(
420 4342 686 4399 Christus
703 4343 885 4399 Filius
898 4343 1062 4399 Dei?»
1078 4345 1146 4399 Et
1159 4343 1674 4415 reliqua.Audistis
1688 4343 1748 4398 in
1760 4343 2017 4416 Epistola

361 4448 496 4487 cum
516 4434 825 4505 legeretur,
859 4433 1066 4489 fratres
1089 4433 1440 4501 charissimi,
1473 4433 1759 4489 Joannem
1785 4437 2012 4505 aposto-

2128 3280 2317 3345 (Joan.
2350 3293 2471 3343 vm,
2494 3277 2638 3334 xv).»
2666 3278 2786 3331 «Et
2816 3276 2872 3331 bi
2897 3281 3012 3332 tres
3034 3294 3225 3332 unum
3253 3281 3412 3343 sunt,
3438 3298 3465 3325 ››
3497 3275 3551 3328 id
3572 3277 3651 3328 est
3668 3271 3753 3325 Pa.

2129 3370 2216 3420 ter
2245 3369 2301 3419 et
2332 3364 2511 3419 Filius
2543 3368 2599 3419 et
2645 3363 2899 3436 Spiritus
2943 3370 3206 3422 sanctus.
3243 3364 3434 3420 Unum
3470 3363 3525 3416 in
3554 3363 3752 3422 natura,

2129 3469 2314 3508 unum
2348 3452 2407 3507 in
2431 3451 2629 3507 divina
2652 3452 3003 3516 substantia,
3036 3453 3365 3527 coaequales
3398 3453 3453 3507 in
3492 3447 3751 3510 omnibus,

2129 3547 2185 3597 et
2206 3540 2576 3597 comternales
2594 3558 2696 3613 per
2711 3542 2931 3610 omnia,
2950 3542 3010 3597 in
3034 3542 3201 3599 nullo
3224 3540 3560 3597 dissimiles.
3585 3536 3643 3591 ln
3660 3533 3756 3588 ista

2129 3630 2430 3686 Trinitatis
2452 3629 2780 3687 substantia
2798 3630 2941 3686 nihil
2961 3635 3051 3686 est
3068 3636 3361 3698 creatum,
3385 3629 3522 3702 quia
3538 3622 3668 3682 nihil
3686 3624 3759 3675 est

2128 3719 2503 3775 inchoatum:
2559 3735 2662 3774 nec
2707 3717 2929 3791 aliquid
2962 3719 3039 3774 ibi
3072 3720 3353 3792 superius
3400 3712 3756 3789 cognoscitur,

2130 3810 2270 3883 quia
2298 3808 2444 3864 nihil
2476 3802 2737 3865 anterius
2787 3813 2887 3862 aut
2936 3809 3234 3880 posterius
3266 3806 3573 3864 invenitur.
3624 3801 3678 3856 In
3705 3813 3759 3852 eo

2127 3900 2281 3971 quod
2325 3898 2581 3954 Trinitas
2612 3900 2719 3966 est,
2750 3913 2933 3951 unum
2967 3903 3076 3966 est,
3110 3904 3401 3954 aeternum
3433 3899 3538 3960 est,
3582 3901 3757 3946 verum

2126 3993 2233 4044 est.
2286 3989 2415 4043 Haec
2445 3991 2531 4042 est
2577 4004 2691 4040 una
2724 3986 2885 4051 ﬁdes,
2927 3986 3067 4057 quia
3102 3987 3223 4042 haec
3258 3992 3350 4043 est
3378 4001 3511 4041 vera
3542 3981 3694 4042 ﬁdes,
3716 3978 3763 4030 et

2125 4077 2255 4133 ideo
2287 4076 2405 4131 haec
2436 4080 2524 4132 est
2554 4073 2838 4130 catholica
2870 4075 3035 4143 ﬁdes,
3070 4076 3254 4131 unius
3286 4071 3623 4131 substantiae
3645 4080 3759 4123 san-

2127 4170 2281 4221 ctam
2329 4165 2562 4221 credere
2621 4163 2986 4234 Trinitatem,
3045 4168 3104 4219 et
3134 4165 3195 4220 in
3258 4164 3361 4220 Dei
3420 4160 3558 4219 Filio
3595 4150 3762 4214 carnis

2125 4255 2333 4311 animae
2356 4257 2565 4308 nostrae
2590 4250 2918 4307 naturalem
2941 4268 3299 4325 cognoscere
3321 4252 3638 4308 veritatem.
3665 4244 3763 4300 lsta

2126 4345 2239 4400 ﬁde
2261 4342 2681 4415 justiﬁcamur,
2712 4340 2821 4396 hac
2852 4341 2966 4396 ﬁde
2997 4343 3385 4397 mundamur.
3410 4340 3532 4396 Ista
3551 4334 3655 4392 ﬁde
3673 4326 3764 4386 sal-

2123 4449 2351 4499 vamur,
2396 4430 2455 4485 in
2488 4430 2597 4486 hac
2628 4428 2740 4485 ﬁde
2770 4430 3149 4501 credidimus,
3194 4430 3340 4503 quia
3371 4427 3540 4485 nobis
3584 4416 3763 4479 tribuit

360 4519 483 4575 lum
506 4538 612 4576 nos
635 4521 1019 4578 instruentem
1044 4528 1217 4593 atque
1239 4521 1528 4576 dicentem
1550 4538 1561 4575 :
1586 4543 1613 4572 «
1645 4521 1829 4577 Omne
1859 4522 2013 4593 quod
2048 4540 2092 4605 ι)
2123 4519 2527 4578 remissionem
2560 4519 2825 4574 omnium
2859 4524 3256 4590 peccatorum.
3303 4520 3393 4576 Sit
3421 4532 3556 4591 ergo
3585 4508 3762 4605 certis-

360 4615 566 4665 natum
593 4615 684 4665 est
721 4627 790 4665 ex
827 4610 961 4677 Deo,
990 4634 1016 4659 »
1049 4612 1103 4665 id
1139 4615 1228 4666 est
1264 4626 1450 4682 genus
1480 4609 1785 4682 spirituale
1815 4616 1871 4666 et
1900 4611 2014 4667 Deo

359 4697 636 4765 Serviens,
669 4722 696 4749 «
730 4699 908 4754 vincit
936 4699 1247 4769 mundum,
1284 4721 1310 4747 ››
1344 4697 1399 4753 id
1434 4703 1523 4753 est
1552 4698 1756 4753 mundi
1787 4703 2014 4755 amato-

359 4802 473 4852 res,
495 4787 580 4842 vel
611 4804 785 4861 opera
816 4788 995 4843 vincit
1026 4785 1475 4852 incredulitatis,
1510 4791 1567 4841 et
1595 4789 2013 4859 concupiscen-

358 4873 499 4929 tiam
533 4877 758 4944 mundi,
792 4877 875 4933 vel
901 4894 1133 4933 omnem
1168 4875 1455 4931 idolorum
1489 4874 1799 4943 culturam,
1828 4876 1887 4931 in
1920 4877 2015 4933 ob-

358 4964 680 5019 servatione
729 4967 1137 5022 mandatorum
1170 4964 1403 5021 Christi.
1436 4988 1463 5013 ‹‹
1500 4965 1569 5019 Et
1629 4963 1751 5019 haec
1800 4969 1890 5020 est
1928 4965 2011 5020 vi-

359 5049 540 5104 ctoria
561 5069 688 5121 qua:
711 5054 887 5108 vincit
911 5055 1220 5122 mundum,
1248 5055 1391 5109 ﬁdes
1415 5057 1632 5109 nostra.
1671 5077 1699 5103 »
1735 5055 1882 5127 Ergo
1914 5055 2010 5110 ﬁr-

360 5152 457 5192 ma
487 5138 598 5193 ﬁde
632 5140 688 5194 in
739 5140 966 5197 Christo
1016 5143 1306 5199 vincimus
1358 5143 1666 5212 mundum,
1718 5147 1776 5198 et
1816 5143 2013 5199 omnia

358 5230 587 5281 terrena
635 5227 942 5296 desideria,
1002 5247 1353 5304 omnemque
1408 5228 1706 5288 terrenum
1754 5248 2010 5287 amorem

357 5319 532 5387 atque
562 5320 885 5387 peccatum,
922 5336 1146 5375 necnon
1169 5325 1225 5375 et
1255 5319 1574 5385 diabolum,
1608 5321 1707 5392 qui
1742 5320 2012 5393 princeps

357 5407 447 5459 est
484 5408 540 5459 et
586 5403 851 5461 inventor
882 5407 1117 5479 peccati.
1154 5428 1182 5457 «
1216 5407 1356 5470 Quis
1388 5411 1475 5463 est
1501 5408 1598 5479 qui
1632 5408 1809 5464 vincit
1838 5427 2012 5464 mun-

356 5492 638 5561 dum,nisi
663 5492 764 5566 qui
790 5494 972 5551 credit
992 5495 1284 5569 quomodo
1305 5494 1478 5552 Jesus
1500 5500 1588 5551 est
1610 5495 1791 5553 Filius
1810 5497 1908 5553 Dei
1931 5496 1960 5552 ?
1978 5518 2006 5547 ››

356 5582 519 5654 Quod
551 5583 829 5657 mundus,
881 5585 939 5646 id
973 5588 1058 5642 est
1088 5588 1316 5641 amator
1360 5582 1586 5652 mundi,
1640 5602 1754 5642 non
1804 5584 2007 5655 credit,

2126 4611 2275 4666 sima
2298 4625 2430 4680 spes
2461 4607 2737 4663 omnibus
2758 4608 2947 4675 nobis,
2972 4609 3110 4680 quia
3129 4625 3272 4663 vera
3294 4603 3637 4664 resurrectio
3656 4613 3764 4654 car-

2124 4698 2237 4765 nis,
2271 4715 2398 4770 quze
2430 4696 2730 4769 prmcessit
2780 4696 2838 4750 in
2870 4697 3120 4766 Christo,
3169 4701 3461 4769 sequetur
3507 4695 3563 4749 in
3594 4686 3761 4746 nobis.

2121 4789 2267 4843 Caro
2298 4788 2411 4842 ista
2451 4786 2713 4841 omnium
2746 4785 3051 4841 hominum
3085 4784 3468 4842 mortuorum
3499 4782 3615 4838 sive
3642 4776 3763 4832 ﬁde-

2123 4875 2291 4946 lium,
2340 4875 2458 4930 sive
2513 4872 2864 4941 inﬁdelium,
2925 4878 3189 4946 resurget
3234 4875 3299 4929 in
3335 4874 3492 4928 fine:
3526 4869 3619 4925 sed
3650 4876 3762 4919 caro

2122 4964 2385 5020 ﬁdelium
2435 4967 2697 5035 resurget
2745 4963 2816 5018 ad
2865 4962 3131 5035 gloriam,
3166 4979 3308 5019 caro
3336 4959 3657 5017 inﬁdelium
3685 4966 3765 5006 re-

2123 5057 2325 5127 surget
2368 5052 2439 5107 ad
2496 5067 2748 5123 pcenam.
2810 5050 3029 5105 Animae
3089 5050 3298 5106 ﬁdeles
3338 5066 3477 5106 cum
3510 5044 3627 5102 suis
3655 5055 3762 5127 cor-

2124 5126 2366 5215 poribus
2415 5157 2647 5212 semper
2676 5140 3046 5196 laetabuntur.
3078 5138 3311 5195 Animae
3364 5150 3598 5211 quoque
3651 5126 3764 5184 inﬁ-

2120 5230 2279 5287 deles
2311 5247 2444 5286 cum
2474 5230 2598 5286 suis
2618 5228 2960 5301 corporibus
2982 5245 3214 5301 semper
3233 5226 3689 5299 torquebantur,
3706 5229 3762 5270 ac

2121 5320 2204 5376 sic
2238 5318 2521 5392 quidquid
2555 5318 2634 5372 ibi
2665 5316 2875 5371 anima:
2906 5317 2965 5372 in
2998 5332 3169 5372 carne
3193 5333 3310 5372 sua
3331 5313 3764 5387 recipient,'n0ll

2120 5408 2412 5471 amittent,
2437 5405 2667 5476 quando
2688 5420 2793 5459 nec
2813 5404 2980 5460 bonis
3006 5403 3221 5477 poterit
3241 5403 3465 5460 auferri
3484 5395 3766 5474 gaudium.

2119 5511 2225 5551 nec
2252 5492 2425 5550 malis
2454 5508 2714 5566 unquam
2738 5493 2948 5565 poterit
2970 5490 3256 5549 removeri
3278 5488 3659 5575 supplicium.
3679 5484 3767 5575 ac-

2119 5583 2371 5659 cipimus
2413 5583 2608 5658 itaque
2636 5581 2813 5639 vitam
2844 5586 3120 5640 aeternam
3151 5594 3261 5656 per
3289 5571 3563 5637 sanctam
3592 5571 3765 5633 E6616.
