4012 6174
268 336 378 394 r489

1461 328 1811 389 nexum/ia
1856 328 1955 389 DE
1998 305 2394 403 remrem).

3518 332 3637 389 490

280 467 422 523 siam.
453 463 507 518 ln
536 461 646 516 ista
676 461 798 516 sola
822 460 1074 517 Ecclesia
1091 468 1181 516 est
1210 463 1324 516 vita
1339 466 1572 525 aeterna,
1605 461 1744 532 quia
1765 460 1880 515 Rex
1912 465 1964 528 Α
1995 459 2073 513 ait
2105 481 2133 508 «
2162 475 2280 515 una
2310 459 2712 526 sabbatorum,
2746 483 2773 507 ››
2808 460 2995 531 ipsam
3026 460 3180 515 diem
3216 461 3522 515 Dominicaz
3542 479 3633 516 re-

275 557 383 629 ejus
409 556 487 610 est
512 551 624 606 vita
653 554 883 607 zeterna.
918 550 1105 623 Hujus
1138 548 1405 606 Ecclesiae
1448 566 1584 622 pars
1629 548 1884 604 exsultat

240 686 249 693 .
266 647 373 718 jam
399 647 449 698 et
470 643 665 712 regnat
693 639 751 694 in
782 638 966 706 cmlis,
1000 656 1134 712 pars
1152 642 1349 696 autem
1367 637 1769 712 peregrinatur
1780 638 1882 693 ad-

270 734 367 791 huc
394 735 444 787 et
472 726 759 798 laboratin
779 727 972 785 terris.
998 728 1231 800 Ipsaest
1254 744 1372 785 una
1387 732 1586 786 sancta
1607 725 1878 790 Ecclesia,

265 840 319 895 in
342 836 444 893 qua
457 816 1032 889 nunejustifieamur,
1048 817 1105 872 in
1124 834 1240 889 qua
1254 821 1390 872 tunc
1403 815 1879 889 glorificabimur.

262 914 418 967 Istam
449 907 653 963 bonam
684 909 931 961 matrem
952 905 1369 961 sicutbonifilii
1390 904 1882 960 unanimiterdili-

261 1014 465 1073 gamus.
497 994 681 1066 Hujus
710 1010 846 1067 ergo
878 994 1082 1050 matris
1111 993 1364 1068 gemitus
1389 1010 1558 1049 nemo
1574 992 1878 1068 despiciat,

261 1086 581 1144 monitiones
608 1083 738 1156 ejus
770 1082 1535 1149 nemocontemnat,desinu
1569 1084 1696 1154 ejus
1710 1099 1879 1140 nemo

256 1176 507 1233 discedat.
540 1173 670 1245 Ipse
700 1171 857 1228 enim
890 1172 960 1228 ad
996 1171 1095 1227 Dei
1130 1171 1318 1228 Patris
1333 1170 1624 1244 perveniet
1644 1170 1877 1226 hzeredi-

242 1269 436 1330 atatem,
466 1261 563 1335 qui
592 1260 858 1318 Ecclesiae
893 1261 1097 1317 matris
1128 1259 1185 1316 in
1212 1260 1325 1316 fide
1353 1258 1731 1319 etdilectione
1762 1277 1876 1316 ser-

253 1353 445 1409 vaverit
472 1351 775 1407 unitatem.
809 1349 873 1406 In
899 1349 1154 1406 Ecclesia
1184 1365 1321 1422 ergo
1353 1347 1633 1407 catholica
1654 1366 1878 1421 perma-

255 1447 385 1504 nete,
414 1439 624 1496 divinis
656 1438 904 1511 eloquiis
962 1438 1264 1494 humiliter
1314 1437 1562 1505 obedite,
1590 1442 1877 1509 prrecepta

249 1531 335 1587 Dei
363 1528 603 1584 sollicite
633 1527 940 1583 custodite.
969 1527 1075 1591 Qui
1108 1527 1263 1582 enim
1310 1531 1593 1599 prmcepta
1642 1526 1870 1583 Domini

248 1620 628 1684 contemnunt,
662 1632 892 1688 semper
920 1616 1237 1682 ardebunt;
1273 1616 1372 1688 qui
1413 1633 1545 1671 vero
1596 1616 1873 1672 mandata

245 1708 357 1780 ejus
384 1706 741 1771 custodiunt,
774 1705 901 1761 sine
934 1705 1046 1760 line
1075 1704 1433 1777 gaudebunt.
1460 1706 1525 1760 Et
1558 1705 1708 1761 sicut
1739 1723 1874 1761 eon-

246 1796 611 1868 temptoribus
641 1795 748 1850 erit
773 1798 987 1851 aeterna
1018 1811 1174 1850 mors
1188 1799 1243 1851 et
1270 1798 1483 1850 aeterna
1515 1795 1869 1861 miseria,sic

243 1883 631 1941 obedientibus
660 1888 876 1940 aeterna
905 1883 1020 1940 vita
1042 1882 1277 1939 dabitur
1304 1889 1359 1940 et
1398 1888 1612 1940 aeterna
1650 1883 1867 1953 latitia,

242 1990 331 2045 per
354 1974 550 2030 Jesum
578 1972 875 2029 Christum
888 1971 1098 2027 Filium
1113 1971 1425 2029 Dominum
1457 1977 1742 2040 nostrum,
1768 1973 1867 2046 qui

241 2061 362 2118 vivit
387 2066 441 2118 et
469 2066 678 2135 regnat
708 2062 768 2117 iu
799 2061 1013 2118 saecula
1042 2060 1409 2128 Sin-culorum,
1441 2062 1644 2117 Amen.

755 2202 1058 2260 HOMILIA
1105 2203 1331 2260 LXXXI.

733 2308 791 2348 1N
832 2310 1043 2349 OCTAVA
1088 2310 1319 2350 PASCHE
1328 2336 1340 2348 .

290 2418 468 2487 (loss.
501 2421 622 2485 xx.)
657 2441 684 2468 «
721 2418 783 2474 In
812 2417 910 2473 illo
941 2421 1231 2491 tempore:
1259 2418 1403 2475 Cum
1437 2436 1564 2475 sero
1590 2424 1744 2475 aeaut
1773 2420 1865 2476 die

231 2529 255 2557 «
285 2505 376 2561 illo
409 2524 523 2562 una
552 2505 959 2578 sabbatorum,
991 2512 1048 2563 et
1078 2507 1231 2564 fores
1259 2512 1456 2564 essent
1486 2507 1717 2575 clausas,
1764 2509 1863 2565 ubi

236 2616 260 2645 ι(
284 2598 438 2651 erant
461 2594 737 2668 discipuli
768 2595 1101 2668 congregati
1136 2600 1369 2669 propter
1386 2600 1605 2653 metum
1637 2596 1863 2653 Judan-

234 2706 256 2733 ιι
287 2702 428 2740 rum.
464 2707 493 2734 ››
527 2685 599 2740 Et
629 2683 871 2757 reliqua.
907 2685 1142 2752 Quoties
1172 2684 1422 2759 legimus
1453 2684 1771 2758 discipulos
1805 2687 1863 2741 in

232 2771 440 2828 Domini
474 2772 751 2845 passione
782 2772 1072 2841 timuisse,
1106 2778 1162 2829 et
1190 2780 1321 2846 post
1338 2775 1467 2847 ejus
1490 2776 1864 2831 resurrectio-

236 2878 350 2917 nem
374 2867 614 2935 prOpter
625 2866 845 2917 metum
859 2862 1195 2918 Judasorum
1211 2862 1268 2919 in
1284 2863 1539 2920 conclavi
1555 2863 1861 2932 resedisse,

232 2968 330 3007 non
361 2969 487 3023 cpm
520 2950 927 3024 indignatione
957 2951 1360 3023 accipiendum
1394 2952 1618 3020 est,sed
1651 2950 1865 3025 fragili-

232 3039 320 3094 tati
347 3056 545 3096 eorum
580 3039 1043 3096 concedendum.
1087 3038 1342 3114 Fragiles
1388 3056 1639 3113 namque
1687 3045 1743 3096 et
1774 3041 1863 3097 in-

230 3127 386 3195 firmi,
421 3129 676 3185 necdum
709 3127 896 3201 gratia
917 3128 1864 3202 Spiritussanctipleniterfuerunt

1994 548 2374 604 surrectionis
2389 547 2637 622 intelligc
2650 565 2708 605 re
2722 548 3022 615 debemus,
3039 565 3237 621 quam,
3262 549 3334 603 ob
3356 548 3632 605 honorem

1992 641 2047 693 et
2080 638 2459 694 reverentiam
2490 639 2752 710 ejusdem
2786 637 3246 705 resurrectionis,
3283 637 3639 695 Dominicam

1992 725 2389 783 nominamus.
2423 725 2742 798 Quinquies
2776 730 2971 783 autem
3003 725 3062 781 in
3092 726 3296 783 eadem
3327 724 3419 782 die
3447 724 3641 781 Domi-

1990 830 2102 869 nus
2134 814 2471 871 hominibus
2503 832 2812 886 resurgens
2830 815 3411 890 amortuisapparere
3435 814 3637 871 voluit.

1991 902 2207 970 Primo,
2242 903 2512 976 apparuit
2543 904 2733 959 Mariae
2767 903 3140 978 Magdalenaa,
3165 904 3234 959 de
3249 920 3365 977 qua
3393 902 3640 976 ejecerat

1989 996 2213 1063 septem
2245 992 2552 1062 daemonia,
2586 992 2745 1048 ﬂenti
2776 994 2847 1049 ad
2864 993 3634 1063 monumentum;secundo,

1988 1080 2176 1136 eidem
2211 1081 2403 1137 Mariae
2425 1081 2752 1138 cumaltera
2767 1081 3218 1151 femina,eodem
3231 1081 3466 1138 nomine
3490 1099 3637 1137 nun-

1988 1173 2216 1240 cupata,
2251 1170 2625 1245 pergentibus
2658 1172 2926 1227 nuntiare
2964 1170 3269 1244 discipulis
3317 1171 3442 1228 suis
3474 1170 3632 1229 illius

1988 1258 2492 1326 resurrectiooem,
2528 1260 2760 1333 quando
2806 1265 3180 1317 accesserunt
3230 1264 3286 1316 et
3316 1265 3631 1317 tenuerunt

1986 1345 2162 1418 pedes
2193 1347 2350 1418 ejus;
2388 1348 2578 1415 tertio,
2640 1348 2862 1405 Simoni
2914 1350 3102 1417 Petro,
3154 1350 3307 1423 quod
3359 1350 3628 1422 quamvis

1983 1434 2340 1506 evangelista
2369 1436 2622 1508 qualiter
2645 1436 2733 1492 vel
2786 1438 3079 1509 quomodo
3109 1438 3158 1494 ei
3191 1438 3461 1510 apparuit
3511 1455 3626 1493 non

1984 1523 2331 1592 manifestat,
2359 1529 2550 1580 tamen
2565 1526 2700 1598 quia
2717 1527 3051 1599 apparuerit
3064 1544 3176 1583 non
3196 1532 3369 1595 tacet;
3396 1530 3624 1599 quarto,

1982 1612 2259 1668 euntibus
2290 1613 2519 1669 duobus
2545 1615 2850 1687 discipulis
2883 1616 2940 1670 in
2972 1616 3276 1671 castellum
3322 1617 3623 1685 Emmaus,

1983 1702 2218 1774 quando
2249 1708 2643 1774 cognoverunt.
2672 1720 2803 1759 eum
2840 1704 2896 1759 in
2931 1704 3417 1777 fractionepanis:
3443 1704 3626 1761 etillis

1983 1790 2263 1864 regressis
2298 1791 2356 1845 in
2388 1791 2736 1858 Jerusalem,
2788 1796 2844 1847 et
2876 1792 3303 1849 invenientibus
3353 1793 3625 1850 undecim

1981 1886 2385 1955 congregatos,
2415 1885 2470 1937 et
2500 1880 2829 1938 dicentibus
2860 1881 2998 1954 quia
3027 1882 3278 1938 surrexit
3322 1881 3625 1951 Dominus,

1980 1986 2109 2025 vere
2138 1973 2195 2026 et
2226 1971 2497 2042 apparuit
2527 1970 2773 2036 Simoni,
2809 1976 2944 2027 tunc
2975 1970 3179 2043 quinta
3199 1971 3320 2027 vice
3350 1971 3504 2027 venit
3532 1971 3628 2028 Je-

1980 2075 2103 2125 sus,
2137 2062 2193 2114 et
2223 2059 2383 2115 stetit
2413 2058 2473 2115 in
2505 2059 2716 2116 medio.
2750 2061 2818 2115 Et
2848 2060 2957 2117 hoc
2987 2064 3094 2130 est,
3119 2061 3272 2134 quod
3289 2078 3628 2118 nuncevan-

1979 2146 2186 2220 gelista
2215 2147 2383 2203 dicit:
2422 2170 2448 2198 ‹‹
2478 2147 2622 2203 Cum
2655 2152 2807 2206 esset
2839 2165 2990 2216 sero,
3020 2171 3048 2201 »
3084 2154 3139 2205 et
3170 2147 3411 2223 reliqua.
3432 2149 3627 2207 Ratio-

1980 2236 2249 2291 nabiliier
2287 2241 2484 2293 autem
2531 2237 2710 2309 qumri
2763 2241 2954 2309 potest
3001 2238 3293 2312 quomodo
3343 2238 3626 2295 Dominus

1978 2330 2107 2397 post
2132 2325 2617 2382 resurrectionem
2637 2343 2833 2381 verum
2851 2344 3062 2399 corpus
3075 2326 3320 2399 habens,
3343 2328 3416 2385 ad
3448 2328 3625 2384 disci-

1977 2412 2146 2486 pulos
2182 2414 2401 2471 foribus
2431 2414 2646 2471 clausis
2679 2416 2985 2472 intromitti
3020 2411 3623 2490 potuit.Sedquiahoe

1978 2502 2245 2559 mirabile
2278 2504 2496 2560 factum
2525 2521 2592 2561 ex
2623 2521 2685 2560 se
2735 2521 2849 2559 non
2882 2503 3047 2561 facile
3101 2506 3369 2579 cognosci
3414 2510 3621 2578 potest,

1975 2592 2046 2647 de
2077 2591 2209 2649 aliis
2242 2591 2699 2649 mirabilinribus
2729 2593 2859 2664 ejus
2889 2593 3165 2667 operibus
3196 2593 3282 2650 vel
3325 2593 3624 2649 miraculis

1977 2698 2160 2737 unum
2192 2682 2264 2737 ad
2298 2681 2640 2737 memoriam
2672 2681 3045 2739 reducamus.
3078 2682 3224 2743 Nam
3276 2682 3625 2738 universalis

1974 2768 2228 2826 Ecclesia
2253 2770 2561 2825 confitetur
2588 2786 2723 2826 eum
2751 2785 2820 2826 ex
2834 2768 3070 2842 Virgine
3102 2770 3622 2843 essenatum;quid

1974 2876 2109 2931 ergo
2140 2862 2229 2915 est
2284 2857 2501 2914 mirum
2549 2858 2597 2913 si
2648 2856 3117 2930 incorruptibilia
3161 2862 3218 2915 et
3266 2858 3626 2915 immortalia

1976 2946 2238 3002 membra
2267 2945 2337 3000 ad
2370 2943 2901 3017 discipulosjanuis
2918 2944 3136 3002 clausis
3155 2945 3492 3015 introduxit,
3513 2946 3615 3019 qui

1974 3034 2219 3090 mortale
2248 3037 2305 3090 et
2344 3032 2719 3105 corruptibile
2777 3050 2989 3106 corpus
3046 3052 3115 3091 ex
3147 3039 3309 3091 utero
3360 3034 3616 3108 Virginis

1973 3123 2170 3180 clauso
2200 3122 2435 3179 eduxit?
2462 3121 2644 3196 igitur
2673 3121 2723 3178 si
2754 3122 2910 3195 quod
2944 3125 3202 3195 majuset
3234 3122 3387 3191 fecit,
3404 3140 3517 3179 non
3531 3128 3621 3180 est

227 3220 589 3288 corroborati,
626 3200 764 3292 quia
793 3219 948 3276 sicut
994 3218 1348 3294 evangelista
1378 3200 1504 3275 fuit:
1539 3242 1565 3269 ‹‹
1601 3219 1857 3275 Necdum
1889 3200 1936 3271 (ἶ
1977 3214 2211 3279 mirum,
2245 3212 2294 3268 si
2321 3211 2472 3284 quod
2502 3210 2697 3268 minus
2729 3216 2816 3267 est
2846 3211 3032 3268 facere
3064 3211 3270 3284 potuit.
3304 3212 3427 3268 Non
3459 3212 3616 3269 enim

228 3313 334 3364 erat
361 3309 619 3381 Spiritus
651 3307 844 3376 datus,
877 3307 1015 3381 quia
1043 3308 1216 3365 Jesus
1248 3308 1508 3365 nondum
1542 3308 1729 3365 fuerat
1744 3306 1861 3382 glo-

227 3395 463 3453 riﬁcatus
493 3398 680 3470 (Joan.
712 3397 832 3468 vn).
860 3418 888 3448 ››
922 3397 1033 3453 Sed
1066 3397 1165 3470 qui
1197 3396 1361 3469 prius
1377 3403 1611 3471 propter
1638 3402 1859 3454 metum

226 3482 540 3542 Judzeorum
570 3485 639 3541 in
669 3483 925 3541 conclavi
953 3486 1303 3556 residebant,
1338 3491 1648 3559 postquam
1679 3485 1861 3559 Spiri-

228 3575 337 3628 tum
367 3578 643 3633 sanctum
675 3572 979 3631 visibiliter
999 3579 1364 3646 acceperunt,
1399 3578 1560 3632 tanta
1581 3580 1860 3633 constan-

228 3660 298 3716 tia
321 3667 453 3721 sunt
481 3661 842 3729 confirmati,
877 3665 941 3717 ut
962 3662 1183 3735 absque
1196 3661 1712 3737 ullatrepidatione
1729 3668 1863 3720 ante

230 3749 501 3825 principes
532 3756 595 3809 et
627 3750 963 3808 sacerdotes
994 3750 1758 3810 Dominnmconﬁterentur:
1780 3752 1863 3809 fa-

229 3841 483 3913 ctumque
497 3839 801 3898 cernimus
833 3839 890 3894 in
904 3839 1181 3912 apostolis
1213 3858 1313 3912 per
1325 3840 1642 3915 quamdam
1656 3841 1863 3898 simili-

232 3923 495 3995 tudinem,
525 3926 689 4002 quod
724 3925 872 3983 solet
904 3925 1027 3981 ﬁeri
1059 3926 1117 3982 in
1149 3927 1340 3999 aquis,
1369 3945 1494 3998 quae
1517 3928 1661 3984 dum
1694 3935 1864 3985 natu-

230 4012 408 4070 raliter
435 4015 678 4088 liquidm
709 4018 868 4082 sunt,
900 4014 949 4070 si
984 4013 1162 4070 nimio
1190 4014 1323 4087 gelu
1355 4019 1519 4072 tactae
1544 4016 1777 4083 fuerint,
1794 4018 1866 4073 ad

229 4104 432 4159 tantam
453 4103 745 4161 duritiam
778 4103 1124 4174 perveniunt
1152 4107 1216 4158 ut
1247 4103 1303 4158 in
1336 4102 1660 4159 cristallum
1683 4105 1869 4161 duris-

228 4188 428 4246 simum
459 4190 727 4266 lapidem
749 4190 1281 4257 convertantur,ita
1313 4194 1376 4247 ut
1401 4192 1491 4247 vix
1507 4193 1653 4249 ferro
1684 4195 1866 4251 secari

230 4280 455 4349 possint,
489 4281 589 4338 Sic
622 4285 681 4336 et
711 4279 989 4352 discipuli
1022 4283 1155 4335 ante
1194 4279 1566 4337 donationem
1616 4282 1870 4356 Spiritus

230 4367 419 4437 sancti,
453 4368 802 4427 infirmitate
823 4367 1015 4424 carnis
1033 4368 1249 4441 gravati
1268 4368 1570 4436 timebant,
1596 4371 1693 4426 sed
1710 4376 1868 4444 post-

231 4469 390 4524 quam
421 4456 680 4531 Spiritus
701 4456 886 4512 sancti
908 4456 1094 4529 gratia
1107 4458 1651 4531 suntconstipulati,
1676 4460 1733 4514 in
1750 4464 1871 4516 tan-

1971 3303 2167 3359 divina
2193 3300 2470 3374 mysteria
2497 3299 2760 3357 humana
2791 3299 3012 3357 ratione
3046 3299 3296 3374 pleniter
3345 3317 3615 3374 compre—

1970 3389 2146 3448 bendi
2180 3392 2444 3463 possunt,
2468 3392 2612 3446 teste
2636 3387 3249 3462 Psalmista,quiait:«
3283 3390 3615 3464 Nimispro-

1969 3479 2161 3536 fundae
2193 3479 2352 3535 facta:
2381 3483 2517 3534 sunt
2547 3477 2925 3552 cogitationes
2946 3482 3054 3534 tuae
3085 3479 3252 3555 (Ρεαι.
3276 3482 3408 3551 xei).
3427 3479 3617 3535 nHinc

1970 3574 2028 3628 et
2056 3568 2338 3641 propheta
2367 3566 2511 3625 alias
2537 3567 2704 3624 dicit:
2744 3592 2765 3617 α
2795 3568 2935 3633 Quis
2958 3568 3224 3642 cognovit
3241 3586 3478 3625 sensum
3506 3568 3617 3625 Do-
3684 3557 3697 3563 ’

1975 3658 2138 3726 mini,
2173 3662 2273 3713 aut
2302 3656 2434 3731 quis
2464 3655 2861 3712 consilliarius
2909 3657 3038 3729 ejus
3086 3656 3232 3713 fuit?
3264 3680 3293 3709 »
3330 3660 3455 3729 (Isa.
3506 3659 3619 3731 ιι.)

1975 3746 2136 3805 Unde
2167 3750 2224 3803 et
2251 3745 2550 3819 apostolus
2583 3744 2819 3816 Paulus,
2837 3749 2901 3803 ut
2926 3746 3390 3820 magnitudinem
3408 3751 3623 3818 myste-

1974 3837 2193 3894 riorum
2231 3836 2324 3891 Dei
2356 3834 2602 3907 pleniter
2630 3834 3047 3907 comprehendi
3075 3852 3191 3892 non
3222 3852 3392 3909 posse
3423 3840 3625 3893 osten-

1975 3926 2155 3994 deret,
2212 3923 2320 3980 ait:
2360 3946 2388 3975 ‹‹
2419 3924 2463 3979 O
2524 3923 2769 3979 altitudo
2827 3923 3163 3981 divitiarum
3213 3925 3514 3998 sapientiae
3567 3929 3625 3981 et

1975 4012 2227 4070 scientiae
2260 4011 2381 4080 Dei,
2413 4028 2591 4084 quam
2615 4012 3379 4084 incomprehensibiliasunt
3400 4013 3626 4086 judicia

1975 4104 2124 4175 ejus,
2155 4107 2212 4159 et
2240 4100 2676 4175 investigabiles
2724 4101 2827 4157 viai
2878 4102 3038 4177 ejus!
3077 4124 3105 4152 ››
3156 4104 3327 4175 (Rom.
3378 4107 3479 4172 xu.)
3511 4103 3623 4159 Sed

1978 4192 2118 4264 quid
2151 4195 2314 4247 stans
2344 4191 2403 4245 in
2436 4189 2624 4246 medio
2654 4190 2782 4261 ejus
2814 4189 3042 4261 dixerit,
3076 4191 3407 4248 audiamus.

2051 4304 2079 4333 ‹‹
2112 4281 2226 4337 Pax
2255 4278 2437 4336 vobis.
2464 4302 2491 4329 ››
2523 4278 2770 4336 Pulchre
2796 4278 3083 4335 Dominus
3112 4279 3626 4353 postresurrectio-

1980 4388 2111 4427 nem
2143 4367 2450 4442 discipulis
2482 4368 2605 4425 suis
2635 4368 2891 4440 primum
2927 4385 3128 4440 pacem
3169 4368 3620 4435 commendavit,

1979 4460 2293 4518 ostendens
2322 4456 2601 4514 nimirum
2632 4456 2983 4514 discordiam
2997 4456 3339 4532 angelorum
3361 4462 3419 4514 et
3439 4456 3624 4513 homi-

234 4544 341 4640 tum
372 4543 552 4603 fortes
584 4548 727 4603 sunt
756 4544 984 4613 redditi,
1016 4545 1197 4640 utqui
1225 4545 1866 4621 priusproptermetum
1904 4575 1951 4640 Π
1981 4566 2123 4606 num
2155 4564 2257 4622 per
2284 4563 2454 4605 suam
2484 4545 2967 4607 resurrectionem
2994 4547 3379 4619 paciﬁcatam.
3416 4546 3495 4601 Ex
3522 4543 3622 4600 illo

230 4627 550 4692 Judaeorum
586 4633 921 4691 residebant
947 4633 1007 4689 in
1039 4632 1317 4702 conclavi,
1338 4637 1710 4708 postmodum
1724 4654 1873 4711 gau-

234 4716 418 4777 dentes
448 4739 482 4779 a
513 4727 835 4797 conspectu
867 4722 1096 4780 concilii
1136 4722 1310 4791 irent,
1362 4723 1621 4782 dicentes
1655 4743 1716 4782 se
1745 4744 1874 4786 esse

233 4828 256 4853 κ
286 4807 487 4882 dignos
510 4828 619 4885 pro
633 4810 1019 4875 nomineJesu
1034 4812 1452 4869 contumeliam
1469 4816 1873 4890 pati(Ac!..v).»

232 4892 533 4955 Videamus
565 4904 788 4974 quanta
818 4900 1161 4956 fortitudine
1193 4901 1401 4958 Petrus
1433 4902 1755 4974 apostolus,
1776 4924 1875 4963 ac-

232 4990 382 5056 cepto
411 4987 635 5060 Spiritu
668 4991 890 5056 sancto,
921 4988 1106 5045 durus
1139 4994 1281 5046 erat.
1316 4989 1593 5053 Quienim
1626 4994 1874 5065 priusad

233 5085 416 5133 vocem
443 5075 669 5134 ancillae
684 5076 1000 5133 Dominum
1016 5079 1073 5132 et
1084 5077 1434 5151 magistrum
1448 5096 1622 5135 suum
1641 5099 1879 5156 negave-

235 5165 333 5229 rat,
361 5168 564 5234 postea
591 5170 723 5222 ante
751 5165 1087 5221 tremendos
1110 5166 1428 5239 principes,
1449 5172 1505 5223 et
1532 5173 1874 5228 metuendas

237 5252 562 5322 potestates,
594 5252 775 5310 libera
801 5270 938 5310 voce
967 5270 1102 5309 eum
1142 5254 1447 5311 confessus
1495 5260 1603 5327 est,
1635 5257 1872 5316 dicens:

238 5355 262 5383 ί(
293 5332 534 5396 Obedire
565 5346 790 5413 oportet
817 5341 934 5398 Deo
974 5342 1162 5416 magis
1212 5360 1390 5417 quam
1440 5342 1807 5415 hominibus;
1844 5370 1872 5399 »

237 5426 289 5476 et
314 5424 554 5485 iterum:
589 5452 616 5480 ‹‹
646 5430 704 5487 Si
727 5430 961 5502 justum
993 5435 1083 5486 est
1112 5447 1211 5487 vos
1244 5431 1436 5504 potius
1461 5431 1662 5489 audire
1694 5450 1871 5507 quam

241 5512 565 5586 Dominum,
592 5518 880 5590 judicate:
916 5536 1029 5574 non
1062 5519 1218 5575 enim
1246 5536 1562 5593 possumus
1588 5538 1714 5593 quae
1734 5524 1876 5580 vidi-

241 5613 369 5661 mus
390 5608 445 5663 et
479 5605 808 5664 audivimus
840 5624 954 5665 non
987 5606 1142 5684 loqui
1161 5608 1299 5683 (Act.
1325 5608 1417 5685 Iv).
1456 5609 1656 5682 nQuod
1680 5615 1874 5672 autem

550 5732 808 5802 Parant.
854 5733 1116 5805 CXVIII.

1981 4639 2136 4697 enim
2166 4643 2445 4710 tempore,
2470 4653 2585 4708 quo
2596 4634 2824 4709 primus
2844 4635 3022 4691 homo
3036 4636 3326 4709 peccando
3348 4651 3625 4693 aconsor-

1984 4728 2062 4785 tio
2093 4726 2435 4801 angelorum
2467 4729 2807 4798 segregatus
2838 4728 2946 4793 est,
2982 4724 3129 4781 inter
3158 4741 3256 4781 eos
3288 4740 3501 4796 magna
3528 4740 3624 4779 ex-

1985 4817 2134 4874 stitit
2164 4815 2477 4873 discordia.
2512 4813 2675 4877 Unde
2704 4814 2765 4869 in
2796 4813 2987 4870 Veteri
3018 4815 3387 4870 Testamento
3433 4812 3626 4887 angeli

1987 4909 2058 4963 ab
2088 4904 2427 4965 hominibus
2459 4904 2792 4976 frequenter
2829 4902 3053 4959 adorati
3100 4903 3281 4959 fuisse
3330 4901 3625 4976 leguntur.

1988 4996 2101 5052 Sed
2133 4999 2266 5067 post
2299 4992 2524 5049 Domini
2555 4990 3038 5048 resurrectionem
3071 5008 3186 5047 non
3234 4991 3537 5065 permittat
3567 5006 3630 5048 se

1989 5085 2062 5141 ab
2096 5082 2435 5139 hominibus
2468 5081 2698 5137 adorari
2729 5080 2788 5135 in
2820 5080 3011 5150 terris,
3030 5080 3307 5154 quoniam
3329 5081 3512 5139 Deum
3535 5080 3634 5137 ho-

1987 5174 2205 5230 minem
2236 5171 2482 5228 adorant
2510 5168 2570 5225 in
2602 5168 2785 5226 caelis.
2819 5171 2944 5236 Qua
2973 5185 3043 5226 ex
3065 5185 3127 5225 re
3147 5174 3235 5240 (ut
3264 5170 3347 5227 ait
3372 5169 3631 5227 Joannes

1985 5260 2043 5316 in
2076 5258 2441 5334 Apocalypsi)
2473 5259 2615 5314 dum
2646 5256 2815 5314 vellet
2846 5257 3118 5332 angelum
3149 5259 3413 5329 adorare,
3435 5257 3632 5332 prohi-

1986 5348 2115 5404 buit
2144 5365 2279 5403 eum
2311 5346 2574 5421 angelus,
2609 5346 2836 5404 dicens:
2878 5367 2899 5397 ι
2932 5347 3075 5404 Vide
3124 5364 3197 5404 ne
3224 5347 3447 5416 feceris,
3498 5364 3633 5403 con-

1986 5454 2187 5494 servus
2220 5440 2355 5492 tuus
2384 5453 2516 5492 sum
2549 5440 2606 5492 et
2635 5435 2879 5492 fratrum
2902 5441 3136 5494 tuorum
3158 5436 3503 5494 habentium
3550 5438 3632 5490 te-

1986 5525 2329 5583 stimonium
2361 5524 2533 5597 Jesu;
2567 5525 2750 5582 Deum
2782 5527 2959 5584 adora
3010 5527 3189 5603 (Apoc.
3222 5524 3359 5597 xxx).
3395 5546 3425 5574 ››
3475 5523 3633 5579 Hanc

1989 5632 2126 5699 ergo
2176 5631 2380 5694 pacem
2441 5631 2544 5695 per
2596 5630 2767 5676 suam
2815 5616 3295 5677 resurrectionem
3344 5608 3633 5669 redditam

3240 5733 3315 5797 16
