  <div class='ocr_page' id='page_1' title='image "/cluster/home/n/w/nwhite01/storage/ocr_20150623/118/hvd.32044073505158/252.png"; bbox 0 0 3872 6170; ppageno 0'>
   <div class='ocr_carea' id='block_1_1' title="bbox 120 378 214 441">
    <p class='ocr_par' dir='ltr' id='par_1_1' title="bbox 120 378 214 441">
     <span class='ocr_line' id='line_1_1' title="bbox 120 378 214 441; baseline 0 0"><span class='ocrx_word' id='word_1_1' title='bbox 120 378 214 441; x_wconf 76' lang='grc'><strong>493</strong></span> 
     </span>
    </p>
   </div>
   <div class='ocr_carea' id='block_1_2' title="bbox 120 505 655 571">
    <p class='ocr_par' dir='ltr' id='par_1_2' title="bbox 120 505 655 571">
     <span class='ocr_line' id='line_1_2' title="bbox 120 505 655 571; baseline -0.03 -4"><span class='ocrx_word' id='word_1_2' title='bbox 120 530 144 567; x_wconf 86' lang='lat' dir='ltr'><strong>a</strong></span> <span class='ocrx_word' id='word_1_3' title='bbox 170 509 281 565; x_wconf 78' lang='lat' dir='ltr'><strong>l’ncie</strong></span> <span class='ocrx_word' id='word_1_4' title='bbox 305 505 397 561; x_wconf 87' lang='lat' dir='ltr'><strong>olei</strong></span> <span class='ocrx_word' id='word_1_5' title='bbox 426 505 543 569; x_wconf 71' lang='lat' dir='ltr'><strong>(Im.</strong></span> <span class='ocrx_word' id='word_1_6' title='bbox 580 505 655 571; x_wconf 53' lang='grc' dir='ltr'><strong>χ),</strong></span> 
     </span>
    </p>
   </div>
   <div class='ocr_carea' id='block_1_3' title="bbox 114 592 1673 670">
    <p class='ocr_par' dir='ltr' id='par_1_3' title="bbox 114 592 1673 670">
     <span class='ocr_line' id='line_1_3' title="bbox 114 592 1673 670; baseline -0.006 -16"><span class='ocrx_word' id='word_1_7' title='bbox 114 599 310 670; x_wconf 77' lang='lat' dir='ltr'><strong>Spiritus</strong></span> <span class='ocrx_word' id='word_1_8' title='bbox 329 594 514 647; x_wconf 83' lang='lat' dir='ltr'><strong>sancti.</strong></span> <span class='ocrx_word' id='word_1_9' title='bbox 532 593 658 646; x_wconf 82' lang='lat' dir='ltr'><strong>Sive</strong></span> <span class='ocrx_word' id='word_1_10' title='bbox 686 592 871 648; x_wconf 81' lang='lat' dir='ltr'><strong>aliter.</strong></span> <span class='ocrx_word' id='word_1_11' title='bbox 889 594 1033 656; x_wconf 64' lang='lat' dir='ltr'><strong>Quia</strong></span> <span class='ocrx_word' id='word_1_12' title='bbox 1054 594 1204 647; x_wconf 80' lang='lat' dir='ltr'><strong>sicut</strong></span> <span class='ocrx_word' id='word_1_13' title='bbox 1221 594 1303 649; x_wconf 76' lang='lat' dir='ltr'><strong>ait</strong></span> <span class='ocrx_word' id='word_1_14' title='bbox 1331 592 1641 664; x_wconf 70' lang='lat' dir='ltr'><strong>Apostolus</strong></span> <span class='ocrx_word' id='word_1_15' title='bbox 1662 610 1673 646; x_wconf 86' lang='lat'><strong>:</strong></span> 
     </span>
    </p>
   </div>
   <div class='ocr_carea' id='block_1_4' title="bbox 116 679 1681 751">
    <p class='ocr_par' dir='ltr' id='par_1_4' title="bbox 116 679 1681 751">
     <span class='ocr_line' id='line_1_4' title="bbox 116 679 1681 751; baseline -0.001 -16"><span class='ocrx_word' id='word_1_16' title='bbox 116 683 373 741; x_wconf 78' lang='lat' dir='ltr'><strong>«Charitas</strong></span> <span class='ocrx_word' id='word_1_17' title='bbox 400 679 487 736; x_wconf 92' lang='lat' dir='ltr'><strong>Dei</strong></span> <span class='ocrx_word' id='word_1_18' title='bbox 517 679 728 735; x_wconf 77' lang='lat' dir='ltr'><strong>dill&#39;usa</strong></span> <span class='ocrx_word' id='word_1_19' title='bbox 757 685 847 736; x_wconf 90' lang='lat' dir='ltr'><strong>est</strong></span> <span class='ocrx_word' id='word_1_20' title='bbox 873 681 930 735; x_wconf 89' lang='lat' dir='ltr'><strong>in</strong></span> <span class='ocrx_word' id='word_1_21' title='bbox 985 680 1260 735; x_wconf 79' lang='lat' dir='ltr'><strong>cordibus</strong></span> <span class='ocrx_word' id='word_1_22' title='bbox 1311 680 1530 735; x_wconf 77' lang='lat' dir='ltr'><strong>nostris</strong></span> <span class='ocrx_word' id='word_1_23' title='bbox 1576 696 1681 751; x_wconf 90' lang='lat' dir='ltr'><strong>per</strong></span> 
     </span>
    </p>
   </div>
   <div class='ocr_carea' id='block_1_5' title="bbox 109 767 1677 845">
    <p class='ocr_par' dir='ltr' id='par_1_5' title="bbox 109 767 1677 845">
     <span class='ocr_line' id='line_1_5' title="bbox 109 767 1677 845; baseline -0.006 -15"><span class='ocrx_word' id='word_1_24' title='bbox 109 772 336 845; x_wconf 82' lang='lat' dir='ltr'><strong>Spiritum</strong></span> <span class='ocrx_word' id='word_1_25' title='bbox 366 773 638 833; x_wconf 86' lang='lat' dir='ltr'><strong>sanctum,</strong></span> <span class='ocrx_word' id='word_1_26' title='bbox 672 768 771 839; x_wconf 86' lang='lat' dir='ltr'><strong>qui</strong></span> <span class='ocrx_word' id='word_1_27' title='bbox 807 770 980 824; x_wconf 88' lang='lat' dir='ltr'><strong>datus</strong></span> <span class='ocrx_word' id='word_1_28' title='bbox 1006 773 1096 824; x_wconf 85' lang='lat' dir='ltr'><strong>est</strong></span> <span class='ocrx_word' id='word_1_29' title='bbox 1124 769 1294 824; x_wconf 87' lang='lat' dir='ltr'><strong>nobis</strong></span> <span class='ocrx_word' id='word_1_30' title='bbox 1326 770 1501 841; x_wconf 82' lang='lat' dir='ltr'><strong>(Rom.</strong></span> <span class='ocrx_word' id='word_1_31' title='bbox 1535 767 1612 837; x_wconf 89' lang='lat' dir='ltr'><strong>v).</strong></span> <span class='ocrx_word' id='word_1_32' title='bbox 1649 788 1677 816; x_wconf 87' lang='grc'><strong>››</strong></span> 
     </span>
    </p>
   </div>
   <div class='ocr_carea' id='block_1_6' title="bbox 113 857 1677 930">
    <p class='ocr_par' dir='ltr' id='par_1_6' title="bbox 113 857 1677 930">
     <span class='ocr_line' id='line_1_6' title="bbox 113 857 1677 930; baseline -0.005 -12"><span class='ocrx_word' id='word_1_33' title='bbox 113 864 248 918; x_wconf 78' lang='lat' dir='ltr'><strong>Recte</strong></span> <span class='ocrx_word' id='word_1_34' title='bbox 272 859 350 914; x_wconf 88' lang='lat' dir='ltr'><strong>bis</strong></span> <span class='ocrx_word' id='word_1_35' title='bbox 361 857 631 930; x_wconf 89' lang='lat' dir='ltr'><strong>Spiritum</strong></span> <span class='ocrx_word' id='word_1_36' title='bbox 646 862 914 912; x_wconf 89' lang='lat' dir='ltr'><strong>sanctum</strong></span> <span class='ocrx_word' id='word_1_37' title='bbox 932 861 1304 929; x_wconf 87' lang='lat' dir='ltr'><strong>acceperunt,</strong></span> <span class='ocrx_word' id='word_1_38' title='bbox 1321 857 1458 929; x_wconf 85' lang='lat' dir='ltr'><strong>quia</strong></span> <span class='ocrx_word' id='word_1_39' title='bbox 1474 857 1677 912; x_wconf 89' lang='lat' dir='ltr'><strong>eadem</strong></span> 
     </span>
    </p>
   </div>
   <div class='ocr_carea' id='block_1_7' title="bbox 104 944 1676 1018">
    <p class='ocr_par' dir='ltr' id='par_1_7' title="bbox 104 944 1676 1018">
     <span class='ocr_line' id='line_1_7' title="bbox 104 944 1676 1018; baseline -0.003 -15"><span class='ocrx_word' id='word_1_40' title='bbox 104 948 311 1004; x_wconf 83' lang='lat' dir='ltr'><strong>charitas</strong></span> <span class='ocrx_word' id='word_1_41' title='bbox 337 946 549 1001; x_wconf 86' lang='lat' dir='ltr'><strong>duobus</strong></span> <span class='ocrx_word' id='word_1_42' title='bbox 582 946 888 1018; x_wconf 68' lang='lat' dir='ltr'><strong>praeceptis</strong></span> <span class='ocrx_word' id='word_1_43' title='bbox 920 945 1220 1018; x_wconf 88' lang='lat' dir='ltr'><strong>impletur,</strong></span> <span class='ocrx_word' id='word_1_44' title='bbox 1245 944 1555 1000; x_wconf 91' lang='lat' dir='ltr'><strong>dilectione</strong></span> <span class='ocrx_word' id='word_1_45' title='bbox 1576 944 1676 1000; x_wconf 90' lang='lat' dir='ltr'><strong>Dei</strong></span> 
     </span>
    </p>
   </div>
   <div class='ocr_carea' id='block_1_8' title="bbox 105 1032 1676 1106">
    <p class='ocr_par' dir='ltr' id='par_1_8' title="bbox 105 1032 1676 1106">
     <span class='ocr_line' id='line_1_8' title="bbox 105 1032 1676 1106; baseline -0.003 -16"><span class='ocrx_word' id='word_1_46' title='bbox 105 1035 319 1092; x_wconf 88' lang='lat' dir='ltr'><strong>videlicet</strong></span> <span class='ocrx_word' id='word_1_47' title='bbox 343 1037 394 1089; x_wconf 88' lang='lat' dir='ltr'><strong>et</strong></span> <span class='ocrx_word' id='word_1_48' title='bbox 420 1033 679 1105; x_wconf 81' lang='lat' dir='ltr'><strong>proximi.</strong></span> <span class='ocrx_word' id='word_1_49' title='bbox 707 1034 765 1088; x_wconf 91' lang='lat' dir='ltr'><strong>In</strong></span> <span class='ocrx_word' id='word_1_50' title='bbox 792 1038 946 1089; x_wconf 89' lang='lat' dir='ltr'><strong>terra</strong></span> <span class='ocrx_word' id='word_1_51' title='bbox 973 1035 1189 1106; x_wconf 89' lang='lat' dir='ltr'><strong>quippe</strong></span> <span class='ocrx_word' id='word_1_52' title='bbox 1210 1034 1384 1088; x_wconf 90' lang='lat' dir='ltr'><strong>datur</strong></span> <span class='ocrx_word' id='word_1_53' title='bbox 1401 1032 1676 1104; x_wconf 82' lang='lat' dir='ltr'><strong>Spiritus,</strong></span> 
     </span>
    </p>
   </div>
   <div class='ocr_carea' id='block_1_9' title="bbox 106 1121 1681 1195">
    <p class='ocr_par' dir='ltr' id='par_1_9' title="bbox 106 1121 1681 1195">
     <span class='ocr_line' id='line_1_9' title="bbox 106 1121 1681 1195; baseline -0.004 -15"><span class='ocrx_word' id='word_1_54' title='bbox 106 1130 151 1180; x_wconf 89' lang='lat' dir='ltr'><strong>ut</strong></span> <span class='ocrx_word' id='word_1_55' title='bbox 185 1123 430 1195; x_wconf 82' lang='lat' dir='ltr'><strong>diligatur</strong></span> <span class='ocrx_word' id='word_1_56' title='bbox 474 1121 771 1193; x_wconf 89' lang='lat' dir='ltr'><strong>proximus</strong></span> <span class='ocrx_word' id='word_1_57' title='bbox 802 1140 814 1177; x_wconf 91' lang='lat'>:</span> <span class='ocrx_word' id='word_1_58' title='bbox 848 1139 879 1178; x_wconf 92' lang='lat' dir='ltr'><strong>e</strong></span> <span class='ocrx_word' id='word_1_59' title='bbox 910 1122 1052 1177; x_wconf 78' lang='lat' dir='ltr'><strong>cmlo</strong></span> <span class='ocrx_word' id='word_1_60' title='bbox 1100 1122 1277 1177; x_wconf 90' lang='lat' dir='ltr'><strong>datur</strong></span> <span class='ocrx_word' id='word_1_61' title='bbox 1312 1121 1582 1194; x_wconf 84' lang='lat' dir='ltr'><strong>Spiritus,</strong></span> <span class='ocrx_word' id='word_1_62' title='bbox 1616 1124 1681 1174; x_wconf 90' lang='lat' dir='ltr'><strong>ut</strong></span> 
     </span>
    </p>
   </div>
   <div class='ocr_carea' id='block_1_10' title="bbox 102 1209 1679 1285">
    <p class='ocr_par' dir='ltr' id='par_1_10' title="bbox 102 1209 1679 1285">
     <span class='ocr_line' id='line_1_10' title="bbox 102 1209 1679 1285; baseline -0.004 -17"><span class='ocrx_word' id='word_1_63' title='bbox 102 1213 327 1285; x_wconf 77' lang='lat' dir='ltr'><strong>diligatur</strong></span> <span class='ocrx_word' id='word_1_64' title='bbox 343 1211 588 1266; x_wconf 88' lang='lat' dir='ltr'><strong>Deus.Et</strong></span> <span class='ocrx_word' id='word_1_65' title='bbox 618 1210 757 1282; x_wconf 90' lang='lat' dir='ltr'><strong>quia</strong></span> <span class='ocrx_word' id='word_1_66' title='bbox 780 1228 882 1283; x_wconf 88' lang='lat' dir='ltr'><strong>per</strong></span> <span class='ocrx_word' id='word_1_67' title='bbox 899 1210 1266 1267; x_wconf 86' lang='lat' dir='ltr'><strong>dilectionem</strong></span> <span class='ocrx_word' id='word_1_68' title='bbox 1289 1209 1533 1282; x_wconf 87' lang='lat' dir='ltr'><strong>proximi</strong></span> <span class='ocrx_word' id='word_1_69' title='bbox 1550 1225 1679 1280; x_wconf 88' lang='lat' dir='ltr'><strong>per-</strong></span> 
     </span>
    </p>
   </div>
   <div class='ocr_carea' id='block_1_11' title="bbox 102 1298 1679 1370">
    <p class='ocr_par' dir='ltr' id='par_1_11' title="bbox 102 1298 1679 1370">
     <span class='ocr_line' id='line_1_11' title="bbox 102 1298 1679 1370; baseline -0.003 -15"><span class='ocrx_word' id='word_1_70' title='bbox 102 1302 314 1357; x_wconf 82' lang='lat' dir='ltr'><strong>venimus</strong></span> <span class='ocrx_word' id='word_1_71' title='bbox 341 1300 406 1354; x_wconf 89' lang='lat' dir='ltr'><strong>ad</strong></span> <span class='ocrx_word' id='word_1_72' title='bbox 436 1299 803 1354; x_wconf 84' lang='lat' dir='ltr'><strong>dilectionem</strong></span> <span class='ocrx_word' id='word_1_73' title='bbox 836 1299 1126 1365; x_wconf 87' lang='lat' dir='ltr'><strong>Dci,recte</strong></span> <span class='ocrx_word' id='word_1_74' title='bbox 1143 1299 1403 1370; x_wconf 89' lang='lat' dir='ltr'><strong>primum</strong></span> <span class='ocrx_word' id='word_1_75' title='bbox 1435 1298 1491 1353; x_wconf 91' lang='lat' dir='ltr'><strong>in</strong></span> <span class='ocrx_word' id='word_1_76' title='bbox 1526 1301 1679 1353; x_wconf 88' lang='lat' dir='ltr'><strong>terra</strong></span> 
     </span>
    </p>
   </div>
   <div class='ocr_carea' id='block_1_12' title="bbox 100 1386 1681 1460">
    <p class='ocr_par' dir='ltr' id='par_1_12' title="bbox 100 1386 1681 1460">
     <span class='ocr_line' id='line_1_12' title="bbox 100 1386 1681 1460; baseline -0.003 -17"><span class='ocrx_word' id='word_1_77' title='bbox 100 1392 232 1444; x_wconf 83' lang='lat' dir='ltr'><strong>datur</strong></span> <span class='ocrx_word' id='word_1_78' title='bbox 255 1387 507 1460; x_wconf 85' lang='lat' dir='ltr'><strong>Spiritus.</strong></span> <span class='ocrx_word' id='word_1_79' title='bbox 538 1391 596 1442; x_wconf 90' lang='lat' dir='ltr'><strong>et</strong></span> <span class='ocrx_word' id='word_1_80' title='bbox 625 1388 997 1459; x_wconf 86' lang='lat' dir='ltr'><strong>postmodum</strong></span> <span class='ocrx_word' id='word_1_81' title='bbox 1030 1404 1061 1442; x_wconf 89' lang='lat' dir='ltr'><strong>e</strong></span> <span class='ocrx_word' id='word_1_82' title='bbox 1091 1386 1424 1451; x_wconf 76' lang='lat' dir='ltr'><strong>ecelo,sicnt</strong></span> <span class='ocrx_word' id='word_1_83' title='bbox 1449 1386 1529 1441; x_wconf 89' lang='lat' dir='ltr'><strong>ait</strong></span> <span class='ocrx_word' id='word_1_84' title='bbox 1549 1402 1681 1457; x_wconf 89' lang='lat' dir='ltr'><strong>apo-</strong></span> 
     </span>
    </p>
   </div>
   <div class='ocr_carea' id='block_1_13' title="bbox 100 1475 1675 1548">
    <p class='ocr_par' dir='ltr' id='par_1_13' title="bbox 100 1475 1675 1548">
     <span class='ocr_line' id='line_1_13' title="bbox 100 1475 1675 1548; baseline -0.003 -15"><span class='ocrx_word' id='word_1_85' title='bbox 100 1477 241 1533; x_wconf 81' lang='lat' dir='ltr'><strong>stolus</strong></span> <span class='ocrx_word' id='word_1_86' title='bbox 284 1478 569 1532; x_wconf 80' lang='lat' dir='ltr'><strong>Joannes:</strong></span> <span class='ocrx_word' id='word_1_87' title='bbox 613 1475 721 1542; x_wconf 87' lang='lat' dir='ltr'><strong>Qui</strong></span> <span class='ocrx_word' id='word_1_88' title='bbox 775 1493 888 1531; x_wconf 91' lang='lat' dir='ltr'><strong>non</strong></span> <span class='ocrx_word' id='word_1_89' title='bbox 948 1475 1141 1548; x_wconf 82' lang='lat' dir='ltr'><strong>diligit</strong></span> <span class='ocrx_word' id='word_1_90' title='bbox 1202 1476 1438 1529; x_wconf 78' lang='lat' dir='ltr'><strong>fratrem</strong></span> <span class='ocrx_word' id='word_1_91' title='bbox 1502 1490 1675 1529; x_wconf 86' lang='lat' dir='ltr'><strong>suum</strong></span> 
     </span>
    </p>
   </div>
   <div class='ocr_carea' id='block_1_14' title="bbox 98 1564 1680 1636">
    <p class='ocr_par' dir='ltr' id='par_1_14' title="bbox 98 1564 1680 1636">
     <span class='ocr_line' id='line_1_14' title="bbox 98 1564 1680 1636; baseline -0.003 -17"><span class='ocrx_word' id='word_1_92' title='bbox 98 1582 227 1636; x_wconf 85' lang='lat' dir='ltr'><strong>quem</strong></span> <span class='ocrx_word' id='word_1_93' title='bbox 255 1565 414 1633; x_wconf 77' lang='lat' dir='ltr'><strong>videt,</strong></span> <span class='ocrx_word' id='word_1_94' title='bbox 442 1566 620 1621; x_wconf 85' lang='lat' dir='ltr'><strong>Deum</strong></span> <span class='ocrx_word' id='word_1_95' title='bbox 651 1581 824 1636; x_wconf 85' lang='lat' dir='ltr'><strong>quem</strong></span> <span class='ocrx_word' id='word_1_96' title='bbox 855 1581 969 1619; x_wconf 87' lang='lat' dir='ltr'><strong>non</strong></span> <span class='ocrx_word' id='word_1_97' title='bbox 1002 1564 1157 1618; x_wconf 73' lang='lat' dir='ltr'><strong>videt</strong></span> <span class='ocrx_word' id='word_1_98' title='bbox 1187 1564 1680 1635; x_wconf 83' lang='lat' dir='ltr'><strong>quomodopolest</strong></span> 
     </span>
    </p>
   </div>
   <div class='ocr_carea' id='block_1_15' title="bbox 97 1650 1678 1725">
    <p class='ocr_par' dir='ltr' id='par_1_15' title="bbox 97 1650 1678 1725">
     <span class='ocr_line' id='line_1_15' title="bbox 97 1650 1678 1725; baseline -0.003 -18"><span class='ocrx_word' id='word_1_99' title='bbox 97 1652 324 1725; x_wconf 80' lang='lat' dir='ltr'><strong>diligere?</strong></span> <span class='ocrx_word' id='word_1_100' title='bbox 351 1677 375 1699; x_wconf 78' lang='grc' dir='ltr'><strong>υ</strong></span> <span class='ocrx_word' id='word_1_101' title='bbox 394 1653 738 1724; x_wconf 80' lang='lat' dir='ltr'><strong>(I)Joan.iv).</strong></span> <span class='ocrx_word' id='word_1_102' title='bbox 758 1654 820 1708; x_wconf 81' lang='lat' dir='ltr'><strong>Et</strong></span> <span class='ocrx_word' id='word_1_103' title='bbox 843 1652 1083 1725; x_wconf 87' lang='lat' dir='ltr'><strong>pulchre</strong></span> <span class='ocrx_word' id='word_1_104' title='bbox 1110 1652 1466 1707; x_wconf 76' lang='lat' dir='ltr'><strong>insufflando</strong></span> <span class='ocrx_word' id='word_1_105' title='bbox 1496 1650 1678 1723; x_wconf 82' lang='lat' dir='ltr'><strong>Spiri-</strong></span> 
     </span>
    </p>
   </div>
   <div class='ocr_carea' id='block_1_16' title="bbox 94 1737 1677 1813">
    <p class='ocr_par' dir='ltr' id='par_1_16' title="bbox 94 1737 1677 1813">
     <span class='ocr_line' id='line_1_16' title="bbox 94 1737 1677 1813; baseline -0.003 -18"><span class='ocrx_word' id='word_1_106' title='bbox 94 1747 183 1796; x_wconf 85' lang='lat' dir='ltr'><strong>tum</strong></span> <span class='ocrx_word' id='word_1_107' title='bbox 203 1745 446 1797; x_wconf 88' lang='lat' dir='ltr'><strong>sanctum</strong></span> <span class='ocrx_word' id='word_1_108' title='bbox 472 1741 653 1805; x_wconf 87' lang='lat' dir='ltr'><strong>dedit,</strong></span> <span class='ocrx_word' id='word_1_109' title='bbox 672 1746 737 1796; x_wconf 91' lang='lat' dir='ltr'><strong>ut</strong></span> <span class='ocrx_word' id='word_1_110' title='bbox 753 1741 947 1813; x_wconf 85' lang='lat' dir='ltr'><strong>ipsum</strong></span> <span class='ocrx_word' id='word_1_111' title='bbox 973 1758 1036 1796; x_wconf 88' lang='lat' dir='ltr'><strong>se</strong></span> <span class='ocrx_word' id='word_1_112' title='bbox 1055 1757 1183 1795; x_wconf 84' lang='lat' dir='ltr'><strong>esse</strong></span> <span class='ocrx_word' id='word_1_113' title='bbox 1205 1740 1557 1801; x_wconf 83' lang='lat' dir='ltr'><strong>ostenderet,</strong></span> <span class='ocrx_word' id='word_1_114' title='bbox 1578 1737 1677 1810; x_wconf 89' lang='lat' dir='ltr'><strong>qui</strong></span> 
     </span>
    </p>
   </div>
   <div class='ocr_carea' id='block_1_17' title="bbox 95 1827 1755 1934">
    <p class='ocr_par' dir='ltr' id='par_1_17' title="bbox 95 1827 1755 1934">
     <span class='ocr_line' id='line_1_17' title="bbox 95 1827 1755 1934; baseline -0.001 -53"><span class='ocrx_word' id='word_1_115' title='bbox 95 1828 135 1883; x_wconf 89' lang='lat' dir='ltr'><strong>in</strong></span> <span class='ocrx_word' id='word_1_116' title='bbox 161 1829 280 1885; x_wconf 82' lang='lat' dir='ltr'><strong>facie</strong></span> <span class='ocrx_word' id='word_1_117' title='bbox 308 1828 473 1902; x_wconf 88' lang='lat' dir='ltr'><strong>primi</strong></span> <span class='ocrx_word' id='word_1_118' title='bbox 506 1829 767 1885; x_wconf 85' lang='lat' dir='ltr'><strong>hominis</strong></span> <span class='ocrx_word' id='word_1_119' title='bbox 819 1827 1178 1901; x_wconf 80' lang='lat' dir='ltr'><strong>spiraculum</strong></span> <span class='ocrx_word' id='word_1_120' title='bbox 1203 1828 1332 1883; x_wconf 66' lang='lat' dir='ltr'><strong>vitae</strong></span> <span class='ocrx_word' id='word_1_121' title='bbox 1364 1827 1676 1899; x_wconf 89' lang='lat' dir='ltr'><strong>spiraverat</strong></span> <span class='ocrx_word' id='word_1_122' title='bbox 1709 1869 1755 1934; x_wconf 78' lang='grc' dir='ltr'>Β</span> 
     </span>
    </p>
   </div>
   <div class='ocr_carea' id='block_1_18' title="bbox 92 1916 1676 1989">
    <p class='ocr_par' dir='ltr' id='par_1_18' title="bbox 92 1916 1676 1989">
     <span class='ocr_line' id='line_1_18' title="bbox 92 1916 1676 1989; baseline -0.001 -18"><span class='ocrx_word' id='word_1_123' title='bbox 92 1918 206 1987; x_wconf 66' lang='lat' dir='ltr'><strong>(Gen.</strong></span> <span class='ocrx_word' id='word_1_124' title='bbox 236 1920 308 1986; x_wconf 85' lang='grc' dir='ltr'><strong>ιι).</strong></span> <span class='ocrx_word' id='word_1_125' title='bbox 339 1916 436 1973; x_wconf 87' lang='lat' dir='ltr'><strong>Vel</strong></span> <span class='ocrx_word' id='word_1_126' title='bbox 467 1921 624 1973; x_wconf 84' lang='lat' dir='ltr'><strong>certe</strong></span> <span class='ocrx_word' id='word_1_127' title='bbox 654 1917 790 1989; x_wconf 83' lang='lat' dir='ltr'><strong>quia</strong></span> <span class='ocrx_word' id='word_1_128' title='bbox 816 1916 1110 1972; x_wconf 81' lang='lat' dir='ltr'><strong>anhelitus</strong></span> <span class='ocrx_word' id='word_1_129' title='bbox 1140 1917 1213 1972; x_wconf 87' lang='lat' dir='ltr'><strong>ab</strong></span> <span class='ocrx_word' id='word_1_130' title='bbox 1244 1916 1676 1972; x_wconf 87' lang='lat' dir='ltr'><strong>interioreexte-</strong></span> 
     </span>
    </p>
   </div>
   <div class='ocr_carea' id='block_1_19' title="bbox 88 2004 1675 2077">
    <p class='ocr_par' dir='ltr' id='par_1_19' title="bbox 88 2004 1675 2077">
     <span class='ocr_line' id='line_1_19' title="bbox 88 2004 1675 2077; baseline 0 -20"><span class='ocrx_word' id='word_1_131' title='bbox 88 2006 174 2060; x_wconf 86' lang='lat' dir='ltr'><strong>rius</strong></span> <span class='ocrx_word' id='word_1_132' title='bbox 196 2005 445 2071; x_wconf 81' lang='lat' dir='ltr'><strong>trahitur,</strong></span> <span class='ocrx_word' id='word_1_133' title='bbox 470 2005 1126 2077; x_wconf 78' lang='lat' dir='ltr'><strong>insufﬂ&#39;andoSpirltum</strong></span> <span class='ocrx_word' id='word_1_134' title='bbox 1158 2008 1425 2061; x_wconf 88' lang='lat' dir='ltr'><strong>sanctum</strong></span> <span class='ocrx_word' id='word_1_135' title='bbox 1440 2004 1598 2059; x_wconf 89' lang='lat' dir='ltr'><strong>dedit</strong></span> <span class='ocrx_word' id='word_1_136' title='bbox 1612 2007 1675 2058; x_wconf 90' lang='lat' dir='ltr'><strong>ut</strong></span> 
     </span>
    </p>
   </div>
   <div class='ocr_carea' id='block_1_20' title="bbox 82 2092 1677 2149">
    <p class='ocr_par' dir='ltr' id='par_1_20' title="bbox 82 2092 1677 2149">
     <span class='ocr_line' id='line_1_20' title="bbox 82 2092 1677 2149; baseline -0.001 -2"><span class='ocrx_word' id='word_1_137' title='bbox 82 2094 353 2149; x_wconf 86' lang='lat' dir='ltr'><strong>ostenderet</strong></span> <span class='ocrx_word' id='word_1_138' title='bbox 379 2110 618 2149; x_wconf 91' lang='lat' dir='ltr'><strong>omnem</strong></span> <span class='ocrx_word' id='word_1_139' title='bbox 653 2093 1022 2148; x_wconf 83' lang='lat' dir='ltr'><strong>divinitatem</strong></span> <span class='ocrx_word' id='word_1_140' title='bbox 1053 2092 1114 2147; x_wconf 92' lang='lat' dir='ltr'><strong>in</strong></span> <span class='ocrx_word' id='word_1_141' title='bbox 1147 2109 1209 2147; x_wconf 88' lang='lat' dir='ltr'><strong>se</strong></span> <span class='ocrx_word' id='word_1_142' title='bbox 1242 2109 1372 2149; x_wconf 87' lang='lat' dir='ltr'><strong>esse</strong></span> <span class='ocrx_word' id='word_1_143' title='bbox 1405 2098 1501 2147; x_wconf 89' lang='lat' dir='ltr'><strong>:et</strong></span> <span class='ocrx_word' id='word_1_144' title='bbox 1523 2092 1677 2147; x_wconf 86' lang='lat' dir='ltr'><strong>sicut</strong></span> 
     </span>
    </p>
   </div>
   <div class='ocr_carea' id='block_1_21' title="bbox 81 2181 1669 2255">
    <p class='ocr_par' dir='ltr' id='par_1_21' title="bbox 81 2181 1669 2255">
     <span class='ocr_line' id='line_1_21' title="bbox 81 2181 1669 2255; baseline 0.001 -21"><span class='ocrx_word' id='word_1_145' title='bbox 81 2182 349 2247; x_wconf 78' lang='lat' dir='ltr'><strong>aPatre,ita</strong></span> <span class='ocrx_word' id='word_1_146' title='bbox 361 2198 595 2255; x_wconf 86' lang='lat' dir='ltr'><strong>quoque</strong></span> <span class='ocrx_word' id='word_1_147' title='bbox 610 2200 643 2237; x_wconf 86' lang='lat' dir='ltr'><strong>a</strong></span> <span class='ocrx_word' id='word_1_148' title='bbox 658 2199 719 2237; x_wconf 87' lang='lat' dir='ltr'><strong>se</strong></span> <span class='ocrx_word' id='word_1_149' title='bbox 745 2182 1026 2253; x_wconf 89' lang='lat' dir='ltr'><strong>Spiritum</strong></span> <span class='ocrx_word' id='word_1_150' title='bbox 1056 2186 1325 2237; x_wconf 88' lang='lat' dir='ltr'><strong>sanctum</strong></span> <span class='ocrx_word' id='word_1_151' title='bbox 1341 2181 1669 2253; x_wconf 85' lang='lat' dir='ltr'><strong>procedere.</strong></span> 
     </span>
    </p>
   </div>
   <div class='ocr_carea' id='block_1_22' title="bbox 82 2269 1671 2343">
    <p class='ocr_par' dir='ltr' id='par_1_22' title="bbox 82 2269 1671 2343">
     <span class='ocr_line' id='line_1_22' title="bbox 82 2269 1671 2343; baseline 0.003 -24"><span class='ocrx_word' id='word_1_152' title='bbox 82 2270 169 2324; x_wconf 76' lang='grc' dir='ltr'><strong>ιιι]</strong></span> <span class='ocrx_word' id='word_1_153' title='bbox 190 2269 303 2343; x_wconf 89' lang='lat' dir='ltr'><strong>ipso</strong></span> <span class='ocrx_word' id='word_1_154' title='bbox 331 2272 483 2326; x_wconf 90' lang='lat' dir='ltr'><strong>enim</strong></span> <span class='ocrx_word' id='word_1_155' title='bbox 518 2274 612 2343; x_wconf 89' lang='lat' dir='ltr'><strong>(ut</strong></span> <span class='ocrx_word' id='word_1_156' title='bbox 642 2272 726 2325; x_wconf 91' lang='lat' dir='ltr'><strong>ait</strong></span> <span class='ocrx_word' id='word_1_157' title='bbox 773 2269 1111 2343; x_wconf 87' lang='lat' dir='ltr'><strong>Apostolus)</strong></span> <span class='ocrx_word' id='word_1_158' title='bbox 1145 2269 1436 2325; x_wconf 81' lang='lat' dir='ltr'><strong>inhabitat</strong></span> <span class='ocrx_word' id='word_1_159' title='bbox 1478 2271 1671 2325; x_wconf 86' lang='lat' dir='ltr'><strong>omnis</strong></span> 
     </span>
    </p>
   </div>
   <div class='ocr_carea' id='block_1_23' title="bbox 76 2356 1673 2431">
    <p class='ocr_par' dir='ltr' id='par_1_23' title="bbox 76 2356 1673 2431">
     <span class='ocr_line' id='line_1_23' title="bbox 76 2356 1673 2431; baseline 0.002 -21"><span class='ocrx_word' id='word_1_160' title='bbox 76 2356 317 2428; x_wconf 85' lang='lat' dir='ltr'><strong>plenitudo</strong></span> <span class='ocrx_word' id='word_1_161' title='bbox 347 2359 674 2414; x_wconf 87' lang='lat' dir='ltr'><strong>divinitatis</strong></span> <span class='ocrx_word' id='word_1_162' title='bbox 707 2358 1084 2431; x_wconf 80' lang='lat' dir='ltr'><strong>corporaliter</strong></span> <span class='ocrx_word' id='word_1_163' title='bbox 1113 2358 1335 2426; x_wconf 83' lang='lat' dir='ltr'><strong>(Coloss.</strong></span> <span class='ocrx_word' id='word_1_164' title='bbox 1365 2358 1485 2429; x_wconf 80' lang='lat'><strong>11).»</strong></span> <span class='ocrx_word' id='word_1_165' title='bbox 1513 2358 1673 2413; x_wconf 84' lang='lat' dir='ltr'><strong>Unde</strong></span> 
     </span>
    </p>
   </div>
   <div class='ocr_carea' id='block_1_24' title="bbox 75 2447 1665 2504">
    <p class='ocr_par' dir='ltr' id='par_1_24' title="bbox 75 2447 1665 2504">
     <span class='ocr_line' id='line_1_24' title="bbox 75 2447 1665 2504; baseline 0.001 -5"><span class='ocrx_word' id='word_1_166' title='bbox 75 2451 113 2499; x_wconf 82' lang='lat' dir='ltr'><strong>et</strong></span> <span class='ocrx_word' id='word_1_167' title='bbox 134 2449 459 2503; x_wconf 89' lang='lat' dir='ltr'><strong>consuetudo</strong></span> <span class='ocrx_word' id='word_1_168' title='bbox 510 2447 912 2504; x_wconf 89' lang='lat' dir='ltr'><strong>ecclesiastica</strong></span> <span class='ocrx_word' id='word_1_169' title='bbox 955 2447 1210 2504; x_wconf 89' lang='lat' dir='ltr'><strong>obtinuit</strong></span> <span class='ocrx_word' id='word_1_170' title='bbox 1257 2451 1323 2502; x_wconf 92' lang='lat' dir='ltr'><strong>ut</strong></span> <span class='ocrx_word' id='word_1_171' title='bbox 1371 2447 1427 2501; x_wconf 90' lang='lat' dir='ltr'><strong>in</strong></span> <span class='ocrx_word' id='word_1_172' title='bbox 1465 2463 1665 2502; x_wconf 86' lang='lat' dir='ltr'><strong>eorum</strong></span> 
     </span>
    </p>
   </div>
   <div class='ocr_carea' id='block_1_25' title="bbox 74 2534 1667 2610">
    <p class='ocr_par' dir='ltr' id='par_1_25' title="bbox 74 2534 1667 2610">
     <span class='ocr_line' id='line_1_25' title="bbox 74 2534 1667 2610; baseline 0.001 -24"><span class='ocrx_word' id='word_1_173' title='bbox 74 2535 196 2601; x_wconf 75' lang='lat' dir='ltr'><strong>facie,</strong></span> <span class='ocrx_word' id='word_1_174' title='bbox 222 2535 312 2608; x_wconf 92' lang='lat' dir='ltr'><strong>qui</strong></span> <span class='ocrx_word' id='word_1_175' title='bbox 334 2553 435 2607; x_wconf 92' lang='lat' dir='ltr'><strong>per</strong></span> <span class='ocrx_word' id='word_1_176' title='bbox 465 2537 727 2610; x_wconf 84' lang='lat' dir='ltr'><strong>gratiam</strong></span> <span class='ocrx_word' id='word_1_177' title='bbox 762 2536 1014 2608; x_wconf 86' lang='lat' dir='ltr'><strong>Spiritus</strong></span> <span class='ocrx_word' id='word_1_178' title='bbox 1054 2535 1241 2590; x_wconf 84' lang='lat' dir='ltr'><strong>sancti</strong></span> <span class='ocrx_word' id='word_1_179' title='bbox 1292 2534 1667 2604; x_wconf 79' lang='lat' dir='ltr'><strong>regenerandi</strong></span> 
     </span>
    </p>
   </div>
   <div class='ocr_carea' id='block_1_26' title="bbox 73 2624 1670 2695">
    <p class='ocr_par' dir='ltr' id='par_1_26' title="bbox 73 2624 1670 2695">
     <span class='ocr_line' id='line_1_26' title="bbox 73 2624 1670 2695; baseline 0.002 -21"><span class='ocrx_word' id='word_1_180' title='bbox 73 2629 190 2688; x_wconf 86' lang='lat' dir='ltr'><strong>sunt,</strong></span> <span class='ocrx_word' id='word_1_181' title='bbox 216 2642 245 2680; x_wconf 88' lang='lat' dir='ltr'><strong>a</strong></span> <span class='ocrx_word' id='word_1_182' title='bbox 268 2626 671 2682; x_wconf 88' lang='lat' dir='ltr'><strong>sacerdotibus</strong></span> <span class='ocrx_word' id='word_1_183' title='bbox 702 2625 1053 2680; x_wconf 87' lang='lat' dir='ltr'><strong>insuftletur.</strong></span> <span class='ocrx_word' id='word_1_184' title='bbox 1088 2625 1232 2679; x_wconf 86' lang='lat' dir='ltr'><strong>Nam</strong></span> <span class='ocrx_word' id='word_1_185' title='bbox 1266 2624 1410 2679; x_wconf 91' lang='lat' dir='ltr'><strong>illud</strong></span> <span class='ocrx_word' id='word_1_186' title='bbox 1433 2628 1670 2695; x_wconf 78' lang='lat' dir='ltr'><strong>prmter-</strong></span> 
     </span>
    </p>
   </div>
   <div class='ocr_carea' id='block_1_27' title="bbox 79 2711 1670 2785">
    <p class='ocr_par' dir='ltr' id='par_1_27' title="bbox 79 2711 1670 2785">
     <span class='ocr_line' id='line_1_27' title="bbox 79 2711 1670 2785; baseline 0.001 -20"><span class='ocrx_word' id='word_1_187' title='bbox 79 2711 373 2770; x_wconf 87' lang='lat' dir='ltr'><strong>mittendum</strong></span> <span class='ocrx_word' id='word_1_188' title='bbox 414 2732 531 2770; x_wconf 90' lang='lat' dir='ltr'><strong>non</strong></span> <span class='ocrx_word' id='word_1_189' title='bbox 576 2719 687 2780; x_wconf 89' lang='lat' dir='ltr'><strong>est,</strong></span> <span class='ocrx_word' id='word_1_190' title='bbox 723 2714 877 2785; x_wconf 90' lang='lat' dir='ltr'><strong>quod</strong></span> <span class='ocrx_word' id='word_1_191' title='bbox 927 2730 1030 2785; x_wconf 89' lang='lat' dir='ltr'><strong>per</strong></span> <span class='ocrx_word' id='word_1_192' title='bbox 1081 2714 1373 2768; x_wconf 90' lang='lat' dir='ltr'><strong>dationem</strong></span> <span class='ocrx_word' id='word_1_193' title='bbox 1418 2713 1670 2784; x_wconf 87' lang='lat' dir='ltr'><strong>Spiritus</strong></span> 
     </span>
    </p>
   </div>
   <div class='ocr_carea' id='block_1_28' title="bbox 73 2800 1671 2876">
    <p class='ocr_par' dir='ltr' id='par_1_28' title="bbox 73 2800 1671 2876">
     <span class='ocr_line' id='line_1_28' title="bbox 73 2800 1671 2876; baseline 0.003 -24"><span class='ocrx_word' id='word_1_194' title='bbox 73 2801 214 2855; x_wconf 84' lang='lat' dir='ltr'><strong>sancti</strong></span> <span class='ocrx_word' id='word_1_195' title='bbox 224 2802 475 2859; x_wconf 88' lang='lat' dir='ltr'><strong>omnium</strong></span> <span class='ocrx_word' id='word_1_196' title='bbox 492 2807 866 2876; x_wconf 86' lang='lat' dir='ltr'><strong>peccatorum</strong></span> <span class='ocrx_word' id='word_1_197' title='bbox 881 2802 1147 2857; x_wconf 90' lang='lat' dir='ltr'><strong>remissio</strong></span> <span class='ocrx_word' id='word_1_198' title='bbox 1159 2802 1459 2867; x_wconf 88' lang='lat' dir='ltr'><strong>trtbuitur,</strong></span> <span class='ocrx_word' id='word_1_199' title='bbox 1475 2806 1531 2856; x_wconf 90' lang='lat' dir='ltr'><strong>et</strong></span> <span class='ocrx_word' id='word_1_200' title='bbox 1542 2800 1671 2873; x_wconf 89' lang='lat' dir='ltr'><strong>ipsa</strong></span> 
     </span>
    </p>
   </div>
   <div class='ocr_carea' id='block_1_29' title="bbox 71 2889 1670 2962">
    <p class='ocr_par' dir='ltr' id='par_1_29' title="bbox 71 2889 1670 2962">
     <span class='ocr_line' id='line_1_29' title="bbox 71 2889 1670 2962; baseline 0.001 -21"><span class='ocrx_word' id='word_1_201' title='bbox 71 2903 251 2961; x_wconf 87' lang='lat' dir='ltr'><strong>quoque</strong></span> <span class='ocrx_word' id='word_1_202' title='bbox 269 2891 534 2947; x_wconf 82' lang='lat' dir='ltr'><strong>remissio</strong></span> <span class='ocrx_word' id='word_1_203' title='bbox 562 2894 791 2962; x_wconf 87' lang='lat' dir='ltr'><strong>septem</strong></span> <span class='ocrx_word' id='word_1_204' title='bbox 823 2890 1015 2946; x_wconf 90' lang='lat' dir='ltr'><strong>modis</strong></span> <span class='ocrx_word' id='word_1_205' title='bbox 1037 2889 1535 2955; x_wconf 80' lang='lat' dir='ltr'><strong>efficitur.Primo,</strong></span> <span class='ocrx_word' id='word_1_206' title='bbox 1568 2905 1670 2961; x_wconf 90' lang='lat' dir='ltr'><strong>per</strong></span> 
     </span>
    </p>
   </div>
   <div class='ocr_carea' id='block_1_30' title="bbox 73 2976 1669 3052">
    <p class='ocr_par' dir='ltr' id='par_1_30' title="bbox 73 2976 1669 3052">
     <span class='ocr_line' id='line_1_30' title="bbox 73 2976 1669 3052; baseline 0.002 -24"><span class='ocrx_word' id='word_1_207' title='bbox 73 2984 443 3035; x_wconf 84' lang='lat' dir='ltr'><strong>sacramentum</strong></span> <span class='ocrx_word' id='word_1_208' title='bbox 467 2977 874 3052; x_wconf 88' lang='lat' dir='ltr'><strong>baptismatis.</strong></span> <span class='ocrx_word' id='word_1_209' title='bbox 893 2980 1161 3034; x_wconf 89' lang='lat' dir='ltr'><strong>Secundo</strong></span> <span class='ocrx_word' id='word_1_210' title='bbox 1184 2979 1291 3033; x_wconf 91' lang='lat' dir='ltr'><strong>Per</strong></span> <span class='ocrx_word' id='word_1_211' title='bbox 1305 2976 1669 3034; x_wconf 67' lang='lat' dir='ltr'><strong>eucharistim</strong></span> 
     </span>
    </p>
   </div>
   <div class='ocr_carea' id='block_1_31' title="bbox 71 3066 1664 3139">
    <p class='ocr_par' dir='ltr' id='par_1_31' title="bbox 71 3066 1664 3139">
     <span class='ocr_line' id='line_1_31' title="bbox 71 3066 1664 3139; baseline 0.001 -19"><span class='ocrx_word' id='word_1_212' title='bbox 71 3068 653 3139; x_wconf 75' lang='lat' dir='ltr'><strong>perceptionem.Unde</strong></span> <span class='ocrx_word' id='word_1_213' title='bbox 684 3072 741 3123; x_wconf 88' lang='lat' dir='ltr'><strong>et</strong></span> <span class='ocrx_word' id='word_1_214' title='bbox 773 3067 1054 3122; x_wconf 90' lang='lat' dir='ltr'><strong>Dominus</strong></span> <span class='ocrx_word' id='word_1_215' title='bbox 1086 3067 1143 3121; x_wconf 93' lang='lat' dir='ltr'><strong>in</strong></span> <span class='ocrx_word' id='word_1_216' title='bbox 1178 3066 1664 3139; x_wconf 85' lang='lat' dir='ltr'><strong>Evangeliodicit:</strong></span> 
     </span>
    </p>
   </div>
   <div class='ocr_carea' id='block_1_32' title="bbox 72 3152 1664 3223">
    <p class='ocr_par' dir='ltr' id='par_1_32' title="bbox 72 3152 1664 3223">
     <span class='ocr_line' id='line_1_32' title="bbox 72 3152 1664 3223; baseline 0.003 -18"><span class='ocrx_word' id='word_1_217' title='bbox 72 3174 90 3197; x_wconf 65' lang='grc' dir='ltr'><strong><em>α</em></strong></span> <span class='ocrx_word' id='word_1_218' title='bbox 113 3152 207 3208; x_wconf 76' lang='lat' dir='ltr'><strong>Nisi</strong></span> <span class='ocrx_word' id='word_1_219' title='bbox 235 3155 731 3212; x_wconf 88' lang='lat' dir='ltr'><strong>manducavcritis</strong></span> <span class='ocrx_word' id='word_1_220' title='bbox 762 3172 993 3211; x_wconf 88' lang='lat' dir='ltr'><strong>carnem</strong></span> <span class='ocrx_word' id='word_1_221' title='bbox 1028 3155 1156 3211; x_wconf 89' lang='lat' dir='ltr'><strong>Filii</strong></span> <span class='ocrx_word' id='word_1_222' title='bbox 1191 3154 1447 3210; x_wconf 89' lang='lat' dir='ltr'><strong>hominis</strong></span> <span class='ocrx_word' id='word_1_223' title='bbox 1479 3158 1664 3223; x_wconf 87' lang='lat' dir='ltr'><strong>(Joan.</strong></span> 
     </span>
    </p>
   </div>
   <div class='ocr_carea' id='block_1_33' title="bbox 1266 355 2205 435">
    <p class='ocr_par' dir='ltr' id='par_1_33' title="bbox 1266 355 2205 435">
     <span class='ocr_line' id='line_1_33' title="bbox 1266 355 2205 435; baseline -0.006 0"><span class='ocrx_word' id='word_1_224' title='bbox 1266 370 1620 435; x_wconf 76' lang='lat' dir='ltr'><strong>HOMILLE</strong></span> <span class='ocrx_word' id='word_1_225' title='bbox 1662 370 1765 432; x_wconf 89' lang='lat' dir='ltr'><strong>DE</strong></span> <span class='ocrx_word' id='word_1_226' title='bbox 1806 355 2205 432; x_wconf 77' lang='lat' dir='ltr'><strong>TEMPORE.</strong></span> 
     </span>
    </p>
   </div>
   <div class='ocr_carea' id='block_1_34' title="bbox 693 498 3435 576">
    <p class='ocr_par' dir='ltr' id='par_1_34' title="bbox 693 498 3435 576">
     <span class='ocr_line' id='line_1_34' title="bbox 693 498 3435 576; baseline 0.004 -24"><span class='ocrx_word' id='word_1_227' title='bbox 693 528 719 552; x_wconf 76' lang='grc'><strong>››</strong></span> <span class='ocrx_word' id='word_1_228' title='bbox 755 505 809 558; x_wconf 65' lang='grc' dir='ltr'><strong>ιιι</strong></span> <span class='ocrx_word' id='word_1_229' title='bbox 841 510 948 567; x_wconf 79' lang='lat' dir='ltr'><strong>est,</strong></span> <span class='ocrx_word' id='word_1_230' title='bbox 975 506 1185 575; x_wconf 69' lang='lat' dir='ltr'><strong>jugum</strong></span> <span class='ocrx_word' id='word_1_231' title='bbox 1235 504 1448 576; x_wconf 71' lang='lat' dir='ltr'><strong>peccati</strong></span> <span class='ocrx_word' id='word_1_232' title='bbox 1471 522 1502 558; x_wconf 76' lang='grc' dir='ltr'><strong>ιι</strong></span> <span class='ocrx_word' id='word_1_233' title='bbox 1528 504 1671 558; x_wconf 77' lang='lat' dir='ltr'><strong>facie</strong></span> <span class='ocrx_word' id='word_1_234' title='bbox 1705 506 1755 569; x_wconf 82' lang='grc' dir='ltr'><strong>Α</strong></span> <span class='ocrx_word' id='word_1_235' title='bbox 1789 498 2299 574; x_wconf 72' lang='lat' dir='ltr'><strong>1&#39;eciperetur.1\&#39;on</strong></span> <span class='ocrx_word' id='word_1_236' title='bbox 2336 502 2489 574; x_wconf 84' lang='lat' dir='ltr'><strong>quod</strong></span> <span class='ocrx_word' id='word_1_237' title='bbox 2523 502 2647 573; x_wconf 84' lang='lat' dir='ltr'><strong>ipse</strong></span> <span class='ocrx_word' id='word_1_238' title='bbox 2680 502 2973 573; x_wconf 86' lang='lat' dir='ltr'><strong>leprosum</strong></span> <span class='ocrx_word' id='word_1_239' title='bbox 3009 505 3312 571; x_wconf 81' lang='lat' dir='ltr'><strong>mundare,</strong></span> <span class='ocrx_word' id='word_1_240' title='bbox 3334 511 3435 562; x_wconf 87' lang='lat' dir='ltr'><strong>aut</strong></span> 
     </span>
    </p>
   </div>
   <div class='ocr_carea' id='block_1_35' title="bbox 3308 351 3430 434">
    <p class='ocr_par' dir='ltr' id='par_1_35' title="bbox 3308 351 3430 434">
     <span class='ocr_line' id='line_1_35' title="bbox 3308 351 3430 434; baseline 0.016 -2"><span class='ocrx_word' id='word_1_241' title='bbox 3308 351 3430 434; x_wconf 64' lang='lat'><strong>494</strong></span> 
     </span>
    </p>
   </div>
   <div class='ocr_carea' id='block_1_36' title="bbox 1790 591 3432 663">
    <p class='ocr_par' dir='ltr' id='par_1_36' title="bbox 1790 591 3432 663">
     <span class='ocr_line' id='line_1_36' title="bbox 1790 591 3432 663; baseline 0.004 -18"><span class='ocrx_word' id='word_1_242' title='bbox 1790 593 2136 645; x_wconf 74' lang='lat' dir='ltr'><strong>munilatum</strong></span> <span class='ocrx_word' id='word_1_243' title='bbox 2178 591 2472 662; x_wconf 79' lang='lat' dir='ltr'><strong>leprosum</strong></span> <span class='ocrx_word' id='word_1_244' title='bbox 2508 592 2693 647; x_wconf 82' lang='lat' dir='ltr'><strong>facere</strong></span> <span class='ocrx_word' id='word_1_245' title='bbox 2721 593 3046 663; x_wconf 67' lang='lat' dir='ltr'><strong>posset,se.l</strong></span> <span class='ocrx_word' id='word_1_246' title='bbox 3084 594 3306 663; x_wconf 83' lang='lat' dir='ltr'><strong>quiaad</strong></span> <span class='ocrx_word' id='word_1_247' title='bbox 3326 598 3432 651; x_wconf 87' lang='lat' dir='ltr'><strong>mi-</strong></span> 
     </span>
    </p>
   </div>
   <div class='ocr_carea' id='block_1_37' title="bbox 1790 679 3441 752">
    <p class='ocr_par' dir='ltr' id='par_1_37' title="bbox 1790 679 3441 752">
     <span class='ocr_line' id='line_1_37' title="bbox 1790 679 3441 752; baseline 0.004 -18"><span class='ocrx_word' id='word_1_248' title='bbox 1790 679 2095 735; x_wconf 85' lang='lat' dir='ltr'><strong>nisterium</strong></span> <span class='ocrx_word' id='word_1_249' title='bbox 2146 679 2330 752; x_wconf 88' lang='lat' dir='ltr'><strong>ipsius</strong></span> <span class='ocrx_word' id='word_1_250' title='bbox 2371 679 2687 736; x_wconf 88' lang='lat' dir='ltr'><strong>sacerdotis</strong></span> <span class='ocrx_word' id='word_1_251' title='bbox 2732 681 2982 752; x_wconf 86' lang='lat' dir='ltr'><strong>pertinet</strong></span> <span class='ocrx_word' id='word_1_252' title='bbox 3033 688 3099 737; x_wconf 92' lang='lat' dir='ltr'><strong>ut</strong></span> <span class='ocrx_word' id='word_1_253' title='bbox 3146 683 3441 741; x_wconf 80' lang='lat' dir='ltr'><strong>discernat</strong></span> 
     </span>
    </p>
   </div>
   <div class='ocr_carea' id='block_1_38' title="bbox 1788 766 3439 844">
    <p class='ocr_par' dir='ltr' id='par_1_38' title="bbox 1788 766 3439 844">
     <span class='ocr_line' id='line_1_38' title="bbox 1788 766 3439 844; baseline 0.005 -23"><span class='ocrx_word' id='word_1_254' title='bbox 1788 766 1940 822; x_wconf 90' lang='lat' dir='ltr'><strong>inter</strong></span> <span class='ocrx_word' id='word_1_255' title='bbox 1969 766 2190 839; x_wconf 89' lang='lat' dir='ltr'><strong>lepram</strong></span> <span class='ocrx_word' id='word_1_256' title='bbox 2206 773 2261 821; x_wconf 88' lang='lat' dir='ltr'><strong>et</strong></span> <span class='ocrx_word' id='word_1_257' title='bbox 2284 767 2504 839; x_wconf 89' lang='lat' dir='ltr'><strong>lepram</strong></span> <span class='ocrx_word' id='word_1_258' title='bbox 2532 768 2589 823; x_wconf 92' lang='lat' dir='ltr'><strong>id</strong></span> <span class='ocrx_word' id='word_1_259' title='bbox 2620 772 2709 823; x_wconf 89' lang='lat' dir='ltr'><strong>est</strong></span> <span class='ocrx_word' id='word_1_260' title='bbox 2732 768 2883 824; x_wconf 88' lang='lat' dir='ltr'><strong>inter</strong></span> <span class='ocrx_word' id='word_1_261' title='bbox 2912 774 3214 841; x_wconf 89' lang='lat' dir='ltr'><strong>peccatum</strong></span> <span class='ocrx_word' id='word_1_262' title='bbox 3243 773 3439 844; x_wconf 85' lang='lat' dir='ltr'><strong>majus</strong></span> 
     </span>
    </p>
   </div>
   <div class='ocr_carea' id='block_1_39' title="bbox 1789 854 3438 932">
    <p class='ocr_par' dir='ltr' id='par_1_39' title="bbox 1789 854 3438 932">
     <span class='ocr_line' id='line_1_39' title="bbox 1789 854 3438 932; baseline 0.004 -21"><span class='ocrx_word' id='word_1_263' title='bbox 1789 860 1845 911; x_wconf 89' lang='lat' dir='ltr'><strong>et</strong></span> <span class='ocrx_word' id='word_1_264' title='bbox 1878 856 2097 911; x_wconf 90' lang='lat' dir='ltr'><strong>minus.</strong></span> <span class='ocrx_word' id='word_1_265' title='bbox 2132 854 2346 911; x_wconf 88' lang='lat' dir='ltr'><strong>Subtili</strong></span> <span class='ocrx_word' id='word_1_266' title='bbox 2371 856 2525 911; x_wconf 90' lang='lat' dir='ltr'><strong>enim</strong></span> <span class='ocrx_word' id='word_1_267' title='bbox 2557 858 2985 915; x_wconf 84' lang='lat' dir='ltr'><strong>examinatione</strong></span> <span class='ocrx_word' id='word_1_268' title='bbox 3013 860 3438 932; x_wconf 89' lang='lat' dir='ltr'><strong>providendum</strong></span> 
     </span>
    </p>
   </div>
   <div class='ocr_carea' id='block_1_40' title="bbox 1787 944 3439 1024">
    <p class='ocr_par' dir='ltr' id='par_1_40' title="bbox 1787 944 3439 1024">
     <span class='ocr_line' id='line_1_40' title="bbox 1787 944 3439 1024; baseline 0.005 -25"><span class='ocrx_word' id='word_1_269' title='bbox 1787 944 2013 1015; x_wconf 87' lang='lat' dir='ltr'><strong>est.qui</strong></span> <span class='ocrx_word' id='word_1_270' title='bbox 2033 949 2173 1000; x_wconf 90' lang='lat' dir='ltr'><strong>sunt</strong></span> <span class='ocrx_word' id='word_1_271' title='bbox 2202 944 2361 1017; x_wconf 88' lang='lat' dir='ltr'><strong>digni</strong></span> <span class='ocrx_word' id='word_1_272' title='bbox 2394 944 2549 999; x_wconf 90' lang='lat' dir='ltr'><strong>intra</strong></span> <span class='ocrx_word' id='word_1_273' title='bbox 2571 944 2882 1003; x_wconf 87' lang='lat' dir='ltr'><strong>Ecclesiam</strong></span> <span class='ocrx_word' id='word_1_274' title='bbox 2918 949 3439 1024; x_wconf 88' lang='lat' dir='ltr'><strong>recipiendi,etqui</strong></span> 
     </span>
    </p>
   </div>
   <div class='ocr_carea' id='block_1_41' title="bbox 1787 1032 3438 1107">
    <p class='ocr_par' dir='ltr' id='par_1_41' title="bbox 1787 1032 3438 1107">
     <span class='ocr_line' id='line_1_41' title="bbox 1787 1032 3438 1107; baseline 0.006 -20"><span class='ocrx_word' id='word_1_275' title='bbox 1787 1034 1948 1087; x_wconf 81' lang='lat' dir='ltr'><strong>extra</strong></span> <span class='ocrx_word' id='word_1_276' title='bbox 1978 1032 2242 1087; x_wconf 86' lang='lat' dir='ltr'><strong>eamdem</strong></span> <span class='ocrx_word' id='word_1_277' title='bbox 2273 1038 2508 1105; x_wconf 86' lang='lat' dir='ltr'><strong>prepter</strong></span> <span class='ocrx_word' id='word_1_278' title='bbox 2520 1038 2755 1105; x_wconf 88' lang='lat' dir='ltr'><strong>peccata</strong></span> <span class='ocrx_word' id='word_1_279' title='bbox 2772 1036 3090 1107; x_wconf 74' lang='lat' dir='ltr'><strong>rejici‘endi.</strong></span> <span class='ocrx_word' id='word_1_280' title='bbox 3107 1039 3229 1094; x_wconf 90' lang='lat' dir='ltr'><strong>Non</strong></span> <span class='ocrx_word' id='word_1_281' title='bbox 3246 1040 3438 1097; x_wconf 81' lang='lat' dir='ltr'><strong>solum</strong></span> 
     </span>
    </p>
   </div>
   <div class='ocr_carea' id='block_1_42' title="bbox 1787 1119 3441 1196">
    <p class='ocr_par' dir='ltr' id='par_1_42' title="bbox 1787 1119 3441 1196">
     <span class='ocr_line' id='line_1_42' title="bbox 1787 1119 3441 1196; baseline 0.007 -21"><span class='ocrx_word' id='word_1_282' title='bbox 1787 1119 2003 1193; x_wconf 89' lang='lat' dir='ltr'><strong>quippe</strong></span> <span class='ocrx_word' id='word_1_283' title='bbox 2012 1120 2233 1192; x_wconf 91' lang='lat' dir='ltr'><strong>judicio</strong></span> <span class='ocrx_word' id='word_1_284' title='bbox 2265 1120 2519 1193; x_wconf 87' lang='lat' dir='ltr'><strong>qualitas</strong></span> <span class='ocrx_word' id='word_1_285' title='bbox 2535 1126 2593 1177; x_wconf 89' lang='lat' dir='ltr'><strong>et</strong></span> <span class='ocrx_word' id='word_1_286' title='bbox 2608 1124 2905 1194; x_wconf 82' lang='lat' dir='ltr'><strong>quantitas</strong></span> <span class='ocrx_word' id='word_1_287' title='bbox 2939 1126 3157 1196; x_wconf 86' lang='lat' dir='ltr'><strong>peccati</strong></span> <span class='ocrx_word' id='word_1_288' title='bbox 3190 1135 3279 1185; x_wconf 88' lang='lat' dir='ltr'><strong>est</strong></span> <span class='ocrx_word' id='word_1_289' title='bbox 3298 1146 3441 1187; x_wconf 49' lang='lat' dir='ltr'><strong>cons</strong></span> 
     </span>
    </p>
   </div>
   <div class='ocr_carea' id='block_1_43' title="bbox 1790 1207 3435 1284">
    <p class='ocr_par' dir='ltr' id='par_1_43' title="bbox 1790 1207 3435 1284">
     <span class='ocr_line' id='line_1_43' title="bbox 1790 1207 3435 1284; baseline 0.008 -22"><span class='ocrx_word' id='word_1_290' title='bbox 1790 1207 2120 1275; x_wconf 86' lang='lat' dir='ltr'><strong>sidcranda,</strong></span> <span class='ocrx_word' id='word_1_291' title='bbox 2154 1210 2253 1264; x_wconf 90' lang='lat' dir='ltr'><strong>sed</strong></span> <span class='ocrx_word' id='word_1_292' title='bbox 2277 1209 2453 1265; x_wconf 89' lang='lat' dir='ltr'><strong>etiam</strong></span> <span class='ocrx_word' id='word_1_293' title='bbox 2482 1227 2731 1281; x_wconf 88' lang='lat' dir='ltr'><strong>persona</strong></span> <span class='ocrx_word' id='word_1_294' title='bbox 2754 1215 3067 1284; x_wconf 85' lang='lat' dir='ltr'><strong>peccantis,</strong></span> <span class='ocrx_word' id='word_1_295' title='bbox 3100 1221 3157 1272; x_wconf 89' lang='lat' dir='ltr'><strong>et</strong></span> <span class='ocrx_word' id='word_1_296' title='bbox 3202 1219 3435 1275; x_wconf 86' lang='lat' dir='ltr'><strong>satisfa-</strong></span> 
     </span>
    </p>
   </div>
   <div class='ocr_carea' id='block_1_44' title="bbox 1788 1296 3432 1376">
    <p class='ocr_par' dir='ltr' id='par_1_44' title="bbox 1788 1296 3432 1376">
     <span class='ocr_line' id='line_1_44' title="bbox 1788 1296 3432 1376; baseline 0.009 -25"><span class='ocrx_word' id='word_1_297' title='bbox 1788 1296 1900 1351; x_wconf 89' lang='lat' dir='ltr'><strong>ctio</strong></span> <span class='ocrx_word' id='word_1_298' title='bbox 1914 1298 2269 1369; x_wconf 65' lang='lat' dir='ltr'><strong>paenitentis.</strong></span> <span class='ocrx_word' id='word_1_299' title='bbox 2285 1297 2420 1353; x_wconf 87' lang='lat' dir='ltr'><strong>Illos</strong></span> <span class='ocrx_word' id='word_1_300' title='bbox 2433 1299 2703 1354; x_wconf 87' lang='lat' dir='ltr'><strong>enimsua</strong></span> <span class='ocrx_word' id='word_1_301' title='bbox 2725 1303 3216 1376; x_wconf 87' lang='lat' dir='ltr'><strong>sentcntiapastor</strong></span> <span class='ocrx_word' id='word_1_302' title='bbox 3239 1308 3432 1364; x_wconf 89' lang='lat' dir='ltr'><strong>absol-</strong></span> 
     </span>
    </p>
   </div>
   <div class='ocr_carea' id='block_1_45' title="bbox 1787 1386 3432 1462">
    <p class='ocr_par' dir='ltr' id='par_1_45' title="bbox 1787 1386 3432 1462">
     <span class='ocr_line' id='line_1_45' title="bbox 1787 1386 3432 1462; baseline 0.009 -23"><span class='ocrx_word' id='word_1_303' title='bbox 1787 1401 1918 1439; x_wconf 79' lang='lat' dir='ltr'><strong>vere</strong></span> <span class='ocrx_word' id='word_1_304' title='bbox 1951 1390 2162 1457; x_wconf 87' lang='lat' dir='ltr'><strong>potest,</strong></span> <span class='ocrx_word' id='word_1_305' title='bbox 2197 1386 2350 1457; x_wconf 87' lang='lat' dir='ltr'><strong>quod</strong></span> <span class='ocrx_word' id='word_1_306' title='bbox 2374 1386 2582 1441; x_wconf 88' lang='lat' dir='ltr'><strong>viderit</strong></span> <span class='ocrx_word' id='word_1_307' title='bbox 2602 1393 3223 1462; x_wconf 90' lang='lat' dir='ltr'><strong>percompunctionem</strong></span> <span class='ocrx_word' id='word_1_308' title='bbox 3239 1398 3432 1454; x_wconf 85' lang='lat' dir='ltr'><strong>cordis</strong></span> 
     </span>
    </p>
   </div>
   <div class='ocr_carea' id='block_1_46' title="bbox 1787 1473 3431 1545">
    <p class='ocr_par' dir='ltr' id='par_1_46' title="bbox 1787 1473 3431 1545">
     <span class='ocr_line' id='line_1_46' title="bbox 1787 1473 3431 1545; baseline 0.012 -20"><span class='ocrx_word' id='word_1_309' title='bbox 1787 1476 1843 1526; x_wconf 79' lang='lat' dir='ltr'><strong>et</strong></span> <span class='ocrx_word' id='word_1_310' title='bbox 1865 1473 2101 1545; x_wconf 87' lang='lat' dir='ltr'><strong>dignam</strong></span> <span class='ocrx_word' id='word_1_311' title='bbox 2127 1474 2591 1530; x_wconf 88' lang='lat' dir='ltr'><strong>emendationem</strong></span> <span class='ocrx_word' id='word_1_312' title='bbox 2608 1494 2641 1531; x_wconf 89' lang='lat' dir='ltr'><strong>a</strong></span> <span class='ocrx_word' id='word_1_313' title='bbox 2658 1477 2773 1533; x_wconf 88' lang='lat' dir='ltr'><strong>Deo</strong></span> <span class='ocrx_word' id='word_1_314' title='bbox 2785 1494 2912 1534; x_wconf 88' lang='lat' dir='ltr'><strong>esse</strong></span> <span class='ocrx_word' id='word_1_315' title='bbox 2924 1481 3166 1539; x_wconf 87' lang='lat' dir='ltr'><strong>solutos.</strong></span> <span class='ocrx_word' id='word_1_316' title='bbox 3180 1486 3431 1544; x_wconf 87' lang='lat' dir='ltr'><strong>Grandis</strong></span> 
     </span>
    </p>
   </div>
   <div class='ocr_carea' id='block_1_47' title="bbox 1787 1561 3431 1635">
    <p class='ocr_par' dir='ltr' id='par_1_47' title="bbox 1787 1561 3431 1635">
     <span class='ocr_line' id='line_1_47' title="bbox 1787 1561 3431 1635; baseline 0.012 -20"><span class='ocrx_word' id='word_1_317' title='bbox 1787 1561 1990 1620; x_wconf 87' lang='lat' dir='ltr'><strong>honor.</strong></span> <span class='ocrx_word' id='word_1_318' title='bbox 2017 1562 2115 1616; x_wconf 79' lang='lat' dir='ltr'><strong>sed</strong></span> <span class='ocrx_word' id='word_1_319' title='bbox 2145 1578 2315 1633; x_wconf 81' lang='lat' dir='ltr'><strong>grave</strong></span> <span class='ocrx_word' id='word_1_320' title='bbox 2339 1565 2567 1635; x_wconf 84' lang='lat' dir='ltr'><strong>pondus</strong></span> <span class='ocrx_word' id='word_1_321' title='bbox 2598 1565 2769 1619; x_wconf 85' lang='lat' dir='ltr'><strong>istius</strong></span> <span class='ocrx_word' id='word_1_322' title='bbox 2800 1567 3251 1629; x_wconf 85' lang='lat' dir='ltr'><strong>honoris.Valde</strong></span> <span class='ocrx_word' id='word_1_323' title='bbox 3271 1594 3431 1633; x_wconf 88' lang='lat' dir='ltr'><strong>nam-</strong></span> 
     </span>
    </p>
   </div>
   <div class='ocr_carea' id='block_1_48' title="bbox 1787 1650 3431 1731">
    <p class='ocr_par' dir='ltr' id='par_1_48' title="bbox 1787 1650 3431 1731">
     <span class='ocr_line' id='line_1_48' title="bbox 1787 1650 3431 1731; baseline 0.012 -28"><span class='ocrx_word' id='word_1_324' title='bbox 1787 1666 1900 1719; x_wconf 89' lang='lat' dir='ltr'><strong>que</strong></span> <span class='ocrx_word' id='word_1_325' title='bbox 1931 1650 2146 1705; x_wconf 89' lang='lat' dir='ltr'><strong>durum</strong></span> <span class='ocrx_word' id='word_1_326' title='bbox 2171 1655 2280 1715; x_wconf 79' lang='lat' dir='ltr'><strong>est,</strong></span> <span class='ocrx_word' id='word_1_327' title='bbox 2317 1656 2381 1706; x_wconf 90' lang='lat' dir='ltr'><strong>ut</strong></span> <span class='ocrx_word' id='word_1_328' title='bbox 2414 1651 2508 1705; x_wconf 85' lang='lat' dir='ltr'><strong>ille</strong></span> <span class='ocrx_word' id='word_1_329' title='bbox 2540 1652 2761 1709; x_wconf 87' lang='lat' dir='ltr'><strong>alienas</strong></span> <span class='ocrx_word' id='word_1_330' title='bbox 2802 1656 3029 1714; x_wconf 89' lang='lat' dir='ltr'><strong>animas</strong></span> <span class='ocrx_word' id='word_1_331' title='bbox 3074 1661 3431 1731; x_wconf 86' lang='lat' dir='ltr'><strong>judicandas</strong></span> 
     </span>
    </p>
   </div>
   <div class='ocr_carea' id='block_1_49' title="bbox 1786 1739 3434 1813">
    <p class='ocr_par' dir='ltr' id='par_1_49' title="bbox 1786 1739 3434 1813">
     <span class='ocr_line' id='line_1_49' title="bbox 1786 1739 3434 1813; baseline 0.012 -20"><span class='ocrx_word' id='word_1_332' title='bbox 1786 1739 2089 1810; x_wconf 83' lang='lat' dir='ltr'><strong>suscipiat,</strong></span> <span class='ocrx_word' id='word_1_333' title='bbox 2123 1739 2222 1810; x_wconf 87' lang='lat' dir='ltr'><strong>qui</strong></span> <span class='ocrx_word' id='word_1_334' title='bbox 2255 1756 2424 1795; x_wconf 84' lang='lat' dir='ltr'><strong>suam</strong></span> <span class='ocrx_word' id='word_1_335' title='bbox 2470 1741 2656 1812; x_wconf 87' lang='lat' dir='ltr'><strong>ipsam</strong></span> <span class='ocrx_word' id='word_1_336' title='bbox 2709 1746 3000 1802; x_wconf 85' lang='lat' dir='ltr'><strong>custodire</strong></span> <span class='ocrx_word' id='word_1_337' title='bbox 3040 1751 3241 1808; x_wconf 79' lang='lat' dir='ltr'><strong>nescit.</strong></span> <span class='ocrx_word' id='word_1_338' title='bbox 3284 1755 3434 1813; x_wconf 92' lang='lat' dir='ltr'><strong>Sunt</strong></span> 
     </span>
    </p>
   </div>
   <div class='ocr_carea' id='block_1_50' title="bbox 1787 1826 3434 1912">
    <p class='ocr_par' dir='ltr' id='par_1_50' title="bbox 1787 1826 3434 1912">
     <span class='ocr_line' id='line_1_50' title="bbox 1787 1826 3434 1912; baseline 0.013 -33"><span class='ocrx_word' id='word_1_339' title='bbox 1787 1826 1940 1881; x_wconf 89' lang='lat' dir='ltr'><strong>enim</strong></span> <span class='ocrx_word' id='word_1_340' title='bbox 1956 1827 2348 1900; x_wconf 88' lang='lat' dir='ltr'><strong>nonnulli,qui</strong></span> <span class='ocrx_word' id='word_1_341' title='bbox 2366 1829 2755 1888; x_wconf 87' lang='lat' dir='ltr'><strong>ministerium</strong></span> <span class='ocrx_word' id='word_1_342' title='bbox 2775 1833 3071 1908; x_wconf 86' lang='lat' dir='ltr'><strong>religionis</strong></span> <span class='ocrx_word' id='word_1_343' title='bbox 3088 1841 3157 1895; x_wconf 91' lang='lat' dir='ltr'><strong>ad</strong></span> <span class='ocrx_word' id='word_1_344' title='bbox 3174 1846 3434 1912; x_wconf 86' lang='lat' dir='ltr'><strong>potesta-</strong></span> 
     </span>
    </p>
   </div>
   <div class='ocr_carea' id='block_1_51' title="bbox 1786 1917 3430 2001">
    <p class='ocr_par' dir='ltr' id='par_1_51' title="bbox 1786 1917 3430 2001">
     <span class='ocr_line' id='line_1_51' title="bbox 1786 1917 3430 2001; baseline 0.013 -33"><span class='ocrx_word' id='word_1_345' title='bbox 1786 1919 1903 1969; x_wconf 86' lang='lat' dir='ltr'><strong>tem</strong></span> <span class='ocrx_word' id='word_1_346' title='bbox 1934 1920 2272 1987; x_wconf 88' lang='lat' dir='ltr'><strong>retorquent</strong></span> <span class='ocrx_word' id='word_1_347' title='bbox 2302 1917 2631 1985; x_wconf 89' lang='lat' dir='ltr'><strong>honoris,et</strong></span> <span class='ocrx_word' id='word_1_348' title='bbox 2664 1925 2871 1991; x_wconf 87' lang='lat' dir='ltr'><strong>putant</strong></span> <span class='ocrx_word' id='word_1_349' title='bbox 2893 1941 2952 1979; x_wconf 91' lang='lat' dir='ltr'><strong>se</strong></span> <span class='ocrx_word' id='word_1_350' title='bbox 2975 1926 3193 1985; x_wconf 89' lang='lat' dir='ltr'><strong>solvere</strong></span> <span class='ocrx_word' id='word_1_351' title='bbox 3208 1932 3430 2001; x_wconf 87' lang='lat' dir='ltr'><strong>noxios,</strong></span> 
     </span>
    </p>
   </div>
   <div class='ocr_carea' id='block_1_52' title="bbox 1780 2001 3431 2084">
    <p class='ocr_par' dir='ltr' id='par_1_52' title="bbox 1780 2001 3431 2084">
     <span class='ocr_line' id='line_1_52' title="bbox 1780 2001 3431 2084; baseline 0.013 -29"><span class='ocrx_word' id='word_1_352' title='bbox 1780 2007 1837 2056; x_wconf 90' lang='lat' dir='ltr'><strong>et</strong></span> <span class='ocrx_word' id='word_1_353' title='bbox 1867 2001 2045 2074; x_wconf 81' lang='lat' dir='ltr'><strong>ligare</strong></span> <span class='ocrx_word' id='word_1_354' title='bbox 2077 2004 2364 2060; x_wconf 80' lang='lat' dir='ltr'><strong>innoxios.</strong></span> <span class='ocrx_word' id='word_1_355' title='bbox 2402 2010 2476 2060; x_wconf 89' lang='lat' dir='ltr'><strong>De</strong></span> <span class='ocrx_word' id='word_1_356' title='bbox 2506 2009 2723 2078; x_wconf 89' lang='lat' dir='ltr'><strong>quibus</strong></span> <span class='ocrx_word' id='word_1_357' title='bbox 2756 2012 3036 2084; x_wconf 87' lang='lat' dir='ltr'><strong>scriptum</strong></span> <span class='ocrx_word' id='word_1_358' title='bbox 3069 2022 3191 2071; x_wconf 89' lang='lat' dir='ltr'><strong>est:</strong></span> <span class='ocrx_word' id='word_1_359' title='bbox 3221 2041 3247 2068; x_wconf 80' lang='grc'><strong>››</strong></span> <span class='ocrx_word' id='word_1_360' title='bbox 3279 2020 3431 2077; x_wconf 91' lang='lat' dir='ltr'><strong>Mor-</strong></span> 
     </span>
    </p>
   </div>
   <div class='ocr_carea' id='block_1_53' title="bbox 1780 2090 3429 2170">
    <p class='ocr_par' dir='ltr' id='par_1_53' title="bbox 1780 2090 3429 2170">
     <span class='ocr_line' id='line_1_53' title="bbox 1780 2090 3429 2170; baseline 0.013 -26"><span class='ocrx_word' id='word_1_361' title='bbox 1780 2090 2081 2146; x_wconf 78' lang='lat' dir='ltr'><strong>tificabant</strong></span> <span class='ocrx_word' id='word_1_362' title='bbox 2106 2092 2335 2149; x_wconf 89' lang='lat' dir='ltr'><strong>animas</strong></span> <span class='ocrx_word' id='word_1_363' title='bbox 2376 2111 2503 2165; x_wconf 72' lang='lat' dir='ltr'><strong>quae</strong></span> <span class='ocrx_word' id='word_1_364' title='bbox 2544 2114 2659 2151; x_wconf 87' lang='lat' dir='ltr'><strong>non</strong></span> <span class='ocrx_word' id='word_1_365' title='bbox 2680 2148 2683 2151; x_wconf 32' lang='grc' dir='ltr'><strong><em>γ</em></strong></span> <span class='ocrx_word' id='word_1_366' title='bbox 2706 2101 3058 2170; x_wconf 89' lang='lat' dir='ltr'><strong>moriuntur,</strong></span> <span class='ocrx_word' id='word_1_367' title='bbox 3090 2110 3147 2160; x_wconf 89' lang='lat' dir='ltr'><strong>et</strong></span> <span class='ocrx_word' id='word_1_368' title='bbox 3176 2106 3429 2167; x_wconf 77' lang='lat' dir='ltr'><strong>vivifica-</strong></span> 
     </span>
    </p>
   </div>
   <div class='ocr_carea' id='block_1_54' title="bbox 1781 2178 3427 2265">
    <p class='ocr_par' dir='ltr' id='par_1_54' title="bbox 1781 2178 3427 2265">
     <span class='ocr_line' id='line_1_54' title="bbox 1781 2178 3427 2265; baseline 0.014 -33"><span class='ocrx_word' id='word_1_369' title='bbox 1781 2178 1923 2233; x_wconf 88' lang='lat' dir='ltr'><strong>hant</strong></span> <span class='ocrx_word' id='word_1_370' title='bbox 1952 2180 2180 2235; x_wconf 86' lang='lat' dir='ltr'><strong>animas</strong></span> <span class='ocrx_word' id='word_1_371' title='bbox 2221 2198 2348 2253; x_wconf 74' lang='lat' dir='ltr'><strong>qua:</strong></span> <span class='ocrx_word' id='word_1_372' title='bbox 2399 2200 2512 2237; x_wconf 89' lang='lat' dir='ltr'><strong>non</strong></span> <span class='ocrx_word' id='word_1_373' title='bbox 2562 2185 2762 2241; x_wconf 87' lang='lat' dir='ltr'><strong>vivunt</strong></span> <span class='ocrx_word' id='word_1_374' title='bbox 2809 2189 2947 2260; x_wconf 79' lang='lat' dir='ltr'><strong>(Jer.</strong></span> <span class='ocrx_word' id='word_1_375' title='bbox 2990 2194 3134 2265; x_wconf 86' lang='lat' dir='ltr'><strong>xm).</strong></span> <span class='ocrx_word' id='word_1_376' title='bbox 3184 2218 3211 2245; x_wconf 84' lang='lat'><strong>»</strong></span> <span class='ocrx_word' id='word_1_377' title='bbox 3251 2198 3427 2262; x_wconf 84' lang='lat' dir='ltr'><strong>Quasi</strong></span> 
     </span>
    </p>
   </div>
   <div class='ocr_carea' id='block_1_55' title="bbox 1780 2267 3425 2359">
    <p class='ocr_par' dir='ltr' id='par_1_55' title="bbox 1780 2267 3425 2359">
     <span class='ocr_line' id='line_1_55' title="bbox 1780 2267 3425 2359; baseline 0.013 -39"><span class='ocrx_word' id='word_1_378' title='bbox 1780 2267 1934 2321; x_wconf 88' lang='lat' dir='ltr'><strong>enim</strong></span> <span class='ocrx_word' id='word_1_379' title='bbox 1951 2285 2063 2322; x_wconf 91' lang='lat' dir='ltr'><strong>non</strong></span> <span class='ocrx_word' id='word_1_380' title='bbox 2092 2269 2433 2326; x_wconf 81' lang='lat' dir='ltr'><strong>morientem</strong></span> <span class='ocrx_word' id='word_1_381' title='bbox 2448 2272 2778 2343; x_wconf 87' lang='lat' dir='ltr'><strong>mortiﬁcat,</strong></span> <span class='ocrx_word' id='word_1_382' title='bbox 2800 2278 2898 2348; x_wconf 90' lang='lat' dir='ltr'><strong>qui</strong></span> <span class='ocrx_word' id='word_1_383' title='bbox 2913 2295 3044 2335; x_wconf 88' lang='lat' dir='ltr'><strong>eum</strong></span> <span class='ocrx_word' id='word_1_384' title='bbox 3061 2282 3160 2353; x_wconf 89' lang='lat' dir='ltr'><strong>qui</strong></span> <span class='ocrx_word' id='word_1_385' title='bbox 3182 2284 3240 2339; x_wconf 89' lang='lat' dir='ltr'><strong>in</strong></span> <span class='ocrx_word' id='word_1_386' title='bbox 3254 2285 3425 2359; x_wconf 90' lang='lat' dir='ltr'><strong>culpa</strong></span> 
     </span>
    </p>
   </div>
   <div class='ocr_carea' id='block_1_56' title="bbox 1782 2361 3426 2432">
    <p class='ocr_par' dir='ltr' id='par_1_56' title="bbox 1782 2361 3426 2432">
     <span class='ocr_line' id='line_1_56' title="bbox 1782 2361 3426 2432; baseline 0.013 -23"><span class='ocrx_word' id='word_1_387' title='bbox 1782 2372 1917 2411; x_wconf 85' lang='lat' dir='ltr'><strong>reus</strong></span> <span class='ocrx_word' id='word_1_388' title='bbox 1949 2373 2059 2410; x_wconf 85' lang='lat' dir='ltr'><strong>non</strong></span> <span class='ocrx_word' id='word_1_389' title='bbox 2095 2362 2205 2423; x_wconf 88' lang='lat' dir='ltr'><strong>est,</strong></span> <span class='ocrx_word' id='word_1_390' title='bbox 2233 2375 2341 2412; x_wconf 87' lang='lat' dir='ltr'><strong>sua</strong></span> <span class='ocrx_word' id='word_1_391' title='bbox 2367 2361 2656 2416; x_wconf 86' lang='lat' dir='ltr'><strong>sententia</strong></span> <span class='ocrx_word' id='word_1_392' title='bbox 2686 2363 2947 2421; x_wconf 87' lang='lat' dir='ltr'><strong>damnat.</strong></span> <span class='ocrx_word' id='word_1_393' title='bbox 2980 2369 3153 2432; x_wconf 87' lang='lat' dir='ltr'><strong>Quasi</strong></span> <span class='ocrx_word' id='word_1_394' title='bbox 3202 2391 3315 2428; x_wconf 90' lang='lat' dir='ltr'><strong>non</strong></span> <span class='ocrx_word' id='word_1_395' title='bbox 3348 2376 3426 2429; x_wconf 88' lang='lat' dir='ltr'><strong>vi-</strong></span> 
     </span>
    </p>
   </div>
   <div class='ocr_carea' id='block_1_57' title="bbox 1780 2444 3424 2535">
    <p class='ocr_par' dir='ltr' id='par_1_57' title="bbox 1780 2444 3424 2535">
     <span class='ocr_line' id='line_1_57' title="bbox 1780 2444 3424 2535; baseline 0.013 -37"><span class='ocrx_word' id='word_1_396' title='bbox 1780 2448 2007 2498; x_wconf 85' lang='lat' dir='ltr'><strong>ventem</strong></span> <span class='ocrx_word' id='word_1_397' title='bbox 2039 2444 2306 2513; x_wconf 85' lang='lat' dir='ltr'><strong>viviticat,</strong></span> <span class='ocrx_word' id='word_1_398' title='bbox 2328 2449 2565 2517; x_wconf 86' lang='lat' dir='ltr'><strong>quando</strong></span> <span class='ocrx_word' id='word_1_399' title='bbox 2595 2448 2758 2504; x_wconf 91' lang='lat' dir='ltr'><strong>illum</strong></span> <span class='ocrx_word' id='word_1_400' title='bbox 2793 2454 2893 2524; x_wconf 90' lang='lat' dir='ltr'><strong>qui</strong></span> <span class='ocrx_word' id='word_1_401' title='bbox 2926 2455 2983 2509; x_wconf 92' lang='lat' dir='ltr'><strong>in</strong></span> <span class='ocrx_word' id='word_1_402' title='bbox 3016 2461 3269 2528; x_wconf 88' lang='lat' dir='ltr'><strong>peccatis</strong></span> <span class='ocrx_word' id='word_1_403' title='bbox 3294 2479 3424 2535; x_wconf 88' lang='lat' dir='ltr'><strong>per-</strong></span> 
     </span>
    </p>
   </div>
   <div class='ocr_carea' id='block_1_58' title="bbox 1781 2533 3428 2607">
    <p class='ocr_par' dir='ltr' id='par_1_58' title="bbox 1781 2533 3428 2607">
     <span class='ocr_line' id='line_1_58' title="bbox 1781 2533 3428 2607; baseline 0.013 -22"><span class='ocrx_word' id='word_1_404' title='bbox 1781 2537 1996 2597; x_wconf 89' lang='lat' dir='ltr'><strong>manet,</strong></span> <span class='ocrx_word' id='word_1_405' title='bbox 2032 2549 2094 2587; x_wconf 89' lang='lat' dir='ltr'><strong>se</strong></span> <span class='ocrx_word' id='word_1_406' title='bbox 2124 2550 2295 2604; x_wconf 86' lang='lat' dir='ltr'><strong>posse</strong></span> <span class='ocrx_word' id='word_1_407' title='bbox 2327 2533 2545 2589; x_wconf 85' lang='lat' dir='ltr'><strong>solvere</strong></span> <span class='ocrx_word' id='word_1_408' title='bbox 2579 2540 2859 2607; x_wconf 86' lang='lat' dir='ltr'><strong>putat.De</strong></span> <span class='ocrx_word' id='word_1_409' title='bbox 2876 2542 3093 2600; x_wconf 86' lang='lat' dir='ltr'><strong>talibus</strong></span> <span class='ocrx_word' id='word_1_410' title='bbox 3115 2547 3252 2603; x_wconf 88' lang='lat' dir='ltr'><strong>alibi</strong></span> <span class='ocrx_word' id='word_1_411' title='bbox 3284 2533 3428 2607; x_wconf 81' lang='lat' dir='ltr'><strong>scri-</strong></span> 
     </span>
    </p>
   </div>
   <div class='ocr_carea' id='block_1_59' title="bbox 1779 2622 3425 2706">
    <p class='ocr_par' dir='ltr' id='par_1_59' title="bbox 1779 2622 3425 2706">
     <span class='ocr_line' id='line_1_59' title="bbox 1779 2622 3425 2706; baseline 0.013 -33"><span class='ocrx_word' id='word_1_412' title='bbox 1779 2623 1944 2690; x_wconf 88' lang='lat' dir='ltr'><strong>ptum</strong></span> <span class='ocrx_word' id='word_1_413' title='bbox 1976 2624 2065 2676; x_wconf 90' lang='lat' dir='ltr'><strong>est</strong></span> <span class='ocrx_word' id='word_1_414' title='bbox 2096 2636 2108 2674; x_wconf 90' lang='lat'><strong>:</strong></span> <span class='ocrx_word' id='word_1_415' title='bbox 2144 2642 2171 2669; x_wconf 88' lang='grc'><strong>‹‹</strong></span> <span class='ocrx_word' id='word_1_416' title='bbox 2205 2622 2272 2675; x_wconf 89' lang='lat' dir='ltr'><strong>Et</strong></span> <span class='ocrx_word' id='word_1_417' title='bbox 2302 2624 2586 2680; x_wconf 89' lang='lat' dir='ltr'><strong>curabant</strong></span> <span class='ocrx_word' id='word_1_418' title='bbox 2615 2628 3018 2686; x_wconf 87' lang='lat' dir='ltr'><strong>contritionem</strong></span> <span class='ocrx_word' id='word_1_419' title='bbox 3062 2636 3259 2706; x_wconf 89' lang='lat' dir='ltr'><strong>populi</strong></span> <span class='ocrx_word' id='word_1_420' title='bbox 3311 2641 3425 2694; x_wconf 89' lang='lat' dir='ltr'><strong>mei</strong></span> 
     </span>
    </p>
   </div>
   <div class='ocr_carea' id='block_1_60' title="bbox 1779 2707 3427 2788">
    <p class='ocr_par' dir='ltr' id='par_1_60' title="bbox 1779 2707 3427 2788">
     <span class='ocr_line' id='line_1_60' title="bbox 1779 2707 3427 2788; baseline 0.012 -27"><span class='ocrx_word' id='word_1_421' title='bbox 1779 2724 1913 2762; x_wconf 89' lang='lat' dir='ltr'><strong>cum</strong></span> <span class='ocrx_word' id='word_1_422' title='bbox 1966 2707 2310 2781; x_wconf 80' lang='lat' dir='ltr'><strong>ignominia,</strong></span> <span class='ocrx_word' id='word_1_423' title='bbox 2356 2709 2613 2767; x_wconf 87' lang='lat' dir='ltr'><strong>dicentes</strong></span> <span class='ocrx_word' id='word_1_424' title='bbox 2648 2730 2662 2767; x_wconf 87' lang='lat'><strong>:</strong></span> <span class='ocrx_word' id='word_1_425' title='bbox 2696 2714 2833 2782; x_wconf 89' lang='lat' dir='ltr'><strong>Pax,</strong></span> <span class='ocrx_word' id='word_1_426' title='bbox 2870 2733 3002 2788; x_wconf 85' lang='lat' dir='ltr'><strong>pax,</strong></span> <span class='ocrx_word' id='word_1_427' title='bbox 3035 2726 3091 2776; x_wconf 90' lang='lat' dir='ltr'><strong>et</strong></span> <span class='ocrx_word' id='word_1_428' title='bbox 3138 2739 3253 2778; x_wconf 89' lang='lat' dir='ltr'><strong>non</strong></span> <span class='ocrx_word' id='word_1_429' title='bbox 3301 2731 3427 2781; x_wconf 89' lang='lat' dir='ltr'><strong>erat</strong></span> 
     </span>
    </p>
   </div>
   <div class='ocr_carea' id='block_1_61' title="bbox 1779 2797 3430 2883">
    <p class='ocr_par' dir='ltr' id='par_1_61' title="bbox 1779 2797 3430 2883">
     <span class='ocr_line' id='line_1_61' title="bbox 1779 2797 3430 2883; baseline 0.013 -35"><span class='ocrx_word' id='word_1_430' title='bbox 1779 2811 1890 2867; x_wconf 85' lang='lat' dir='ltr'><strong>pax</strong></span> <span class='ocrx_word' id='word_1_431' title='bbox 1915 2798 2044 2861; x_wconf 82' lang='lat' dir='ltr'><strong>(Jer.</strong></span> <span class='ocrx_word' id='word_1_432' title='bbox 2073 2797 2175 2867; x_wconf 81' lang='lat' dir='ltr'><strong>v1.)</strong></span> <span class='ocrx_word' id='word_1_433' title='bbox 2197 2819 2222 2845; x_wconf 73' lang='grc' dir='ltr'><strong>ι)</strong></span> <span class='ocrx_word' id='word_1_434' title='bbox 2245 2798 2357 2853; x_wconf 89' lang='lat' dir='ltr'><strong>Sed</strong></span> <span class='ocrx_word' id='word_1_435' title='bbox 2380 2799 2499 2855; x_wconf 89' lang='lat' dir='ltr'><strong>sive</strong></span> <span class='ocrx_word' id='word_1_436' title='bbox 2520 2801 2683 2871; x_wconf 89' lang='lat' dir='ltr'><strong>juste</strong></span> <span class='ocrx_word' id='word_1_437' title='bbox 2713 2802 2833 2858; x_wconf 88' lang='lat' dir='ltr'><strong>sive</strong></span> <span class='ocrx_word' id='word_1_438' title='bbox 2858 2804 3073 2877; x_wconf 84' lang='lat' dir='ltr'><strong>injuste</strong></span> <span class='ocrx_word' id='word_1_439' title='bbox 3104 2812 3430 2883; x_wconf 87' lang='lat' dir='ltr'><strong>perferatur</strong></span> 
     </span>
    </p>
   </div>
   <div class='ocr_carea' id='block_1_62' title="bbox 1778 2884 3422 2975">
    <p class='ocr_par' dir='ltr' id='par_1_62' title="bbox 1778 2884 3422 2975">
     <span class='ocr_line' id='line_1_62' title="bbox 1778 2884 3422 2975; baseline 0.013 -37"><span class='ocrx_word' id='word_1_440' title='bbox 1778 2885 2062 2975; x_wconf 76' lang='lat' dir='ltr'><strong>sententia</strong></span> <span class='ocrx_word' id='word_1_441' title='bbox 2092 2884 2363 2955; x_wconf 81' lang='lat' dir='ltr'><strong>pastoris,</strong></span> <span class='ocrx_word' id='word_1_442' title='bbox 2399 2885 2663 2944; x_wconf 90' lang='lat' dir='ltr'><strong>timenda</strong></span> <span class='ocrx_word' id='word_1_443' title='bbox 2690 2895 2779 2945; x_wconf 90' lang='lat' dir='ltr'><strong>est</strong></span> <span class='ocrx_word' id='word_1_444' title='bbox 2810 2909 2881 2949; x_wconf 88' lang='lat' dir='ltr'><strong>ne</strong></span> <span class='ocrx_word' id='word_1_445' title='bbox 2908 2894 3051 2953; x_wconf 87' lang='lat' dir='ltr'><strong>forte</strong></span> <span class='ocrx_word' id='word_1_446' title='bbox 3085 2898 3257 2973; x_wconf 90' lang='lat' dir='ltr'><strong>culpa</strong></span> <span class='ocrx_word' id='word_1_447' title='bbox 3294 2918 3422 2975; x_wconf 72' lang='lat' dir='ltr'><strong>quas</strong></span> 
     </span>
    </p>
   </div>
   <div class='ocr_carea' id='block_1_63' title="bbox 1780 2973 2826 3057">
    <p class='ocr_par' dir='ltr' id='par_1_63' title="bbox 1780 2973 2826 3057">
     <span class='ocr_line' id='line_1_63' title="bbox 1780 2973 2826 3057; baseline 0.01 -31"><span class='ocrx_word' id='word_1_448' title='bbox 1780 2988 1894 3026; x_wconf 90' lang='lat' dir='ltr'><strong>non</strong></span> <span class='ocrx_word' id='word_1_449' title='bbox 1925 2973 1990 3026; x_wconf 85' lang='lat' dir='ltr'><strong>ﬁt</strong></span> <span class='ocrx_word' id='word_1_450' title='bbox 2020 2988 2088 3027; x_wconf 87' lang='lat' dir='ltr'><strong>ex</strong></span> <span class='ocrx_word' id='word_1_451' title='bbox 2113 2989 2305 3044; x_wconf 86' lang='lat' dir='ltr'><strong>opere,</strong></span> <span class='ocrx_word' id='word_1_452' title='bbox 2330 2976 2428 3030; x_wconf 80' lang='lat' dir='ltr'><strong>fiat</strong></span> <span class='ocrx_word' id='word_1_453' title='bbox 2459 2992 2527 3031; x_wconf 85' lang='lat' dir='ltr'><strong>ex</strong></span> <span class='ocrx_word' id='word_1_454' title='bbox 2558 2977 2826 3057; x_wconf 79' lang='lat' dir='ltr'><strong>elatione.</strong></span> 
     </span>
    </p>
   </div>
   <div class='ocr_carea' id='block_1_64' title="bbox 1832 3060 3427 3155">
    <p class='ocr_par' dir='ltr' id='par_1_64' title="bbox 1832 3060 3427 3155">
     <span class='ocr_line' id='line_1_64' title="bbox 1832 3060 3427 3155; baseline 0.016 -43"><span class='ocrx_word' id='word_1_455' title='bbox 1832 3082 1877 3109; x_wconf 78' lang='grc'><strong>·‹‹</strong></span> <span class='ocrx_word' id='word_1_456' title='bbox 1909 3060 2183 3129; x_wconf 87' lang='lat' dir='ltr'><strong>Thomas,</strong></span> <span class='ocrx_word' id='word_1_457' title='bbox 2223 3079 2373 3119; x_wconf 88' lang='lat' dir='ltr'><strong>unus</strong></span> <span class='ocrx_word' id='word_1_458' title='bbox 2406 3080 2474 3119; x_wconf 87' lang='lat' dir='ltr'><strong>ex</strong></span> <span class='ocrx_word' id='word_1_459' title='bbox 2504 3065 2833 3155; x_wconf 87' lang='lat' dir='ltr'><strong>duodecim,</strong></span> <span class='ocrx_word' id='word_1_460' title='bbox 2867 3072 2967 3142; x_wconf 88' lang='lat' dir='ltr'><strong>qui</strong></span> <span class='ocrx_word' id='word_1_461' title='bbox 3000 3073 3216 3133; x_wconf 90' lang='lat' dir='ltr'><strong>dicitur</strong></span> <span class='ocrx_word' id='word_1_462' title='bbox 3256 3080 3427 3155; x_wconf 81' lang='lat' dir='ltr'><strong>Didy-</strong></span> 
     </span>
    </p>
   </div>
   <div class='ocr_carea' id='block_1_65' title="bbox 1779 3154 3422 3226">
    <p class='ocr_par' dir='ltr' id='par_1_65' title="bbox 1779 3154 3422 3226">
     <span class='ocr_line' id='line_1_65' title="bbox 1779 3154 3422 3226; baseline 0.019 -31"><span class='ocrx_word' id='word_1_463' title='bbox 1779 3170 1807 3196; x_wconf 86' lang='grc'><strong>‹‹</strong></span> <span class='ocrx_word' id='word_1_464' title='bbox 1841 3166 1995 3215; x_wconf 87' lang='lat' dir='ltr'><strong>mus,</strong></span> <span class='ocrx_word' id='word_1_465' title='bbox 2032 3167 2145 3204; x_wconf 91' lang='lat' dir='ltr'><strong>non</strong></span> <span class='ocrx_word' id='word_1_466' title='bbox 2179 3156 2304 3207; x_wconf 88' lang='lat' dir='ltr'><strong>erat</strong></span> <span class='ocrx_word' id='word_1_467' title='bbox 2331 3168 2464 3209; x_wconf 91' lang='lat' dir='ltr'><strong>cum</strong></span> <span class='ocrx_word' id='word_1_468' title='bbox 2496 3154 2600 3219; x_wconf 88' lang='lat' dir='ltr'><strong>eis,</strong></span> <span class='ocrx_word' id='word_1_469' title='bbox 2622 3158 2857 3226; x_wconf 91' lang='lat' dir='ltr'><strong>quando</strong></span> <span class='ocrx_word' id='word_1_470' title='bbox 2875 3161 3031 3218; x_wconf 89' lang='lat' dir='ltr'><strong>venit</strong></span> <span class='ocrx_word' id='word_1_471' title='bbox 3049 3164 3239 3221; x_wconf 86' lang='lat' dir='ltr'><strong>Jesus.</strong></span> <span class='ocrx_word' id='word_1_472' title='bbox 3260 3168 3422 3225; x_wconf 90' lang='lat' dir='ltr'><strong>Dixe-</strong></span> 
     </span>
    </p>
   </div>
   <div class='ocr_carea' id='block_1_66' title="bbox 70 3229 3423 3318">
    <p class='ocr_par' dir='ltr' id='par_1_66' title="bbox 70 3229 3423 3318">
     <span class='ocr_line' id='line_1_66' title="bbox 70 3229 3423 3318; baseline 0.007 -27"><span class='ocrx_word' id='word_1_473' title='bbox 70 3240 139 3310; x_wconf 72' lang='grc' dir='ltr'><strong>η),</strong></span> <span class='ocrx_word' id='word_1_474' title='bbox 159 3265 181 3292; x_wconf 75' lang='grc' dir='ltr'><strong>ιι</strong></span> <span class='ocrx_word' id='word_1_475' title='bbox 203 3246 302 3299; x_wconf 76' lang='lat' dir='ltr'><strong>etc.</strong></span> <span class='ocrx_word' id='word_1_476' title='bbox 335 3246 530 3301; x_wconf 74' lang='lat' dir='ltr'><strong>Tertio</strong></span> <span class='ocrx_word' id='word_1_477' title='bbox 560 3260 671 3318; x_wconf 82' lang='lat' dir='ltr'><strong>per</strong></span> <span class='ocrx_word' id='word_1_478' title='bbox 701 3243 1067 3316; x_wconf 80' lang='lat' dir='ltr'><strong>martyrium.</strong></span> <span class='ocrx_word' id='word_1_479' title='bbox 1087 3245 1300 3308; x_wconf 88' lang='lat' dir='ltr'><strong>Quarto</strong></span> <span class='ocrx_word' id='word_1_480' title='bbox 1320 3242 1669 3314; x_wconf 87' lang='lat' dir='ltr'><strong>pereleemo-</strong></span> <span class='ocrx_word' id='word_1_481' title='bbox 1700 3229 1743 3294; x_wconf 88' lang='lat' dir='ltr'>C</span> <span class='ocrx_word' id='word_1_482' title='bbox 1783 3258 1809 3285; x_wconf 88' lang='grc'><strong><em>‹‹</em></strong></span> <span class='ocrx_word' id='word_1_483' title='bbox 1843 3242 1980 3293; x_wconf 87' lang='lat' dir='ltr'><strong>runt</strong></span> <span class='ocrx_word' id='word_1_484' title='bbox 2008 3254 2145 3310; x_wconf 85' lang='lat' dir='ltr'><strong>ergo</strong></span> <span class='ocrx_word' id='word_1_485' title='bbox 2166 3238 2216 3294; x_wconf 91' lang='lat' dir='ltr'><strong>ei</strong></span> <span class='ocrx_word' id='word_1_486' title='bbox 2238 3238 2336 3294; x_wconf 88' lang='lat' dir='ltr'><strong>alii</strong></span> <span class='ocrx_word' id='word_1_487' title='bbox 2362 3241 2632 3313; x_wconf 89' lang='lat' dir='ltr'><strong>discipuli</strong></span> <span class='ocrx_word' id='word_1_488' title='bbox 2651 3262 2664 3299; x_wconf 93' lang='lat'>:</span> <span class='ocrx_word' id='word_1_489' title='bbox 2683 3244 2953 3303; x_wconf 88' lang='lat' dir='ltr'><strong>Vidimus</strong></span> <span class='ocrx_word' id='word_1_490' title='bbox 2972 3250 3304 3312; x_wconf 89' lang='lat' dir='ltr'><strong>Dominum.</strong></span> <span class='ocrx_word' id='word_1_491' title='bbox 3323 3255 3423 3313; x_wconf 86' lang='lat' dir='ltr'><strong>Ille</strong></span> 
     </span>
    </p>
   </div>
   <div class='ocr_carea' id='block_1_67' title="bbox 68 3331 1668 3404">
    <p class='ocr_par' dir='ltr' id='par_1_67' title="bbox 68 3331 1668 3404">
     <span class='ocr_line' id='line_1_67' title="bbox 68 3331 1668 3404; baseline 0 -18"><span class='ocrx_word' id='word_1_492' title='bbox 68 3344 243 3399; x_wconf 50' lang='lat' dir='ltr'><strong>unum,</strong></span> <span class='ocrx_word' id='word_1_493' title='bbox 271 3333 406 3404; x_wconf 89' lang='lat' dir='ltr'><strong>quia</strong></span> <span class='ocrx_word' id='word_1_494' title='bbox 431 3339 497 3389; x_wconf 90' lang='lat' dir='ltr'><strong>ut</strong></span> <span class='ocrx_word' id='word_1_495' title='bbox 527 3333 822 3404; x_wconf 85' lang='lat' dir='ltr'><strong>scriptum</strong></span> <span class='ocrx_word' id='word_1_496' title='bbox 851 3337 940 3387; x_wconf 90' lang='lat' dir='ltr'><strong>est</strong></span> <span class='ocrx_word' id='word_1_497' title='bbox 974 3347 987 3387; x_wconf 93' lang='lat'><strong>:</strong></span> <span class='ocrx_word' id='word_1_498' title='bbox 1026 3353 1053 3382; x_wconf 92' lang='grc'><em>‹‹</em></span> <span class='ocrx_word' id='word_1_499' title='bbox 1081 3331 1243 3386; x_wconf 90' lang='lat' dir='ltr'><strong>Sicut</strong></span> <span class='ocrx_word' id='word_1_500' title='bbox 1267 3348 1422 3402; x_wconf 85' lang='lat' dir='ltr'><strong>aqua</strong></span> <span class='ocrx_word' id='word_1_501' title='bbox 1451 3332 1668 3386; x_wconf 84' lang='lat' dir='ltr'><strong>exstin-</strong></span> 
     </span>
    </p>
   </div>
   <div class='ocr_carea' id='block_1_68' title="bbox 68 3417 1669 3493">
    <p class='ocr_par' dir='ltr' id='par_1_68' title="bbox 68 3417 1669 3493">
     <span class='ocr_line' id='line_1_68' title="bbox 68 3417 1669 3493; baseline 0.002 -23"><span class='ocrx_word' id='word_1_502' title='bbox 68 3417 157 3486; x_wconf 81' lang='lat' dir='ltr'><strong>guit</strong></span> <span class='ocrx_word' id='word_1_503' title='bbox 194 3420 396 3492; x_wconf 84' lang='lat' dir='ltr'><strong>ignem,</strong></span> <span class='ocrx_word' id='word_1_504' title='bbox 449 3422 532 3479; x_wconf 82' lang='lat' dir='ltr'><strong>ita</strong></span> <span class='ocrx_word' id='word_1_505' title='bbox 588 3421 961 3493; x_wconf 80' lang='lat' dir='ltr'><strong>eleemosyna</strong></span> <span class='ocrx_word' id='word_1_506' title='bbox 1013 3419 1303 3491; x_wconf 85' lang='lat' dir='ltr'><strong>extinguit</strong></span> <span class='ocrx_word' id='word_1_507' title='bbox 1368 3423 1669 3491; x_wconf 88' lang='lat' dir='ltr'><strong>peccatum</strong></span> 
     </span>
    </p>
   </div>
   <div class='ocr_carea' id='block_1_69' title="bbox 70 3506 1673 3582">
    <p class='ocr_par' dir='ltr' id='par_1_69' title="bbox 70 3506 1673 3582">
     <span class='ocr_line' id='line_1_69' title="bbox 70 3506 1673 3582; baseline 0.001 -23"><span class='ocrx_word' id='word_1_508' title='bbox 70 3506 195 3561; x_wconf 57' lang='lat' dir='ltr'><strong>lfxrli</strong></span> <span class='ocrx_word' id='word_1_509' title='bbox 239 3512 341 3581; x_wconf 86' lang='grc' dir='ltr'><strong>ιιι).</strong></span> <span class='ocrx_word' id='word_1_510' title='bbox 366 3534 396 3560; x_wconf 83' lang='grc'><strong>››</strong></span> <span class='ocrx_word' id='word_1_511' title='bbox 428 3512 655 3578; x_wconf 87' lang='lat' dir='ltr'><strong>Quinto</strong></span> <span class='ocrx_word' id='word_1_512' title='bbox 686 3525 790 3582; x_wconf 90' lang='lat' dir='ltr'><strong>per</strong></span> <span class='ocrx_word' id='word_1_513' title='bbox 834 3508 1235 3581; x_wconf 76' lang='lat' dir='ltr'><strong>paenitentiam</strong></span> <span class='ocrx_word' id='word_1_514' title='bbox 1272 3525 1283 3563; x_wconf 93' lang='lat'>:</span> <span class='ocrx_word' id='word_1_515' title='bbox 1320 3531 1346 3557; x_wconf 89' lang='grc'><strong>‹‹</strong></span> <span class='ocrx_word' id='word_1_516' title='bbox 1387 3507 1673 3562; x_wconf 78' lang='lat' dir='ltr'><strong>Paeniten-</strong></span> 
     </span>
    </p>
   </div>
   <div class='ocr_carea' id='block_1_70' title="bbox 68 3593 1673 3672">
    <p class='ocr_par' dir='ltr' id='par_1_70' title="bbox 68 3593 1673 3672">
     <span class='ocr_line' id='line_1_70' title="bbox 68 3593 1673 3672; baseline 0.002 -26"><span class='ocrx_word' id='word_1_517' title='bbox 68 3593 374 3669; x_wconf 80' lang='lat' dir='ltr'><strong>mini{inquit</strong></span> <span class='ocrx_word' id='word_1_518' title='bbox 403 3597 810 3672; x_wconf 83' lang='lat' dir='ltr'><strong>apostolus)et</strong></span> <span class='ocrx_word' id='word_1_519' title='bbox 830 3597 1337 3662; x_wconf 86' lang='lat' dir='ltr'><strong>convertimini,ut</strong></span> <span class='ocrx_word' id='word_1_520' title='bbox 1367 3596 1673 3652; x_wconf 89' lang='lat' dir='ltr'><strong>deleantur</strong></span> 
     </span>
    </p>
   </div>
   <div class='ocr_carea' id='block_1_71' title="bbox 71 3685 1667 3760">
    <p class='ocr_par' dir='ltr' id='par_1_71' title="bbox 71 3685 1667 3760">
     <span class='ocr_line' id='line_1_71' title="bbox 71 3685 1667 3760; baseline 0.001 -22"><span class='ocrx_word' id='word_1_521' title='bbox 71 3690 257 3749; x_wconf 74' lang='lat' dir='ltr'><strong>peccata</strong></span> <span class='ocrx_word' id='word_1_522' title='bbox 291 3693 484 3744; x_wconf 86' lang='lat' dir='ltr'><strong>vestra</strong></span> <span class='ocrx_word' id='word_1_523' title='bbox 518 3689 665 3760; x_wconf 79' lang='lat' dir='ltr'><strong>(Act.</strong></span> <span class='ocrx_word' id='word_1_524' title='bbox 700 3690 807 3755; x_wconf 84' lang='lat' dir='ltr'><strong>In).</strong></span> <span class='ocrx_word' id='word_1_525' title='bbox 846 3709 874 3735; x_wconf 84' lang='lat'>»</span> <span class='ocrx_word' id='word_1_526' title='bbox 912 3687 1101 3745; x_wconf 86' lang='lat' dir='ltr'><strong>Sexto.</strong></span> <span class='ocrx_word' id='word_1_527' title='bbox 1136 3702 1235 3757; x_wconf 91' lang='lat' dir='ltr'><strong>per</strong></span> <span class='ocrx_word' id='word_1_528' title='bbox 1278 3685 1620 3741; x_wconf 88' lang='lat' dir='ltr'><strong>charitatem</strong></span> <span class='ocrx_word' id='word_1_529' title='bbox 1654 3702 1667 3739; x_wconf 91' lang='lat'><strong>:</strong></span> 
     </span>
    </p>
   </div>
   <div class='ocr_carea' id='block_1_72' title="bbox 68 3772 1675 3849">
    <p class='ocr_par' dir='ltr' id='par_1_72' title="bbox 68 3772 1675 3849">
     <span class='ocr_line' id='line_1_72' title="bbox 68 3772 1675 3849; baseline 0.003 -26"><span class='ocrx_word' id='word_1_530' title='bbox 68 3772 186 3841; x_wconf 84' lang='lat' dir='ltr'><strong>quia,</strong></span> <span class='ocrx_word' id='word_1_531' title='bbox 207 3775 345 3831; x_wconf 88' lang='lat' dir='ltr'><strong>sicut</strong></span> <span class='ocrx_word' id='word_1_532' title='bbox 366 3777 681 3849; x_wconf 88' lang='lat' dir='ltr'><strong>apostolus</strong></span> <span class='ocrx_word' id='word_1_533' title='bbox 702 3775 871 3831; x_wconf 88' lang='lat' dir='ltr'><strong>dicit:</strong></span> <span class='ocrx_word' id='word_1_534' title='bbox 888 3798 915 3823; x_wconf 86' lang='lat'><strong><em>«</em></strong></span> <span class='ocrx_word' id='word_1_535' title='bbox 931 3774 1197 3830; x_wconf 87' lang='lat' dir='ltr'><strong>Charitas</strong></span> <span class='ocrx_word' id='word_1_536' title='bbox 1217 3773 1675 3846; x_wconf 85' lang='lat' dir='ltr'><strong>operitmultitu-</strong></span> 
     </span>
    </p>
   </div>
   <div class='ocr_carea' id='block_1_73' title="bbox 70 3859 1670 3937">
    <p class='ocr_par' dir='ltr' id='par_1_73' title="bbox 70 3859 1670 3937">
     <span class='ocr_line' id='line_1_73' title="bbox 70 3859 1670 3937; baseline 0.004 -27"><span class='ocrx_word' id='word_1_537' title='bbox 70 3859 221 3917; x_wconf 85' lang='lat' dir='ltr'><strong>dinem</strong></span> <span class='ocrx_word' id='word_1_538' title='bbox 264 3870 646 3937; x_wconf 87' lang='lat' dir='ltr'><strong>peccatorum</strong></span> <span class='ocrx_word' id='word_1_539' title='bbox 698 3865 743 3936; x_wconf 88' lang='lat' dir='ltr'><strong>(l</strong></span> <span class='ocrx_word' id='word_1_540' title='bbox 770 3867 918 3919; x_wconf 80' lang='lat' dir='ltr'><strong>Pefr.</strong></span> <span class='ocrx_word' id='word_1_541' title='bbox 954 3864 1047 3936; x_wconf 84' lang='lat' dir='ltr'><strong>IV).</strong></span> <span class='ocrx_word' id='word_1_542' title='bbox 1069 3886 1095 3912; x_wconf 74' lang='grc' dir='ltr'><strong>η</strong></span> <span class='ocrx_word' id='word_1_543' title='bbox 1131 3863 1409 3935; x_wconf 87' lang='lat' dir='ltr'><strong>Septimo,</strong></span> <span class='ocrx_word' id='word_1_544' title='bbox 1437 3863 1670 3934; x_wconf 91' lang='lat' dir='ltr'><strong>quando</strong></span> 
     </span>
    </p>
   </div>
   <div class='ocr_carea' id='block_1_74' title="bbox 70 3944 1674 4025">
    <p class='ocr_par' dir='ltr' id='par_1_74' title="bbox 70 3944 1674 4025">
     <span class='ocr_line' id='line_1_74' title="bbox 70 3944 1674 4025; baseline 0.004 -27"><span class='ocrx_word' id='word_1_545' title='bbox 70 3944 111 3998; x_wconf 89' lang='lat' dir='ltr'><strong>in</strong></span> <span class='ocrx_word' id='word_1_546' title='bbox 137 3949 279 4007; x_wconf 87' lang='lat' dir='ltr'><strong>nobis</strong></span> <span class='ocrx_word' id='word_1_547' title='bbox 303 3954 691 4025; x_wconf 87' lang='lat' dir='ltr'><strong>peccantibus</strong></span> <span class='ocrx_word' id='word_1_548' title='bbox 722 3951 1073 4006; x_wconf 86' lang='lat' dir='ltr'><strong>dimittimus</strong></span> <span class='ocrx_word' id='word_1_549' title='bbox 1095 3969 1107 4006; x_wconf 94' lang='lat'><strong>:</strong></span> <span class='ocrx_word' id='word_1_550' title='bbox 1127 3951 1267 4022; x_wconf 83' lang='lat' dir='ltr'><strong>quia</strong></span> <span class='ocrx_word' id='word_1_551' title='bbox 1295 3950 1450 4005; x_wconf 90' lang='lat' dir='ltr'><strong>sicut</strong></span> <span class='ocrx_word' id='word_1_552' title='bbox 1480 3949 1674 4004; x_wconf 87' lang='lat' dir='ltr'><strong>Domi-</strong></span> 
     </span>
    </p>
   </div>
   <div class='ocr_carea' id='block_1_75' title="bbox 68 4038 1672 4109">
    <p class='ocr_par' dir='ltr' id='par_1_75' title="bbox 68 4038 1672 4109">
     <span class='ocr_line' id='line_1_75' title="bbox 68 4038 1672 4109; baseline 0.004 -23"><span class='ocrx_word' id='word_1_553' title='bbox 68 4050 152 4088; x_wconf 80' lang='lat' dir='ltr'><strong>nus</strong></span> <span class='ocrx_word' id='word_1_554' title='bbox 174 4038 301 4095; x_wconf 89' lang='lat' dir='ltr'><strong>dicit</strong></span> <span class='ocrx_word' id='word_1_555' title='bbox 332 4059 344 4098; x_wconf 90' lang='lat'><strong>:</strong></span> <span class='ocrx_word' id='word_1_556' title='bbox 379 4064 409 4092; x_wconf 86' lang='grc'><strong>‹‹</strong></span> <span class='ocrx_word' id='word_1_557' title='bbox 438 4044 497 4098; x_wconf 88' lang='lat' dir='ltr'><strong>Si</strong></span> <span class='ocrx_word' id='word_1_558' title='bbox 531 4059 657 4098; x_wconf 89' lang='lat' dir='ltr'><strong>non</strong></span> <span class='ocrx_word' id='word_1_559' title='bbox 691 4039 1032 4096; x_wconf 89' lang='lat' dir='ltr'><strong>dimiseritis</strong></span> <span class='ocrx_word' id='word_1_560' title='bbox 1061 4038 1399 4094; x_wconf 90' lang='lat' dir='ltr'><strong>hominibus</strong></span> <span class='ocrx_word' id='word_1_561' title='bbox 1439 4040 1672 4109; x_wconf 88' lang='lat' dir='ltr'><strong>peccata</strong></span> 
     </span>
    </p>
   </div>
   <div class='ocr_carea' id='block_1_76' title="bbox 70 4127 1673 4198">
    <p class='ocr_par' dir='ltr' id='par_1_76' title="bbox 70 4127 1673 4198">
     <span class='ocr_line' id='line_1_76' title="bbox 70 4127 1673 4198; baseline 0.002 -20"><span class='ocrx_word' id='word_1_562' title='bbox 70 4137 357 4191; x_wconf 79' lang='lat' dir='ltr'><strong>eorum,nec</strong></span> <span class='ocrx_word' id='word_1_563' title='bbox 377 4132 553 4188; x_wconf 86' lang='lat' dir='ltr'><strong>Pater</strong></span> <span class='ocrx_word' id='word_1_564' title='bbox 580 4134 778 4185; x_wconf 81' lang='lat' dir='ltr'><strong>vester</strong></span> <span class='ocrx_word' id='word_1_565' title='bbox 797 4129 1047 4184; x_wconf 60' lang='lat' dir='ltr'><strong>caelestis</strong></span> <span class='ocrx_word' id='word_1_566' title='bbox 1079 4127 1334 4183; x_wconf 87' lang='lat' dir='ltr'><strong>dimittet</strong></span> <span class='ocrx_word' id='word_1_567' title='bbox 1361 4127 1522 4181; x_wconf 89' lang='lat' dir='ltr'><strong>vobis</strong></span> <span class='ocrx_word' id='word_1_568' title='bbox 1544 4142 1673 4198; x_wconf 86' lang='lat' dir='ltr'><strong>pec-</strong></span> 
     </span>
    </p>
   </div>
   <div class='ocr_carea' id='block_1_77' title="bbox 67 4215 1669 4293">
    <p class='ocr_par' dir='ltr' id='par_1_77' title="bbox 67 4215 1669 4293">
     <span class='ocr_line' id='line_1_77' title="bbox 67 4215 1669 4293; baseline 0.004 -28"><span class='ocrx_word' id='word_1_569' title='bbox 67 4217 163 4267; x_wconf 81' lang='lat' dir='ltr'><strong>cata</strong></span> <span class='ocrx_word' id='word_1_570' title='bbox 194 4222 372 4273; x_wconf 86' lang='lat' dir='ltr'><strong>vestra</strong></span> <span class='ocrx_word' id='word_1_571' title='bbox 417 4219 646 4293; x_wconf 71' lang='lat' dir='ltr'><strong>(Matth.</strong></span> <span class='ocrx_word' id='word_1_572' title='bbox 680 4218 780 4287; x_wconf 78' lang='lat' dir='ltr'><strong>v1).</strong></span> <span class='ocrx_word' id='word_1_573' title='bbox 817 4240 843 4266; x_wconf 84' lang='lat'><strong>»</strong></span> <span class='ocrx_word' id='word_1_574' title='bbox 872 4218 1017 4281; x_wconf 86' lang='lat' dir='ltr'><strong>Quia</strong></span> <span class='ocrx_word' id='word_1_575' title='bbox 1058 4233 1195 4289; x_wconf 82' lang='lat' dir='ltr'><strong>ergo</strong></span> <span class='ocrx_word' id='word_1_576' title='bbox 1245 4231 1348 4287; x_wconf 89' lang='lat' dir='ltr'><strong>per</strong></span> <span class='ocrx_word' id='word_1_577' title='bbox 1386 4215 1669 4289; x_wconf 89' lang='lat' dir='ltr'><strong>Spiritum</strong></span> 
     </span>
    </p>
   </div>
   <div class='ocr_carea' id='block_1_78' title="bbox 68 4305 1675 4380">
    <p class='ocr_par' dir='ltr' id='par_1_78' title="bbox 68 4305 1675 4380">
     <span class='ocr_line' id='line_1_78' title="bbox 68 4305 1675 4380; baseline 0.004 -26"><span class='ocrx_word' id='word_1_578' title='bbox 68 4307 285 4361; x_wconf 72' lang='lat' dir='ltr'><strong>sanctum</strong></span> <span class='ocrx_word' id='word_1_579' title='bbox 325 4309 608 4364; x_wconf 86' lang='lat' dir='ltr'><strong>remissio</strong></span> <span class='ocrx_word' id='word_1_580' title='bbox 651 4311 1020 4380; x_wconf 88' lang='lat' dir='ltr'><strong>peccatorum</strong></span> <span class='ocrx_word' id='word_1_581' title='bbox 1058 4305 1355 4371; x_wconf 88' lang='lat' dir='ltr'><strong>tribuitur,</strong></span> <span class='ocrx_word' id='word_1_582' title='bbox 1380 4310 1533 4361; x_wconf 83' lang='lat' dir='ltr'><strong>recte</strong></span> <span class='ocrx_word' id='word_1_583' title='bbox 1572 4323 1675 4379; x_wconf 90' lang='lat' dir='ltr'><strong>per</strong></span> 
     </span>
    </p>
   </div>
   <div class='ocr_carea' id='block_1_79' title="bbox 66 4393 1473 4470">
    <p class='ocr_par' dir='ltr' id='par_1_79' title="bbox 66 4393 1473 4470">
     <span class='ocr_line' id='line_1_79' title="bbox 66 4393 1473 4470; baseline 0.004 -25"><span class='ocrx_word' id='word_1_584' title='bbox 66 4393 286 4451; x_wconf 76' lang='lat' dir='ltr'><strong>eumdem</strong></span> <span class='ocrx_word' id='word_1_585' title='bbox 316 4397 617 4470; x_wconf 87' lang='lat' dir='ltr'><strong>Spiritum</strong></span> <span class='ocrx_word' id='word_1_586' title='bbox 647 4397 849 4451; x_wconf 89' lang='lat' dir='ltr'><strong>datum</strong></span> <span class='ocrx_word' id='word_1_587' title='bbox 882 4394 1187 4467; x_wconf 88' lang='lat' dir='ltr'><strong>discipulis</strong></span> <span class='ocrx_word' id='word_1_588' title='bbox 1213 4394 1429 4465; x_wconf 85' lang='lat' dir='ltr'><strong>dicitur</strong></span> <span class='ocrx_word' id='word_1_589' title='bbox 1461 4413 1473 4450; x_wconf 93' lang='lat'>:</span> 
     </span>
    </p>
   </div>
   <div class='ocr_carea' id='block_1_80' title="bbox 122 4479 1669 4556">
    <p class='ocr_par' dir='ltr' id='par_1_80' title="bbox 122 4479 1669 4556">
     <span class='ocr_line' id='line_1_80' title="bbox 122 4479 1669 4556; baseline -0.003 -13"><span class='ocrx_word' id='word_1_590' title='bbox 122 4503 139 4526; x_wconf 76' lang='grc' dir='ltr'><strong>ι</strong></span> <span class='ocrx_word' id='word_1_591' title='bbox 166 4479 402 4543; x_wconf 82' lang='lat' dir='ltr'><strong>Quorum</strong></span> <span class='ocrx_word' id='word_1_592' title='bbox 431 4484 792 4542; x_wconf 86' lang='lat' dir='ltr'><strong>remiseritis</strong></span> <span class='ocrx_word' id='word_1_593' title='bbox 823 4488 1074 4556; x_wconf 80' lang='lat' dir='ltr'><strong>peccata,</strong></span> <span class='ocrx_word' id='word_1_594' title='bbox 1107 4482 1489 4538; x_wconf 86' lang='lat' dir='ltr'><strong>remittuntur</strong></span> <span class='ocrx_word' id='word_1_595' title='bbox 1539 4484 1623 4539; x_wconf 91' lang='lat' dir='ltr'><strong>eis</strong></span> <span class='ocrx_word' id='word_1_596' title='bbox 1657 4502 1669 4539; x_wconf 92' lang='lat'><strong>:</strong></span> 
     </span>
    </p>
   </div>
   <div class='ocr_carea' id='block_1_81' title="bbox 1780 3327 3425 3414">
    <p class='ocr_par' dir='ltr' id='par_1_81' title="bbox 1780 3327 3425 3414">
     <span class='ocr_line' id='line_1_81' title="bbox 1780 3327 3425 3414; baseline 0.015 -38"><span class='ocrx_word' id='word_1_597' title='bbox 1780 3348 1809 3373; x_wconf 85' lang='lat'><strong><em>«</em></strong></span> <span class='ocrx_word' id='word_1_598' title='bbox 1844 3331 2035 3381; x_wconf 87' lang='lat' dir='ltr'><strong>autem</strong></span> <span class='ocrx_word' id='word_1_599' title='bbox 2069 3327 2216 3381; x_wconf 84' lang='lat' dir='ltr'><strong>dixit</strong></span> <span class='ocrx_word' id='word_1_600' title='bbox 2242 3328 2493 3385; x_wconf 89' lang='lat' dir='ltr'><strong>eis:Nisi</strong></span> <span class='ocrx_word' id='word_1_601' title='bbox 2522 3331 2717 3389; x_wconf 86' lang='lat' dir='ltr'><strong>videro</strong></span> <span class='ocrx_word' id='word_1_602' title='bbox 2746 3333 2805 3390; x_wconf 92' lang='lat' dir='ltr'><strong>in</strong></span> <span class='ocrx_word' id='word_1_603' title='bbox 2841 3338 3112 3395; x_wconf 88' lang='lat' dir='ltr'><strong>manibus</strong></span> <span class='ocrx_word' id='word_1_604' title='bbox 3141 3343 3269 3414; x_wconf 87' lang='lat' dir='ltr'><strong>ejus</strong></span> <span class='ocrx_word' id='word_1_605' title='bbox 3283 3344 3425 3401; x_wconf 85' lang='lat' dir='ltr'><strong>fixu-</strong></span> 
     </span>
    </p>
   </div>
   <div class='ocr_carea' id='block_1_82' title="bbox 1781 3414 3421 3494">
    <p class='ocr_par' dir='ltr' id='par_1_82' title="bbox 1781 3414 3421 3494">
     <span class='ocr_line' id='line_1_82' title="bbox 1781 3414 3421 3494; baseline 0.015 -29"><span class='ocrx_word' id='word_1_606' title='bbox 1781 3436 1809 3462; x_wconf 93' lang='grc'><strong>‹‹</strong></span> <span class='ocrx_word' id='word_1_607' title='bbox 1844 3431 1967 3468; x_wconf 87' lang='lat' dir='ltr'><strong>ram</strong></span> <span class='ocrx_word' id='word_1_608' title='bbox 2001 3414 2637 3483; x_wconf 83' lang='lat' dir='ltr'><strong>clavorum,etmittam</strong></span> <span class='ocrx_word' id='word_1_609' title='bbox 2658 3421 2907 3494; x_wconf 85' lang='lat' dir='ltr'><strong>digitum</strong></span> <span class='ocrx_word' id='word_1_610' title='bbox 2937 3443 3132 3483; x_wconf 91' lang='lat' dir='ltr'><strong>meum</strong></span> <span class='ocrx_word' id='word_1_611' title='bbox 3156 3430 3421 3490; x_wconf 89' lang='lat' dir='ltr'><strong>inlocum</strong></span> 
     </span>
    </p>
   </div>
   <div class='ocr_carea' id='block_1_83' title="bbox 1783 3501 3421 3593">
    <p class='ocr_par' dir='ltr' id='par_1_83' title="bbox 1783 3501 3421 3593">
     <span class='ocr_line' id='line_1_83' title="bbox 1783 3501 3421 3593; baseline 0.015 -40"><span class='ocrx_word' id='word_1_612' title='bbox 1783 3523 1810 3551; x_wconf 85' lang='lat'><strong>«</strong></span> <span class='ocrx_word' id='word_1_613' title='bbox 1839 3501 2227 3569; x_wconf 88' lang='lat' dir='ltr'><strong>clavorum,et</strong></span> <span class='ocrx_word' id='word_1_614' title='bbox 2249 3505 2476 3560; x_wconf 88' lang='lat' dir='ltr'><strong>mittam</strong></span> <span class='ocrx_word' id='word_1_615' title='bbox 2506 3525 2748 3565; x_wconf 89' lang='lat' dir='ltr'><strong>manum</strong></span> <span class='ocrx_word' id='word_1_616' title='bbox 2780 3529 2970 3569; x_wconf 89' lang='lat' dir='ltr'><strong>meam</strong></span> <span class='ocrx_word' id='word_1_617' title='bbox 3007 3517 3064 3571; x_wconf 90' lang='lat' dir='ltr'><strong>in</strong></span> <span class='ocrx_word' id='word_1_618' title='bbox 3095 3517 3249 3575; x_wconf 86' lang='lat' dir='ltr'><strong>latus</strong></span> <span class='ocrx_word' id='word_1_619' title='bbox 3272 3522 3421 3593; x_wconf 86' lang='lat' dir='ltr'><strong>ejus,</strong></span> 
     </span>
    </p>
   </div>
   <div class='ocr_carea' id='block_1_84' title="bbox 1783 3592 3428 3677">
    <p class='ocr_par' dir='ltr' id='par_1_84' title="bbox 1783 3592 3428 3677">
     <span class='ocr_line' id='line_1_84' title="bbox 1783 3592 3428 3677; baseline 0.016 -36"><span class='ocrx_word' id='word_1_620' title='bbox 1783 3611 1810 3639; x_wconf 89' lang='grc'><strong>‹‹</strong></span> <span class='ocrx_word' id='word_1_621' title='bbox 1846 3607 1958 3644; x_wconf 87' lang='lat' dir='ltr'><strong>non</strong></span> <span class='ocrx_word' id='word_1_622' title='bbox 1999 3592 2254 3647; x_wconf 89' lang='lat' dir='ltr'><strong>credam.</strong></span> <span class='ocrx_word' id='word_1_623' title='bbox 2288 3615 2315 3641; x_wconf 86' lang='lat'>»</span> <span class='ocrx_word' id='word_1_624' title='bbox 2337 3594 2481 3649; x_wconf 90' lang='lat' dir='ltr'><strong>Cum</strong></span> <span class='ocrx_word' id='word_1_625' title='bbox 2537 3597 2721 3653; x_wconf 91' lang='lat' dir='ltr'><strong>Lucas</strong></span> <span class='ocrx_word' id='word_1_626' title='bbox 2769 3600 2944 3671; x_wconf 89' lang='lat' dir='ltr'><strong>dicat,</strong></span> <span class='ocrx_word' id='word_1_627' title='bbox 2998 3607 3151 3677; x_wconf 90' lang='lat' dir='ltr'><strong>quod</strong></span> <span class='ocrx_word' id='word_1_628' title='bbox 3205 3592 3321 3665; x_wconf 84' lang='lat' dir='ltr'><strong>duo</strong></span> <span class='ocrx_word' id='word_1_629' title='bbox 3360 3627 3428 3667; x_wconf 86' lang='lat' dir='ltr'><strong>ex</strong></span> 
     </span>
    </p>
   </div>
   <div class='ocr_carea' id='block_1_85' title="bbox 1781 3678 3432 3772">
    <p class='ocr_par' dir='ltr' id='par_1_85' title="bbox 1781 3678 3432 3772">
     <span class='ocr_line' id='line_1_85' title="bbox 1781 3678 3432 3772; baseline 0.015 -41"><span class='ocrx_word' id='word_1_630' title='bbox 1781 3678 2088 3750; x_wconf 88' lang='lat' dir='ltr'><strong>discipulis</strong></span> <span class='ocrx_word' id='word_1_631' title='bbox 2120 3681 2332 3736; x_wconf 88' lang='lat' dir='ltr'><strong>reversi</strong></span> <span class='ocrx_word' id='word_1_632' title='bbox 2355 3681 2412 3735; x_wconf 91' lang='lat' dir='ltr'><strong>in</strong></span> <span class='ocrx_word' id='word_1_633' title='bbox 2425 3683 2747 3741; x_wconf 84' lang='lat' dir='ltr'><strong>Jerusalem</strong></span> <span class='ocrx_word' id='word_1_634' title='bbox 2763 3688 3432 3772; x_wconf 78' lang='lat' dir='ltr'><strong>inveneruntcongrega-</strong></span> 
     </span>
    </p>
   </div>
   <div class='ocr_carea' id='block_1_86' title="bbox 1780 3766 3430 3847">
    <p class='ocr_par' dir='ltr' id='par_1_86' title="bbox 1780 3766 3430 3847">
     <span class='ocr_line' id='line_1_86' title="bbox 1780 3766 3430 3847; baseline 0.015 -28"><span class='ocrx_word' id='word_1_635' title='bbox 1780 3770 1872 3820; x_wconf 86' lang='lat' dir='ltr'><strong>tos</strong></span> <span class='ocrx_word' id='word_1_636' title='bbox 1904 3766 2198 3833; x_wconf 88' lang='lat' dir='ltr'><strong>undecim,</strong></span> <span class='ocrx_word' id='word_1_637' title='bbox 2233 3772 2364 3835; x_wconf 91' lang='lat' dir='ltr'><strong>etc.,</strong></span> <span class='ocrx_word' id='word_1_638' title='bbox 2401 3772 2541 3843; x_wconf 91' lang='lat' dir='ltr'><strong>quid</strong></span> <span class='ocrx_word' id='word_1_639' title='bbox 2573 3779 2662 3829; x_wconf 85' lang='lat' dir='ltr'><strong>est</strong></span> <span class='ocrx_word' id='word_1_640' title='bbox 2692 3778 2845 3847; x_wconf 90' lang='lat' dir='ltr'><strong>quod</strong></span> <span class='ocrx_word' id='word_1_641' title='bbox 2876 3779 3130 3839; x_wconf 85' lang='lat' dir='ltr'><strong>Joannes</strong></span> <span class='ocrx_word' id='word_1_642' title='bbox 3172 3766 3430 3844; x_wconf 68' lang='lat' dir='ltr'><strong>defuisse</strong></span> 
     </span>
    </p>
   </div>
   <div class='ocr_carea' id='block_1_87' title="bbox 1781 3854 3430 3946">
    <p class='ocr_par' dir='ltr' id='par_1_87' title="bbox 1781 3854 3430 3946">
     <span class='ocr_line' id='line_1_87' title="bbox 1781 3854 3430 3946; baseline 0.016 -39"><span class='ocrx_word' id='word_1_643' title='bbox 1781 3854 1922 3946; x_wconf 76' lang='lat' dir='ltr'><strong>dicit</strong></span> <span class='ocrx_word' id='word_1_644' title='bbox 1950 3854 2257 3946; x_wconf 84' lang='lat' dir='ltr'><strong>Thomam,</strong></span> <span class='ocrx_word' id='word_1_645' title='bbox 2282 3858 2381 3946; x_wconf 89' lang='lat' dir='ltr'><strong>qui</strong></span> <span class='ocrx_word' id='word_1_646' title='bbox 2413 3876 2567 3915; x_wconf 89' lang='lat' dir='ltr'><strong>unus</strong></span> <span class='ocrx_word' id='word_1_647' title='bbox 2599 3879 2666 3917; x_wconf 90' lang='lat' dir='ltr'><strong>ex</strong></span> <span class='ocrx_word' id='word_1_648' title='bbox 2698 3863 2812 3920; x_wconf 90' lang='lat' dir='ltr'><strong>illis</strong></span> <span class='ocrx_word' id='word_1_649' title='bbox 2843 3870 3010 3924; x_wconf 85' lang='lat' dir='ltr'><strong>erat?</strong></span> <span class='ocrx_word' id='word_1_650' title='bbox 3037 3873 3120 3937; x_wconf 73' lang='lat' dir='ltr'><strong>Ad</strong></span> <span class='ocrx_word' id='word_1_651' title='bbox 3153 3876 3305 3946; x_wconf 88' lang='lat' dir='ltr'><strong>quod</strong></span> <span class='ocrx_word' id='word_1_652' title='bbox 3341 3877 3430 3932; x_wconf 89' lang='lat' dir='ltr'><strong>di-</strong></span> 
     </span>
    </p>
   </div>
   <div class='ocr_carea' id='block_1_88' title="bbox 1782 3941 3429 4029">
    <p class='ocr_par' dir='ltr' id='par_1_88' title="bbox 1782 3941 3429 4029">
     <span class='ocr_line' id='line_1_88' title="bbox 1782 3941 3429 4029; baseline 0.017 -36"><span class='ocrx_word' id='word_1_653' title='bbox 1782 3941 2053 4007; x_wconf 90' lang='lat' dir='ltr'><strong>cendum,</strong></span> <span class='ocrx_word' id='word_1_654' title='bbox 2070 3943 2208 4014; x_wconf 91' lang='lat' dir='ltr'><strong>quia</strong></span> <span class='ocrx_word' id='word_1_655' title='bbox 2229 3944 2483 4015; x_wconf 87' lang='lat' dir='ltr'><strong>primum</strong></span> <span class='ocrx_word' id='word_1_656' title='bbox 2516 3964 2649 4004; x_wconf 88' lang='lat' dir='ltr'><strong>cum</strong></span> <span class='ocrx_word' id='word_1_657' title='bbox 2674 3950 2792 4007; x_wconf 90' lang='lat' dir='ltr'><strong>illis</strong></span> <span class='ocrx_word' id='word_1_658' title='bbox 2815 3955 2926 4010; x_wconf 87' lang='lat' dir='ltr'><strong>fuit</strong></span> <span class='ocrx_word' id='word_1_659' title='bbox 2946 3941 3222 4029; x_wconf 73' lang='lat' dir='ltr'><strong>Thomas,</strong></span> <span class='ocrx_word' id='word_1_660' title='bbox 3238 3965 3338 4019; x_wconf 87' lang='lat' dir='ltr'><strong>sed</strong></span> <span class='ocrx_word' id='word_1_661' title='bbox 3357 3966 3429 4021; x_wconf 89' lang='lat' dir='ltr'><strong>ad</strong></span> 
     </span>
    </p>
   </div>
   <div class='ocr_carea' id='block_1_89' title="bbox 1781 4034 3434 4116">
    <p class='ocr_par' dir='ltr' id='par_1_89' title="bbox 1781 4034 3434 4116">
     <span class='ocr_line' id='line_1_89' title="bbox 1781 4034 3434 4116; baseline 0.016 -35"><span class='ocrx_word' id='word_1_662' title='bbox 1781 4034 2015 4101; x_wconf 89' lang='lat' dir='ltr'><strong>tempus</strong></span> <span class='ocrx_word' id='word_1_663' title='bbox 2045 4046 2322 4102; x_wconf 88' lang='lat' dir='ltr'><strong>egressus</strong></span> <span class='ocrx_word' id='word_1_664' title='bbox 2353 4038 2461 4101; x_wconf 88' lang='lat' dir='ltr'><strong>est,</strong></span> <span class='ocrx_word' id='word_1_665' title='bbox 2482 4034 2538 4089; x_wconf 91' lang='lat' dir='ltr'><strong>in</strong></span> <span class='ocrx_word' id='word_1_666' title='bbox 2565 4053 2680 4108; x_wconf 91' lang='lat' dir='ltr'><strong>quo</strong></span> <span class='ocrx_word' id='word_1_667' title='bbox 2702 4042 2893 4111; x_wconf 87' lang='lat' dir='ltr'><strong>spatio</strong></span> <span class='ocrx_word' id='word_1_668' title='bbox 2912 4048 3265 4116; x_wconf 87' lang='lat' dir='ltr'><strong>egressionis</strong></span> <span class='ocrx_word' id='word_1_669' title='bbox 3279 4052 3434 4108; x_wconf 89' lang='lat' dir='ltr'><strong>venit</strong></span> 
     </span>
    </p>
   </div>
   <div class='ocr_carea' id='block_1_90' title="bbox 1779 4118 3428 4202">
    <p class='ocr_par' dir='ltr' id='par_1_90' title="bbox 1779 4118 3428 4202">
     <span class='ocr_line' id='line_1_90' title="bbox 1779 4118 3428 4202; baseline 0.014 -29"><span class='ocrx_word' id='word_1_670' title='bbox 1779 4118 1971 4173; x_wconf 82' lang='lat' dir='ltr'><strong>Jesus.</strong></span> <span class='ocrx_word' id='word_1_671' title='bbox 2007 4119 2131 4184; x_wconf 89' lang='lat' dir='ltr'><strong>Quo</strong></span> <span class='ocrx_word' id='word_1_672' title='bbox 2165 4136 2277 4174; x_wconf 89' lang='lat' dir='ltr'><strong>non</strong></span> <span class='ocrx_word' id='word_1_673' title='bbox 2311 4137 2450 4176; x_wconf 88' lang='lat' dir='ltr'><strong>casu</strong></span> <span class='ocrx_word' id='word_1_674' title='bbox 2479 4124 2793 4198; x_wconf 87' lang='lat' dir='ltr'><strong>contigisse</strong></span> <span class='ocrx_word' id='word_1_675' title='bbox 2820 4134 3147 4200; x_wconf 89' lang='lat' dir='ltr'><strong>putandum</strong></span> <span class='ocrx_word' id='word_1_676' title='bbox 3186 4143 3294 4202; x_wconf 89' lang='lat' dir='ltr'><strong>est,</strong></span> <span class='ocrx_word' id='word_1_677' title='bbox 3326 4141 3428 4195; x_wconf 89' lang='lat' dir='ltr'><strong>sed</strong></span> 
     </span>
    </p>
   </div>
   <div class='ocr_carea' id='block_1_91' title="bbox 1781 4207 3429 4296">
    <p class='ocr_par' dir='ltr' id='par_1_91' title="bbox 1781 4207 3429 4296">
     <span class='ocr_line' id='line_1_91' title="bbox 1781 4207 3429 4296; baseline 0.015 -36"><span class='ocrx_word' id='word_1_678' title='bbox 1781 4207 1975 4296; x_wconf 84' lang='lat' dir='ltr'><strong>divina</strong></span> <span class='ocrx_word' id='word_1_679' title='bbox 1987 4207 2422 4296; x_wconf 79' lang='lat' dir='ltr'><strong>dispensatione</strong></span> <span class='ocrx_word' id='word_1_680' title='bbox 2437 4211 2653 4268; x_wconf 80' lang='lat' dir='ltr'><strong>factum</strong></span> <span class='ocrx_word' id='word_1_681' title='bbox 2667 4220 2847 4284; x_wconf 87' lang='lat' dir='ltr'><strong>est,ut</strong></span> <span class='ocrx_word' id='word_1_682' title='bbox 2865 4220 3102 4279; x_wconf 85' lang='lat' dir='ltr'><strong>Domino</strong></span> <span class='ocrx_word' id='word_1_683' title='bbox 3114 4233 3429 4296; x_wconf 88' lang='lat' dir='ltr'><strong>apparente</strong></span> 
     </span>
    </p>
   </div>
   <div class='ocr_carea' id='block_1_92' title="bbox 1782 4294 3425 4387">
    <p class='ocr_par' dir='ltr' id='par_1_92' title="bbox 1782 4294 3425 4387">
     <span class='ocr_line' id='line_1_92' title="bbox 1782 4294 3425 4387; baseline 0.013 -39"><span class='ocrx_word' id='word_1_684' title='bbox 1782 4294 2111 4387; x_wconf 72' lang='lat' dir='ltr'><strong>discipulis,</strong></span> <span class='ocrx_word' id='word_1_685' title='bbox 2149 4312 2319 4387; x_wconf 82' lang='lat' dir='ltr'><strong>unus</strong></span> <span class='ocrx_word' id='word_1_686' title='bbox 2351 4295 2568 4354; x_wconf 86' lang='lat' dir='ltr'><strong>electus</strong></span> <span class='ocrx_word' id='word_1_687' title='bbox 2607 4302 2933 4376; x_wconf 88' lang='lat' dir='ltr'><strong>discipulus</strong></span> <span class='ocrx_word' id='word_1_688' title='bbox 2984 4294 3285 4380; x_wconf 76' lang='lat' dir='ltr'><strong>defuisset,</strong></span> <span class='ocrx_word' id='word_1_689' title='bbox 3322 4315 3425 4387; x_wconf 89' lang='lat' dir='ltr'><strong>qui</strong></span> 
     </span>
    </p>
   </div>
   <div class='ocr_carea' id='block_1_93' title="bbox 1784 4383 3423 4473">
    <p class='ocr_par' dir='ltr' id='par_1_93' title="bbox 1784 4383 3423 4473">
     <span class='ocr_line' id='line_1_93' title="bbox 1784 4383 3423 4473; baseline 0.012 -34"><span class='ocrx_word' id='word_1_690' title='bbox 1784 4383 1982 4439; x_wconf 86' lang='lat' dir='ltr'><strong>audita</strong></span> <span class='ocrx_word' id='word_1_691' title='bbox 2014 4384 2437 4473; x_wconf 88' lang='lat' dir='ltr'><strong>resurrectione</strong></span> <span class='ocrx_word' id='word_1_692' title='bbox 2466 4387 2779 4462; x_wconf 88' lang='lat' dir='ltr'><strong>dubitaret,</strong></span> <span class='ocrx_word' id='word_1_693' title='bbox 2811 4394 3089 4452; x_wconf 90' lang='lat' dir='ltr'><strong>dubitans</strong></span> <span class='ocrx_word' id='word_1_694' title='bbox 3121 4383 3423 4473; x_wconf 67' lang='lat' dir='ltr'><strong>quaereret,</strong></span> 
     </span>
    </p>
   </div>
   <div class='ocr_carea' id='block_1_94' title="bbox 1783 4472 3423 4548">
    <p class='ocr_par' dir='ltr' id='par_1_94' title="bbox 1783 4472 3423 4548">
     <span class='ocr_line' id='line_1_94' title="bbox 1783 4472 3423 4548; baseline 0.014 -23"><span class='ocrx_word' id='word_1_695' title='bbox 1783 4488 2049 4545; x_wconf 66' lang='lat' dir='ltr'><strong>quaerens</strong></span> <span class='ocrx_word' id='word_1_696' title='bbox 2092 4472 2392 4540; x_wconf 88' lang='lat' dir='ltr'><strong>inveniret,</strong></span> <span class='ocrx_word' id='word_1_697' title='bbox 2427 4480 2483 4530; x_wconf 89' lang='lat' dir='ltr'><strong>et</strong></span> <span class='ocrx_word' id='word_1_698' title='bbox 2530 4493 2564 4531; x_wconf 93' lang='lat' dir='ltr'><strong>a</strong></span> <span class='ocrx_word' id='word_1_699' title='bbox 2603 4481 2821 4535; x_wconf 87' lang='lat' dir='ltr'><strong>nostris</strong></span> <span class='ocrx_word' id='word_1_700' title='bbox 2869 4485 3142 4542; x_wconf 88' lang='lat' dir='ltr'><strong>cordibus</strong></span> <span class='ocrx_word' id='word_1_701' title='bbox 3188 4472 3423 4548; x_wconf 89' lang='lat' dir='ltr'><strong>omnem</strong></span> 
     </span>
    </p>
   </div>
   <div class='ocr_carea' id='block_1_95' title="bbox 68 4560 3423 4658">
    <p class='ocr_par' dir='ltr' id='par_1_95' title="bbox 68 4560 3423 4658">
     <span class='ocr_line' id='line_1_95' title="bbox 68 4560 3423 4658; baseline 0.008 -48"><span class='ocrx_word' id='word_1_702' title='bbox 68 4583 81 4605; x_wconf 85' lang='grc' dir='ltr'><strong>ι</strong></span> <span class='ocrx_word' id='word_1_703' title='bbox 103 4571 145 4621; x_wconf 75' lang='grc' dir='ltr'><strong>ει</strong></span> <span class='ocrx_word' id='word_1_704' title='bbox 168 4586 399 4641; x_wconf 63' lang='lat' dir='ltr'><strong>quorum</strong></span> <span class='ocrx_word' id='word_1_705' title='bbox 426 4573 826 4637; x_wconf 49' lang='lat' dir='ltr'><strong>rationarius,</strong></span> <span class='ocrx_word' id='word_1_706' title='bbox 860 4576 1082 4626; x_wconf 60' lang='lat' dir='ltr'><strong>retenta</strong></span> <span class='ocrx_word' id='word_1_707' title='bbox 1137 4576 1333 4627; x_wconf 50' lang='lat' dir='ltr'><strong>sunt.»</strong></span> <span class='ocrx_word' id='word_1_708' title='bbox 1366 4572 1435 4626; x_wconf 70' lang='lat' dir='ltr'><strong>Et</strong></span> <span class='ocrx_word' id='word_1_709' title='bbox 1477 4587 1674 4628; x_wconf 64' lang='lat' dir='ltr'><strong>revera</strong></span> <span class='ocrx_word' id='word_1_710' title='bbox 1706 4593 1752 4658; x_wconf 67' lang='grc' dir='ltr'>Β</span> <span class='ocrx_word' id='word_1_711' title='bbox 1783 4560 2205 4658; x_wconf 60' lang='lat' dir='ltr'><strong>dubitationem</strong></span> <span class='ocrx_word' id='word_1_712' title='bbox 2238 4562 2566 4658; x_wconf 68' lang='lat' dir='ltr'><strong>expelleret.</strong></span> <span class='ocrx_word' id='word_1_713' title='bbox 2598 4566 2779 4624; x_wconf 87' lang='lat' dir='ltr'><strong>Multo</strong></span> <span class='ocrx_word' id='word_1_714' title='bbox 2810 4572 2996 4646; x_wconf 89' lang='lat' dir='ltr'><strong>magis</strong></span> <span class='ocrx_word' id='word_1_715' title='bbox 3046 4574 3423 4637; x_wconf 89' lang='lat' dir='ltr'><strong>incredulitas</strong></span> 
     </span>
    </p>
   </div>
   <div class='ocr_carea' id='block_1_96' title="bbox 68 4649 3423 4735">
    <p class='ocr_par' dir='ltr' id='par_1_96' title="bbox 68 4649 3423 4735">
     <span class='ocr_line' id='line_1_96' title="bbox 68 4649 3423 4735; baseline 0.007 -37"><span class='ocrx_word' id='word_1_716' title='bbox 68 4667 235 4727; x_wconf 65' lang='lat' dir='ltr'><strong>magna</strong></span> <span class='ocrx_word' id='word_1_717' title='bbox 262 4664 447 4732; x_wconf 57' lang='lat' dir='ltr'><strong>gratia</strong></span> <span class='ocrx_word' id='word_1_718' title='bbox 476 4661 771 4735; x_wconf 63' lang='grc' dir='ltr'><strong>ηροειοιίε</strong></span> <span class='ocrx_word' id='word_1_719' title='bbox 804 4662 941 4715; x_wconf 68' lang='lat' dir='ltr'><strong>data</strong></span> <span class='ocrx_word' id='word_1_720' title='bbox 968 4664 1075 4725; x_wconf 63' lang='grc' dir='ltr'><strong>εει,</strong></span> <span class='ocrx_word' id='word_1_721' title='bbox 1110 4665 1173 4713; x_wconf 71' lang='grc' dir='ltr'><strong>ιη</strong></span> <span class='ocrx_word' id='word_1_722' title='bbox 1204 4676 1320 4714; x_wconf 74' lang='lat' dir='ltr'><strong>non</strong></span> <span class='ocrx_word' id='word_1_723' title='bbox 1354 4659 1542 4715; x_wconf 74' lang='lat' dir='ltr'><strong>solum</strong></span> <span class='ocrx_word' id='word_1_724' title='bbox 1576 4678 1679 4733; x_wconf 70' lang='grc' dir='ltr'><strong>ρει-</strong></span> <span class='ocrx_word' id='word_1_725' title='bbox 1708 4649 1745 4658; x_wconf 76' lang='grc'><strong>’⁷</strong></span> <span class='ocrx_word' id='word_1_726' title='bbox 1785 4649 2021 4704; x_wconf 77' lang='lat' dir='ltr'><strong>Thomas</strong></span> <span class='ocrx_word' id='word_1_727' title='bbox 2064 4649 2230 4703; x_wconf 89' lang='lat' dir='ltr'><strong>nobis</strong></span> <span class='ocrx_word' id='word_1_728' title='bbox 2279 4650 2515 4722; x_wconf 88' lang='lat' dir='ltr'><strong>profuit,</strong></span> <span class='ocrx_word' id='word_1_729' title='bbox 2550 4670 2724 4725; x_wconf 86' lang='lat' dir='ltr'><strong>quam</strong></span> <span class='ocrx_word' id='word_1_730' title='bbox 2776 4659 3063 4719; x_wconf 90' lang='lat' dir='ltr'><strong>citissima</strong></span> <span class='ocrx_word' id='word_1_731' title='bbox 3107 4666 3423 4725; x_wconf 87' lang='lat' dir='ltr'><strong>credulitas</strong></span> 
     </span>
    </p>
   </div>
   <div class='ocr_carea' id='block_1_97' title="bbox 67 4740 1674 4822">
    <p class='ocr_par' dir='ltr' id='par_1_97' title="bbox 67 4740 1674 4822">
     <span class='ocr_line' id='line_1_97' title="bbox 67 4740 1674 4822; baseline 0.004 -24"><span class='ocrx_word' id='word_1_732' title='bbox 67 4740 298 4812; x_wconf 79' lang='lat' dir='ltr'><strong>Spiritum</strong></span> <span class='ocrx_word' id='word_1_733' title='bbox 320 4756 604 4807; x_wconf 89' lang='lat' dir='ltr'><strong>sanctum</strong></span> <span class='ocrx_word' id='word_1_734' title='bbox 630 4768 659 4806; x_wconf 91' lang='lat' dir='ltr'><strong>a</strong></span> <span class='ocrx_word' id='word_1_735' title='bbox 674 4749 929 4822; x_wconf 87' lang='lat' dir='ltr'><strong>propriis</strong></span> <span class='ocrx_word' id='word_1_736' title='bbox 945 4748 1196 4820; x_wconf 85' lang='lat' dir='ltr'><strong>peccatis</strong></span> <span class='ocrx_word' id='word_1_737' title='bbox 1217 4748 1674 4816; x_wconf 88' lang='lat' dir='ltr'><strong>absolverentur,</strong></span> 
     </span>
    </p>
   </div>
   <div class='ocr_carea' id='block_1_98' title="bbox 67 4832 1677 4911">
    <p class='ocr_par' dir='ltr' id='par_1_98' title="bbox 67 4832 1677 4911">
     <span class='ocr_line' id='line_1_98' title="bbox 67 4832 1677 4911; baseline 0.006 -29"><span class='ocrx_word' id='word_1_738' title='bbox 67 4832 142 4884; x_wconf 81' lang='lat' dir='ltr'><strong>sed</strong></span> <span class='ocrx_word' id='word_1_739' title='bbox 163 4836 318 4893; x_wconf 85' lang='lat' dir='ltr'><strong>etiam</strong></span> <span class='ocrx_word' id='word_1_740' title='bbox 339 4839 399 4894; x_wconf 90' lang='lat' dir='ltr'><strong>in</strong></span> <span class='ocrx_word' id='word_1_741' title='bbox 433 4839 653 4895; x_wconf 89' lang='lat' dir='ltr'><strong>alienis</strong></span> <span class='ocrx_word' id='word_1_742' title='bbox 680 4838 932 4911; x_wconf 85' lang='lat' dir='ltr'><strong>peccatis</strong></span> <span class='ocrx_word' id='word_1_743' title='bbox 955 4837 1321 4892; x_wconf 81' lang='lat' dir='ltr'><strong>dimittendis</strong></span> <span class='ocrx_word' id='word_1_744' title='bbox 1334 4842 1677 4909; x_wconf 88' lang='lat' dir='ltr'><strong>potestatem</strong></span> 
     </span>
    </p>
   </div>
   <div class='ocr_carea' id='block_1_99' title="bbox 68 4918 1680 4996">
    <p class='ocr_par' dir='ltr' id='par_1_99' title="bbox 68 4918 1680 4996">
     <span class='ocr_line' id='line_1_99' title="bbox 68 4918 1680 4996; baseline 0.008 -28"><span class='ocrx_word' id='word_1_745' title='bbox 68 4918 364 4992; x_wconf 80' lang='lat' dir='ltr'><strong>acciperent.</strong></span> <span class='ocrx_word' id='word_1_746' title='bbox 399 4928 671 4992; x_wconf 81' lang='lat' dir='ltr'><strong>Quorum</strong></span> <span class='ocrx_word' id='word_1_747' title='bbox 695 4926 889 4981; x_wconf 88' lang='lat' dir='ltr'><strong>locum</strong></span> <span class='ocrx_word' id='word_1_748' title='bbox 929 4929 984 4979; x_wconf 90' lang='lat' dir='ltr'><strong>et</strong></span> <span class='ocrx_word' id='word_1_749' title='bbox 1014 4924 1275 4980; x_wconf 89' lang='lat' dir='ltr'><strong>ordinem</strong></span> <span class='ocrx_word' id='word_1_750' title='bbox 1328 4925 1584 4996; x_wconf 87' lang='lat' dir='ltr'><strong>episcopi</strong></span> <span class='ocrx_word' id='word_1_751' title='bbox 1624 4943 1680 4992; x_wconf 60' lang='lat' dir='ltr'><strong>ei</strong></span> 
     </span>
    </p>
   </div>
   <div class='ocr_carea' id='block_1_100' title="bbox 66 5013 1679 5087">
    <p class='ocr_par' dir='ltr' id='par_1_100' title="bbox 66 5013 1679 5087">
     <span class='ocr_line' id='line_1_100' title="bbox 66 5013 1679 5087; baseline 0.005 -26"><span class='ocrx_word' id='word_1_752' title='bbox 66 5013 349 5070; x_wconf 76' lang='lat' dir='ltr'><strong>Sacerdotes</strong></span> <span class='ocrx_word' id='word_1_753' title='bbox 399 5033 566 5072; x_wconf 89' lang='lat' dir='ltr'><strong>nunc</strong></span> <span class='ocrx_word' id='word_1_754' title='bbox 620 5016 677 5071; x_wconf 91' lang='lat' dir='ltr'><strong>in</strong></span> <span class='ocrx_word' id='word_1_755' title='bbox 730 5013 983 5069; x_wconf 84' lang='lat' dir='ltr'><strong>Ecclesia</strong></span> <span class='ocrx_word' id='word_1_756' title='bbox 1016 5014 1286 5078; x_wconf 86' lang='lat' dir='ltr'><strong>retinent,</strong></span> <span class='ocrx_word' id='word_1_757' title='bbox 1322 5015 1419 5085; x_wconf 91' lang='lat' dir='ltr'><strong>qui</strong></span> <span class='ocrx_word' id='word_1_758' title='bbox 1461 5014 1679 5087; x_wconf 86' lang='lat' dir='ltr'><strong>ligandi</strong></span> 
     </span>
    </p>
   </div>
   <div class='ocr_carea' id='block_1_101' title="bbox 67 5092 1682 5177">
    <p class='ocr_par' dir='ltr' id='par_1_101' title="bbox 67 5092 1682 5177">
     <span class='ocr_line' id='line_1_101' title="bbox 67 5092 1682 5177; baseline 0.009 -34"><span class='ocrx_word' id='word_1_759' title='bbox 67 5092 396 5175; x_wconf 77' lang='lat' dir='ltr'><strong>solvendique</strong></span> <span class='ocrx_word' id='word_1_760' title='bbox 444 5107 802 5177; x_wconf 85' lang='lat' dir='ltr'><strong>potestatem</strong></span> <span class='ocrx_word' id='word_1_761' title='bbox 849 5102 1084 5165; x_wconf 89' lang='lat' dir='ltr'><strong>habent,</strong></span> <span class='ocrx_word' id='word_1_762' title='bbox 1129 5100 1279 5155; x_wconf 89' lang='lat' dir='ltr'><strong>sicut</strong></span> <span class='ocrx_word' id='word_1_763' title='bbox 1324 5101 1382 5155; x_wconf 89' lang='lat' dir='ltr'><strong>in</strong></span> <span class='ocrx_word' id='word_1_764' title='bbox 1432 5118 1682 5174; x_wconf 90' lang='lat' dir='ltr'><strong>persona</strong></span> 
     </span>
    </p>
   </div>
   <div class='ocr_carea' id='block_1_102' title="bbox 65 5188 1676 5265">
    <p class='ocr_par' dir='ltr' id='par_1_102' title="bbox 65 5188 1676 5265">
     <span class='ocr_line' id='line_1_102' title="bbox 65 5188 1676 5265; baseline 0.004 -27"><span class='ocrx_word' id='word_1_765' title='bbox 65 5188 286 5245; x_wconf 89' lang='lat' dir='ltr'><strong>omnium</strong></span> <span class='ocrx_word' id='word_1_766' title='bbox 316 5193 512 5264; x_wconf 87' lang='lat' dir='ltr'><strong>primo</strong></span> <span class='ocrx_word' id='word_1_767' title='bbox 544 5191 767 5265; x_wconf 89' lang='lat' dir='ltr'><strong>pastori</strong></span> <span class='ocrx_word' id='word_1_768' title='bbox 790 5189 1119 5263; x_wconf 86' lang='lat' dir='ltr'><strong>specialiter</strong></span> <span class='ocrx_word' id='word_1_769' title='bbox 1134 5189 1355 5244; x_wconf 90' lang='lat' dir='ltr'><strong>dictum</strong></span> <span class='ocrx_word' id='word_1_770' title='bbox 1375 5195 1491 5245; x_wconf 89' lang='lat' dir='ltr'><strong>est:</strong></span> <span class='ocrx_word' id='word_1_771' title='bbox 1509 5215 1534 5240; x_wconf 84' lang='lat'>«</span> <span class='ocrx_word' id='word_1_772' title='bbox 1551 5191 1676 5246; x_wconf 91' lang='lat' dir='ltr'><strong>Tibi</strong></span> 
     </span>
    </p>
   </div>
   <div class='ocr_carea' id='block_1_103' title="bbox 66 5268 1680 5356">
    <p class='ocr_par' dir='ltr' id='par_1_103' title="bbox 66 5268 1680 5356">
     <span class='ocr_line' id='line_1_103' title="bbox 66 5268 1680 5356; baseline 0.005 -29"><span class='ocrx_word' id='word_1_773' title='bbox 66 5268 186 5328; x_wconf 77' lang='lat' dir='ltr'><strong>dabo</strong></span> <span class='ocrx_word' id='word_1_774' title='bbox 210 5276 391 5356; x_wconf 83' lang='lat' dir='ltr'><strong>claves</strong></span> <span class='ocrx_word' id='word_1_775' title='bbox 409 5280 581 5355; x_wconf 83' lang='lat' dir='ltr'><strong>regni</strong></span> <span class='ocrx_word' id='word_1_776' title='bbox 598 5280 896 5335; x_wconf 73' lang='lat' dir='ltr'><strong>caelorum.</strong></span> <span class='ocrx_word' id='word_1_777' title='bbox 921 5280 985 5334; x_wconf 90' lang='lat' dir='ltr'><strong>Et</strong></span> <span class='ocrx_word' id='word_1_778' title='bbox 1004 5278 1680 5351; x_wconf 89' lang='lat' dir='ltr'><strong>quodcunqueligaveris</strong></span> 
     </span>
    </p>
   </div>
   <div class='ocr_carea' id='block_1_104' title="bbox 62 5366 1675 5442">
    <p class='ocr_par' dir='ltr' id='par_1_104' title="bbox 62 5366 1675 5442">
     <span class='ocr_line' id='line_1_104' title="bbox 62 5366 1675 5442; baseline -0.002 -21"><span class='ocrx_word' id='word_1_779' title='bbox 62 5372 205 5442; x_wconf 47' lang='lat' dir='ltr'><strong>super</strong></span> <span class='ocrx_word' id='word_1_780' title='bbox 231 5369 467 5436; x_wconf 86' lang='lat' dir='ltr'><strong>terram,</strong></span> <span class='ocrx_word' id='word_1_781' title='bbox 487 5369 610 5425; x_wconf 88' lang='lat' dir='ltr'><strong>erit</strong></span> <span class='ocrx_word' id='word_1_782' title='bbox 639 5368 884 5442; x_wconf 89' lang='lat' dir='ltr'><strong>ligatum</strong></span> <span class='ocrx_word' id='word_1_783' title='bbox 915 5370 970 5421; x_wconf 90' lang='lat' dir='ltr'><strong>et</strong></span> <span class='ocrx_word' id='word_1_784' title='bbox 1000 5366 1056 5421; x_wconf 87' lang='lat' dir='ltr'><strong>in</strong></span> <span class='ocrx_word' id='word_1_785' title='bbox 1086 5366 1247 5421; x_wconf 61' lang='lat' dir='ltr'><strong>caelis</strong></span> <span class='ocrx_word' id='word_1_786' title='bbox 1272 5368 1675 5439; x_wconf 75' lang='lat' dir='ltr'><strong>(Matth.xvr).»</strong></span> 
     </span>
    </p>
   </div>
   <div class='ocr_carea' id='block_1_105' title="bbox 62 5441 1677 5530">
    <p class='ocr_par' dir='ltr' id='par_1_105' title="bbox 62 5441 1677 5530">
     <span class='ocr_line' id='line_1_105' title="bbox 62 5441 1677 5530; baseline 0.005 -28"><span class='ocrx_word' id='word_1_787' title='bbox 62 5441 194 5505; x_wconf 85' lang='lat' dir='ltr'><strong>Unde</strong></span> <span class='ocrx_word' id='word_1_788' title='bbox 219 5452 275 5510; x_wconf 92' lang='lat' dir='ltr'><strong>in</strong></span> <span class='ocrx_word' id='word_1_789' title='bbox 303 5455 433 5530; x_wconf 88' lang='lat' dir='ltr'><strong>lego</strong></span> <span class='ocrx_word' id='word_1_790' title='bbox 456 5441 791 5530; x_wconf 77' lang='lat' dir='ltr'><strong>ﬁguraliter</strong></span> <span class='ocrx_word' id='word_1_791' title='bbox 812 5454 1148 5528; x_wconf 72' lang='lat' dir='ltr'><strong>praecipitur</strong></span> <span class='ocrx_word' id='word_1_792' title='bbox 1166 5454 1236 5508; x_wconf 92' lang='lat' dir='ltr'><strong>de</strong></span> <span class='ocrx_word' id='word_1_793' title='bbox 1260 5453 1526 5526; x_wconf 87' lang='lat' dir='ltr'><strong>leprosis,</strong></span> <span class='ocrx_word' id='word_1_794' title='bbox 1545 5462 1608 5510; x_wconf 90' lang='lat' dir='ltr'><strong>ut</strong></span> <span class='ocrx_word' id='word_1_795' title='bbox 1629 5456 1677 5512; x_wconf 88' lang='lat' dir='ltr'><strong>si</strong></span> 
     </span>
    </p>
   </div>
   <div class='ocr_carea' id='block_1_106' title="bbox 60 5536 1676 5617">
    <p class='ocr_par' dir='ltr' id='par_1_106' title="bbox 60 5536 1676 5617">
     <span class='ocr_line' id='line_1_106' title="bbox 60 5536 1676 5617; baseline -0.001 -14"><span class='ocrx_word' id='word_1_796' title='bbox 60 5536 138 5607; x_wconf 68' lang='lat' dir='ltr'><strong>qui</strong></span> <span class='ocrx_word' id='word_1_797' title='bbox 165 5537 313 5614; x_wconf 86' lang='lat' dir='ltr'><strong>lepra</strong></span> <span class='ocrx_word' id='word_1_798' title='bbox 342 5561 673 5617; x_wconf 86' lang='lat' dir='ltr'><strong>percussus</strong></span> <span class='ocrx_word' id='word_1_799' title='bbox 702 5549 875 5609; x_wconf 85' lang='lat' dir='ltr'><strong>esset,</strong></span> <span class='ocrx_word' id='word_1_800' title='bbox 891 5543 1222 5600; x_wconf 83' lang='lat' dir='ltr'><strong>ostenderet</strong></span> <span class='ocrx_word' id='word_1_801' title='bbox 1261 5559 1323 5599; x_wconf 92' lang='lat' dir='ltr'><strong>se</strong></span> <span class='ocrx_word' id='word_1_802' title='bbox 1369 5544 1676 5613; x_wconf 88' lang='lat' dir='ltr'><strong>sacerdoti,</strong></span> 
     </span>
    </p>
   </div>
   <div class='ocr_carea' id='block_1_107' title="bbox 61 5626 1680 5713">
    <p class='ocr_par' dir='ltr' id='par_1_107' title="bbox 61 5626 1680 5713">
     <span class='ocr_line' id='line_1_107' title="bbox 61 5626 1680 5713; baseline 0.008 -36"><span class='ocrx_word' id='word_1_803' title='bbox 61 5628 104 5678; x_wconf 86' lang='lat' dir='ltr'><strong>et</strong></span> <span class='ocrx_word' id='word_1_804' title='bbox 120 5626 183 5682; x_wconf 82' lang='lat' dir='ltr'><strong>ad</strong></span> <span class='ocrx_word' id='word_1_805' title='bbox 207 5631 328 5709; x_wconf 84' lang='lat' dir='ltr'><strong>ejus</strong></span> <span class='ocrx_word' id='word_1_806' title='bbox 350 5634 655 5713; x_wconf 83' lang='lat' dir='ltr'><strong>judicium</strong></span> <span class='ocrx_word' id='word_1_807' title='bbox 680 5638 779 5693; x_wconf 87' lang='lat' dir='ltr'><strong>aut</strong></span> <span class='ocrx_word' id='word_1_808' title='bbox 808 5631 1112 5711; x_wconf 84' lang='lat' dir='ltr'><strong>ejiceretur</strong></span> <span class='ocrx_word' id='word_1_809' title='bbox 1140 5635 1300 5689; x_wconf 85' lang='lat' dir='ltr'><strong>extra</strong></span> <span class='ocrx_word' id='word_1_810' title='bbox 1331 5635 1544 5711; x_wconf 84' lang='lat' dir='ltr'><strong>castra,</strong></span> <span class='ocrx_word' id='word_1_811' title='bbox 1578 5637 1680 5695; x_wconf 85' lang='lat' dir='ltr'><strong>aut</strong></span> 
     </span>
    </p>
   </div>
   <div class='ocr_carea' id='block_1_108' title="bbox 1788 4738 3424 4826">
    <p class='ocr_par' dir='ltr' id='par_1_108' title="bbox 1788 4738 3424 4826">
     <span class='ocr_line' id='line_1_108' title="bbox 1788 4738 3424 4826; baseline 0.012 -33"><span class='ocrx_word' id='word_1_812' title='bbox 1788 4738 1981 4793; x_wconf 76' lang='lat' dir='ltr'><strong>Mariae</strong></span> <span class='ocrx_word' id='word_1_813' title='bbox 2015 4738 2195 4809; x_wconf 89' lang='lat' dir='ltr'><strong>:quia</strong></span> <span class='ocrx_word' id='word_1_814' title='bbox 2239 4739 2381 4793; x_wconf 90' lang='lat' dir='ltr'><strong>dum</strong></span> <span class='ocrx_word' id='word_1_815' title='bbox 2438 4741 2742 4812; x_wconf 87' lang='lat' dir='ltr'><strong>dubitavit,</strong></span> <span class='ocrx_word' id='word_1_816' title='bbox 2783 4747 3092 4822; x_wconf 89' lang='lat' dir='ltr'><strong>diligenter</strong></span> <span class='ocrx_word' id='word_1_817' title='bbox 3138 4755 3424 4826; x_wconf 73' lang='lat' dir='ltr'><strong>quaesivit,</strong></span> 
     </span>
    </p>
   </div>
   <div class='ocr_carea' id='block_1_109' title="bbox 1789 4828 3429 4913">
    <p class='ocr_par' dir='ltr' id='par_1_109' title="bbox 1789 4828 3429 4913">
     <span class='ocr_line' id='line_1_109' title="bbox 1789 4828 3429 4913; baseline 0.012 -32"><span class='ocrx_word' id='word_1_818' title='bbox 1789 4843 2055 4900; x_wconf 66' lang='lat' dir='ltr'><strong>quaerens</strong></span> <span class='ocrx_word' id='word_1_819' title='bbox 2099 4828 2336 4895; x_wconf 88' lang='lat' dir='ltr'><strong>invenit,</strong></span> <span class='ocrx_word' id='word_1_820' title='bbox 2365 4829 2666 4887; x_wconf 86' lang='lat' dir='ltr'><strong>inveniens</strong></span> <span class='ocrx_word' id='word_1_821' title='bbox 2710 4835 2982 4907; x_wconf 89' lang='lat' dir='ltr'><strong>palpavit,</strong></span> <span class='ocrx_word' id='word_1_822' title='bbox 3016 4839 3264 4913; x_wconf 87' lang='lat' dir='ltr'><strong>palpans</strong></span> <span class='ocrx_word' id='word_1_823' title='bbox 3312 4860 3429 4900; x_wconf 89' lang='lat' dir='ltr'><strong>non</strong></span> 
     </span>
    </p>
   </div>
   <div class='ocr_carea' id='block_1_110' title="bbox 1789 4916 3432 4989">
    <p class='ocr_par' dir='ltr' id='par_1_110' title="bbox 1789 4916 3432 4989">
     <span class='ocr_line' id='line_1_110' title="bbox 1789 4916 3432 4989; baseline 0.011 -19"><span class='ocrx_word' id='word_1_824' title='bbox 1789 4916 1981 4972; x_wconf 83' lang='lat' dir='ltr'><strong>solum</strong></span> <span class='ocrx_word' id='word_1_825' title='bbox 2015 4922 2275 4970; x_wconf 87' lang='lat' dir='ltr'><strong>nostram</strong></span> <span class='ocrx_word' id='word_1_826' title='bbox 2304 4917 2479 4973; x_wconf 81' lang='lat' dir='ltr'><strong>ﬁdem</strong></span> <span class='ocrx_word' id='word_1_827' title='bbox 2515 4922 2924 4989; x_wconf 83' lang='lat' dir='ltr'><strong>corroboravit,</strong></span> <span class='ocrx_word' id='word_1_828' title='bbox 2941 4926 3039 4981; x_wconf 90' lang='lat' dir='ltr'><strong>sed</strong></span> <span class='ocrx_word' id='word_1_829' title='bbox 3058 4930 3231 4985; x_wconf 84' lang='lat' dir='ltr'><strong>etiam</strong></span> <span class='ocrx_word' id='word_1_830' title='bbox 3257 4930 3432 4988; x_wconf 74' lang='lat' dir='ltr'><strong>heare-</strong></span> 
     </span>
    </p>
   </div>
   <div class='ocr_carea' id='block_1_111' title="bbox 1788 5006 3430 5081">
    <p class='ocr_par' dir='ltr' id='par_1_111' title="bbox 1788 5006 3430 5081">
     <span class='ocr_line' id='line_1_111' title="bbox 1788 5006 3430 5081; baseline 0.011 -22"><span class='ocrx_word' id='word_1_831' title='bbox 1788 5006 2039 5060; x_wconf 90' lang='lat' dir='ltr'><strong>ticorum</strong></span> <span class='ocrx_word' id='word_1_832' title='bbox 2071 5020 2324 5058; x_wconf 90' lang='lat' dir='ltr'><strong>errorem</strong></span> <span class='ocrx_word' id='word_1_833' title='bbox 2347 5006 2612 5075; x_wconf 84' lang='lat' dir='ltr'><strong>exclusit,</strong></span> <span class='ocrx_word' id='word_1_834' title='bbox 2632 5010 2732 5081; x_wconf 90' lang='lat' dir='ltr'><strong>qui</strong></span> <span class='ocrx_word' id='word_1_835' title='bbox 2763 5011 3033 5069; x_wconf 90' lang='lat' dir='ltr'><strong>dicebant</strong></span> <span class='ocrx_word' id='word_1_836' title='bbox 3064 5033 3197 5072; x_wconf 89' lang='lat' dir='ltr'><strong>eum</strong></span> <span class='ocrx_word' id='word_1_837' title='bbox 3225 5036 3430 5076; x_wconf 90' lang='lat' dir='ltr'><strong>verum</strong></span> 
     </span>
    </p>
   </div>
   <div class='ocr_carea' id='block_1_112' title="bbox 1791 5093 3431 5174">
    <p class='ocr_par' dir='ltr' id='par_1_112' title="bbox 1791 5093 3431 5174">
     <span class='ocr_line' id='line_1_112' title="bbox 1791 5093 3431 5174; baseline 0.013 -28"><span class='ocrx_word' id='word_1_838' title='bbox 1791 5110 2004 5164; x_wconf 90' lang='lat' dir='ltr'><strong>corpus</strong></span> <span class='ocrx_word' id='word_1_839' title='bbox 2035 5110 2149 5147; x_wconf 90' lang='lat' dir='ltr'><strong>non</strong></span> <span class='ocrx_word' id='word_1_840' title='bbox 2192 5093 2489 5149; x_wconf 86' lang='lat' dir='ltr'><strong>habuisse.</strong></span> <span class='ocrx_word' id='word_1_841' title='bbox 2514 5096 2657 5150; x_wconf 89' lang='lat' dir='ltr'><strong>Nam</strong></span> <span class='ocrx_word' id='word_1_842' title='bbox 2709 5098 2846 5169; x_wconf 90' lang='lat' dir='ltr'><strong>quia</strong></span> <span class='ocrx_word' id='word_1_843' title='bbox 2886 5118 2999 5157; x_wconf 90' lang='lat' dir='ltr'><strong>non</strong></span> <span class='ocrx_word' id='word_1_844' title='bbox 3053 5104 3296 5174; x_wconf 90' lang='lat' dir='ltr'><strong>malitia,</strong></span> <span class='ocrx_word' id='word_1_845' title='bbox 3330 5109 3431 5166; x_wconf 87' lang='lat' dir='ltr'><strong>sed</strong></span> 
     </span>
    </p>
   </div>
   <div class='ocr_carea' id='block_1_113' title="bbox 1791 5182 3437 5264">
    <p class='ocr_par' dir='ltr' id='par_1_113' title="bbox 1791 5182 3437 5264">
     <span class='ocr_line' id='line_1_113' title="bbox 1791 5182 3437 5264; baseline 0.01 -26"><span class='ocrx_word' id='word_1_846' title='bbox 1791 5182 2122 5256; x_wconf 85' lang='lat' dir='ltr'><strong>ignorantia</strong></span> <span class='ocrx_word' id='word_1_847' title='bbox 2150 5182 2457 5246; x_wconf 86' lang='lat' dir='ltr'><strong>dubitavit,</strong></span> <span class='ocrx_word' id='word_1_848' title='bbox 2475 5183 2661 5239; x_wconf 89' lang='lat' dir='ltr'><strong>noluit</strong></span> <span class='ocrx_word' id='word_1_849' title='bbox 2691 5187 2825 5258; x_wconf 91' lang='lat' dir='ltr'><strong>pius</strong></span> <span class='ocrx_word' id='word_1_850' title='bbox 2856 5192 3134 5264; x_wconf 82' lang='lat' dir='ltr'><strong>magister</strong></span> <span class='ocrx_word' id='word_1_851' title='bbox 3155 5199 3274 5251; x_wconf 89' lang='lat' dir='ltr'><strong>tam</strong></span> <span class='ocrx_word' id='word_1_852' title='bbox 3296 5197 3437 5254; x_wconf 85' lang='lat' dir='ltr'><strong>dile-</strong></span> 
     </span>
    </p>
   </div>
   <div class='ocr_carea' id='block_1_114' title="bbox 1792 5269 3434 5353">
    <p class='ocr_par' dir='ltr' id='par_1_114' title="bbox 1792 5269 3434 5353">
     <span class='ocr_line' id='line_1_114' title="bbox 1792 5269 3434 5353; baseline 0.009 -26"><span class='ocrx_word' id='word_1_853' title='bbox 1792 5278 1949 5327; x_wconf 91' lang='lat' dir='ltr'><strong>ctum</strong></span> <span class='ocrx_word' id='word_1_854' title='bbox 1977 5269 2331 5341; x_wconf 90' lang='lat' dir='ltr'><strong>discipulum</strong></span> <span class='ocrx_word' id='word_1_855' title='bbox 2363 5270 2421 5325; x_wconf 90' lang='lat' dir='ltr'><strong>in</strong></span> <span class='ocrx_word' id='word_1_856' title='bbox 2453 5271 2796 5331; x_wconf 80' lang='lat' dir='ltr'><strong>inﬁdelitate</strong></span> <span class='ocrx_word' id='word_1_857' title='bbox 2834 5278 3181 5353; x_wconf 90' lang='lat' dir='ltr'><strong>relinquere,</strong></span> <span class='ocrx_word' id='word_1_858' title='bbox 3215 5284 3315 5340; x_wconf 90' lang='lat' dir='ltr'><strong>sed</strong></span> <span class='ocrx_word' id='word_1_859' title='bbox 3361 5286 3434 5342; x_wconf 92' lang='lat' dir='ltr'><strong>ad</strong></span> 
     </span>
    </p>
   </div>
   <div class='ocr_carea' id='block_1_115' title="bbox 1790 5359 3438 5447">
    <p class='ocr_par' dir='ltr' id='par_1_115' title="bbox 1790 5359 3438 5447">
     <span class='ocr_line' id='line_1_115' title="bbox 1790 5359 3438 5447; baseline 0.01 -32"><span class='ocrx_word' id='word_1_860' title='bbox 1790 5361 1963 5415; x_wconf 85' lang='lat' dir='ltr'><strong>fidem</strong></span> <span class='ocrx_word' id='word_1_861' title='bbox 1995 5359 2122 5430; x_wconf 84' lang='lat' dir='ltr'><strong>ejus</strong></span> <span class='ocrx_word' id='word_1_862' title='bbox 2154 5359 2829 5431; x_wconf 87' lang='lat' dir='ltr'><strong>reformandam,iteram</strong></span> <span class='ocrx_word' id='word_1_863' title='bbox 2850 5367 3127 5441; x_wconf 84' lang='lat' dir='ltr'><strong>dignatus</strong></span> <span class='ocrx_word' id='word_1_864' title='bbox 3159 5376 3438 5447; x_wconf 87' lang='lat' dir='ltr'><strong>estappa-</strong></span> 
     </span>
    </p>
   </div>
   <div class='ocr_carea' id='block_1_116' title="bbox 1790 5447 2573 5507">
    <p class='ocr_par' dir='ltr' id='par_1_116' title="bbox 1790 5447 2573 5507">
     <span class='ocr_line' id='line_1_116' title="bbox 1790 5447 2573 5507; baseline 0.004 -3"><span class='ocrx_word' id='word_1_865' title='bbox 1790 5465 1933 5505; x_wconf 89' lang='lat' dir='ltr'><strong>rere.</strong></span> <span class='ocrx_word' id='word_1_866' title='bbox 1979 5447 2141 5504; x_wconf 91' lang='lat' dir='ltr'><strong>Unde</strong></span> <span class='ocrx_word' id='word_1_867' title='bbox 2172 5452 2230 5504; x_wconf 89' lang='lat' dir='ltr'><strong>et</strong></span> <span class='ocrx_word' id='word_1_868' title='bbox 2260 5448 2573 5507; x_wconf 88' lang='lat' dir='ltr'><strong>subditur:</strong></span> 
     </span>
    </p>
   </div>
   <div class='ocr_carea' id='block_1_117' title="bbox 1861 5536 3438 5624">
    <p class='ocr_par' dir='ltr' id='par_1_117' title="bbox 1861 5536 3438 5624">
     <span class='ocr_line' id='line_1_117' title="bbox 1861 5536 3438 5624; baseline 0.011 -34"><span class='ocrx_word' id='word_1_869' title='bbox 1861 5561 1889 5590; x_wconf 87' lang='lat'><strong>«</strong></span> <span class='ocrx_word' id='word_1_870' title='bbox 1922 5538 1992 5593; x_wconf 89' lang='lat' dir='ltr'><strong>Et</strong></span> <span class='ocrx_word' id='word_1_871' title='bbox 2038 5541 2171 5610; x_wconf 87' lang='lat' dir='ltr'><strong>post</strong></span> <span class='ocrx_word' id='word_1_872' title='bbox 2225 5536 2350 5593; x_wconf 90' lang='lat' dir='ltr'><strong>dies</strong></span> <span class='ocrx_word' id='word_1_873' title='bbox 2399 5544 2525 5597; x_wconf 90' lang='lat' dir='ltr'><strong>octo</strong></span> <span class='ocrx_word' id='word_1_874' title='bbox 2557 5541 2770 5601; x_wconf 87' lang='lat' dir='ltr'><strong>iterum</strong></span> <span class='ocrx_word' id='word_1_875' title='bbox 2810 5551 2977 5605; x_wconf 88' lang='lat' dir='ltr'><strong>erant</strong></span> <span class='ocrx_word' id='word_1_876' title='bbox 3005 5549 3277 5624; x_wconf 87' lang='lat' dir='ltr'><strong>discipuli</strong></span> <span class='ocrx_word' id='word_1_877' title='bbox 3307 5551 3438 5623; x_wconf 87' lang='lat' dir='ltr'><strong>ejus</strong></span> 
     </span>
    </p>
   </div>
   <div class='ocr_carea' id='block_1_118' title="bbox 1789 5624 3435 5716">
    <p class='ocr_par' dir='ltr' id='par_1_118' title="bbox 1789 5624 3435 5716">
     <span class='ocr_line' id='line_1_118' title="bbox 1789 5624 3435 5716; baseline 0.007 -33"><span class='ocrx_word' id='word_1_878' title='bbox 1789 5654 1816 5683; x_wconf 80' lang='grc' dir='ltr'>α</span> <span class='ocrx_word' id='word_1_879' title='bbox 1831 5629 2013 5701; x_wconf 85' lang='lat' dir='ltr'><strong>intus,</strong></span> <span class='ocrx_word' id='word_1_880' title='bbox 2028 5631 2085 5685; x_wconf 87' lang='lat' dir='ltr'><strong>et</strong></span> <span class='ocrx_word' id='word_1_881' title='bbox 2095 5624 2351 5685; x_wconf 86' lang='lat' dir='ltr'><strong>Thomas</strong></span> <span class='ocrx_word' id='word_1_882' title='bbox 2364 5644 2496 5687; x_wconf 86' lang='lat' dir='ltr'><strong>cum</strong></span> <span class='ocrx_word' id='word_1_883' title='bbox 2510 5630 2833 5698; x_wconf 86' lang='lat' dir='ltr'><strong>eis.VenitJ</strong></span> <span class='ocrx_word' id='word_1_884' title='bbox 2838 5638 3004 5713; x_wconf 86' lang='lat' dir='ltr'><strong>esusj</strong></span> <span class='ocrx_word' id='word_1_885' title='bbox 3012 5638 3183 5696; x_wconf 86' lang='lat' dir='ltr'><strong>anuis</strong></span> <span class='ocrx_word' id='word_1_886' title='bbox 3197 5637 3435 5716; x_wconf 83' lang='lat' dir='ltr'><strong>clausis,</strong></span> 
     </span>
    </p>
   </div>
  </div>
