4012 6174
460 356 579 413 495

1022 355 1429 415 HAYMONIS
1477 354 2019 412 HALBICHSTAT.
2070 352 2312 413 EPlSC.
2362 352 2529 412 OPP.
2579 354 2779 412 PARS
2825 353 2999 412 ll.—
3031 352 3303 413 HOMIL.

3700 340 3795 421 ιθθ

460 489 517 541 et
548 486 708 540 stetit
738 486 795 538 in
821 485 1029 552 medio,
1050 485 1388 540 etdixiteis:
1411 484 1701 539 Paxvobis
1743 506 1768 531 ››
1786 485 1845 537 Et
1871 481 2112 555 pulchre
2141 484 2196 550 Α
2227 484 2386 538 carni
2419 487 2476 537 ct
2508 482 2780 555 sanguini
2821 482 2963 554 (Gal.
2995 484 3097 553 χι).
3132 506 3159 533 ››
3192 482 3260 538 Et
3302 483 3560 541 Dominus
3588 504 3600 540 :
3631 509 3654 537 ‹‹
3679 486 3792 544 Caro

460 572 746 630 Dominus
790 590 904 629 non
955 573 1145 630 solum
1196 572 1375 629 semel
1409 578 1466 627 et
1514 574 1746 635 iterum,
1782 572 1881 627 sed
1929 571 2106 627 etiam

458 662 627 718 tertio
656 677 860 735 pacem
891 661 1197 733 discipulis
1228 660 1679 723 commendavit,
1710 664 1776 715 ut
1806 659 2106 732 eloquium

459 751 661 824 prima:
694 750 1121 807 maledictionis
1153 767 1256 822 per
1272 767 1437 806 suam
1451 749 1936 805 resurrectionem
1958 749 2110 805 solu-

386 864 395 871 ί
454 846 581 897 tum
614 856 742 896 esse
771 840 1128 898 ostenderet:
1159 844 1216 895 et
1237 839 1588 910 (utquidam
1618 839 1879 909 tradunt)
1893 838 2108 893 trinam

458 928 924 985 maledictionem
968 928 1241 998 auferret,
1283 945 1410 1000 quae
1456 928 1611 983 dicta
1677 927 1864 983 fuerat
1922 928 2056 982 Adae
2092 944 2105 981 :

459 1040 487 1068 «
524 1017 835 1074 Maledicta
864 1021 1021 1073 terra
1049 1016 1106 1072 in
1141 1033 1311 1089 opere
1340 1021 1442 1072 tuo
1478 1035 1490 1072 :
1520 1017 1579 1072 in
1608 1016 1910 1072 laboribus
1929 1031 2113 1072 come‘

458 1107 561 1162 des
592 1122 661 1162 ex
689 1123 759 1163 ea
788 1106 1015 1162 cunctis
1044 1106 1254 1162 diebus
1275 1106 1402 1161 vitze
1425 1105 1779 1178 tum,spinas
1796 1104 2110 1161 ettribulos

462 1194 817 1269 germinabit
846 1195 971 1260 tibi,
986 1198 1044 1251 et
1074 1196 1345 1250 eomedes
1362 1194 1573 1251 herbas
1605 1195 1864 1262 terrm,in
1899 1195 2112 1250 sudore

466 1283 667 1339 vultus
716 1283 800 1339 tui
842 1283 1097 1340 vesceris
1149 1301 1297 1355 pane
1351 1289 1478 1355 tuo,
1508 1284 1689 1339 donec
1721 1284 2027 1339 revertaris
2053 1284 2110 1338 in

460 1376 679 1428 terram
728 1372 884 1445 (Gen.
943 1373 1050 1444 ιιι).
1088 1395 1116 1422 ››
1149 1374 1259 1429 Sed
1301 1374 1576 1429 omnibus
1623 1372 1931 1444 discipulis
1974 1389 2113 1445 pace
2150 1423 2165 1429 -

464 1463 870 1518 commendata
900 1461 1269 1534 generaliter,
1305 1462 1634 1535 specialiter
1671 1462 1905 1517 Thomzc
1944 1461 2112 1517 dubi-

462 1550 743 1606 tationem
776 1550 1024 1617 curavit,
1058 1551 1258 1606 dieens
1291 1567 1304 1605 :

536 1662 562 1690 ‹‹
589 1640 743 1695 Infer
770 1639 1019 1712 digitum
1053 1646 1221 1696 tuum
1254 1640 1390 1707 huc,
1425 1645 1481 1695 et
1510 1641 1639 1695 vide
1680 1657 1889 1695 manus
1930 1654 2111 1710 meas,

468 1751 489 1777 α
526 1734 584 1784 et
611 1728 753 1784 affer
782 1745 1021 1783 manum
1054 1734 1215 1784 tuam
1249 1735 1305 1785 et.
1338 1728 1503 1784 mitte
1536 1729 1591 1784 in
1622 1729 1777 1784 latus
1809 1746 2027 1794 meum,
2058 1732 2116 1783 et

2216 577 2274 627 et
2319 571 2560 646 sanguis
2604 590 2717 627 non
2769 571 3041 628 revelavit
3088 571 3193 627 tibi
3242 573 3441 643 (Matth.
3488 577 3612 646 XVI).
3659 576 3795 632 »Ali;

2217 662 2455 733 quando
2482 662 2675 717 carnis
2707 660 2940 736 nom_ine
2970 665 3269 733 peccatum
3313 661 3644 736 designatur,
3676 666 3798 723 sicut

2221 728 2305 806 ait
2336 751 2623 807 Dominus
2674 751 2745 806 ad
2793 728 2912 806 N'oe
2946 728 3016 804 ;’‹‹
3050 750 3174 805 Non
3217 728 3565 821 permanvebit
3598 753 3800 825 spiritus

2220 855 2387 895 meus
2416 839 2475 894 in
2508 839 2745 895 homine
2795 839 2853 894 in
2902 844 3204 907 aeternum,
3238 838 3377 910 quia
3419 855 3541 896 caro
3578 846 3657 896 est
3674 844 3798 910 (Gen.

2218 929 2316 999 v1),
2346 950 2374 978 »
2407 928 2465 984 id
2492 934 2581 986 est
2610 933 2897 1001 peccator.
2931 929 2999 984 Et
3046 915 3344 1001 apostolus
3392 928 3459 983 ad
3508 930 3798 986 Romanos:

2222 1017 2380 1073 «Vos
2402 1021 2599 1074 autem
2631 1034 2746 1073 non
2778 1017 2994 1073 estisin
3028 1017 3337 1085 carne,sed
3358 1015 3417 1072 in
3437 1017 3800 1090 spiritu.(Rom.

2220 1110 2362 1174 VIII).
2396 1128 2422 1155 ››
2449 1106 2573 1162 Nisi
2606 1107 2763 1162 enim
2792 1106 2852 1161 in
2884 1122 3055 1162 carne
3083 1110 3300 1169 essent,
3330 1105 3593 1178 epistolas
3619 1107 3692 1162 eis
3716 1122 3807 1163 non

2222 1195 2481 1251 mitteret
2510 1195 2905 1268 corporaliter.
2922 1196 3033 1252 Sed
3068 1195 3127 1251 in
3160 1211 3333 1251 carne
3363 1211 3472 1249 non
3503 1211 3621 1250 esse
3646 1195 3806 1250 dicam

2220 1288 2336 1347 tur,
2369 1283 2509 1357 quia
2538 1283 2877 1341 carnalibus
2901 1284 3154 1356 peccatis
3181 1301 3293 1339 non
3326 1284 3729 1339 succumbebat.
3755 1289 3804 1339 ιιι

2222 1390 2289 1428 eo
2319 1390 2455 1446 ergo
2486 1374 2641 1445 quod
2674 1373 2754 1429 ait
2778 1374 3091 1445 Apostolus
3125 1389 3138 1429 :
3177 1394 3205 1423 ‹‹
3235 1372 3379 1428 Caro
3408 1377 3465 1427 et
3499 1371 3712 1444 sanguis
3738 1389 3807 1427 re-

2223 1478 2406 1534 gnum
2439 1462 2536 1517 Dei
2570 1478 2683 1516 non
2717 1462 3125 1534 possidebunt,
3154 1483 3181 1509 »
3208 1478 3323 1516 non
3357 1465 3613 1515 naturam
3641 1459 3810 1514 humaa

2224 1568 2360 1605 nam
2397 1551 2627 1623 negavit
2655 1566 2784 1606 esse
2816 1549 3414 1618 resurrecturum,sed
3446 1552 3663 1621 peccata
3689 1549 3811 1619 ejus-

2224 1640 2355 1694 dem
2387 1640 2580 1695 carnis
2594 1655 2838 1712 regnum
2872 1639 2971 1694 Dei
3001 1638 3299 1711 possidere
3331 1655 3442 1693 non
3458 1654 3617 1710 posse
3642 1634 3813 1692 contir-

2226 1729 2421 1783 mavit.
2454 1728 2615 1792 Quod
2673 1732 2911 1784 secutus
2943 1727 3259 1799 Apostolus
3299 1727 3577 1799 exposuit,
3609 1726 3813 1780 dicens:

466 1839 493 1868 ‹‹
525 1816 643 1872 noli
674 1833 802 1873 esse
833 1817 1191 1886 incredulus,
1211 1819 1313 1873 sed
1345 1818 1554 1874 fidelis.
1577 1841 1605 1868 »
1626 1818 1914 1883 Quaeritur
1934 1834 2113 1889 quare
2145 1855 2192 1923 Β
2230 1842 2257 1867 (ς
2289 1818 2485 1890 Neque
2516 1818 2810 1888 corruptio
2838 1816 3290 1890 ineorruptelam
3330 1814 3695 1888 possidebitU
3718 1811 3811 1868 Cor.

479 1905 609 1923 I°,,n
707 1907 727 1923 I
780 1906 794 1923 ι
908 1905 1029 1923 ιογοι
1168 1912 1177 1923 ι
1363 1907 1376 1923 ι
1556 1912 1565 1923 ι
1625 1908 1674 1923 οι
1989 1906 2001 1919 ο
2299 1909 2313 1923 ι
2433 1907 2472 1923 n
2634 1922 2637 1923 ,
2740 1911 2750 1923 ι
2795 1906 2805 1916 ο
2857 1906 2888 1923 ἰ
3048 1922 3051 1923 ,
3230 1913 3235 1917 -
3410 1908 3485 1923 Δί-
3521 1900 3811 1923 ξᾲκμ---Λ-12-

462 1905 644 1962 dicat:
663 1930 688 1956 ‹‹
707 1906 863 1962 Inter
891 1905 1139 1978 digitum
1163 1912 1331 1962 tuum
1363 1907 1496 1977 huc,
1517 1908 1733 1975 etvide,
1754 1928 1779 1955 »
1804 1924 1939 1962 cum
1953 1906 2112 1962 visus

466 1995 700 2067 proprie
728 1995 799 2050 ad
831 1999 1136 2067 aspectum
1170 1995 1473 2052 oculorum
1506 1996 1811 2069 pertineat.
1844 1997 1927 2051 Ad
1961 1996 2114 2069 quod

463 2082 798 2151 dicendum,
828 2084 967 2157 quia
992 2084 1183 2142 videre
1213 2085 1275 2140 in
1307 2086 1416 2141 hoc
1445 2085 1591 2154 loco,
1626 2103 1729 2158 pro
1769 2086 1983 2141 sentire
2024 2085 2113 2140 vel

463 2172 784 2245 intelligere
816 2174 1075 2246 positum
1098 2180 1205 2230 est.
1232 2174 1349 2230 Hoc
1372 2180 1567 2230 autem
1586 2191 1772 2247 genus
1802 2172 2112 2229 locutionis

464 2260 607 2315 adeo
638 2260 1291 2316 nobis-usitatissimum
1325 2268 1510 2330 est,ut
1537 2279 1637 2333 per
1667 2279 1870 2317 omnes
1902 2278 2112 2317 sensus

464 2364 698 2404 currere
726 2351 991 2405 videatur
1016 2369 1028 2405 :
1051 2351 1256 2418 sicuti,
1276 2350 1432 2405 verbi
1464 2351 1672 2423 gratia,
1689 2368 1819 2405 eum
1835 2351 2110 2420 dicimus,

465 2438 601 2491 audi
632 2442 688 2492 et
716 2438 843 2494 vide
875 2456 1053 2509 quam
1088 2439 1385 2494 modulate
1417 2444 1612 2493 cantat
1648 2458 1660 2507 ;
1696 2439 1844 2494 oll'ac
1888 2444 1944 2494 et
1983 2440 2112 2494 vide

465 2544 641 2598 quam
676 2544 852 2582 suave
885 2528 1140 2595 redolet;
1173 2528 1346 2599 palpa
1377 2533 1432 2583 et
1460 2529 1587 2583 vide
1620 2546 1797 2600 quam
1830 2528 1957 2583 leue
2000 2529 2107 2595 sit;

465 2620 637 2687 gusta
667 2620 723 2671 et
752 2616 881 2670 vide
912 2633 1089 2688 quam
1121 2616 1291 2672 dulce
1317 2616 1509 2672 sit.Ne
1531 2633 1667 2688 ergo
1689 2617 2112 2689 discipulusin-

464 2704 651 2761 ﬁdelis
681 2711 1064 2777 permaneret,
1081 2706 1365 2761 Dominus
1398 2723 1567 2761 suam
1593 2722 1825 2761 carnem
1849 2705 1899 2760 ei
1914 2705 2108 2777 palpa-

463 2792 642 2849 bilem
674 2794 943 2865 praebuit,
960 2798 1027 2850 ut
1058 2795 1432 2866 postmodum
1464 2794 1647 2849 libera
1665 2811 1800 2849 voce
1832 2794 2109 2866 praedica-

461 2886 565 2937 ret.
587 2882 649 2937 In
683 2900 799 2956 qua
829 2899 887 2938 re
918 2884 1033 2938 duo
1065 2882 1463 2955 miraetjnxta
1480 2883 1799 2938 humanam
1829 2884 2111 2938 rationem

462 2971 1013 3042 comprehensibilia
1045 2973 1332 3027 Dominus
1383 2972 1657 3039 ostendit,
1690 2989 1823 3027 cum
1854 2977 1989 3042 post
2024 2989 2111 3026 re-

462 3059 881 3115 surrectionem
914 3077 1126 3133 corpus
1159 3078 1333 3116 suum
1356 3060 1648 3133 palpabile
1671 3060 2113 3133 prisbuit,etin-

461 3147 900 3220 incorruptibile
929 3150 1370 3218 demonstravit,
1390 3150 1638 3205 maxime
1650 3167 1783 3204 cum
1798 3150 1941 3205 illud
1956 3151 2109 3222 quod

2225 1909 2338 1975 xv).
2371 1927 2398 1955 »
2433 1907 2760 1978 Resurgent
2793 1906 2973 1979 igitur
3000 1913 3245 1978 corpora
3298 1908 3498 1961 nostra
3520 1900 3820 1958 immortalia

2223 2000 2279 2051 et
2309 1995 2795 2067 incorruptibilia,
2814 2000 3139 2051 nontamen
3172 1993 3497 2050 invisibilia
3514 1982 3820 2063 etimpalpa-

2223 2083 2383 2151 bilia,
2417 2088 2565 2139 teste
2597 2085 2764 2140 beato
2811 2084 2937 2151 .Iob,
2971 2082 3074 2153 qui
3105 2083 3188 2138 ait
3220 2099 3233 2137 :
3268 2104 3295 2132 ‹‹
3326 2082 3506 2139 Credo
3554 2078 3691 2151 quod
3733 2077 3817 2132 Res

2222 2174 2493 2245 demptor
2521 2189 2687 2228 meus
2734 2172 2891 2240 vivit,
2924 2174 2981 2226 et
3011 2172 3070 2226 in
3103 2170 3427 2226 novissimo
3470 2168 3559 2224 die
3605 2169 3669 2222 de
3700 2170 3821 2220 terra

2224 2268 2594 2317 surrecturus
2616 2278 2768 2323 sum,
2785 2266 2840 2315 et
2855 2277 3090 2315 rursum
3118 2259 3529 2316 circumdabor
3552 2253 3687 2329 pelle
3703 2268 3820 2317 mea;

2222 2354 2278 2404 et
2307 2349 2366 2404 in
2400 2366 2573 2406 carne
2605 2367 2735 2405 mea
2763 2349 2969 2405 videbo
3000 2348 3181 2404 Deum
3208 2348 3347 2421 (Job.
3380 2348 3516 2418 xxx).
3546 2368 3572 2395 »
3603 2343 3693 2399 His
3719 2358 3823 2397 con-

2221 2444 2313 2493 tra
2341 2439 2635 2511 Eutychen
2667 2439 2860 2505 dictis,
2879 2439 2949 2493 ad
2978 2438 3212 2509 propria
3234 2428 3826 2493 redeamusulnferdi.

2222 2529 2408 2599 gitum
2446 2533 2611 2582 tuum
2645 2528 2778 2593 huc,
2803 2532 2860 2581 et
2889 2527 3018 2581 vide
3044 2544 3256 2581 manus
3293 2543 3484 2592 meas,
3517 2530 3571 2579 et
3597 2522 3721 2578 affer
3737 2534 3827 2573 ma-

2225 2634 2363 2671 num
2394 2622 2577 2684 tuam,
2615 2621 2671 2671 et
2702 2616 2866 2670 mitte
2898 2615 2953 2670 in
2988 2615 3143 2670 latus
3169 2632 3398 2682 meum,
3422 2619 3478 2669 et
3508 2611 3615 2667 noli
3644 2606 3828 2665 esscin-

2223 2705 2517 2772 credulus,
2552 2706 2652 2760 sed
2688 2704 2894 2759 ﬁdelis.
2923 2726 2951 2753 »
2984 2704 3090 2760 Ubi
3123 2700 3630 2773 notandum,quia
3654 2704 3708 2752 ut
3734 2711 3829 2751 om—

2225 2811 2357 2849 nem
2388 2811 2423 2849 a
2447 2794 2721 2849 cordibus
2745 2810 2945 2849 eorum
2979 2794 3228 2849 auferret
3259 2793 3830 2856 dubietatem,nonso-

2224 2883 2346 2939 lum
2382 2900 2592 2939 manus
2623 2887 2679 2938 et
2718 2882 2893 2949 latus,
2929 2883 3030 2938 sed
3078 2882 3278 2949 etiam,
3324 2880 3640 2937 secundum
3683 2873 3827 2930 alium

2224 2971 2660 3044 evangelistam,
2696 2972 2871 3042 pedes
2902 2970 3002 3043 qui
3029 2970 3208 3025 clavis
3247 2976 3424 3025 erant
3470 2967 3639 3033 afﬁxi,
3668 2967 3827 3019 osten-

2223 3061 2328 3129 dit,
2364 3061 2565 3116 dicens
2598 3077 2612 3115 :
2653 3081 2674 3108 ει
2706 3060 2907 3115 Videte
2936 3075 3148 3114 manus
3177 3075 3347 3114 meas
3379 3062 3438 3113 et
3475 3056 3643 3129 pedes
3682 3066 3830 3108 meos.

2222 3149 2465 3221 Palpate
2496 3153 2552 3205 et
2579 3148 2930 3220 videte,quia
2960 3148 3207 3219 spiritus
3237 3163 3484 3203 carnem
3515 3149 3571 3201 et
3597 3159 3717 3199 ossa
3741 3153 3830 3195 non

460 3237 686 3309 palpari
718 3238 1130 3310 potest,possit
1157 3244 1215 3294 et
1249 3239 1578 3310 corrumpi:
1615 3242 1671 3293 et
1698 3240 1850 3310 quod
1875 3256 1989 3292 non
2008 3255 2108 3308 po-
2141 3223 2184 3289 C
2223 3237 2416 3303 habet,
2452 3235 2606 3291 sicut
2632 3254 2724 3292 me
2752 3236 2960 3291 videtis
2990 3236 3203 3303 habere
3232 3240 3396 3305 (Luc.
3426 3238 3599 3302 xx").
3623 3255 3648 3280 »
3676 3227 3771 3285 Sed
3787 3225 3834 3279 in

464 3331 581 3381 test
610 3326 989 3398 palpari,non
1021 3328 1209 3399 possit
1233 3327 1676 3398 eorrumpi.Sed
1710 3327 1857 3380 miro
1889 3330 1946 3380 et
1974 3325 2112 3379 incf-

464 3414 625 3469 fabili
658 3415 827 3469 modo
860 3415 986 3486 ipse
1017 3420 1147 3486 post
1179 3415 1664 3470 resurrectionem
1692 3430 1904 3485 corpus
1935 3430 2110 3467 suum

465 3501 758 3572 palpabile
788 3506 845 3556 et
875 3503 1315 3575 incorruptibile
1348 3502 1786 3570 demonstravit,
1811 3505 1875 3556 ut
1902 3501 1961 3556 in
1993 3518 2108 3557 uno

464 3590 866 3645 corroboraret
895 3591 1071 3646 fidem
1103 3590 1595 3662 apostolorum,in
1628 3589 1809 3645 altero
1841 3590 2112 3645 invitaret

463 3678 535 3733 ad
566 3677 894 3750 praemium.
916 3679 1047 3734 Sive
1077 3683 1229 3735 certe
1259 3695 1470 3750 corpus
1502 3696 1673 3733 suum
1692 3682 1821 3749 post
1850 3694 2109 3734 resurre-

463 3766 714 3821 ctionem
766 3765 1056 3838 palpabile
1084 3773 1141 3823 et
1170 3766 1611 3839 incorruptibile
1668 3767 2106 3835 demonstravit,

460 3858 524 3910 ut
555 3854 885 3910 ostenderet
911 3871 972 3910 se
1002 3856 1268 3927 ejusdem
1300 3871 1429 3911 esse
1472 3861 1690 3910 natura:
1721 3856 1892 3928 cujus
1921 3856 2109 3912 fuerat

457 3948 590 3999 ante
620 3943 976 4015 passionem,
1010 3943 1068 3999 id
1101 3948 1190 4000 est
1221 3960 1455 4000 carnem
1486 3943 1702 4000 habere
1735 3960 1747 3999 :
1782 3950 1839 4000 et
1867 3945 2108 4001 alterius

456 4029 677 4102 glorias,
692 4031 750 4086 id
780 4037 870 4088 est
892 4033 1158 4089 eamdem
1175 4049 1409 4088 carnem
1434 4032 1937 4104 incorruptibilem
1957 4050 2104 4090 esse.

452 4121 524 4176 Et
554 4121 726 4193 quiin
762 4138 870 4178 sua
900 4121 1322 4177 resurrectione
1340 4126 1600 4177 nostram
1617 4121 1799 4176 voluit
1821 4139 2105 4194 praemon-

454 4212 639 4267 strare
670 4209 1179 4278 resurrectionem,
1199 4211 1455 4266 ostendit
1487 4215 1687 4265 nostra
1705 4227 1945 4282 corpora
1975 4215 2108 4282 post

368 4316 375 4323 ’
453 4298 941 4355 resurrectionem
972 4298 1439 4372 incorruptibilia
1469 4304 1527 4355 et
1556 4299 1912 4354 innnortalia
1953 4316 2102 4366 esse,

453 4403 567 4441 non
582 4392 777 4443 tamen
792 4388 1381 4461 impalpabilia.Unde
1398 4389 1680 4443 mentitus
1693 4393 1779 4443 est
1792 4387 2104 4459 Eutyches,

452 4474 551 4545 qui
584 4474 727 4529 dixit
755 4493 998 4549 corpora
1028 4482 1225 4533 nostra
1252 4482 1385 4548 post
1416 4477 1899 4532 resurrectionem
1932 4480 2098 4532 vento

2220 3324 2328 3378 hoc
2370 3325 2493 3379 loco
2543 3324 2732 3380 solent
2764 3324 2976 3398 pagani
3003 3324 3411 3380 Christianam
3443 3320 3834 3393 simplicitatem

2217 3411 2479 3481 irridere,
2508 3413 2766 3468 dicentes
2790 3431 2802 3468 :
2827 3416 2950 3479 Qua
2971 3412 3295 3469 temeritate
3336 3411 3565 3487 putatis
3588 3425 3683 3465 vos
3708 3401 3839 3461 Chri-

2220 3500 2415 3566 stiani,
2449 3502 2604 3573 quod
2639 3503 2788 3557 Deus
2818 3507 3008 3558 vester
3033 3505 3227 3557 vestra
3249 3501 3330 3556 de
3371 3499 3606 3573 pulvere
3634 3508 3836 3567 carpam

2220 3590 2612 3645 suscitaturus
2644 3590 2741 3657 sit,
2776 3607 2910 3646 cum
2942 3590 3046 3660 sic,
3076 3594 3139 3645 ut
3170 3588 3374 3658 dictis,
3414 3590 3539 3663 ipse
3570 3604 3604 3643 a
3631 3578 3838 3642 mortuis

2219 3695 2552 3751 resurgens,
2571 3679 2817 3752 vestigia
2844 3679 3136 3751 passionis
3164 3678 3224 3734 in
3256 3694 3510 3752 corpore
3536 3692 3659 3739 suo,
3677 3678 3838 3727 ntnon

2220 3771 2522 3839 apparent,
2557 3784 2760 3823 curare
2793 3783 2908 3824 non
2945 3768 3175 3839 potuit?
3203 3768 3288 3822 Ad
3346 3768 3506 3842 quod
3555 3781 3682 3821 vera
3723 3758 3839 3841 fides

2218 3857 2548 3927 respondet,
2566 3874 2680 3911 non
2706 3856 2815 3911 hoc
2846 3855 3210 3928 impossibile
3239 3857 3516 3924 esse,sed
3549 3852 3731 3926 potius
3749 3848 3840 3922 pie-

2217 3946 2377 4000 tatis.
2396 3945 2507 4016 Maj
2517 3963 2585 4001 us
2602 3950 2690 4001 est
2713 3944 2869 4001 enim
2903 3961 3137 4000 carnem
3161 3962 3194 4000 a
3215 3945 3475 4001 mortuis
3508 3938 3836 3999 resuscitare,

2218 4049 2394 4104 quam
2424 4032 2668 4089 vulnera
2698 4032 2995 4089 clavorum
3026 4032 3083 4087 in
3116 4049 3293 4088 carne
3325 4048 3564 4089 sanare.
3594 4027 3697 4096 Qui
3730 4038 3840 4094 ergo

2215 4122 2369 4192 quod
2399 4121 2595 4177 minus
2627 4127 2716 4177 est
2746 4122 2972 4189 fecit,et
3006 4123 3161 4193 quod
3186 4122 3387 4193 majus
3410 4126 3503 4176 est
3520 4116 3840 4187 facerepote-

2216 4215 2324 4276 rat,
2358 4210 2471 4265 nisi
2490 4211 2689 4266 varias
2714 4211 2787 4265 ob
2818 4226 3029 4266 causas
3070 4210 3202 4283 ipsa
3245 4211 3502 4267 vulnera
3550 4211 3607 4263 in
3637 4214 3843 4275 carpo“!

2215 4316 2320 4354 suo
2342 4316 2571 4355 servare
2582 4298 2880 4355 voluisset.
2898 4299 3180 4368 Primum,
3200 4300 3458 4355 utfidem
3473 4293 3840 4371 apostolorum

2218 4389 2288 4442 ad
2318 4387 2671 4443 credendum
2704 4387 2977 4443 invitaret
3023 4387 3111 4443 vel
3156 4388 3530 4443 reformaret.
3560 4383 3664 4451 Qui
3714 4374 3844 4436 enim

2214 4475 2473 4531 videntes
2496 4476 2716 4531 ﬁxuras
2748 4475 3043 4532 clavorum
3077 4476 3241 4532 tarde
3272 4476 3659 4532 crediderunt
3688 4466 3845 4526 multo

454 4563 690 4634 aerique
721 4579 855 4619 esse
887 4564 1217 4632 subtiliora,
1249 4569 1306 4620 et
1345 4565 1499 4620 sicut
1522 4565 1703 4635 jubar
1741 4564 1881 4620 solis
1918 4565 2099 4620 videri
2133 4585 2180 4649 D
2212 4564 2399 4637 magis
2429 4565 2657 4621 tardius
2678 4565 3080 4634 credidissent,
3098 4563 3216 4621 nIsi
3231 4565 3490 4639 vestigia
3506 4553 3846 4638 passionisin

451 4655 733 4723 potest,et
761 4651 986 4724 palpari
1017 4671 1130 4708 non
1160 4654 1471 4725 potest,sic
1494 4660 1692 4708 nostra
1719 4654 2105 4725 corporavisi-

450 4739 589 4795 bilia
618 4757 765 4809 esse,
786 4742 888 4797 sed
920 4740 1349 4814 impalpabilia:
1370 4741 1509 4796 illud
1542 4742 1601 4796 in
1636 4741 2099 4813 adjutoriuxnsui

451 4829 687 4896 erroris,
718 4846 1050 4897 assumens,
1086 4832 1240 4903 quod
1273 4830 1355 4885 ait
1398 4830 1712 4902 Apostolus
1748 4848 1759 4885 :
1796 4855 1822 4881 ‹‹
1857 4830 2000 4885 Caro
2045 4835 2102 4886 et

449 4918 690 4989 sanguis
720 4934 961 4990 regnum
997 4919 1089 4975 Dei
1141 4936 1253 4974 non
1286 4919 1671 4991 possidebunt
1693 4920 1740 4991 (l
1768 4920 1887 4974 Cor.
1920 4920 2037 4990 xv),
2066 4943 2094 4970 »

449 5020 563 5057 non
594 5004 927 5077 intelligens
954 5008 1095 5078 quia
1116 5025 1246 5062 caro
1277 5008 1337 5062 in
1368 5008 1681 5078 Seripturis
1712 5008 1902 5062 varias
1926 5008 2100 5063 habet

446 5090 920 5163 significationes.
949 5094 1276 5167 Aliquando
1304 5096 1460 5152 enim
1489 5095 1686 5150 carnis’
1706 5095 1939 5151 nomine
1972 5096 2100 5168 ipsa

444 5178 700 5235 conditio
732 5179 993 5236 humana
1022 5183 1385 5256 designatur,
1420 5184 1571 5238 sicut
1620 5184 1906 5255 scriptum
1957 5190 2046 5239 est
2080 5204 2092 5240 :

443 5292 470 5319 «
504 5268 621 5324 Hoc
647 5284 804 5323 nunc
835 5285 900 5324 os
945 5287 1013 5324 ex
1062 5271 1295 5326 ossibus
1340 5272 1505 5338 meis,
1539 5278 1595 5326 ct
1624 5288 1757 5326 caro
1804 5273 1874 5327 de
1923 5290 2095 5328 carne

442 5373 572 5413 mea
593 5356 748 5429 (Gen.
769 5355 854 5427 Ιι).
879 5356 1249 5428 »Aliquando
1282 5360 1567 5431 fragilitas
1598 5361 1861 5430 ejusdem
1877 5362 2092 5429 carnis,

441 5444 593 5500 sicut
612 5461 714 5517 per
728 5442 1105 5500 Psalmistam
1118 5446 1333 5503 dicitur
1346 5464 1357 5503 :
1377 5468 1405 5497 ‹‹
1420 5449 1487 5502 Et
1502 5449 1840 5503 recordatus
1856 5450 2095 5521 estquia

439 5551 573 5591 caro
605 5537 744 5590 sunt
775 5533 946 5608 (Psal.
966 5539 1190 5605 Lxxvn).
1210 5536 1578 5608 nAliquando
1610 5553 1866 5610 propago
1884 5555 2092 5611 cogna-

437 5622 640 5699 tionis,
659 5623 814 5684 sicut
844 5622 927 5683 ait
954 5623 1349 5703 Apostolusm
1365 5624 1652 5683 Continuo
1684 5642 1798 5682 non
1833 5626 2091 5702 acquievi

2213 4653 2341 4724 ejus
2373 4652 2603 4708 mortali
2635 4670 2873 4724 corpore
2892 4653 3392 4726 recognovissent.
3416 4653 3553 4709 Sive
3569 4651 3680 4707 alio
3700 4644 3848 4703 modo

2208 4741 2453 4813 vestigia
2478 4758 2596 4797 sua:
2626 4741 2920 4813 passionis
2940 4742 2999 4796 in
3018 4758 3191 4798 carne
3216 4758 3325 4797 sua
3348 4733 3847 4799 reservarevoluit.

2209 4835 2272 4884 ut
2300 4829 2530 4884 Patrem
2556 4846 2660 4902 pro
2694 4828 2862 4884 nobis
2893 4829 3301 4902 interpellans:
3325 4831 3583 4902 quia,ut
3614 4825 3850 4883 aitJoan—

2210 4934 2313 4972 nes
2345 4917 2662 4991 apostolus,
2684 4939 2711 4969 ι(
2741 4919 2893 4990 apud
2925 4919 3154 4974 Patrem
3186 4919 3548 4976 advocatum
3590 4916 3850 4973 habemus

2206 5006 2408 5061 Jesum
2439 5006 2739 5062 Christum
2763 5009 3020 5078 justum,
3041 5012 3098 5062 et
3127 5008 3252 5080 ipse
3283 5013 3376 5063 est
3410 5003 3850 5080 propitiatiopro

2207 5094 2460 5167 peccatis
2474 5095 2690 5150 nostris
2706 5098 2924 5168 (Iloan.
2943 5096 3027 5168 11).
3046 5118 3073 5145 ››
3089 5095 3429 5152 Ostenditei
3444 5087 3852 5152 cicatricescla-

2204 5201 2432 5252 verum,
2450 5189 2741 5256 quatenus
2753 5201 2820 5240 eu
2831 5203 2908 5252 m,
2926 5185 3026 5257 qui
3044 5202 3348 5257 nunquam
3362 5185 3742 5242 obliviscitur
3758 5176 3852 5233 mi-

2206 5273 2406 5340 sereri,
2422 5274 2491 5329 ad
2509 5274 2910 5330 miserandum
2923 5274 3146 5331 invitet.
3161 5275 3291 5330 Sive
3303 5275 3616 5347 certeipsa
3629 5278 3852 5342 suapas-

2206 5362 2391 5417 sionis
2423 5363 2666 5435 vestigia
2694 5378 2989 5419 reservare
3015 5362 3643 5430 voluit,utuniversali
3649 5354 3854 5434 judicio

2204 5451 2311 5506 hoc
2329 5451 2607 5507 omnibus
2635 5453 2922 5519 ostendat,
2946 5469 3063 5508 non
3098 5451 3288 5508 solum
3309 5452 3532 5523 justis,
3561 5451 3663 5508 sed
3696 5446 3849 5503 etiam

2204 5538 2468 5610 injustis:
2490 5543 2552 5592 ut
2574 5538 2721 5609 justi
2753 5539 3016 5596 videntes
3037 5545 3259 5612 quanta
3285 5541 3344 5595 et
3377 5540 3594 5612 qualia
3626 5536 3852 5595 Redem-

2202 5632 2334 5706 ptor
2348 5626 2579 5700 generis
2592 5625 2834 5685 humani
2849 5645 2954 5707 pro
2974 5645 3175 5687 eorum
3189 5627 3549 5689 liberatione
3558 5621 3848 5687 sustinuit:
