  <div class='ocr_page' id='page_1' title='image "/cluster/home/n/w/nwhite01/storage/ocr_20150623/118/hvd.32044073505158/254.png"; bbox 0 0 4012 6174; ppageno 0'>
   <div class='ocr_carea' id='block_1_1' title="bbox 198 349 319 429">
    <p class='ocr_par' dir='ltr' id='par_1_1' title="bbox 198 349 319 429">
     <span class='ocr_line' id='line_1_1' title="bbox 198 349 319 429; baseline 0 0"><span class='ocrx_word' id='word_1_1' title='bbox 198 349 319 429; x_wconf 64' lang='lat'>497</span> 
     </span>
    </p>
   </div>
   <div class='ocr_carea' id='block_1_2' title="bbox 1448 343 2393 436">
    <p class='ocr_par' dir='ltr' id='par_1_2' title="bbox 1448 343 2393 436">
     <span class='ocr_line' id='line_1_2' title="bbox 1448 343 2393 436; baseline 0.002 -28"><span class='ocrx_word' id='word_1_2' title='bbox 1448 345 1802 409; x_wconf 56' lang='lat' dir='ltr'>nonnum</span> <span class='ocrx_word' id='word_1_3' title='bbox 1844 343 1946 405; x_wconf 74' lang='lat' dir='ltr'>ne</span> <span class='ocrx_word' id='word_1_4' title='bbox 1992 344 2393 436; x_wconf 53' lang='lat' dir='ltr'>Teneone.</span> 
     </span>
    </p>
   </div>
   <div class='ocr_carea' id='block_1_3' title="bbox 3506 359 3624 421">
    <p class='ocr_par' dir='ltr' id='par_1_3' title="bbox 3506 359 3624 421">
     <span class='ocr_line' id='line_1_3' title="bbox 3506 359 3624 421; baseline 0.025 -3"><span class='ocrx_word' id='word_1_5' title='bbox 3506 359 3624 421; x_wconf 72' lang='lat' dir='ltr'>ws</span> 
     </span>
    </p>
   </div>
   <div class='ocr_carea' id='block_1_4' title="bbox 198 478 3624 558">
    <p class='ocr_par' dir='ltr' id='par_1_4' title="bbox 198 478 3624 558">
     <span class='ocr_line' id='line_1_4' title="bbox 198 478 3624 558; baseline 0.002 -17"><span class='ocrx_word' id='word_1_6' title='bbox 198 495 254 553; x_wconf 76' lang='lat' dir='ltr'>in</span> <span class='ocrx_word' id='word_1_7' title='bbox 286 483 420 557; x_wconf 86' lang='lat' dir='ltr'>ejus</span> <span class='ocrx_word' id='word_1_8' title='bbox 477 497 676 539; x_wconf 88' lang='lat' dir='ltr'>amore</span> <span class='ocrx_word' id='word_1_9' title='bbox 728 479 983 555; x_wconf 82' lang='lat' dir='ltr'>amplius</span> <span class='ocrx_word' id='word_1_10' title='bbox 1040 480 1420 540; x_wconf 86' lang='lat' dir='ltr'>exardescant</span> <span class='ocrx_word' id='word_1_11' title='bbox 1469 483 1529 537; x_wconf 88' lang='lat' dir='ltr'>et</span> <span class='ocrx_word' id='word_1_12' title='bbox 1578 479 1638 536; x_wconf 89' lang='lat' dir='ltr'>in</span> <span class='ocrx_word' id='word_1_13' title='bbox 1687 478 1857 537; x_wconf 86' lang='lat' dir='ltr'>laude</span> <span class='ocrx_word' id='word_1_14' title='bbox 1891 479 1945 545; x_wconf 72' lang='grc' dir='ltr'>Α</span> <span class='ocrx_word' id='word_1_15' title='bbox 1972 495 2108 537; x_wconf 92' lang='lat' dir='ltr'>cum</span> <span class='ocrx_word' id='word_1_16' title='bbox 2141 483 2364 540; x_wconf 81' lang='lat' dir='ltr'>caeteris</span> <span class='ocrx_word' id='word_1_17' title='bbox 2386 482 2758 558; x_wconf 87' lang='lat' dir='ltr'>evangelistis</span> <span class='ocrx_word' id='word_1_18' title='bbox 2779 483 3057 553; x_wconf 82' lang='lat' dir='ltr'>conferat,</span> <span class='ocrx_word' id='word_1_19' title='bbox 3081 484 3268 543; x_wconf 85' lang='lat' dir='ltr'>multa</span> <span class='ocrx_word' id='word_1_20' title='bbox 3287 486 3357 545; x_wconf 90' lang='lat' dir='ltr'>de</span> <span class='ocrx_word' id='word_1_21' title='bbox 3381 487 3624 547; x_wconf 82' lang='lat' dir='ltr'>miracu-</span> 
     </span>
    </p>
   </div>
   <div class='ocr_carea' id='block_1_5' title="bbox 196 569 1862 647">
    <p class='ocr_par' dir='ltr' id='par_1_5' title="bbox 196 569 1862 647">
     <span class='ocr_line' id='line_1_5' title="bbox 196 569 1862 647; baseline -0.004 -16"><span class='ocrx_word' id='word_1_22' title='bbox 196 572 535 647; x_wconf 82' lang='lat' dir='ltr'>proﬁciant;</span> <span class='ocrx_word' id='word_1_23' title='bbox 569 569 779 645; x_wconf 87' lang='lat' dir='ltr'>injusti</span> <span class='ocrx_word' id='word_1_24' title='bbox 809 575 1004 627; x_wconf 88' lang='lat' dir='ltr'>autem</span> <span class='ocrx_word' id='word_1_25' title='bbox 1035 575 1200 628; x_wconf 84' lang='lat' dir='ltr'>tanto</span> <span class='ocrx_word' id='word_1_26' title='bbox 1222 570 1482 627; x_wconf 89' lang='lat' dir='ltr'>deterius</span> <span class='ocrx_word' id='word_1_27' title='bbox 1502 569 1862 626; x_wconf 83' lang='lat' dir='ltr'>confundan-</span> 
     </span>
    </p>
   </div>
   <div class='ocr_carea' id='block_1_6' title="bbox 192 659 1862 737">
    <p class='ocr_par' dir='ltr' id='par_1_6' title="bbox 192 659 1862 737">
     <span class='ocr_line' id='line_1_6' title="bbox 192 659 1862 737; baseline -0.002 -18"><span class='ocrx_word' id='word_1_28' title='bbox 192 667 310 737; x_wconf 79' lang='lat' dir='ltr'>tur,</span> <span class='ocrx_word' id='word_1_29' title='bbox 348 666 573 735; x_wconf 89' lang='lat' dir='ltr'>quanto</span> <span class='ocrx_word' id='word_1_30' title='bbox 616 677 807 734; x_wconf 78' lang='lat' dir='ltr'>magis</span> <span class='ocrx_word' id='word_1_31' title='bbox 836 659 1016 717; x_wconf 87' lang='lat' dir='ltr'>tantis</span> <span class='ocrx_word' id='word_1_32' title='bbox 1046 659 1344 717; x_wconf 86' lang='lat' dir='ltr'>beneﬁciis</span> <span class='ocrx_word' id='word_1_33' title='bbox 1392 660 1744 716; x_wconf 86' lang='lat' dir='ltr'>exstiterunt</span> <span class='ocrx_word' id='word_1_34' title='bbox 1772 659 1862 715; x_wconf 90' lang='lat' dir='ltr'>in-</span> 
     </span>
    </p>
   </div>
   <div class='ocr_carea' id='block_1_7' title="bbox 190 748 1860 825">
    <p class='ocr_par' dir='ltr' id='par_1_7' title="bbox 190 748 1860 825">
     <span class='ocr_line' id='line_1_7' title="bbox 190 748 1860 825; baseline -0.004 -16"><span class='ocrx_word' id='word_1_35' title='bbox 190 752 369 825; x_wconf 85' lang='lat' dir='ltr'>grati,</span> <span class='ocrx_word' id='word_1_36' title='bbox 421 752 579 807; x_wconf 81' lang='lat' dir='ltr'>sicut</span> <span class='ocrx_word' id='word_1_37' title='bbox 609 750 894 822; x_wconf 88' lang='lat' dir='ltr'>scriptum</span> <span class='ocrx_word' id='word_1_38' title='bbox 927 752 1014 806; x_wconf 90' lang='lat' dir='ltr'>est</span> <span class='ocrx_word' id='word_1_39' title='bbox 1041 768 1053 804; x_wconf 91' lang='lat'>:</span> <span class='ocrx_word' id='word_1_40' title='bbox 1103 772 1130 801; x_wconf 90' lang='grc'><strong>‹‹</strong></span> <span class='ocrx_word' id='word_1_41' title='bbox 1164 751 1231 805; x_wconf 90' lang='lat' dir='ltr'>Et</span> <span class='ocrx_word' id='word_1_42' title='bbox 1258 749 1479 804; x_wconf 83' lang='lat' dir='ltr'>videbit</span> <span class='ocrx_word' id='word_1_43' title='bbox 1507 765 1642 805; x_wconf 90' lang='lat' dir='ltr'>eum</span> <span class='ocrx_word' id='word_1_44' title='bbox 1669 748 1860 804; x_wconf 87' lang='lat' dir='ltr'>omnis</span> 
     </span>
    </p>
   </div>
   <div class='ocr_carea' id='block_1_8' title="bbox 193 837 1863 911">
    <p class='ocr_par' dir='ltr' id='par_1_8' title="bbox 193 837 1863 911">
     <span class='ocr_line' id='line_1_8' title="bbox 193 837 1863 911; baseline -0.003 -13"><span class='ocrx_word' id='word_1_45' title='bbox 193 840 426 906; x_wconf 85' lang='lat' dir='ltr'>oculus,</span> <span class='ocrx_word' id='word_1_46' title='bbox 450 844 507 895; x_wconf 92' lang='lat' dir='ltr'>et</span> <span class='ocrx_word' id='word_1_47' title='bbox 535 838 635 911; x_wconf 87' lang='lat' dir='ltr'>qui</span> <span class='ocrx_word' id='word_1_48' title='bbox 660 855 794 894; x_wconf 90' lang='lat' dir='ltr'>eum</span> <span class='ocrx_word' id='word_1_49' title='bbox 813 842 1212 911; x_wconf 89' lang='lat' dir='ltr'>pupugerunt,</span> <span class='ocrx_word' id='word_1_50' title='bbox 1231 842 1289 894; x_wconf 89' lang='lat' dir='ltr'>et</span> <span class='ocrx_word' id='word_1_51' title='bbox 1304 837 1661 910; x_wconf 88' lang='lat' dir='ltr'>plangentse</span> <span class='ocrx_word' id='word_1_52' title='bbox 1685 855 1863 911; x_wconf 84' lang='lat' dir='ltr'>super</span> 
     </span>
    </p>
   </div>
   <div class='ocr_carea' id='block_1_9' title="bbox 191 926 1860 998">
    <p class='ocr_par' dir='ltr' id='par_1_9' title="bbox 191 926 1860 998">
     <span class='ocr_line' id='line_1_9' title="bbox 191 926 1860 998; baseline -0.002 -12"><span class='ocrx_word' id='word_1_53' title='bbox 191 947 328 986; x_wconf 90' lang='lat' dir='ltr'>eum</span> <span class='ocrx_word' id='word_1_54' title='bbox 360 944 570 984; x_wconf 90' lang='lat' dir='ltr'>omnes</span> <span class='ocrx_word' id='word_1_55' title='bbox 601 927 795 983; x_wconf 89' lang='lat' dir='ltr'>tribus</span> <span class='ocrx_word' id='word_1_56' title='bbox 822 930 991 983; x_wconf 68' lang='lat' dir='ltr'>terrea</span> <span class='ocrx_word' id='word_1_57' title='bbox 1021 926 1201 998; x_wconf 84' lang='lat' dir='ltr'>(Apoc.</span> <span class='ocrx_word' id='word_1_58' title='bbox 1235 926 1300 997; x_wconf 83' lang='lat'>1).</span> <span class='ocrx_word' id='word_1_59' title='bbox 1329 949 1355 977; x_wconf 81' lang='lat'>»</span> <span class='ocrx_word' id='word_1_60' title='bbox 1389 926 1492 982; x_wconf 88' lang='lat' dir='ltr'>Vel</span> <span class='ocrx_word' id='word_1_61' title='bbox 1520 931 1673 982; x_wconf 90' lang='lat' dir='ltr'>certe</span> <span class='ocrx_word' id='word_1_62' title='bbox 1702 926 1860 982; x_wconf 86' lang='lat' dir='ltr'>cica-</span> 
     </span>
    </p>
   </div>
   <div class='ocr_carea' id='block_1_10' title="bbox 191 1013 1862 1088">
    <p class='ocr_par' dir='ltr' id='par_1_10' title="bbox 191 1013 1862 1088">
     <span class='ocr_line' id='line_1_10' title="bbox 191 1013 1862 1088; baseline -0.002 -13"><span class='ocrx_word' id='word_1_63' title='bbox 191 1020 370 1076; x_wconf 86' lang='lat' dir='ltr'>trices</span> <span class='ocrx_word' id='word_1_64' title='bbox 400 1017 721 1084; x_wconf 79' lang='lat' dir='ltr'>clavorum,</span> <span class='ocrx_word' id='word_1_65' title='bbox 751 1018 810 1071; x_wconf 91' lang='lat' dir='ltr'>et</span> <span class='ocrx_word' id='word_1_66' title='bbox 838 1014 1052 1071; x_wconf 76' lang='lat' dir='ltr'>lanceae</span> <span class='ocrx_word' id='word_1_67' title='bbox 1083 1013 1446 1088; x_wconf 90' lang='lat' dir='ltr'>apertionem</span> <span class='ocrx_word' id='word_1_68' title='bbox 1470 1015 1756 1071; x_wconf 85' lang='lat' dir='ltr'>Dominus</span> <span class='ocrx_word' id='word_1_69' title='bbox 1774 1017 1862 1072; x_wconf 90' lang='lat' dir='ltr'>Je-</span> 
     </span>
    </p>
   </div>
   <div class='ocr_carea' id='block_1_11' title="bbox 194 1104 1860 1178">
    <p class='ocr_par' dir='ltr' id='par_1_11' title="bbox 194 1104 1860 1178">
     <span class='ocr_line' id='line_1_11' title="bbox 194 1104 1860 1178; baseline -0.001 -14"><span class='ocrx_word' id='word_1_70' title='bbox 194 1126 297 1167; x_wconf 82' lang='lat' dir='ltr'>sus</span> <span class='ocrx_word' id='word_1_71' title='bbox 329 1106 600 1163; x_wconf 80' lang='lat' dir='ltr'>Christus</span> <span class='ocrx_word' id='word_1_72' title='bbox 631 1105 691 1159; x_wconf 91' lang='lat' dir='ltr'>in</span> <span class='ocrx_word' id='word_1_73' title='bbox 732 1121 904 1161; x_wconf 88' lang='lat' dir='ltr'>carne</span> <span class='ocrx_word' id='word_1_74' title='bbox 934 1121 1044 1160; x_wconf 90' lang='lat' dir='ltr'>sua</span> <span class='ocrx_word' id='word_1_75' title='bbox 1073 1120 1366 1160; x_wconf 89' lang='lat' dir='ltr'>reservare</span> <span class='ocrx_word' id='word_1_76' title='bbox 1395 1104 1596 1171; x_wconf 87' lang='lat' dir='ltr'>voluit,</span> <span class='ocrx_word' id='word_1_77' title='bbox 1632 1109 1699 1161; x_wconf 91' lang='lat' dir='ltr'>ut</span> <span class='ocrx_word' id='word_1_78' title='bbox 1728 1105 1860 1178; x_wconf 88' lang='lat' dir='ltr'>ipsa</span> 
     </span>
    </p>
   </div>
   <div class='ocr_carea' id='block_1_12' title="bbox 192 1192 1857 1269">
    <p class='ocr_par' dir='ltr' id='par_1_12' title="bbox 192 1192 1857 1269">
     <span class='ocr_line' id='line_1_12' title="bbox 192 1192 1857 1269; baseline -0.002 -17"><span class='ocrx_word' id='word_1_79' title='bbox 192 1194 715 1269; x_wconf 76' lang='lat' dir='ltr'>ejusvictoriamde</span> <span class='ocrx_word' id='word_1_80' title='bbox 728 1194 973 1264; x_wconf 88' lang='lat' dir='ltr'>antiquo</span> <span class='ocrx_word' id='word_1_81' title='bbox 986 1193 1155 1249; x_wconf 83' lang='lat' dir='ltr'>hoste</span> <span class='ocrx_word' id='word_1_82' title='bbox 1168 1192 1857 1261; x_wconf 87' lang='lat' dir='ltr'>ostendant.Sicutenim,</span> 
     </span>
    </p>
   </div>
   <div class='ocr_carea' id='block_1_13' title="bbox 192 1281 1860 1357">
    <p class='ocr_par' dir='ltr' id='par_1_13' title="bbox 192 1281 1860 1357">
     <span class='ocr_line' id='line_1_13' title="bbox 192 1281 1860 1357; baseline 0 -19"><span class='ocrx_word' id='word_1_83' title='bbox 192 1284 350 1342; x_wconf 84' lang='lat' dir='ltr'>verbi</span> <span class='ocrx_word' id='word_1_84' title='bbox 368 1283 578 1357; x_wconf 88' lang='lat' dir='ltr'>gratia,</span> <span class='ocrx_word' id='word_1_85' title='bbox 593 1282 766 1339; x_wconf 84' lang='lat' dir='ltr'>miles</span> <span class='ocrx_word' id='word_1_86' title='bbox 781 1281 1166 1350; x_wconf 89' lang='lat' dir='ltr'>fortissimus,</span> <span class='ocrx_word' id='word_1_87' title='bbox 1191 1297 1322 1337; x_wconf 90' lang='lat' dir='ltr'>cum</span> <span class='ocrx_word' id='word_1_88' title='bbox 1335 1283 1580 1353; x_wconf 87' lang='lat' dir='ltr'>jubente</span> <span class='ocrx_word' id='word_1_89' title='bbox 1592 1299 1725 1356; x_wconf 87' lang='lat' dir='ltr'>rege</span> <span class='ocrx_word' id='word_1_90' title='bbox 1747 1282 1860 1339; x_wconf 88' lang='lat' dir='ltr'>sin-</span> 
     </span>
    </p>
   </div>
   <div class='ocr_carea' id='block_1_14' title="bbox 194 1369 1859 1445">
    <p class='ocr_par' dir='ltr' id='par_1_14' title="bbox 194 1369 1859 1445">
     <span class='ocr_line' id='line_1_14' title="bbox 194 1369 1859 1445; baseline 0.001 -18"><span class='ocrx_word' id='word_1_91' title='bbox 194 1372 398 1445; x_wconf 84' lang='lat' dir='ltr'>gulare</span> <span class='ocrx_word' id='word_1_92' title='bbox 429 1376 726 1428; x_wconf 80' lang='lat' dir='ltr'>certamen</span> <span class='ocrx_word' id='word_1_93' title='bbox 780 1387 885 1442; x_wconf 89' lang='lat' dir='ltr'>pro</span> <span class='ocrx_word' id='word_1_94' title='bbox 936 1369 1129 1426; x_wconf 89' lang='lat' dir='ltr'>salute</span> <span class='ocrx_word' id='word_1_95' title='bbox 1160 1387 1279 1426; x_wconf 64' lang='lat' dir='ltr'>sum</span> <span class='ocrx_word' id='word_1_96' title='bbox 1310 1370 1502 1443; x_wconf 88' lang='lat' dir='ltr'>gentis</span> <span class='ocrx_word' id='word_1_97' title='bbox 1552 1370 1767 1439; x_wconf 82' lang='lat' dir='ltr'>inierit,</span> <span class='ocrx_word' id='word_1_98' title='bbox 1803 1376 1859 1428; x_wconf 90' lang='lat' dir='ltr'>et</span> 
     </span>
    </p>
   </div>
   <div class='ocr_carea' id='block_1_15' title="bbox 194 1458 1857 1532">
    <p class='ocr_par' dir='ltr' id='par_1_15' title="bbox 194 1458 1857 1532">
     <span class='ocr_line' id='line_1_15' title="bbox 194 1458 1857 1532; baseline -0.002 -13"><span class='ocrx_word' id='word_1_99' title='bbox 194 1479 324 1520; x_wconf 90' lang='lat' dir='ltr'>cum</span> <span class='ocrx_word' id='word_1_100' title='bbox 353 1476 623 1516; x_wconf 75' lang='lat' dir='ltr'>reversus</span> <span class='ocrx_word' id='word_1_101' title='bbox 649 1459 952 1515; x_wconf 80' lang='lat' dir='ltr'>victoriam</span> <span class='ocrx_word' id='word_1_102' title='bbox 985 1477 1105 1514; x_wconf 69' lang='lat' dir='ltr'>sum</span> <span class='ocrx_word' id='word_1_103' title='bbox 1137 1458 1295 1532; x_wconf 80' lang='lat' dir='ltr'>genti</span> <span class='ocrx_word' id='word_1_104' title='bbox 1327 1459 1733 1532; x_wconf 79' lang='lat' dir='ltr'>deportavcrit,</span> <span class='ocrx_word' id='word_1_105' title='bbox 1756 1478 1857 1516; x_wconf 88' lang='lat' dir='ltr'>ac-</span> 
     </span>
    </p>
   </div>
   <div class='ocr_carea' id='block_1_16' title="bbox 195 1546 1855 1623">
    <p class='ocr_par' dir='ltr' id='par_1_16' title="bbox 195 1546 1855 1623">
     <span class='ocr_line' id='line_1_16' title="bbox 195 1546 1855 1623; baseline -0.002 -15"><span class='ocrx_word' id='word_1_106' title='bbox 195 1549 381 1623; x_wconf 86' lang='lat' dir='ltr'>ceptis</span> <span class='ocrx_word' id='word_1_107' title='bbox 410 1547 730 1620; x_wconf 79' lang='lat' dir='ltr'>aliquantis</span> <span class='ocrx_word' id='word_1_108' title='bbox 762 1546 973 1621; x_wconf 82' lang='lat' dir='ltr'>plagis,</span> <span class='ocrx_word' id='word_1_109' title='bbox 1019 1547 1069 1603; x_wconf 88' lang='lat' dir='ltr'>si</span> <span class='ocrx_word' id='word_1_110' title='bbox 1100 1546 1307 1603; x_wconf 80' lang='lat' dir='ltr'>dixerit</span> <span class='ocrx_word' id='word_1_111' title='bbox 1334 1547 1383 1603; x_wconf 91' lang='lat' dir='ltr'>ei</span> <span class='ocrx_word' id='word_1_112' title='bbox 1415 1548 1679 1604; x_wconf 89' lang='lat' dir='ltr'>medicus</span> <span class='ocrx_word' id='word_1_113' title='bbox 1708 1567 1720 1605; x_wconf 94' lang='lat'>:</span> <span class='ocrx_word' id='word_1_114' title='bbox 1755 1550 1855 1605; x_wconf 88' lang='lat' dir='ltr'>Vis</span> 
     </span>
    </p>
   </div>
   <div class='ocr_carea' id='block_1_17' title="bbox 193 1636 1855 1710">
    <p class='ocr_par' dir='ltr' id='par_1_17' title="bbox 193 1636 1855 1710">
     <span class='ocr_line' id='line_1_17' title="bbox 193 1636 1855 1710; baseline -0.001 -15"><span class='ocrx_word' id='word_1_115' title='bbox 193 1645 252 1696; x_wconf 90' lang='lat' dir='ltr'>ut</span> <span class='ocrx_word' id='word_1_116' title='bbox 278 1639 366 1694; x_wconf 84' lang='lat' dir='ltr'>ita</span> <span class='ocrx_word' id='word_1_117' title='bbox 394 1642 452 1693; x_wconf 79' lang='lat' dir='ltr'>te</span> <span class='ocrx_word' id='word_1_118' title='bbox 483 1653 707 1705; x_wconf 86' lang='lat' dir='ltr'>sanem,</span> <span class='ocrx_word' id='word_1_119' title='bbox 741 1640 808 1691; x_wconf 90' lang='lat' dir='ltr'>ut</span> <span class='ocrx_word' id='word_1_120' title='bbox 837 1636 1138 1693; x_wconf 83' lang='lat' dir='ltr'>cicatrices</span> <span class='ocrx_word' id='word_1_121' title='bbox 1183 1637 1488 1710; x_wconf 85' lang='lat' dir='ltr'>plagarum</span> <span class='ocrx_word' id='word_1_122' title='bbox 1522 1654 1635 1692; x_wconf 91' lang='lat' dir='ltr'>non</span> <span class='ocrx_word' id='word_1_123' title='bbox 1669 1655 1855 1710; x_wconf 86' lang='lat' dir='ltr'>appa-</span> 
     </span>
    </p>
   </div>
   <div class='ocr_carea' id='block_1_18' title="bbox 192 1724 1853 1799">
    <p class='ocr_par' dir='ltr' id='par_1_18' title="bbox 192 1724 1853 1799">
     <span class='ocr_line' id='line_1_18' title="bbox 192 1724 1853 1799; baseline -0.001 -14"><span class='ocrx_word' id='word_1_124' title='bbox 192 1733 384 1785; x_wconf 85' lang='lat' dir='ltr'>reant:</span> <span class='ocrx_word' id='word_1_125' title='bbox 418 1744 493 1782; x_wconf 89' lang='lat' dir='ltr'>an</span> <span class='ocrx_word' id='word_1_126' title='bbox 525 1729 591 1781; x_wconf 91' lang='lat' dir='ltr'>ut</span> <span class='ocrx_word' id='word_1_127' title='bbox 609 1726 832 1797; x_wconf 83' lang='lat' dir='ltr'>absque</span> <span class='ocrx_word' id='word_1_128' title='bbox 852 1724 1220 1781; x_wconf 79' lang='lat' dir='ltr'>deformitate</span> <span class='ocrx_word' id='word_1_129' title='bbox 1249 1728 1611 1798; x_wconf 83' lang='lat' dir='ltr'>appareant?</span> <span class='ocrx_word' id='word_1_130' title='bbox 1640 1731 1696 1782; x_wconf 89' lang='lat' dir='ltr'>et</span> <span class='ocrx_word' id='word_1_131' title='bbox 1728 1727 1853 1799; x_wconf 87' lang='lat' dir='ltr'>ipso</span> 
     </span>
    </p>
   </div>
   <div class='ocr_carea' id='block_1_19' title="bbox 1973 568 3625 649">
    <p class='ocr_par' dir='ltr' id='par_1_19' title="bbox 1973 568 3625 649">
     <span class='ocr_line' id='line_1_19' title="bbox 1973 568 3625 649; baseline 0.008 -26"><span class='ocrx_word' id='word_1_132' title='bbox 1973 568 2045 625; x_wconf 90' lang='lat' dir='ltr'>lis</span> <span class='ocrx_word' id='word_1_133' title='bbox 2064 570 2378 629; x_wconf 87' lang='lat' dir='ltr'>Salvatoris</span> <span class='ocrx_word' id='word_1_134' title='bbox 2399 572 2456 629; x_wconf 91' lang='lat' dir='ltr'>in</span> <span class='ocrx_word' id='word_1_135' title='bbox 2489 573 2615 644; x_wconf 88' lang='lat' dir='ltr'>ejus</span> <span class='ocrx_word' id='word_1_136' title='bbox 2637 573 2856 647; x_wconf 89' lang='lat' dir='ltr'>scripta</span> <span class='ocrx_word' id='word_1_137' title='bbox 2874 574 3141 648; x_wconf 87' lang='lat' dir='ltr'>reperiet,</span> <span class='ocrx_word' id='word_1_138' title='bbox 3164 592 3291 649; x_wconf 74' lang='lat' dir='ltr'>quae</span> <span class='ocrx_word' id='word_1_139' title='bbox 3308 575 3370 633; x_wconf 90' lang='lat' dir='ltr'>in</span> <span class='ocrx_word' id='word_1_140' title='bbox 3383 577 3625 636; x_wconf 81' lang='lat' dir='ltr'>Joannis</span> 
     </span>
    </p>
   </div>
   <div class='ocr_carea' id='block_1_20' title="bbox 1970 661 3623 739">
    <p class='ocr_par' dir='ltr' id='par_1_20' title="bbox 1970 661 3623 739">
     <span class='ocr_line' id='line_1_20' title="bbox 1970 661 3623 739; baseline 0.005 -23"><span class='ocrx_word' id='word_1_141' title='bbox 1970 661 2278 734; x_wconf 89' lang='lat' dir='ltr'>Evangelio</span> <span class='ocrx_word' id='word_1_142' title='bbox 2310 679 2424 718; x_wconf 88' lang='lat' dir='ltr'>non</span> <span class='ocrx_word' id='word_1_143' title='bbox 2457 662 2768 729; x_wconf 87' lang='lat' dir='ltr'>habentur,</span> <span class='ocrx_word' id='word_1_144' title='bbox 2801 662 3079 735; x_wconf 87' lang='lat' dir='ltr'>quoniam</span> <span class='ocrx_word' id='word_1_145' title='bbox 3109 664 3385 733; x_wconf 86' lang='lat' dir='ltr'>Joannes,</span> <span class='ocrx_word' id='word_1_146' title='bbox 3413 668 3515 739; x_wconf 89' lang='lat' dir='ltr'>qui</span> <span class='ocrx_word' id='word_1_147' title='bbox 3538 668 3623 725; x_wconf 89' lang='lat' dir='ltr'>ul-</span> 
     </span>
    </p>
   </div>
   <div class='ocr_carea' id='block_1_21' title="bbox 1971 750 3621 826">
    <p class='ocr_par' dir='ltr' id='par_1_21' title="bbox 1971 750 3621 826">
     <span class='ocr_line' id='line_1_21' title="bbox 1971 750 3621 826; baseline 0.004 -21"><span class='ocrx_word' id='word_1_148' title='bbox 1971 750 2154 806; x_wconf 90' lang='lat' dir='ltr'>timus</span> <span class='ocrx_word' id='word_1_149' title='bbox 2180 768 2353 806; x_wconf 90' lang='lat' dir='ltr'>suum</span> <span class='ocrx_word' id='word_1_150' title='bbox 2379 751 2750 824; x_wconf 81' lang='lat' dir='ltr'>Evangelium</span> <span class='ocrx_word' id='word_1_151' title='bbox 2776 752 3027 825; x_wconf 90' lang='lat' dir='ltr'>scripsit,</span> <span class='ocrx_word' id='word_1_152' title='bbox 3052 754 3209 826; x_wconf 90' lang='lat' dir='ltr'>quod</span> <span class='ocrx_word' id='word_1_153' title='bbox 3233 755 3303 810; x_wconf 89' lang='lat' dir='ltr'>ab</span> <span class='ocrx_word' id='word_1_154' title='bbox 3327 754 3459 811; x_wconf 88' lang='lat' dir='ltr'>aliis</span> <span class='ocrx_word' id='word_1_155' title='bbox 3480 756 3621 813; x_wconf 86' lang='lat' dir='ltr'>scri-</span> 
     </span>
    </p>
   </div>
   <div class='ocr_carea' id='block_1_22' title="bbox 1972 840 3622 914">
    <p class='ocr_par' dir='ltr' id='par_1_22' title="bbox 1972 840 3622 914">
     <span class='ocr_line' id='line_1_22' title="bbox 1972 840 3622 914; baseline 0.005 -20"><span class='ocrx_word' id='word_1_156' title='bbox 1972 843 2139 910; x_wconf 90' lang='lat' dir='ltr'>ptum</span> <span class='ocrx_word' id='word_1_157' title='bbox 2167 841 2346 905; x_wconf 91' lang='lat' dir='ltr'>novit,</span> <span class='ocrx_word' id='word_1_158' title='bbox 2380 840 2580 897; x_wconf 89' lang='lat' dir='ltr'>multis</span> <span class='ocrx_word' id='word_1_159' title='bbox 2610 840 2670 896; x_wconf 91' lang='lat' dir='ltr'>in</span> <span class='ocrx_word' id='word_1_160' title='bbox 2702 841 2844 897; x_wconf 92' lang='lat' dir='ltr'>locis</span> <span class='ocrx_word' id='word_1_161' title='bbox 2876 842 3263 914; x_wconf 60' lang='lat' dir='ltr'>praetermisit.</span> <span class='ocrx_word' id='word_1_162' title='bbox 3299 844 3409 901; x_wconf 89' lang='lat' dir='ltr'>Sed</span> <span class='ocrx_word' id='word_1_163' title='bbox 3430 862 3533 901; x_wconf 89' lang='lat' dir='ltr'>nec</span> <span class='ocrx_word' id='word_1_164' title='bbox 3563 846 3622 903; x_wconf 91' lang='lat' dir='ltr'>in</span> 
     </span>
    </p>
   </div>
   <div class='ocr_carea' id='block_1_23' title="bbox 1970 929 3620 1003">
    <p class='ocr_par' dir='ltr' id='par_1_23' title="bbox 1970 929 3620 1003">
     <span class='ocr_line' id='line_1_23' title="bbox 1970 929 3620 1003; baseline 0.005 -19"><span class='ocrx_word' id='word_1_165' title='bbox 1970 933 2224 1000; x_wconf 88' lang='lat' dir='ltr'>quatuor</span> <span class='ocrx_word' id='word_1_166' title='bbox 2280 929 2720 1003; x_wconf 86' lang='lat' dir='ltr'>Evangeliorum</span> <span class='ocrx_word' id='word_1_167' title='bbox 2765 929 2931 985; x_wconf 87' lang='lat' dir='ltr'>libris</span> <span class='ocrx_word' id='word_1_168' title='bbox 2962 931 3162 987; x_wconf 88' lang='lat' dir='ltr'>omnia</span> <span class='ocrx_word' id='word_1_169' title='bbox 3202 933 3486 991; x_wconf 87' lang='lat' dir='ltr'>miracula</span> <span class='ocrx_word' id='word_1_170' title='bbox 3516 940 3620 992; x_wconf 89' lang='lat' dir='ltr'>Do-</span> 
     </span>
    </p>
   </div>
   <div class='ocr_carea' id='block_1_24' title="bbox 1971 1017 3627 1091">
    <p class='ocr_par' dir='ltr' id='par_1_24' title="bbox 1971 1017 3627 1091">
     <span class='ocr_line' id='line_1_24' title="bbox 1971 1017 3627 1091; baseline 0.005 -20"><span class='ocrx_word' id='word_1_171' title='bbox 1971 1017 2117 1072; x_wconf 88' lang='lat' dir='ltr'>mini</span> <span class='ocrx_word' id='word_1_172' title='bbox 2149 1018 2367 1091; x_wconf 88' lang='lat' dir='ltr'>scripta</span> <span class='ocrx_word' id='word_1_173' title='bbox 2397 1019 2705 1085; x_wconf 85' lang='lat' dir='ltr'>habentur,</span> <span class='ocrx_word' id='word_1_174' title='bbox 2732 1018 2885 1074; x_wconf 89' lang='lat' dir='ltr'>sicut</span> <span class='ocrx_word' id='word_1_175' title='bbox 2913 1019 3167 1077; x_wconf 85' lang='lat' dir='ltr'>Joannes</span> <span class='ocrx_word' id='word_1_176' title='bbox 3197 1020 3258 1077; x_wconf 90' lang='lat' dir='ltr'>in</span> <span class='ocrx_word' id='word_1_177' title='bbox 3281 1022 3425 1078; x_wconf 87' lang='lat' dir='ltr'>calci</span> <span class='ocrx_word' id='word_1_178' title='bbox 3454 1026 3627 1080; x_wconf 86' lang='lat' dir='ltr'>testa-</span> 
     </span>
    </p>
   </div>
   <div class='ocr_carea' id='block_1_25' title="bbox 1970 1106 3626 1182">
    <p class='ocr_par' dir='ltr' id='par_1_25' title="bbox 1970 1106 3626 1182">
     <span class='ocr_line' id='line_1_25' title="bbox 1970 1106 3626 1182; baseline 0.005 -21"><span class='ocrx_word' id='word_1_179' title='bbox 1970 1109 2085 1174; x_wconf 86' lang='lat' dir='ltr'>tur,</span> <span class='ocrx_word' id='word_1_180' title='bbox 2120 1107 2353 1163; x_wconf 90' lang='lat' dir='ltr'>dicens:</span> <span class='ocrx_word' id='word_1_181' title='bbox 2386 1130 2413 1158; x_wconf 86' lang='lat'><strong>«</strong></span> <span class='ocrx_word' id='word_1_182' title='bbox 2447 1109 2595 1162; x_wconf 91' lang='lat' dir='ltr'>Sunt</span> <span class='ocrx_word' id='word_1_183' title='bbox 2636 1112 2832 1163; x_wconf 88' lang='lat' dir='ltr'>autem</span> <span class='ocrx_word' id='word_1_184' title='bbox 2863 1110 2921 1163; x_wconf 91' lang='lat' dir='ltr'>et</span> <span class='ocrx_word' id='word_1_185' title='bbox 2949 1106 3065 1163; x_wconf 90' lang='lat' dir='ltr'>alia</span> <span class='ocrx_word' id='word_1_186' title='bbox 3096 1109 3300 1177; x_wconf 88' lang='lat' dir='ltr'>multa,</span> <span class='ocrx_word' id='word_1_187' title='bbox 3333 1128 3459 1182; x_wconf 68' lang='lat' dir='ltr'>quae</span> <span class='ocrx_word' id='word_1_188' title='bbox 3490 1113 3626 1169; x_wconf 87' lang='lat' dir='ltr'>fecit</span> 
     </span>
    </p>
   </div>
   <div class='ocr_carea' id='block_1_26' title="bbox 1965 1195 3623 1270">
    <p class='ocr_par' dir='ltr' id='par_1_26' title="bbox 1965 1195 3623 1270">
     <span class='ocr_line' id='line_1_26' title="bbox 1965 1195 3623 1270; baseline 0.004 -20"><span class='ocrx_word' id='word_1_189' title='bbox 1965 1195 2158 1257; x_wconf 83' lang='lat' dir='ltr'>Jesus,</span> <span class='ocrx_word' id='word_1_190' title='bbox 2185 1212 2311 1267; x_wconf 66' lang='lat' dir='ltr'>quae</span> <span class='ocrx_word' id='word_1_191' title='bbox 2343 1196 2390 1250; x_wconf 88' lang='lat' dir='ltr'>si</span> <span class='ocrx_word' id='word_1_192' title='bbox 2424 1195 2757 1251; x_wconf 85' lang='lat' dir='ltr'>scribantur</span> <span class='ocrx_word' id='word_1_193' title='bbox 2789 1212 2892 1267; x_wconf 90' lang='lat' dir='ltr'>per</span> <span class='ocrx_word' id='word_1_194' title='bbox 2912 1196 3164 1267; x_wconf 83' lang='lat' dir='ltr'>singula,</span> <span class='ocrx_word' id='word_1_195' title='bbox 3191 1214 3297 1253; x_wconf 89' lang='lat' dir='ltr'>nec</span> <span class='ocrx_word' id='word_1_196' title='bbox 3317 1198 3514 1270; x_wconf 88' lang='lat' dir='ltr'>ipsum</span> <span class='ocrx_word' id='word_1_197' title='bbox 3535 1218 3623 1256; x_wconf 87' lang='lat' dir='ltr'>ar-</span> 
     </span>
    </p>
   </div>
   <div class='ocr_carea' id='block_1_27' title="bbox 1969 1283 3622 1356">
    <p class='ocr_par' dir='ltr' id='par_1_27' title="bbox 1969 1283 3622 1356">
     <span class='ocr_line' id='line_1_27' title="bbox 1969 1283 3622 1356; baseline 0.004 -19"><span class='ocrx_word' id='word_1_198' title='bbox 1969 1283 2150 1339; x_wconf 85' lang='lat' dir='ltr'>bitror</span> <span class='ocrx_word' id='word_1_199' title='bbox 2180 1284 2469 1339; x_wconf 88' lang='lat' dir='ltr'>mundum</span> <span class='ocrx_word' id='word_1_200' title='bbox 2490 1301 2693 1356; x_wconf 87' lang='lat' dir='ltr'>capere</span> <span class='ocrx_word' id='word_1_201' title='bbox 2713 1301 2883 1356; x_wconf 90' lang='lat' dir='ltr'>posse</span> <span class='ocrx_word' id='word_1_202' title='bbox 2903 1302 3022 1347; x_wconf 91' lang='lat' dir='ltr'>eos,</span> <span class='ocrx_word' id='word_1_203' title='bbox 3049 1284 3149 1356; x_wconf 89' lang='lat' dir='ltr'>qui</span> <span class='ocrx_word' id='word_1_204' title='bbox 3171 1285 3460 1342; x_wconf 87' lang='lat' dir='ltr'>scribendi</span> <span class='ocrx_word' id='word_1_205' title='bbox 3483 1294 3622 1344; x_wconf 89' lang='lat' dir='ltr'>sunt</span> 
     </span>
    </p>
   </div>
   <div class='ocr_carea' id='block_1_28' title="bbox 1966 1371 3621 1451">
    <p class='ocr_par' dir='ltr' id='par_1_28' title="bbox 1966 1371 3621 1451">
     <span class='ocr_line' id='line_1_28' title="bbox 1966 1371 3621 1451; baseline 0.004 -26"><span class='ocrx_word' id='word_1_206' title='bbox 1966 1371 2146 1428; x_wconf 90' lang='lat' dir='ltr'>libros</span> <span class='ocrx_word' id='word_1_207' title='bbox 2179 1374 2354 1445; x_wconf 84' lang='lat' dir='ltr'>(Joan.</span> <span class='ocrx_word' id='word_1_208' title='bbox 2388 1376 2523 1439; x_wconf 70' lang='grc' dir='ltr'>χχι).</span> <span class='ocrx_word' id='word_1_209' title='bbox 2560 1394 2586 1421; x_wconf 85' lang='grc'><strong>››</strong></span> <span class='ocrx_word' id='word_1_210' title='bbox 2619 1373 2872 1427; x_wconf 91' lang='lat' dir='ltr'>Tantum</span> <span class='ocrx_word' id='word_1_211' title='bbox 2904 1376 3100 1427; x_wconf 87' lang='lat' dir='ltr'>autem</span> <span class='ocrx_word' id='word_1_212' title='bbox 3130 1375 3317 1430; x_wconf 89' lang='lat' dir='ltr'>sancti</span> <span class='ocrx_word' id='word_1_213' title='bbox 3337 1376 3621 1451; x_wconf 88' lang='lat' dir='ltr'>evangeli-</span> 
     </span>
    </p>
   </div>
   <div class='ocr_carea' id='block_1_29' title="bbox 1967 1460 3614 1533">
    <p class='ocr_par' dir='ltr' id='par_1_29' title="bbox 1967 1460 3614 1533">
     <span class='ocr_line' id='line_1_29' title="bbox 1967 1460 3614 1533; baseline 0.003 -16"><span class='ocrx_word' id='word_1_214' title='bbox 1967 1464 2067 1517; x_wconf 63' lang='lat' dir='ltr'>stre</span> <span class='ocrx_word' id='word_1_215' title='bbox 2096 1462 2166 1517; x_wconf 90' lang='lat' dir='ltr'>de</span> <span class='ocrx_word' id='word_1_216' title='bbox 2190 1460 2489 1517; x_wconf 85' lang='lat' dir='ltr'>miraculis</span> <span class='ocrx_word' id='word_1_217' title='bbox 2512 1460 3008 1532; x_wconf 87' lang='lat' dir='ltr'>conscripserunt,</span> <span class='ocrx_word' id='word_1_218' title='bbox 3034 1466 3322 1533; x_wconf 86' lang='lat' dir='ltr'>quantum</span> <span class='ocrx_word' id='word_1_219' title='bbox 3344 1465 3415 1519; x_wconf 86' lang='lat' dir='ltr'>ad</span> <span class='ocrx_word' id='word_1_220' title='bbox 3440 1464 3614 1522; x_wconf 83' lang='lat' dir='ltr'>fidem</span> 
     </span>
    </p>
   </div>
   <div class='ocr_carea' id='block_1_30' title="bbox 1965 1549 3619 1626">
    <p class='ocr_par' dir='ltr' id='par_1_30' title="bbox 1965 1549 3619 1626">
     <span class='ocr_line' id='line_1_30' title="bbox 1965 1549 3619 1626; baseline 0.003 -20"><span class='ocrx_word' id='word_1_221' title='bbox 1965 1550 2324 1606; x_wconf 88' lang='lat' dir='ltr'>credentium</span> <span class='ocrx_word' id='word_1_222' title='bbox 2343 1549 2834 1606; x_wconf 86' lang='lat' dir='ltr'>corroborandam</span> <span class='ocrx_word' id='word_1_223' title='bbox 2866 1550 3132 1606; x_wconf 81' lang='lat' dir='ltr'>sufﬁcere</span> <span class='ocrx_word' id='word_1_224' title='bbox 3149 1567 3319 1623; x_wconf 87' lang='lat' dir='ltr'>posse</span> <span class='ocrx_word' id='word_1_225' title='bbox 3340 1570 3619 1626; x_wconf 88' lang='lat' dir='ltr'>cognove-</span> 
     </span>
    </p>
   </div>
   <div class='ocr_carea' id='block_1_31' title="bbox 1965 1638 2744 1695">
    <p class='ocr_par' dir='ltr' id='par_1_31' title="bbox 1965 1638 2744 1695">
     <span class='ocr_line' id='line_1_31' title="bbox 1965 1638 2744 1695; baseline 0 -2"><span class='ocrx_word' id='word_1_226' title='bbox 1965 1643 2123 1695; x_wconf 90' lang='lat' dir='ltr'>runt.</span> <span class='ocrx_word' id='word_1_227' title='bbox 2157 1639 2319 1694; x_wconf 86' lang='lat' dir='ltr'>Unde</span> <span class='ocrx_word' id='word_1_228' title='bbox 2350 1643 2406 1694; x_wconf 90' lang='lat' dir='ltr'>et</span> <span class='ocrx_word' id='word_1_229' title='bbox 2435 1638 2744 1695; x_wconf 88' lang='lat' dir='ltr'>subditur:</span> 
     </span>
    </p>
   </div>
   <div class='ocr_carea' id='block_1_32' title="bbox 2035 1727 3615 1801">
    <p class='ocr_par' dir='ltr' id='par_1_32' title="bbox 2035 1727 3615 1801">
     <span class='ocr_line' id='line_1_32' title="bbox 2035 1727 3615 1801; baseline 0.006 -22"><span class='ocrx_word' id='word_1_230' title='bbox 2035 1752 2062 1779; x_wconf 87' lang='grc'>‹‹</span> <span class='ocrx_word' id='word_1_231' title='bbox 2097 1729 2226 1783; x_wconf 79' lang='lat' dir='ltr'>Haec</span> <span class='ocrx_word' id='word_1_232' title='bbox 2260 1732 2453 1784; x_wconf 87' lang='lat' dir='ltr'>autem</span> <span class='ocrx_word' id='word_1_233' title='bbox 2487 1727 2707 1798; x_wconf 87' lang='lat' dir='ltr'>scripta</span> <span class='ocrx_word' id='word_1_234' title='bbox 2736 1730 2896 1791; x_wconf 86' lang='lat' dir='ltr'>sunt,</span> <span class='ocrx_word' id='word_1_235' title='bbox 2919 1731 2985 1782; x_wconf 90' lang='lat' dir='ltr'>ut</span> <span class='ocrx_word' id='word_1_236' title='bbox 3012 1728 3264 1785; x_wconf 87' lang='lat' dir='ltr'>credatis</span> <span class='ocrx_word' id='word_1_237' title='bbox 3286 1730 3423 1801; x_wconf 87' lang='lat' dir='ltr'>quia</span> <span class='ocrx_word' id='word_1_238' title='bbox 3441 1731 3615 1789; x_wconf 88' lang='lat' dir='ltr'>Jesus</span> 
     </span>
    </p>
   </div>
   <div class='ocr_carea' id='block_1_33' title="bbox 193 1813 3617 1914">
    <p class='ocr_par' dir='ltr' id='par_1_33' title="bbox 193 1813 3617 1914">
     <span class='ocr_line' id='line_1_33' title="bbox 193 1813 3617 1914; baseline 0.001 -41"><span class='ocrx_word' id='word_1_239' title='bbox 193 1815 601 1890; x_wconf 84' lang='lat' dir='ltr'>responderit:</span> <span class='ocrx_word' id='word_1_240' title='bbox 650 1813 815 1883; x_wconf 88' lang='lat' dir='ltr'>Volo,</span> <span class='ocrx_word' id='word_1_241' title='bbox 850 1818 914 1870; x_wconf 93' lang='lat' dir='ltr'>ut</span> <span class='ocrx_word' id='word_1_242' title='bbox 946 1815 1170 1886; x_wconf 89' lang='lat' dir='ltr'>absque</span> <span class='ocrx_word' id='word_1_243' title='bbox 1219 1814 1584 1871; x_wconf 81' lang='lat' dir='ltr'>deformitate</span> <span class='ocrx_word' id='word_1_244' title='bbox 1621 1820 1850 1871; x_wconf 91' lang='lat' dir='ltr'>tantum</span> <span class='ocrx_word' id='word_1_245' title='bbox 1884 1849 1930 1914; x_wconf 80' lang='grc' dir='ltr'><strong>Β</strong></span> <span class='ocrx_word' id='word_1_246' title='bbox 1966 1840 1987 1867; x_wconf 71' lang='grc' dir='ltr'><strong>α</strong></span> <span class='ocrx_word' id='word_1_247' title='bbox 2014 1820 2102 1873; x_wconf 90' lang='lat' dir='ltr'>est</span> <span class='ocrx_word' id='word_1_248' title='bbox 2132 1817 2399 1873; x_wconf 89' lang='lat' dir='ltr'>Christus</span> <span class='ocrx_word' id='word_1_249' title='bbox 2430 1815 2613 1907; x_wconf 85' lang='lat' dir='ltr'>Filius</span> <span class='ocrx_word' id='word_1_250' title='bbox 2642 1816 2763 1871; x_wconf 89' lang='lat' dir='ltr'>Dei.</span> <span class='ocrx_word' id='word_1_251' title='bbox 2792 1840 2819 1866; x_wconf 86' lang='lat'>»</span> <span class='ocrx_word' id='word_1_252' title='bbox 2869 1816 3017 1882; x_wconf 83' lang='lat' dir='ltr'>Quia</span> <span class='ocrx_word' id='word_1_253' title='bbox 3065 1833 3201 1889; x_wconf 89' lang='lat' dir='ltr'>ergo</span> <span class='ocrx_word' id='word_1_254' title='bbox 3229 1818 3349 1873; x_wconf 79' lang='lat' dir='ltr'>haec</span> <span class='ocrx_word' id='word_1_255' title='bbox 3399 1820 3617 1893; x_wconf 88' lang='lat' dir='ltr'>scripta</span> 
     </span>
    </p>
   </div>
   <div class='ocr_carea' id='block_1_34' title="bbox 191 1903 1848 1981">
    <p class='ocr_par' dir='ltr' id='par_1_34' title="bbox 191 1903 1848 1981">
     <span class='ocr_line' id='line_1_34' title="bbox 191 1903 1848 1981; baseline -0.001 -19"><span class='ocrx_word' id='word_1_256' title='bbox 191 1909 495 1981; x_wconf 72' lang='lat' dir='ltr'>appareat,</span> <span class='ocrx_word' id='word_1_257' title='bbox 517 1908 808 1977; x_wconf 85' lang='lat' dir='ltr'>quatenus</span> <span class='ocrx_word' id='word_1_258' title='bbox 829 1903 1106 1959; x_wconf 89' lang='lat' dir='ltr'>omnibus</span> <span class='ocrx_word' id='word_1_259' title='bbox 1122 1920 1215 1959; x_wconf 91' lang='lat' dir='ltr'>me</span> <span class='ocrx_word' id='word_1_260' title='bbox 1230 1903 1597 1959; x_wconf 87' lang='lat' dir='ltr'>intuentibus</span> <span class='ocrx_word' id='word_1_261' title='bbox 1616 1904 1848 1976; x_wconf 87' lang='lat' dir='ltr'>signum</span> 
     </span>
    </p>
   </div>
   <div class='ocr_carea' id='block_1_35' title="bbox 192 1990 1851 2053">
    <p class='ocr_par' dir='ltr' id='par_1_35' title="bbox 192 1990 1851 2053">
     <span class='ocr_line' id='line_1_35' title="bbox 192 1990 1851 2053; baseline -0.003 0"><span class='ocrx_word' id='word_1_262' title='bbox 192 2012 329 2053; x_wconf 58' lang='lat' dir='ltr'>mea</span> <span class='ocrx_word' id='word_1_263' title='bbox 378 1991 635 2050; x_wconf 67' lang='lat' dir='ltr'>victoria:</span> <span class='ocrx_word' id='word_1_264' title='bbox 667 1990 1086 2048; x_wconf 89' lang='lat' dir='ltr'>manifestent:</span> <span class='ocrx_word' id='word_1_265' title='bbox 1135 1990 1219 2047; x_wconf 91' lang='lat' dir='ltr'>sic</span> <span class='ocrx_word' id='word_1_266' title='bbox 1266 1995 1321 2046; x_wconf 93' lang='lat' dir='ltr'>et</span> <span class='ocrx_word' id='word_1_267' title='bbox 1346 1992 1636 2047; x_wconf 87' lang='lat' dir='ltr'>Dominus</span> <span class='ocrx_word' id='word_1_268' title='bbox 1680 1993 1851 2049; x_wconf 86' lang='lat' dir='ltr'>Jesus</span> 
     </span>
    </p>
   </div>
   <div class='ocr_carea' id='block_1_36' title="bbox 190 2079 1850 2154">
    <p class='ocr_par' dir='ltr' id='par_1_36' title="bbox 190 2079 1850 2154">
     <span class='ocr_line' id='line_1_36' title="bbox 190 2079 1850 2154; baseline -0.002 -14"><span class='ocrx_word' id='word_1_269' title='bbox 190 2082 461 2140; x_wconf 83' lang='lat' dir='ltr'>Christus</span> <span class='ocrx_word' id='word_1_270' title='bbox 485 2081 730 2137; x_wconf 85' lang='lat' dir='ltr'>vulnera</span> <span class='ocrx_word' id='word_1_271' title='bbox 759 2079 1051 2153; x_wconf 87' lang='lat' dir='ltr'>passionis</span> <span class='ocrx_word' id='word_1_272' title='bbox 1081 2097 1200 2136; x_wconf 67' lang='lat' dir='ltr'>sua:</span> <span class='ocrx_word' id='word_1_273' title='bbox 1230 2079 1296 2151; x_wconf 81' lang='lat' dir='ltr'>in</span> <span class='ocrx_word' id='word_1_274' title='bbox 1323 2079 1533 2136; x_wconf 74' lang='lat' dir='ltr'>coelum</span> <span class='ocrx_word' id='word_1_275' title='bbox 1556 2086 1850 2154; x_wconf 88' lang='lat' dir='ltr'>reportare</span> 
     </span>
    </p>
   </div>
   <div class='ocr_carea' id='block_1_37' title="bbox 187 2168 1848 2243">
    <p class='ocr_par' dir='ltr' id='par_1_37' title="bbox 187 2168 1848 2243">
     <span class='ocr_line' id='line_1_37' title="bbox 187 2168 1848 2243; baseline -0.001 -14"><span class='ocrx_word' id='word_1_276' title='bbox 187 2171 389 2237; x_wconf 82' lang='lat' dir='ltr'>voluit,</span> <span class='ocrx_word' id='word_1_277' title='bbox 419 2175 486 2226; x_wconf 91' lang='lat' dir='ltr'>ut</span> <span class='ocrx_word' id='word_1_278' title='bbox 514 2169 646 2243; x_wconf 88' lang='lat' dir='ltr'>ipsa</span> <span class='ocrx_word' id='word_1_279' title='bbox 676 2186 811 2226; x_wconf 88' lang='lat' dir='ltr'>cum</span> <span class='ocrx_word' id='word_1_280' title='bbox 841 2168 1140 2225; x_wconf 87' lang='lat' dir='ltr'>victoriam</span> <span class='ocrx_word' id='word_1_281' title='bbox 1180 2169 1458 2226; x_wconf 84' lang='lat' dir='ltr'>habuisse</span> <span class='ocrx_word' id='word_1_282' title='bbox 1489 2171 1559 2225; x_wconf 90' lang='lat' dir='ltr'>de</span> <span class='ocrx_word' id='word_1_283' title='bbox 1608 2171 1848 2242; x_wconf 90' lang='lat' dir='ltr'>antiquo</span> 
     </span>
    </p>
   </div>
   <div class='ocr_carea' id='block_1_38' title="bbox 191 2259 814 2319">
    <p class='ocr_par' dir='ltr' id='par_1_38' title="bbox 191 2259 814 2319">
     <span class='ocr_line' id='line_1_38' title="bbox 191 2259 814 2319; baseline -0.008 -2"><span class='ocrx_word' id='word_1_284' title='bbox 191 2259 355 2317; x_wconf 84' lang='lat' dir='ltr'>hoste</span> <span class='ocrx_word' id='word_1_285' title='bbox 386 2259 814 2319; x_wconf 86' lang='lat' dir='ltr'>demonstrent.</span> 
     </span>
    </p>
   </div>
   <div class='ocr_carea' id='block_1_39' title="bbox 202 2346 1850 2421">
    <p class='ocr_par' dir='ltr' id='par_1_39' title="bbox 202 2346 1850 2421">
     <span class='ocr_line' id='line_1_39' title="bbox 202 2346 1850 2421; baseline 0.001 -20"><span class='ocrx_word' id='word_1_286' title='bbox 202 2400 205 2401; x_wconf 30' lang='grc' dir='ltr'><em>ν</em></span> <span class='ocrx_word' id='word_1_287' title='bbox 253 2372 281 2399; x_wconf 81' lang='grc'><strong>‹‹</strong></span> <span class='ocrx_word' id='word_1_288' title='bbox 316 2347 648 2421; x_wconf 80' lang='lat' dir='ltr'>Respondit</span> <span class='ocrx_word' id='word_1_289' title='bbox 699 2347 973 2403; x_wconf 88' lang='lat' dir='ltr'>Thomas.</span> <span class='ocrx_word' id='word_1_290' title='bbox 1027 2369 1057 2396; x_wconf 90' lang='lat'>»</span> <span class='ocrx_word' id='word_1_291' title='bbox 1106 2346 1360 2403; x_wconf 90' lang='lat' dir='ltr'>Thomas</span> <span class='ocrx_word' id='word_1_292' title='bbox 1435 2347 1850 2419; x_wconf 88' lang='lat' dir='ltr'>interpretatur</span> 
     </span>
    </p>
   </div>
   <div class='ocr_carea' id='block_1_40' title="bbox 188 2434 1847 2510">
    <p class='ocr_par' dir='ltr' id='par_1_40' title="bbox 188 2434 1847 2510">
     <span class='ocr_line' id='line_1_40' title="bbox 188 2434 1847 2510; baseline -0.002 -16"><span class='ocrx_word' id='word_1_293' title='bbox 188 2439 440 2510; x_wconf 72' lang='lat' dir='ltr'>abyssus.</span> <span class='ocrx_word' id='word_1_294' title='bbox 482 2437 617 2501; x_wconf 76' lang='lat' dir='ltr'>Quae</span> <span class='ocrx_word' id='word_1_295' title='bbox 660 2434 1063 2507; x_wconf 87' lang='lat' dir='ltr'>interpretatio</span> <span class='ocrx_word' id='word_1_296' title='bbox 1104 2435 1359 2491; x_wconf 89' lang='lat' dir='ltr'>nominis</span> <span class='ocrx_word' id='word_1_297' title='bbox 1388 2440 1541 2491; x_wconf 90' lang='lat' dir='ltr'>recte</span> <span class='ocrx_word' id='word_1_298' title='bbox 1570 2435 1655 2491; x_wconf 89' lang='lat' dir='ltr'>illi</span> <span class='ocrx_word' id='word_1_299' title='bbox 1688 2438 1847 2492; x_wconf 60' lang='lat' dir='ltr'>&#39;con-</span> 
     </span>
    </p>
   </div>
   <div class='ocr_carea' id='block_1_41' title="bbox 182 2523 1847 2598">
    <p class='ocr_par' dir='ltr' id='par_1_41' title="bbox 182 2523 1847 2598">
     <span class='ocr_line' id='line_1_41' title="bbox 182 2523 1847 2598; baseline 0.001 -18"><span class='ocrx_word' id='word_1_300' title='bbox 182 2526 364 2598; x_wconf 84' lang='lat' dir='ltr'>gruit,</span> <span class='ocrx_word' id='word_1_301' title='bbox 403 2524 544 2598; x_wconf 89' lang='lat' dir='ltr'>quia</span> <span class='ocrx_word' id='word_1_302' title='bbox 572 2523 726 2579; x_wconf 89' lang='lat' dir='ltr'>sicut</span> <span class='ocrx_word' id='word_1_303' title='bbox 757 2523 1006 2597; x_wconf 83' lang='lat' dir='ltr'>abyssus</span> <span class='ocrx_word' id='word_1_304' title='bbox 1024 2523 1377 2580; x_wconf 88' lang='lat' dir='ltr'>immensam</span> <span class='ocrx_word' id='word_1_305' title='bbox 1409 2524 1586 2581; x_wconf 88' lang='lat' dir='ltr'>habet</span> <span class='ocrx_word' id='word_1_306' title='bbox 1613 2526 1847 2597; x_wconf 89' lang='lat' dir='ltr'>profun-</span> 
     </span>
    </p>
   </div>
   <div class='ocr_carea' id='block_1_42' title="bbox 177 2611 1847 2686">
    <p class='ocr_par' dir='ltr' id='par_1_42' title="bbox 177 2611 1847 2686">
     <span class='ocr_line' id='line_1_42' title="bbox 177 2611 1847 2686; baseline -0.001 -15"><span class='ocrx_word' id='word_1_307' title='bbox 177 2615 455 2679; x_wconf 73' lang='lat' dir='ltr'>ditatem,</span> <span class='ocrx_word' id='word_1_308' title='bbox 479 2613 565 2670; x_wconf 87' lang='lat' dir='ltr'>sic</span> <span class='ocrx_word' id='word_1_309' title='bbox 588 2613 711 2685; x_wconf 89' lang='lat' dir='ltr'>ipse</span> <span class='ocrx_word' id='word_1_310' title='bbox 741 2611 1033 2684; x_wconf 84' lang='lat' dir='ltr'>palpando</span> <span class='ocrx_word' id='word_1_311' title='bbox 1062 2612 1432 2668; x_wconf 89' lang='lat' dir='ltr'>Dominicum</span> <span class='ocrx_word' id='word_1_312' title='bbox 1464 2631 1693 2686; x_wconf 89' lang='lat' dir='ltr'>corpus,</span> <span class='ocrx_word' id='word_1_313' title='bbox 1716 2632 1847 2686; x_wconf 84' lang='lat' dir='ltr'>pro-</span> 
     </span>
    </p>
   </div>
   <div class='ocr_carea' id='block_1_43' title="bbox 174 2700 1847 2775">
    <p class='ocr_par' dir='ltr' id='par_1_43' title="bbox 174 2700 1847 2775">
     <span class='ocr_line' id='line_1_43' title="bbox 174 2700 1847 2775; baseline -0.001 -14"><span class='ocrx_word' id='word_1_314' title='bbox 174 2704 438 2761; x_wconf 80' lang='lat' dir='ltr'>fundum</span> <span class='ocrx_word' id='word_1_315' title='bbox 452 2702 567 2758; x_wconf 79' lang='lat' dir='ltr'>divi</span> <span class='ocrx_word' id='word_1_316' title='bbox 578 2701 778 2758; x_wconf 84' lang='lat' dir='ltr'>uitatis</span> <span class='ocrx_word' id='word_1_317' title='bbox 789 2701 849 2756; x_wconf 90' lang='lat' dir='ltr'>in</span> <span class='ocrx_word' id='word_1_318' title='bbox 862 2718 929 2757; x_wconf 92' lang='lat' dir='ltr'>eo</span> <span class='ocrx_word' id='word_1_319' title='bbox 942 2700 1318 2765; x_wconf 83' lang='lat' dir='ltr'>intellexit,r.le</span> <span class='ocrx_word' id='word_1_320' title='bbox 1331 2719 1446 2774; x_wconf 89' lang='lat' dir='ltr'>quo</span> <span class='ocrx_word' id='word_1_321' title='bbox 1459 2704 1743 2775; x_wconf 90' lang='lat' dir='ltr'>scriptum</span> <span class='ocrx_word' id='word_1_322' title='bbox 1758 2709 1847 2759; x_wconf 89' lang='lat' dir='ltr'>est</span> 
     </span>
    </p>
   </div>
   <div class='ocr_carea' id='block_1_44' title="bbox 183 2789 1843 2863">
    <p class='ocr_par' dir='ltr' id='par_1_44' title="bbox 183 2789 1843 2863">
     <span class='ocr_line' id='line_1_44' title="bbox 183 2789 1843 2863; baseline 0.002 -20"><span class='ocrx_word' id='word_1_323' title='bbox 183 2793 452 2849; x_wconf 71' lang='lat' dir='ltr'>.Judieia</span> <span class='ocrx_word' id='word_1_324' title='bbox 467 2792 833 2863; x_wconf 79' lang='lat' dir='ltr'>tuaabyssus</span> <span class='ocrx_word' id='word_1_325' title='bbox 854 2789 1231 2859; x_wconf 75' lang='lat' dir='ltr'>multa(Psa.l.</span> <span class='ocrx_word' id='word_1_326' title='bbox 1255 2792 1476 2863; x_wconf 79' lang='lat' dir='ltr'>xxxv).»</span> <span class='ocrx_word' id='word_1_327' title='bbox 1502 2792 1669 2847; x_wconf 86' lang='lat' dir='ltr'>Aliud</span> <span class='ocrx_word' id='word_1_328' title='bbox 1687 2793 1843 2847; x_wconf 90' lang='lat' dir='ltr'>enim</span> 
     </span>
    </p>
   </div>
   <div class='ocr_carea' id='block_1_45' title="bbox 180 2879 1841 2954">
    <p class='ocr_par' dir='ltr' id='par_1_45' title="bbox 180 2879 1841 2954">
     <span class='ocr_line' id='line_1_45' title="bbox 180 2879 1841 2954; baseline -0.001 -16"><span class='ocrx_word' id='word_1_329' title='bbox 180 2882 717 2954; x_wconf 83' lang='lat' dir='ltr'>palpavitcorpore,</span> <span class='ocrx_word' id='word_1_330' title='bbox 740 2879 966 2936; x_wconf 80' lang='lat' dir='ltr'>etaliud</span> <span class='ocrx_word' id='word_1_331' title='bbox 991 2879 1237 2935; x_wconf 87' lang='lat' dir='ltr'>credidit</span> <span class='ocrx_word' id='word_1_332' title='bbox 1256 2880 1446 2936; x_wconf 90' lang='lat' dir='ltr'>corde.</span> <span class='ocrx_word' id='word_1_333' title='bbox 1471 2880 1841 2953; x_wconf 87' lang='lat' dir='ltr'>Palpavitho—</span> 
     </span>
    </p>
   </div>
   <div class='ocr_carea' id='block_1_46' title="bbox 181 2968 1839 3037">
    <p class='ocr_par' dir='ltr' id='par_1_46' title="bbox 181 2968 1839 3037">
     <span class='ocr_line' id='line_1_46' title="bbox 181 2968 1839 3037; baseline -0.001 -11"><span class='ocrx_word' id='word_1_334' title='bbox 181 2971 428 3036; x_wconf 85' lang='lat' dir='ltr'>minem,</span> <span class='ocrx_word' id='word_1_335' title='bbox 466 2968 715 3025; x_wconf 89' lang='lat' dir='ltr'>credidit</span> <span class='ocrx_word' id='word_1_336' title='bbox 750 2974 948 3025; x_wconf 91' lang='lat' dir='ltr'>Deum.</span> <span class='ocrx_word' id='word_1_337' title='bbox 998 2969 1067 3024; x_wconf 90' lang='lat' dir='ltr'>Et</span> <span class='ocrx_word' id='word_1_338' title='bbox 1104 2968 1233 3024; x_wconf 90' lang='lat' dir='ltr'>ideo</span> <span class='ocrx_word' id='word_1_339' title='bbox 1272 2968 1625 3037; x_wconf 82' lang='lat' dir='ltr'>exclamans,</span> <span class='ocrx_word' id='word_1_340' title='bbox 1660 2970 1839 3025; x_wconf 87' lang='lat' dir='ltr'>dixit:</span> 
     </span>
    </p>
   </div>
   <div class='ocr_carea' id='block_1_47' title="bbox 184 3056 1845 3126">
    <p class='ocr_par' dir='ltr' id='par_1_47' title="bbox 184 3056 1845 3126">
     <span class='ocr_line' id='line_1_47' title="bbox 184 3056 1845 3126; baseline 0 -13"><span class='ocrx_word' id='word_1_341' title='bbox 184 3081 213 3108; x_wconf 83' lang='grc'>‹‹</span> <span class='ocrx_word' id='word_1_342' title='bbox 247 3059 538 3115; x_wconf 89' lang='lat' dir='ltr'>Dominus</span> <span class='ocrx_word' id='word_1_343' title='bbox 582 3074 771 3126; x_wconf 88' lang='lat' dir='ltr'>meus,</span> <span class='ocrx_word' id='word_1_344' title='bbox 797 3060 854 3113; x_wconf 88' lang='lat' dir='ltr'>et</span> <span class='ocrx_word' id='word_1_345' title='bbox 867 3056 1021 3113; x_wconf 88' lang='lat' dir='ltr'>Deus</span> <span class='ocrx_word' id='word_1_346' title='bbox 1044 3073 1228 3112; x_wconf 89' lang='lat' dir='ltr'>meus.</span> <span class='ocrx_word' id='word_1_347' title='bbox 1257 3080 1285 3106; x_wconf 83' lang='lat'><em>»</em></span> <span class='ocrx_word' id='word_1_348' title='bbox 1308 3057 1591 3113; x_wconf 90' lang='lat' dir='ltr'>Dominus</span> <span class='ocrx_word' id='word_1_349' title='bbox 1608 3075 1643 3113; x_wconf 90' lang='lat' dir='ltr'>a</span> <span class='ocrx_word' id='word_1_350' title='bbox 1661 3059 1845 3114; x_wconf 90' lang='lat' dir='ltr'>domi-</span> 
     </span>
    </p>
   </div>
   <div class='ocr_carea' id='block_1_48' title="bbox 186 3144 1842 3217">
    <p class='ocr_par' dir='ltr' id='par_1_48' title="bbox 186 3144 1842 3217">
     <span class='ocr_line' id='line_1_48' title="bbox 186 3144 1842 3217; baseline 0 -14"><span class='ocrx_word' id='word_1_351' title='bbox 186 3151 330 3203; x_wconf 82' lang='lat' dir='ltr'>natu</span> <span class='ocrx_word' id='word_1_352' title='bbox 356 3147 577 3203; x_wconf 87' lang='lat' dir='ltr'>dicitur</span> <span class='ocrx_word' id='word_1_353' title='bbox 604 3165 617 3213; x_wconf 89' lang='lat'><strong>;</strong></span> <span class='ocrx_word' id='word_1_354' title='bbox 651 3147 806 3202; x_wconf 87' lang='lat' dir='ltr'>Deus</span> <span class='ocrx_word' id='word_1_355' title='bbox 831 3162 866 3202; x_wconf 91' lang='lat' dir='ltr'>a</span> <span class='ocrx_word' id='word_1_356' title='bbox 895 3144 1122 3211; x_wconf 87' lang='lat' dir='ltr'>timore,</span> <span class='ocrx_word' id='word_1_357' title='bbox 1155 3146 1308 3201; x_wconf 89' lang='lat' dir='ltr'>sicut</span> <span class='ocrx_word' id='word_1_358' title='bbox 1353 3145 1594 3217; x_wconf 88' lang='lat' dir='ltr'>quidam</span> <span class='ocrx_word' id='word_1_359' title='bbox 1647 3147 1718 3203; x_wconf 90' lang='lat' dir='ltr'>de</span> <span class='ocrx_word' id='word_1_360' title='bbox 1748 3165 1842 3203; x_wconf 87' lang='lat' dir='ltr'>sa-</span> 
     </span>
    </p>
   </div>
   <div class='ocr_carea' id='block_1_49' title="bbox 189 3235 693 3307">
    <p class='ocr_par' dir='ltr' id='par_1_49' title="bbox 189 3235 693 3307">
     <span class='ocr_line' id='line_1_49' title="bbox 189 3235 693 3307; baseline -0.004 -15"><span class='ocrx_word' id='word_1_361' title='bbox 189 3236 487 3307; x_wconf 83' lang='lat' dir='ltr'>pientibus</span> <span class='ocrx_word' id='word_1_362' title='bbox 517 3235 693 3293; x_wconf 88' lang='lat' dir='ltr'>dicit:</span> 
     </span>
    </p>
   </div>
   <div class='ocr_carea' id='block_1_50' title="bbox 379 3366 1548 3419">
    <p class='ocr_par' dir='ltr' id='par_1_50' title="bbox 379 3366 1548 3419">
     <span class='ocr_line' id='line_1_50' title="bbox 379 3366 1548 3419; baseline -0.001 0"><span class='ocrx_word' id='word_1_363' title='bbox 379 3370 587 3419; x_wconf 86' lang='lat' dir='ltr'>Primus</span> <span class='ocrx_word' id='word_1_364' title='bbox 618 3368 671 3417; x_wconf 86' lang='lat' dir='ltr'>in</span> <span class='ocrx_word' id='word_1_365' title='bbox 701 3367 831 3417; x_wconf 88' lang='lat' dir='ltr'>orbe</span> <span class='ocrx_word' id='word_1_366' title='bbox 861 3366 990 3417; x_wconf 86' lang='lat' dir='ltr'>deos</span> <span class='ocrx_word' id='word_1_367' title='bbox 1019 3367 1143 3417; x_wconf 84' lang='lat' dir='ltr'>fecit</span> <span class='ocrx_word' id='word_1_368' title='bbox 1169 3367 1342 3418; x_wconf 88' lang='lat' dir='ltr'>inesse</span> <span class='ocrx_word' id='word_1_369' title='bbox 1373 3369 1548 3418; x_wconf 90' lang='lat' dir='ltr'>timor.</span> 
     </span>
    </p>
   </div>
   <div class='ocr_carea' id='block_1_51' title="bbox 198 3490 1845 3565">
    <p class='ocr_par' dir='ltr' id='par_1_51' title="bbox 198 3490 1845 3565">
     <span class='ocr_line' id='line_1_51' title="bbox 198 3490 1845 3565; baseline 0.001 -17"><span class='ocrx_word' id='word_1_370' title='bbox 198 3492 264 3561; x_wconf 77' lang='lat' dir='ltr'>Et</span> <span class='ocrx_word' id='word_1_371' title='bbox 294 3493 606 3550; x_wconf 88' lang='lat' dir='ltr'>Salomon:</span> <span class='ocrx_word' id='word_1_372' title='bbox 643 3491 887 3548; x_wconf 79' lang='lat' dir='ltr'>«Deum</span> <span class='ocrx_word' id='word_1_373' title='bbox 937 3490 1097 3558; x_wconf 83' lang='lat' dir='ltr'>time,</span> <span class='ocrx_word' id='word_1_374' title='bbox 1142 3494 1199 3546; x_wconf 91' lang='lat' dir='ltr'>et</span> <span class='ocrx_word' id='word_1_375' title='bbox 1241 3492 1517 3548; x_wconf 81' lang='lat' dir='ltr'>mandata</span> <span class='ocrx_word' id='word_1_376' title='bbox 1562 3492 1691 3565; x_wconf 87' lang='lat' dir='ltr'>ejus</span> <span class='ocrx_word' id='word_1_377' title='bbox 1740 3494 1845 3550; x_wconf 90' lang='lat' dir='ltr'>ob-</span> 
     </span>
    </p>
   </div>
   <div class='ocr_carea' id='block_1_52' title="bbox 198 3579 1849 3650">
    <p class='ocr_par' dir='ltr' id='par_1_52' title="bbox 198 3579 1849 3650">
     <span class='ocr_line' id='line_1_52' title="bbox 198 3579 1849 3650; baseline 0 -12"><span class='ocrx_word' id='word_1_378' title='bbox 198 3598 361 3639; x_wconf 81' lang='lat' dir='ltr'>serva</span> <span class='ocrx_word' id='word_1_379' title='bbox 403 3582 598 3650; x_wconf 83' lang='lat' dir='ltr'>(Eccle.</span> <span class='ocrx_word' id='word_1_380' title='bbox 632 3584 751 3648; x_wconf 80' lang='lat' dir='ltr'>xu).</span> <span class='ocrx_word' id='word_1_381' title='bbox 786 3602 815 3630; x_wconf 87' lang='lat'>»</span> <span class='ocrx_word' id='word_1_382' title='bbox 864 3581 930 3636; x_wconf 90' lang='lat' dir='ltr'>Et</span> <span class='ocrx_word' id='word_1_383' title='bbox 958 3579 1210 3635; x_wconf 90' lang='lat' dir='ltr'>iterum:</span> <span class='ocrx_word' id='word_1_384' title='bbox 1270 3603 1298 3630; x_wconf 85' lang='lat'><strong>«</strong></span> <span class='ocrx_word' id='word_1_385' title='bbox 1332 3580 1496 3637; x_wconf 89' lang='lat' dir='ltr'>Time</span> <span class='ocrx_word' id='word_1_386' title='bbox 1553 3587 1735 3637; x_wconf 91' lang='lat' dir='ltr'>Deum</span> <span class='ocrx_word' id='word_1_387' title='bbox 1792 3587 1849 3638; x_wconf 89' lang='lat' dir='ltr'>et</span> 
     </span>
    </p>
   </div>
   <div class='ocr_carea' id='block_1_53' title="bbox 202 3667 1849 3741">
    <p class='ocr_par' dir='ltr' id='par_1_53' title="bbox 202 3667 1849 3741">
     <span class='ocr_line' id='line_1_53' title="bbox 202 3667 1849 3741; baseline 0 -15"><span class='ocrx_word' id='word_1_388' title='bbox 202 3671 395 3726; x_wconf 77' lang='lat' dir='ltr'>recede</span> <span class='ocrx_word' id='word_1_389' title='bbox 423 3688 457 3725; x_wconf 89' lang='lat' dir='ltr'>a</span> <span class='ocrx_word' id='word_1_390' title='bbox 482 3668 660 3725; x_wconf 87' lang='lat' dir='ltr'>malo.</span> <span class='ocrx_word' id='word_1_391' title='bbox 694 3668 926 3725; x_wconf 84' lang='lat' dir='ltr'>Sanitas</span> <span class='ocrx_word' id='word_1_392' title='bbox 956 3667 1173 3741; x_wconf 91' lang='lat' dir='ltr'>quippe</span> <span class='ocrx_word' id='word_1_393' title='bbox 1201 3667 1312 3723; x_wconf 91' lang='lat' dir='ltr'>erit</span> <span class='ocrx_word' id='word_1_394' title='bbox 1342 3668 1618 3726; x_wconf 90' lang='lat' dir='ltr'>umbilico</span> <span class='ocrx_word' id='word_1_395' title='bbox 1638 3675 1760 3738; x_wconf 90' lang='lat' dir='ltr'>tuo,</span> <span class='ocrx_word' id='word_1_396' title='bbox 1792 3675 1849 3727; x_wconf 89' lang='lat' dir='ltr'>et</span> 
     </span>
    </p>
   </div>
   <div class='ocr_carea' id='block_1_54' title="bbox 207 3757 1849 3833">
    <p class='ocr_par' dir='ltr' id='par_1_54' title="bbox 207 3757 1849 3833">
     <span class='ocr_line' id='line_1_54' title="bbox 207 3757 1849 3833; baseline 0.001 -19"><span class='ocrx_word' id='word_1_397' title='bbox 207 3758 455 3833; x_wconf 83' lang='lat' dir='ltr'>irrigatio</span> <span class='ocrx_word' id='word_1_398' title='bbox 514 3757 739 3814; x_wconf 88' lang='lat' dir='ltr'>ossium</span> <span class='ocrx_word' id='word_1_399' title='bbox 788 3761 1027 3815; x_wconf 87' lang='lat' dir='ltr'>tuorum</span> <span class='ocrx_word' id='word_1_400' title='bbox 1085 3757 1266 3828; x_wconf 83' lang='lat' dir='ltr'>(Prov.</span> <span class='ocrx_word' id='word_1_401' title='bbox 1302 3757 1407 3829; x_wconf 81' lang='grc' dir='ltr'>ιιι).</span> <span class='ocrx_word' id='word_1_402' title='bbox 1444 3780 1471 3807; x_wconf 85' lang='grc'><strong>››</strong></span> <span class='ocrx_word' id='word_1_403' title='bbox 1531 3759 1693 3822; x_wconf 88' lang='lat' dir='ltr'>Quod</span> <span class='ocrx_word' id='word_1_404' title='bbox 1741 3778 1849 3815; x_wconf 83' lang='lat' dir='ltr'>no-</span> 
     </span>
    </p>
   </div>
   <div class='ocr_carea' id='block_1_55' title="bbox 210 3845 1849 3919">
    <p class='ocr_par' dir='ltr' id='par_1_55' title="bbox 210 3845 1849 3919">
     <span class='ocr_line' id='line_1_55' title="bbox 210 3845 1849 3919; baseline 0.001 -17"><span class='ocrx_word' id='word_1_405' title='bbox 210 3864 335 3903; x_wconf 89' lang='lat' dir='ltr'>men</span> <span class='ocrx_word' id='word_1_406' title='bbox 363 3852 511 3905; x_wconf 90' lang='lat' dir='ltr'>recte</span> <span class='ocrx_word' id='word_1_407' title='bbox 541 3845 628 3902; x_wconf 90' lang='lat' dir='ltr'>illi</span> <span class='ocrx_word' id='word_1_408' title='bbox 674 3845 1061 3903; x_wconf 86' lang='lat' dir='ltr'>essentialiter</span> <span class='ocrx_word' id='word_1_409' title='bbox 1108 3847 1395 3914; x_wconf 87' lang='lat' dir='ltr'>convenit,</span> <span class='ocrx_word' id='word_1_410' title='bbox 1448 3847 1545 3919; x_wconf 91' lang='lat' dir='ltr'>qui</span> <span class='ocrx_word' id='word_1_411' title='bbox 1596 3850 1684 3903; x_wconf 90' lang='lat' dir='ltr'>est</span> <span class='ocrx_word' id='word_1_412' title='bbox 1732 3848 1849 3903; x_wconf 83' lang='lat' dir='ltr'>Rex</span> 
     </span>
    </p>
   </div>
   <div class='ocr_carea' id='block_1_56' title="bbox 211 3934 1851 4009">
    <p class='ocr_par' dir='ltr' id='par_1_56' title="bbox 211 3934 1851 4009">
     <span class='ocr_line' id='line_1_56' title="bbox 211 3934 1851 4009; baseline -0.001 -18"><span class='ocrx_word' id='word_1_413' title='bbox 211 3952 397 4009; x_wconf 85' lang='lat' dir='ltr'>regum</span> <span class='ocrx_word' id='word_1_414' title='bbox 427 3941 485 3993; x_wconf 89' lang='lat' dir='ltr'>et</span> <span class='ocrx_word' id='word_1_415' title='bbox 512 3935 801 3992; x_wconf 90' lang='lat' dir='ltr'>Dominus</span> <span class='ocrx_word' id='word_1_416' title='bbox 819 3934 1272 4001; x_wconf 86' lang='lat' dir='ltr'>dominantium,</span> <span class='ocrx_word' id='word_1_417' title='bbox 1298 3938 1354 3991; x_wconf 91' lang='lat' dir='ltr'>et</span> <span class='ocrx_word' id='word_1_418' title='bbox 1379 3952 1555 4007; x_wconf 88' lang='lat' dir='ltr'>super</span> <span class='ocrx_word' id='word_1_419' title='bbox 1570 3935 1851 3990; x_wconf 90' lang='lat' dir='ltr'>omniati-</span> 
     </span>
    </p>
   </div>
   <div class='ocr_carea' id='block_1_57' title="bbox 214 4025 1848 4096">
    <p class='ocr_par' dir='ltr' id='par_1_57' title="bbox 214 4025 1848 4096">
     <span class='ocr_line' id='line_1_57' title="bbox 214 4025 1848 4096; baseline -0.002 -14"><span class='ocrx_word' id='word_1_420' title='bbox 214 4028 463 4092; x_wconf 81' lang='lat' dir='ltr'>mendas,</span> <span class='ocrx_word' id='word_1_421' title='bbox 497 4025 800 4091; x_wconf 89' lang='lat' dir='ltr'>colendus,</span> <span class='ocrx_word' id='word_1_422' title='bbox 832 4028 889 4080; x_wconf 88' lang='lat' dir='ltr'>et</span> <span class='ocrx_word' id='word_1_423' title='bbox 926 4025 1310 4091; x_wconf 88' lang='lat' dir='ltr'>venerandus,</span> <span class='ocrx_word' id='word_1_424' title='bbox 1345 4025 1437 4080; x_wconf 92' lang='lat' dir='ltr'>cui</span> <span class='ocrx_word' id='word_1_425' title='bbox 1472 4042 1572 4096; x_wconf 90' lang='lat' dir='ltr'>per</span> <span class='ocrx_word' id='word_1_426' title='bbox 1603 4025 1848 4096; x_wconf 89' lang='lat' dir='ltr'>prophe-</span> 
     </span>
    </p>
   </div>
   <div class='ocr_carea' id='block_1_58' title="bbox 218 4112 1852 4180">
    <p class='ocr_par' dir='ltr' id='par_1_58' title="bbox 218 4112 1852 4180">
     <span class='ocr_line' id='line_1_58' title="bbox 218 4112 1852 4180; baseline -0.001 -11"><span class='ocrx_word' id='word_1_427' title='bbox 218 4118 325 4169; x_wconf 85' lang='lat' dir='ltr'>tam</span> <span class='ocrx_word' id='word_1_428' title='bbox 353 4115 592 4171; x_wconf 84' lang='lat' dir='ltr'>dicitur:</span> <span class='ocrx_word' id='word_1_429' title='bbox 629 4137 657 4166; x_wconf 84' lang='lat'><strong>«</strong></span> <span class='ocrx_word' id='word_1_430' title='bbox 683 4116 769 4169; x_wconf 90' lang='lat' dir='ltr'>Tu</span> <span class='ocrx_word' id='word_1_431' title='bbox 803 4113 960 4168; x_wconf 88' lang='lat' dir='ltr'>enim</span> <span class='ocrx_word' id='word_1_432' title='bbox 986 4112 1171 4169; x_wconf 80' lang='lat' dir='ltr'>fecisti</span> <span class='ocrx_word' id='word_1_433' title='bbox 1190 4113 1409 4180; x_wconf 86' lang='lat' dir='ltr'>omnia,</span> <span class='ocrx_word' id='word_1_434' title='bbox 1434 4112 1644 4169; x_wconf 75' lang='lat' dir='ltr'>cmlum</span> <span class='ocrx_word' id='word_1_435' title='bbox 1667 4118 1724 4169; x_wconf 91' lang='lat' dir='ltr'>et</span> <span class='ocrx_word' id='word_1_436' title='bbox 1743 4118 1852 4170; x_wconf 89' lang='lat' dir='ltr'>ter-</span> 
     </span>
    </p>
   </div>
   <div class='ocr_carea' id='block_1_59' title="bbox 221 4201 1855 4275">
    <p class='ocr_par' dir='ltr' id='par_1_59' title="bbox 221 4201 1855 4275">
     <span class='ocr_line' id='line_1_59' title="bbox 221 4201 1855 4275; baseline 0 -17"><span class='ocrx_word' id='word_1_437' title='bbox 221 4218 349 4268; x_wconf 84' lang='lat' dir='ltr'>ram,</span> <span class='ocrx_word' id='word_1_438' title='bbox 372 4208 429 4260; x_wconf 88' lang='lat' dir='ltr'>et</span> <span class='ocrx_word' id='word_1_439' title='bbox 457 4203 730 4259; x_wconf 88' lang='lat' dir='ltr'>universa</span> <span class='ocrx_word' id='word_1_440' title='bbox 749 4220 878 4275; x_wconf 84' lang='lat' dir='ltr'>quae</span> <span class='ocrx_word' id='word_1_441' title='bbox 909 4201 1037 4258; x_wconf 76' lang='grc' dir='ltr'>οωΙὶ</span> <span class='ocrx_word' id='word_1_442' title='bbox 1067 4202 1290 4257; x_wconf 89' lang='lat' dir='ltr'>ambitu</span> <span class='ocrx_word' id='word_1_443' title='bbox 1323 4201 1714 4267; x_wconf 89' lang='lat' dir='ltr'>continentur,</span> <span class='ocrx_word' id='word_1_444' title='bbox 1749 4204 1855 4258; x_wconf 93' lang='lat' dir='ltr'>Do-</span> 
     </span>
    </p>
   </div>
   <div class='ocr_carea' id='block_1_60' title="bbox 228 4291 1851 4362">
    <p class='ocr_par' dir='ltr' id='par_1_60' title="bbox 228 4291 1851 4362">
     <span class='ocr_line' id='line_1_60' title="bbox 228 4291 1851 4362; baseline 0.001 -16"><span class='ocrx_word' id='word_1_445' title='bbox 228 4291 399 4348; x_wconf 87' lang='lat' dir='ltr'>minus</span> <span class='ocrx_word' id='word_1_446' title='bbox 426 4291 834 4348; x_wconf 87' lang='lat' dir='ltr'>universorum</span> <span class='ocrx_word' id='word_1_447' title='bbox 866 4295 929 4346; x_wconf 90' lang='lat' dir='ltr'>tu</span> <span class='ocrx_word' id='word_1_448' title='bbox 972 4307 1034 4346; x_wconf 90' lang='lat' dir='ltr'>es</span> <span class='ocrx_word' id='word_1_449' title='bbox 1078 4291 1307 4361; x_wconf 78' lang='lat' dir='ltr'>(Esther.</span> <span class='ocrx_word' id='word_1_450' title='bbox 1328 4291 1470 4362; x_wconf 85' lang='lat' dir='ltr'>xm).</span> <span class='ocrx_word' id='word_1_451' title='bbox 1504 4313 1530 4337; x_wconf 92' lang='grc'><strong>››</strong></span> <span class='ocrx_word' id='word_1_452' title='bbox 1561 4294 1851 4356; x_wconf 84' lang='lat' dir='ltr'>Quantam</span> 
     </span>
    </p>
   </div>
   <div class='ocr_carea' id='block_1_61' title="bbox 230 4378 1855 4447">
    <p class='ocr_par' dir='ltr' id='par_1_61' title="bbox 230 4378 1855 4447">
     <span class='ocr_line' id='line_1_61' title="bbox 230 4378 1855 4447; baseline 0.001 -13"><span class='ocrx_word' id='word_1_453' title='bbox 230 4384 396 4437; x_wconf 82' lang='lat' dir='ltr'>autem</span> <span class='ocrx_word' id='word_1_454' title='bbox 426 4380 958 4437; x_wconf 87' lang='lat' dir='ltr'>remunerationem</span> <span class='ocrx_word' id='word_1_455' title='bbox 999 4378 1213 4435; x_wconf 86' lang='lat' dir='ltr'>habeat</span> <span class='ocrx_word' id='word_1_456' title='bbox 1245 4380 1410 4447; x_wconf 82' lang='lat' dir='ltr'>ﬁdes,</span> <span class='ocrx_word' id='word_1_457' title='bbox 1444 4381 1855 4436; x_wconf 81' lang='lat' dir='ltr'>manifestatur</span> 
     </span>
    </p>
   </div>
   <div class='ocr_carea' id='block_1_62' title="bbox 233 4470 670 4526">
    <p class='ocr_par' dir='ltr' id='par_1_62' title="bbox 233 4470 670 4526">
     <span class='ocr_line' id='line_1_62' title="bbox 233 4470 670 4526; baseline 0.007 -4"><span class='ocrx_word' id='word_1_458' title='bbox 233 4482 340 4525; x_wconf 87' lang='lat' dir='ltr'>cum</span> <span class='ocrx_word' id='word_1_459' title='bbox 368 4470 670 4526; x_wconf 85' lang='lat' dir='ltr'>subditur:</span> 
     </span>
    </p>
   </div>
   <div class='ocr_carea' id='block_1_63' title="bbox 290 4556 1931 4644">
    <p class='ocr_par' dir='ltr' id='par_1_63' title="bbox 290 4556 1931 4644">
     <span class='ocr_line' id='line_1_63' title="bbox 290 4556 1931 4644; baseline -0.001 -30"><span class='ocrx_word' id='word_1_460' title='bbox 290 4583 310 4607; x_wconf 82' lang='grc' dir='ltr'>α</span> <span class='ocrx_word' id='word_1_461' title='bbox 339 4559 483 4614; x_wconf 88' lang='lat' dir='ltr'>Dicit</span> <span class='ocrx_word' id='word_1_462' title='bbox 510 4559 563 4614; x_wconf 88' lang='lat' dir='ltr'>ei</span> <span class='ocrx_word' id='word_1_463' title='bbox 587 4559 761 4614; x_wconf 84' lang='lat' dir='ltr'>Jesus</span> <span class='ocrx_word' id='word_1_464' title='bbox 785 4575 798 4613; x_wconf 91' lang='lat'>:</span> <span class='ocrx_word' id='word_1_465' title='bbox 824 4558 968 4624; x_wconf 86' lang='lat' dir='ltr'>Quia</span> <span class='ocrx_word' id='word_1_466' title='bbox 1001 4556 1195 4613; x_wconf 89' lang='lat' dir='ltr'>vidisti</span> <span class='ocrx_word' id='word_1_467' title='bbox 1229 4573 1340 4621; x_wconf 90' lang='lat' dir='ltr'>me,</span> <span class='ocrx_word' id='word_1_468' title='bbox 1375 4556 1619 4625; x_wconf 89' lang='lat' dir='ltr'>Thoma,</span> <span class='ocrx_word' id='word_1_469' title='bbox 1668 4558 1851 4614; x_wconf 91' lang='lat' dir='ltr'>credi-</span> <span class='ocrx_word' id='word_1_470' title='bbox 1888 4580 1931 4644; x_wconf 69' lang='grc' dir='ltr'>Β</span> 
     </span>
    </p>
   </div>
   <div class='ocr_carea' id='block_1_64' title="bbox 236 4645 1852 4717">
    <p class='ocr_par' dir='ltr' id='par_1_64' title="bbox 236 4645 1852 4717">
     <span class='ocr_line' id='line_1_64' title="bbox 236 4645 1852 4717; baseline -0.004 -16"><span class='ocrx_word' id='word_1_471' title='bbox 236 4646 437 4703; x_wconf 80' lang='lat' dir='ltr'>«disti:</span> <span class='ocrx_word' id='word_1_472' title='bbox 492 4646 647 4702; x_wconf 88' lang='lat' dir='ltr'>beati</span> <span class='ocrx_word' id='word_1_473' title='bbox 695 4646 797 4717; x_wconf 90' lang='lat' dir='ltr'>qui</span> <span class='ocrx_word' id='word_1_474' title='bbox 849 4662 964 4702; x_wconf 90' lang='lat' dir='ltr'>non</span> <span class='ocrx_word' id='word_1_475' title='bbox 1019 4645 1288 4702; x_wconf 88' lang='lat' dir='ltr'>viderunt</span> <span class='ocrx_word' id='word_1_476' title='bbox 1316 4650 1371 4700; x_wconf 92' lang='lat' dir='ltr'>et</span> <span class='ocrx_word' id='word_1_477' title='bbox 1397 4645 1787 4701; x_wconf 89' lang='lat' dir='ltr'>crediderunt.</span> <span class='ocrx_word' id='word_1_478' title='bbox 1826 4668 1852 4695; x_wconf 89' lang='grc'><strong>››</strong></span> 
     </span>
    </p>
   </div>
   <div class='ocr_carea' id='block_1_65' title="bbox 237 4733 1855 4792">
    <p class='ocr_par' dir='ltr' id='par_1_65' title="bbox 237 4733 1855 4792">
     <span class='ocr_line' id='line_1_65' title="bbox 237 4733 1855 4792; baseline 0.001 -2"><span class='ocrx_word' id='word_1_479' title='bbox 237 4734 283 4790; x_wconf 85' lang='lat' dir='ltr'>lu</span> <span class='ocrx_word' id='word_1_480' title='bbox 308 4735 405 4792; x_wconf 90' lang='lat' dir='ltr'>hoc</span> <span class='ocrx_word' id='word_1_481' title='bbox 434 4734 722 4792; x_wconf 84' lang='lat' dir='ltr'>versiculo</span> <span class='ocrx_word' id='word_1_482' title='bbox 752 4751 868 4790; x_wconf 86' lang='lat' dir='ltr'>non</span> <span class='ocrx_word' id='word_1_483' title='bbox 900 4734 1091 4790; x_wconf 84' lang='lat' dir='ltr'>solum</span> <span class='ocrx_word' id='word_1_484' title='bbox 1123 4735 1268 4790; x_wconf 86' lang='lat' dir='ltr'>ﬁdes</span> <span class='ocrx_word' id='word_1_485' title='bbox 1297 4734 1532 4790; x_wconf 75' lang='lat' dir='ltr'>Thomas</span> <span class='ocrx_word' id='word_1_486' title='bbox 1560 4733 1855 4791; x_wconf 86' lang='lat' dir='ltr'>collauda-</span> 
     </span>
    </p>
   </div>
   <div class='ocr_carea' id='block_1_66' title="bbox 235 4822 1859 4894">
    <p class='ocr_par' dir='ltr' id='par_1_66' title="bbox 235 4822 1859 4894">
     <span class='ocr_line' id='line_1_66' title="bbox 235 4822 1859 4894; baseline 0.002 -17"><span class='ocrx_word' id='word_1_487' title='bbox 235 4827 325 4890; x_wconf 87' lang='lat' dir='ltr'>tur,</span> <span class='ocrx_word' id='word_1_488' title='bbox 354 4826 450 4881; x_wconf 90' lang='lat' dir='ltr'>sed</span> <span class='ocrx_word' id='word_1_489' title='bbox 499 4826 680 4881; x_wconf 85' lang='lat' dir='ltr'>etiam</span> <span class='ocrx_word' id='word_1_490' title='bbox 738 4827 937 4879; x_wconf 89' lang='lat' dir='ltr'>nostra</span> <span class='ocrx_word' id='word_1_491' title='bbox 966 4822 1127 4879; x_wconf 90' lang='lat' dir='ltr'>salus</span> <span class='ocrx_word' id='word_1_492' title='bbox 1179 4824 1375 4877; x_wconf 89' lang='lat' dir='ltr'>futura</span> <span class='ocrx_word' id='word_1_493' title='bbox 1405 4824 1758 4894; x_wconf 69' lang='lat' dir='ltr'>prmdicitur,</span> <span class='ocrx_word' id='word_1_494' title='bbox 1791 4841 1859 4880; x_wconf 88' lang='lat' dir='ltr'>ac</span> 
     </span>
    </p>
   </div>
   <div class='ocr_carea' id='block_1_67' title="bbox 238 4912 1857 4986">
    <p class='ocr_par' dir='ltr' id='par_1_67' title="bbox 238 4912 1857 4986">
     <span class='ocr_line' id='line_1_67' title="bbox 238 4912 1857 4986; baseline 0.001 -17"><span class='ocrx_word' id='word_1_495' title='bbox 238 4914 275 4969; x_wconf 86' lang='lat' dir='ltr'>si</span> <span class='ocrx_word' id='word_1_496' title='bbox 297 4915 500 4972; x_wconf 87' lang='lat' dir='ltr'>diceret</span> <span class='ocrx_word' id='word_1_497' title='bbox 530 4914 850 4971; x_wconf 89' lang='lat' dir='ltr'>Dominus:</span> <span class='ocrx_word' id='word_1_498' title='bbox 884 4915 972 4969; x_wconf 93' lang='lat' dir='ltr'>Tu</span> <span class='ocrx_word' id='word_1_499' title='bbox 1003 4912 1238 4984; x_wconf 88' lang='lat' dir='ltr'>quidem</span> <span class='ocrx_word' id='word_1_500' title='bbox 1272 4913 1475 4969; x_wconf 87' lang='lat' dir='ltr'>beatus</span> <span class='ocrx_word' id='word_1_501' title='bbox 1502 4930 1585 4981; x_wconf 89' lang='lat' dir='ltr'>es,</span> <span class='ocrx_word' id='word_1_502' title='bbox 1612 4915 1748 4986; x_wconf 87' lang='lat' dir='ltr'>quia</span> <span class='ocrx_word' id='word_1_503' title='bbox 1774 4914 1857 4970; x_wconf 89' lang='lat' dir='ltr'>vi-</span> 
     </span>
    </p>
   </div>
   <div class='ocr_carea' id='block_1_68' title="bbox 240 4999 1857 5075">
    <p class='ocr_par' dir='ltr' id='par_1_68' title="bbox 240 4999 1857 5075">
     <span class='ocr_line' id='line_1_68' title="bbox 240 4999 1857 5075; baseline 0.001 -18"><span class='ocrx_word' id='word_1_504' title='bbox 240 5002 347 5059; x_wconf 78' lang='lat' dir='ltr'>dicti</span> <span class='ocrx_word' id='word_1_505' title='bbox 362 5021 453 5060; x_wconf 88' lang='lat' dir='ltr'>me</span> <span class='ocrx_word' id='word_1_506' title='bbox 473 5007 531 5060; x_wconf 89' lang='lat' dir='ltr'>et</span> <span class='ocrx_word' id='word_1_507' title='bbox 552 5002 875 5069; x_wconf 87' lang='lat' dir='ltr'>credidisti,</span> <span class='ocrx_word' id='word_1_508' title='bbox 899 5002 1001 5058; x_wconf 87' lang='lat' dir='ltr'>sed</span> <span class='ocrx_word' id='word_1_509' title='bbox 1032 5007 1088 5057; x_wconf 91' lang='lat' dir='ltr'>et</span> <span class='ocrx_word' id='word_1_510' title='bbox 1117 4999 1201 5056; x_wconf 92' lang='lat' dir='ltr'>illi</span> <span class='ocrx_word' id='word_1_511' title='bbox 1229 5001 1381 5057; x_wconf 89' lang='lat' dir='ltr'>beati</span> <span class='ocrx_word' id='word_1_512' title='bbox 1404 5007 1594 5069; x_wconf 88' lang='lat' dir='ltr'>erunt,</span> <span class='ocrx_word' id='word_1_513' title='bbox 1624 5003 1722 5075; x_wconf 91' lang='lat' dir='ltr'>qui</span> <span class='ocrx_word' id='word_1_514' title='bbox 1744 5020 1857 5058; x_wconf 91' lang='lat' dir='ltr'>non</span> 
     </span>
    </p>
   </div>
   <div class='ocr_carea' id='block_1_69' title="bbox 238 5089 1859 5164">
    <p class='ocr_par' dir='ltr' id='par_1_69' title="bbox 238 5089 1859 5164">
     <span class='ocr_line' id='line_1_69' title="bbox 238 5089 1859 5164; baseline 0.002 -20"><span class='ocrx_word' id='word_1_515' title='bbox 238 5089 465 5150; x_wconf 81' lang='lat' dir='ltr'>videntes</span> <span class='ocrx_word' id='word_1_516' title='bbox 493 5109 589 5148; x_wconf 89' lang='lat' dir='ltr'>me</span> <span class='ocrx_word' id='word_1_517' title='bbox 637 5108 898 5164; x_wconf 88' lang='lat' dir='ltr'>corpore,</span> <span class='ocrx_word' id='word_1_518' title='bbox 943 5090 1220 5147; x_wconf 88' lang='lat' dir='ltr'>credituri</span> <span class='ocrx_word' id='word_1_519' title='bbox 1262 5093 1401 5146; x_wconf 91' lang='lat' dir='ltr'>sunt</span> <span class='ocrx_word' id='word_1_520' title='bbox 1430 5094 1644 5146; x_wconf 91' lang='lat' dir='ltr'>mente.</span> <span class='ocrx_word' id='word_1_521' title='bbox 1697 5092 1859 5157; x_wconf 86' lang='lat' dir='ltr'>Quod</span> 
     </span>
    </p>
   </div>
   <div class='ocr_carea' id='block_1_70' title="bbox 236 5177 1860 5252">
    <p class='ocr_par' dir='ltr' id='par_1_70' title="bbox 236 5177 1860 5252">
     <span class='ocr_line' id='line_1_70' title="bbox 236 5177 1860 5252; baseline 0.001 -19"><span class='ocrx_word' id='word_1_522' title='bbox 236 5184 400 5237; x_wconf 79' lang='lat' dir='ltr'>autem</span> <span class='ocrx_word' id='word_1_523' title='bbox 431 5181 547 5236; x_wconf 86' lang='lat' dir='ltr'>ait:</span> <span class='ocrx_word' id='word_1_524' title='bbox 606 5202 636 5231; x_wconf 72' lang='grc' dir='ltr'>α</span> <span class='ocrx_word' id='word_1_525' title='bbox 665 5180 827 5237; x_wconf 89' lang='lat' dir='ltr'>Beati</span> <span class='ocrx_word' id='word_1_526' title='bbox 890 5179 993 5252; x_wconf 91' lang='lat' dir='ltr'>qui</span> <span class='ocrx_word' id='word_1_527' title='bbox 1033 5195 1147 5234; x_wconf 92' lang='lat' dir='ltr'>non</span> <span class='ocrx_word' id='word_1_528' title='bbox 1196 5177 1467 5234; x_wconf 88' lang='lat' dir='ltr'>viderunt</span> <span class='ocrx_word' id='word_1_529' title='bbox 1509 5183 1566 5235; x_wconf 90' lang='lat' dir='ltr'>et</span> <span class='ocrx_word' id='word_1_530' title='bbox 1596 5180 1860 5235; x_wconf 91' lang='lat' dir='ltr'>credide-</span> 
     </span>
    </p>
   </div>
   <div class='ocr_carea' id='block_1_71' title="bbox 241 5268 1860 5342">
    <p class='ocr_par' dir='ltr' id='par_1_71' title="bbox 241 5268 1860 5342">
     <span class='ocr_line' id='line_1_71' title="bbox 241 5268 1860 5342; baseline -0.001 -18"><span class='ocrx_word' id='word_1_531' title='bbox 241 5274 365 5339; x_wconf 83' lang='lat' dir='ltr'>runt,</span> <span class='ocrx_word' id='word_1_532' title='bbox 386 5293 414 5322; x_wconf 72' lang='grc' dir='ltr'>υ</span> <span class='ocrx_word' id='word_1_533' title='bbox 444 5269 723 5342; x_wconf 68' lang='lat' dir='ltr'>praeteriti</span> <span class='ocrx_word' id='word_1_534' title='bbox 744 5269 1026 5341; x_wconf 84' lang='lat' dir='ltr'>temporis</span> <span class='ocrx_word' id='word_1_535' title='bbox 1046 5268 1220 5324; x_wconf 91' lang='lat' dir='ltr'>verbo</span> <span class='ocrx_word' id='word_1_536' title='bbox 1242 5285 1385 5324; x_wconf 89' lang='lat' dir='ltr'>usus</span> <span class='ocrx_word' id='word_1_537' title='bbox 1404 5272 1513 5336; x_wconf 90' lang='lat' dir='ltr'>est,</span> <span class='ocrx_word' id='word_1_538' title='bbox 1538 5269 1677 5339; x_wconf 90' lang='lat' dir='ltr'>quia</span> <span class='ocrx_word' id='word_1_539' title='bbox 1707 5269 1860 5341; x_wconf 90' lang='lat' dir='ltr'>apud</span> 
     </span>
    </p>
   </div>
   <div class='ocr_carea' id='block_1_72' title="bbox 241 5357 1692 5429">
    <p class='ocr_par' dir='ltr' id='par_1_72' title="bbox 241 5357 1692 5429">
     <span class='ocr_line' id='line_1_72' title="bbox 241 5357 1692 5429; baseline -0.001 -17"><span class='ocrx_word' id='word_1_540' title='bbox 241 5357 338 5427; x_wconf 78' lang='lat' dir='ltr'>ejus</span> <span class='ocrx_word' id='word_1_541' title='bbox 366 5357 736 5429; x_wconf 66' lang='lat' dir='ltr'>praesentiam</span> <span class='ocrx_word' id='word_1_542' title='bbox 766 5357 966 5414; x_wconf 88' lang='lat' dir='ltr'>omnia</span> <span class='ocrx_word' id='word_1_543' title='bbox 995 5358 1190 5414; x_wconf 84' lang='lat' dir='ltr'>futura</span> <span class='ocrx_word' id='word_1_544' title='bbox 1212 5357 1504 5429; x_wconf 58' lang='lat' dir='ltr'>praeterita</span> <span class='ocrx_word' id='word_1_545' title='bbox 1535 5361 1692 5412; x_wconf 91' lang='lat' dir='ltr'>sunt.</span> 
     </span>
    </p>
   </div>
   <div class='ocr_carea' id='block_1_73' title="bbox 292 5445 1865 5519">
    <p class='ocr_par' dir='ltr' id='par_1_73' title="bbox 292 5445 1865 5519">
     <span class='ocr_line' id='line_1_73' title="bbox 292 5445 1865 5519; baseline 0.002 -22"><span class='ocrx_word' id='word_1_546' title='bbox 292 5469 314 5497; x_wconf 76' lang='grc' dir='ltr'>(ί</span> <span class='ocrx_word' id='word_1_547' title='bbox 342 5447 523 5503; x_wconf 85' lang='lat' dir='ltr'>Multa</span> <span class='ocrx_word' id='word_1_548' title='bbox 552 5446 793 5519; x_wconf 88' lang='lat' dir='ltr'>quidem</span> <span class='ocrx_word' id='word_1_549' title='bbox 825 5451 882 5503; x_wconf 89' lang='lat' dir='ltr'>et</span> <span class='ocrx_word' id='word_1_550' title='bbox 910 5445 1026 5503; x_wconf 87' lang='lat' dir='ltr'>alia</span> <span class='ocrx_word' id='word_1_551' title='bbox 1058 5446 1230 5519; x_wconf 86' lang='lat' dir='ltr'>signa</span> <span class='ocrx_word' id='word_1_552' title='bbox 1256 5446 1393 5501; x_wconf 86' lang='lat' dir='ltr'>fecit</span> <span class='ocrx_word' id='word_1_553' title='bbox 1420 5446 1592 5502; x_wconf 88' lang='lat' dir='ltr'>Jesus</span> <span class='ocrx_word' id='word_1_554' title='bbox 1631 5445 1689 5500; x_wconf 90' lang='lat' dir='ltr'>in</span> <span class='ocrx_word' id='word_1_555' title='bbox 1727 5463 1865 5501; x_wconf 89' lang='lat' dir='ltr'>con-</span> 
     </span>
    </p>
   </div>
   <div class='ocr_carea' id='block_1_74' title="bbox 241 5534 1868 5608">
    <p class='ocr_par' dir='ltr' id='par_1_74' title="bbox 241 5534 1868 5608">
     <span class='ocr_line' id='line_1_74' title="bbox 241 5534 1868 5608; baseline 0 -17"><span class='ocrx_word' id='word_1_556' title='bbox 241 5556 262 5583; x_wconf 83' lang='lat'><strong>«</strong></span> <span class='ocrx_word' id='word_1_557' title='bbox 286 5540 470 5607; x_wconf 84' lang='lat' dir='ltr'>specta</span> <span class='ocrx_word' id='word_1_558' title='bbox 494 5534 923 5608; x_wconf 88' lang='lat' dir='ltr'>discipulorum</span> <span class='ocrx_word' id='word_1_559' title='bbox 946 5551 1186 5591; x_wconf 87' lang='lat' dir='ltr'>suorum</span> <span class='ocrx_word' id='word_1_560' title='bbox 1210 5551 1336 5605; x_wconf 60' lang='lat' dir='ltr'>quae</span> <span class='ocrx_word' id='word_1_561' title='bbox 1356 5551 1470 5590; x_wconf 92' lang='lat' dir='ltr'>non</span> <span class='ocrx_word' id='word_1_562' title='bbox 1492 5538 1631 5589; x_wconf 89' lang='lat' dir='ltr'>sunt</span> <span class='ocrx_word' id='word_1_563' title='bbox 1651 5534 1868 5605; x_wconf 88' lang='lat' dir='ltr'>scripta</span> 
     </span>
    </p>
   </div>
   <div class='ocr_carea' id='block_1_75' title="bbox 240 5623 1867 5703">
    <p class='ocr_par' dir='ltr' id='par_1_75' title="bbox 240 5623 1867 5703">
     <span class='ocr_line' id='line_1_75' title="bbox 240 5623 1867 5703; baseline 0.001 -25"><span class='ocrx_word' id='word_1_564' title='bbox 240 5623 332 5703; x_wconf 16' lang='lat' dir='ltr'>«Ain</span> <span class='ocrx_word' id='word_1_565' title='bbox 352 5623 501 5682; x_wconf 82' lang='lat' dir='ltr'>libro</span> <span class='ocrx_word' id='word_1_566' title='bbox 534 5624 665 5681; x_wconf 89' lang='lat' dir='ltr'>hoc.</span> <span class='ocrx_word' id='word_1_567' title='bbox 695 5648 723 5673; x_wconf 82' lang='lat'>»</span> <span class='ocrx_word' id='word_1_568' title='bbox 754 5624 813 5681; x_wconf 89' lang='lat' dir='ltr'>Si</span> <span class='ocrx_word' id='word_1_569' title='bbox 847 5624 980 5697; x_wconf 88' lang='lat' dir='ltr'>quis</span> <span class='ocrx_word' id='word_1_570' title='bbox 1011 5623 1385 5695; x_wconf 83' lang='lat' dir='ltr'>Evangelium</span> <span class='ocrx_word' id='word_1_571' title='bbox 1410 5624 1595 5679; x_wconf 87' lang='lat' dir='ltr'>sancti</span> <span class='ocrx_word' id='word_1_572' title='bbox 1624 5624 1867 5679; x_wconf 85' lang='lat' dir='ltr'>Joannis</span> 
     </span>
    </p>
   </div>
   <div class='ocr_carea' id='block_1_76' title="bbox 1962 1900 3613 1979">
    <p class='ocr_par' dir='ltr' id='par_1_76' title="bbox 1962 1900 3613 1979">
     <span class='ocr_line' id='line_1_76' title="bbox 1962 1900 3613 1979; baseline 0.001 -18"><span class='ocrx_word' id='word_1_573' title='bbox 1962 1911 2106 1961; x_wconf 88' lang='lat' dir='ltr'>sunt</span> <span class='ocrx_word' id='word_1_574' title='bbox 2130 1911 2195 1960; x_wconf 90' lang='lat' dir='ltr'>ut</span> <span class='ocrx_word' id='word_1_575' title='bbox 2224 1906 2474 1962; x_wconf 88' lang='lat' dir='ltr'>credatis</span> <span class='ocrx_word' id='word_1_576' title='bbox 2502 1900 2645 1979; x_wconf 84' lang='lat' dir='ltr'>quia</span> <span class='ocrx_word' id='word_1_577' title='bbox 2672 1906 2841 1961; x_wconf 86' lang='lat' dir='ltr'>Jesus</span> <span class='ocrx_word' id='word_1_578' title='bbox 2862 1908 2951 1960; x_wconf 90' lang='lat' dir='ltr'>est</span> <span class='ocrx_word' id='word_1_579' title='bbox 2981 1904 3244 1962; x_wconf 87' lang='lat' dir='ltr'>Christus</span> <span class='ocrx_word' id='word_1_580' title='bbox 3276 1906 3456 1963; x_wconf 84' lang='lat' dir='ltr'>Filius</span> <span class='ocrx_word' id='word_1_581' title='bbox 3489 1909 3613 1974; x_wconf 88' lang='lat' dir='ltr'>Dei,</span> 
     </span>
    </p>
   </div>
   <div class='ocr_carea' id='block_1_77' title="bbox 1961 1985 3613 2066">
    <p class='ocr_par' dir='ltr' id='par_1_77' title="bbox 1961 1985 3613 2066">
     <span class='ocr_line' id='line_1_77' title="bbox 1961 1985 3613 2066; baseline 0.001 -15"><span class='ocrx_word' id='word_1_582' title='bbox 1961 1995 2266 2051; x_wconf 87' lang='lat' dir='ltr'>erubescat</span> <span class='ocrx_word' id='word_1_583' title='bbox 2310 1994 2613 2061; x_wconf 89' lang='lat' dir='ltr'>Photinus,</span> <span class='ocrx_word' id='word_1_584' title='bbox 2666 1992 2766 2065; x_wconf 91' lang='lat' dir='ltr'>qui</span> <span class='ocrx_word' id='word_1_585' title='bbox 2796 1998 3027 2049; x_wconf 91' lang='lat' dir='ltr'>tantum</span> <span class='ocrx_word' id='word_1_586' title='bbox 3059 1985 3380 2066; x_wconf 84' lang='lat' dir='ltr'>hominem,</span> <span class='ocrx_word' id='word_1_587' title='bbox 3410 2000 3469 2051; x_wconf 91' lang='lat' dir='ltr'>et</span> <span class='ocrx_word' id='word_1_588' title='bbox 3498 2014 3613 2053; x_wconf 90' lang='lat' dir='ltr'>non</span> 
     </span>
    </p>
   </div>
   <div class='ocr_carea' id='block_1_78' title="bbox 1960 2082 3616 2156">
    <p class='ocr_par' dir='ltr' id='par_1_78' title="bbox 1960 2082 3616 2156">
     <span class='ocr_line' id='line_1_78' title="bbox 1960 2082 3616 2156; baseline 0.001 -17"><span class='ocrx_word' id='word_1_589' title='bbox 1960 2089 2143 2139; x_wconf 91' lang='lat' dir='ltr'>Deum</span> <span class='ocrx_word' id='word_1_590' title='bbox 2170 2083 2400 2139; x_wconf 88' lang='lat' dir='ltr'>credere</span> <span class='ocrx_word' id='word_1_591' title='bbox 2429 2082 2633 2139; x_wconf 90' lang='lat' dir='ltr'>voluit.</span> <span class='ocrx_word' id='word_1_592' title='bbox 2654 2083 2770 2138; x_wconf 90' lang='lat' dir='ltr'>Nos</span> <span class='ocrx_word' id='word_1_593' title='bbox 2802 2086 2999 2138; x_wconf 86' lang='lat' dir='ltr'>autem</span> <span class='ocrx_word' id='word_1_594' title='bbox 3024 2082 3355 2156; x_wconf 88' lang='lat' dir='ltr'>evangelica</span> <span class='ocrx_word' id='word_1_595' title='bbox 3371 2084 3616 2141; x_wconf 88' lang='lat' dir='ltr'>lectione</span> 
     </span>
    </p>
   </div>
   <div class='ocr_carea' id='block_1_79' title="bbox 1960 2170 3615 2243">
    <p class='ocr_par' dir='ltr' id='par_1_79' title="bbox 1960 2170 3615 2243">
     <span class='ocr_line' id='line_1_79' title="bbox 1960 2170 3615 2243; baseline 0.001 -16"><span class='ocrx_word' id='word_1_596' title='bbox 1960 2172 2252 2239; x_wconf 89' lang='lat' dir='ltr'>instructi,</span> <span class='ocrx_word' id='word_1_597' title='bbox 2286 2172 2592 2227; x_wconf 90' lang='lat' dir='ltr'>credamus</span> <span class='ocrx_word' id='word_1_598' title='bbox 2624 2171 2764 2243; x_wconf 89' lang='lat' dir='ltr'>quia</span> <span class='ocrx_word' id='word_1_599' title='bbox 2801 2171 2973 2226; x_wconf 89' lang='lat' dir='ltr'>Jesus</span> <span class='ocrx_word' id='word_1_600' title='bbox 3004 2170 3273 2228; x_wconf 81' lang='lat' dir='ltr'>Christus</span> <span class='ocrx_word' id='word_1_601' title='bbox 3306 2171 3485 2229; x_wconf 85' lang='lat' dir='ltr'>Filius</span> <span class='ocrx_word' id='word_1_602' title='bbox 3514 2174 3615 2229; x_wconf 88' lang='lat' dir='ltr'>Dei</span> 
     </span>
    </p>
   </div>
   <div class='ocr_carea' id='block_1_80' title="bbox 1960 2259 3614 2333">
    <p class='ocr_par' dir='ltr' id='par_1_80' title="bbox 1960 2259 3614 2333">
     <span class='ocr_line' id='line_1_80' title="bbox 1960 2259 3614 2333; baseline 0.002 -17"><span class='ocrx_word' id='word_1_603' title='bbox 1960 2261 2017 2316; x_wconf 92' lang='lat' dir='ltr'>in</span> <span class='ocrx_word' id='word_1_604' title='bbox 2049 2279 2167 2317; x_wconf 91' lang='lat' dir='ltr'>una</span> <span class='ocrx_word' id='word_1_605' title='bbox 2197 2262 2518 2332; x_wconf 88' lang='lat' dir='ltr'>eademque</span> <span class='ocrx_word' id='word_1_606' title='bbox 2543 2276 2791 2333; x_wconf 88' lang='lat' dir='ltr'>persona</span> <span class='ocrx_word' id='word_1_607' title='bbox 2817 2259 3108 2331; x_wconf 81' lang='lat' dir='ltr'>perfectus</span> <span class='ocrx_word' id='word_1_608' title='bbox 3129 2260 3301 2331; x_wconf 90' lang='lat' dir='ltr'>Deus,</span> <span class='ocrx_word' id='word_1_609' title='bbox 3323 2261 3614 2333; x_wconf 88' lang='lat' dir='ltr'>perfectus</span> 
     </span>
    </p>
   </div>
   <div class='ocr_carea' id='block_1_81' title="bbox 1957 2348 3610 2423">
    <p class='ocr_par' dir='ltr' id='par_1_81' title="bbox 1957 2348 3610 2423">
     <span class='ocr_line' id='line_1_81' title="bbox 1957 2348 3610 2423; baseline 0.001 -17"><span class='ocrx_word' id='word_1_610' title='bbox 1957 2355 2014 2406; x_wconf 90' lang='lat' dir='ltr'>et</span> <span class='ocrx_word' id='word_1_611' title='bbox 2042 2350 2237 2416; x_wconf 90' lang='lat' dir='ltr'>homo,</span> <span class='ocrx_word' id='word_1_612' title='bbox 2272 2350 2425 2405; x_wconf 88' lang='lat' dir='ltr'>Deus</span> <span class='ocrx_word' id='word_1_613' title='bbox 2474 2353 2607 2405; x_wconf 90' lang='lat' dir='ltr'>ante</span> <span class='ocrx_word' id='word_1_614' title='bbox 2651 2352 2934 2421; x_wconf 89' lang='lat' dir='ltr'>tempora,</span> <span class='ocrx_word' id='word_1_615' title='bbox 2984 2348 3159 2404; x_wconf 90' lang='lat' dir='ltr'>homo</span> <span class='ocrx_word' id='word_1_616' title='bbox 3188 2366 3256 2405; x_wconf 88' lang='lat' dir='ltr'>ex</span> <span class='ocrx_word' id='word_1_617' title='bbox 3310 2353 3610 2423; x_wconf 91' lang='lat' dir='ltr'>tempore:</span> 
     </span>
    </p>
   </div>
   <div class='ocr_carea' id='block_1_82' title="bbox 1958 2436 3613 2505">
    <p class='ocr_par' dir='ltr' id='par_1_82' title="bbox 1958 2436 3613 2505">
     <span class='ocr_line' id='line_1_82' title="bbox 1958 2436 3613 2505; baseline 0.001 -9"><span class='ocrx_word' id='word_1_618' title='bbox 1958 2442 2108 2496; x_wconf 89' lang='lat' dir='ltr'>Deus</span> <span class='ocrx_word' id='word_1_619' title='bbox 2126 2454 2195 2494; x_wconf 86' lang='lat' dir='ltr'>ex</span> <span class='ocrx_word' id='word_1_620' title='bbox 2216 2440 2402 2505; x_wconf 88' lang='lat' dir='ltr'>Patre,</span> <span class='ocrx_word' id='word_1_621' title='bbox 2430 2438 2603 2494; x_wconf 89' lang='lat' dir='ltr'>homo</span> <span class='ocrx_word' id='word_1_622' title='bbox 2634 2455 2702 2493; x_wconf 90' lang='lat' dir='ltr'>ex</span> <span class='ocrx_word' id='word_1_623' title='bbox 2734 2441 2939 2493; x_wconf 84' lang='lat' dir='ltr'>matre.</span> <span class='ocrx_word' id='word_1_624' title='bbox 2975 2436 3123 2502; x_wconf 87' lang='lat' dir='ltr'>Quid</span> <span class='ocrx_word' id='word_1_625' title='bbox 3166 2441 3361 2495; x_wconf 88' lang='lat' dir='ltr'>autem</span> <span class='ocrx_word' id='word_1_626' title='bbox 3405 2455 3476 2497; x_wconf 86' lang='lat' dir='ltr'>ex</span> <span class='ocrx_word' id='word_1_627' title='bbox 3504 2440 3613 2497; x_wconf 76' lang='lat' dir='ltr'>hac</span> 
     </span>
    </p>
   </div>
   <div class='ocr_carea' id='block_1_83' title="bbox 1956 2525 3612 2599">
    <p class='ocr_par' dir='ltr' id='par_1_83' title="bbox 1956 2525 3612 2599">
     <span class='ocr_line' id='line_1_83' title="bbox 1956 2525 3612 2599; baseline 0.001 -15"><span class='ocrx_word' id='word_1_628' title='bbox 1956 2527 2300 2584; x_wconf 87' lang='lat' dir='ltr'>credulitate</span> <span class='ocrx_word' id='word_1_629' title='bbox 2326 2543 2775 2599; x_wconf 89' lang='lat' dir='ltr'>consequamur,</span> <span class='ocrx_word' id='word_1_630' title='bbox 2810 2525 3224 2581; x_wconf 79' lang='lat' dir='ltr'>manifestatur</span> <span class='ocrx_word' id='word_1_631' title='bbox 3252 2543 3386 2583; x_wconf 89' lang='lat' dir='ltr'>cum</span> <span class='ocrx_word' id='word_1_632' title='bbox 3413 2530 3612 2586; x_wconf 89' lang='lat' dir='ltr'>subin-</span> 
     </span>
    </p>
   </div>
   <div class='ocr_carea' id='block_1_84' title="bbox 1953 2613 3609 2680">
    <p class='ocr_par' dir='ltr' id='par_1_84' title="bbox 1953 2613 3609 2680">
     <span class='ocr_line' id='line_1_84' title="bbox 1953 2613 3609 2680; baseline 0 -7"><span class='ocrx_word' id='word_1_633' title='bbox 1953 2618 2173 2673; x_wconf 89' lang='lat' dir='ltr'>fertur:</span> <span class='ocrx_word' id='word_1_634' title='bbox 2205 2638 2225 2664; x_wconf 70' lang='grc' dir='ltr'><strong><em>α</em></strong></span> <span class='ocrx_word' id='word_1_635' title='bbox 2252 2617 2320 2670; x_wconf 88' lang='lat' dir='ltr'>Et</span> <span class='ocrx_word' id='word_1_636' title='bbox 2352 2619 2416 2670; x_wconf 93' lang='lat' dir='ltr'>ut</span> <span class='ocrx_word' id='word_1_637' title='bbox 2443 2616 2765 2680; x_wconf 89' lang='lat' dir='ltr'>credentes,</span> <span class='ocrx_word' id='word_1_638' title='bbox 2796 2613 2972 2669; x_wconf 88' lang='lat' dir='ltr'>vitam</span> <span class='ocrx_word' id='word_1_639' title='bbox 3004 2613 3268 2671; x_wconf 84' lang='lat' dir='ltr'>habeatis</span> <span class='ocrx_word' id='word_1_640' title='bbox 3291 2616 3348 2670; x_wconf 88' lang='lat' dir='ltr'>iu</span> <span class='ocrx_word' id='word_1_641' title='bbox 3372 2618 3609 2674; x_wconf 86' lang='lat' dir='ltr'>nomine</span> 
     </span>
    </p>
   </div>
   <div class='ocr_carea' id='block_1_85' title="bbox 1953 2701 3616 2777">
    <p class='ocr_par' dir='ltr' id='par_1_85' title="bbox 1953 2701 3616 2777">
     <span class='ocr_line' id='line_1_85' title="bbox 1953 2701 3616 2777; baseline 0.004 -22"><span class='ocrx_word' id='word_1_642' title='bbox 1953 2729 1979 2756; x_wconf 85' lang='lat'><strong>«</strong></span> <span class='ocrx_word' id='word_1_643' title='bbox 2016 2705 2223 2777; x_wconf 89' lang='lat' dir='ltr'>ipsius.</span> <span class='ocrx_word' id='word_1_644' title='bbox 2243 2728 2264 2753; x_wconf 69' lang='grc' dir='ltr'>ι»</span> <span class='ocrx_word' id='word_1_645' title='bbox 2290 2705 2351 2759; x_wconf 91' lang='lat' dir='ltr'>In</span> <span class='ocrx_word' id='word_1_646' title='bbox 2376 2703 2609 2758; x_wconf 89' lang='lat' dir='ltr'>nomine</span> <span class='ocrx_word' id='word_1_647' title='bbox 2630 2719 2766 2774; x_wconf 85' lang='lat' dir='ltr'>ergo</span> <span class='ocrx_word' id='word_1_648' title='bbox 2782 2703 2912 2772; x_wconf 88' lang='lat' dir='ltr'>ejus</span> <span class='ocrx_word' id='word_1_649' title='bbox 2932 2701 3047 2757; x_wconf 86' lang='lat' dir='ltr'>vita</span> <span class='ocrx_word' id='word_1_650' title='bbox 3067 2703 3259 2769; x_wconf 89' lang='lat' dir='ltr'>datur,</span> <span class='ocrx_word' id='word_1_651' title='bbox 3280 2703 3383 2775; x_wconf 92' lang='lat' dir='ltr'>qui</span> <span class='ocrx_word' id='word_1_652' title='bbox 3403 2710 3616 2762; x_wconf 87' lang='lat' dir='ltr'>semet-</span> 
     </span>
    </p>
   </div>
   <div class='ocr_carea' id='block_1_86' title="bbox 1954 2791 3608 2867">
    <p class='ocr_par' dir='ltr' id='par_1_86' title="bbox 1954 2791 3608 2867">
     <span class='ocr_line' id='line_1_86' title="bbox 1954 2791 3608 2867; baseline 0.001 -18"><span class='ocrx_word' id='word_1_653' title='bbox 1954 2794 2147 2867; x_wconf 91' lang='lat' dir='ltr'>ipsum</span> <span class='ocrx_word' id='word_1_654' title='bbox 2166 2792 2537 2848; x_wconf 89' lang='lat' dir='ltr'>credentibus</span> <span class='ocrx_word' id='word_1_655' title='bbox 2558 2792 2753 2858; x_wconf 88' lang='lat' dir='ltr'>donat,</span> <span class='ocrx_word' id='word_1_656' title='bbox 2769 2792 2870 2862; x_wconf 86' lang='lat' dir='ltr'>qui</span> <span class='ocrx_word' id='word_1_657' title='bbox 2892 2795 2981 2846; x_wconf 89' lang='lat' dir='ltr'>est</span> <span class='ocrx_word' id='word_1_658' title='bbox 2994 2814 3021 2840; x_wconf 85' lang='grc'>‹‹</span> <span class='ocrx_word' id='word_1_659' title='bbox 3036 2791 3148 2858; x_wconf 89' lang='lat' dir='ltr'>via,</span> <span class='ocrx_word' id='word_1_660' title='bbox 3163 2792 3395 2859; x_wconf 88' lang='lat' dir='ltr'>veritas,</span> <span class='ocrx_word' id='word_1_661' title='bbox 3411 2798 3471 2849; x_wconf 90' lang='lat' dir='ltr'>et</span> <span class='ocrx_word' id='word_1_662' title='bbox 3489 2794 3608 2850; x_wconf 87' lang='lat' dir='ltr'>vita</span> 
     </span>
    </p>
   </div>
   <div class='ocr_carea' id='block_1_87' title="bbox 1953 2878 3605 2955">
    <p class='ocr_par' dir='ltr' id='par_1_87' title="bbox 1953 2878 3605 2955">
     <span class='ocr_line' id='line_1_87' title="bbox 1953 2878 3605 2955; baseline 0.001 -16"><span class='ocrx_word' id='word_1_663' title='bbox 1953 2885 2128 2955; x_wconf 81' lang='lat' dir='ltr'>(Joan.</span> <span class='ocrx_word' id='word_1_664' title='bbox 2161 2882 2294 2953; x_wconf 79' lang='lat' dir='ltr'>xiv),</span> <span class='ocrx_word' id='word_1_665' title='bbox 2334 2903 2354 2931; x_wconf 75' lang='grc' dir='ltr'><strong>ιο</strong></span> <span class='ocrx_word' id='word_1_666' title='bbox 2390 2881 2543 2935; x_wconf 90' lang='lat' dir='ltr'>sicut</span> <span class='ocrx_word' id='word_1_667' title='bbox 2572 2879 2697 2953; x_wconf 90' lang='lat' dir='ltr'>ipse</span> <span class='ocrx_word' id='word_1_668' title='bbox 2745 2878 2883 2934; x_wconf 90' lang='lat' dir='ltr'>alibi</span> <span class='ocrx_word' id='word_1_669' title='bbox 2919 2878 3027 2934; x_wconf 88' lang='lat' dir='ltr'>ait:</span> <span class='ocrx_word' id='word_1_670' title='bbox 3069 2902 3099 2929; x_wconf 86' lang='grc'>‹‹</span> <span class='ocrx_word' id='word_1_671' title='bbox 3132 2879 3262 2935; x_wconf 65' lang='lat' dir='ltr'>Haec</span> <span class='ocrx_word' id='word_1_672' title='bbox 3292 2886 3381 2936; x_wconf 89' lang='lat' dir='ltr'>est</span> <span class='ocrx_word' id='word_1_673' title='bbox 3409 2886 3605 2940; x_wconf 87' lang='lat' dir='ltr'>autem</span> 
     </span>
    </p>
   </div>
   <div class='ocr_carea' id='block_1_88' title="bbox 1950 2967 3605 3041">
    <p class='ocr_par' dir='ltr' id='par_1_88' title="bbox 1950 2967 3605 3041">
     <span class='ocr_line' id='line_1_88' title="bbox 1950 2967 3605 3041; baseline 0.001 -14"><span class='ocrx_word' id='word_1_674' title='bbox 1950 2973 2069 3028; x_wconf 89' lang='lat' dir='ltr'>vita</span> <span class='ocrx_word' id='word_1_675' title='bbox 2117 2975 2351 3035; x_wconf 80' lang='lat' dir='ltr'>aeterna,</span> <span class='ocrx_word' id='word_1_676' title='bbox 2407 2973 2472 3024; x_wconf 90' lang='lat' dir='ltr'>ut</span> <span class='ocrx_word' id='word_1_677' title='bbox 2502 2972 2856 3041; x_wconf 88' lang='lat' dir='ltr'>cognoscant</span> <span class='ocrx_word' id='word_1_678' title='bbox 2884 2972 2941 3023; x_wconf 89' lang='lat' dir='ltr'>to</span> <span class='ocrx_word' id='word_1_679' title='bbox 2972 2967 3391 3026; x_wconf 84' lang='lat' dir='ltr'>solumverum</span> <span class='ocrx_word' id='word_1_680' title='bbox 3420 2970 3605 3029; x_wconf 86' lang='lat' dir='ltr'>Deum</span> 
     </span>
    </p>
   </div>
   <div class='ocr_carea' id='block_1_89' title="bbox 1952 3056 3463 3132">
    <p class='ocr_par' dir='ltr' id='par_1_89' title="bbox 1952 3056 3463 3132">
     <span class='ocr_line' id='line_1_89' title="bbox 1952 3056 3463 3132; baseline -0.005 -16"><span class='ocrx_word' id='word_1_681' title='bbox 1952 3065 2010 3116; x_wconf 91' lang='lat' dir='ltr'>et</span> <span class='ocrx_word' id='word_1_682' title='bbox 2026 3076 2199 3132; x_wconf 88' lang='lat' dir='ltr'>quem</span> <span class='ocrx_word' id='word_1_683' title='bbox 2233 3057 2443 3114; x_wconf 90' lang='lat' dir='ltr'>misisti</span> <span class='ocrx_word' id='word_1_684' title='bbox 2475 3058 2677 3114; x_wconf 89' lang='lat' dir='ltr'>Jesum</span> <span class='ocrx_word' id='word_1_685' title='bbox 2708 3056 3007 3112; x_wconf 86' lang='lat' dir='ltr'>Christum</span> <span class='ocrx_word' id='word_1_686' title='bbox 3042 3056 3217 3128; x_wconf 79' lang='lat' dir='ltr'>(Joan.</span> <span class='ocrx_word' id='word_1_687' title='bbox 3250 3058 3406 3130; x_wconf 86' lang='lat' dir='ltr'>xvu).</span> <span class='ocrx_word' id='word_1_688' title='bbox 3434 3082 3463 3108; x_wconf 84' lang='lat'>»</span> 
     </span>
    </p>
   </div>
   <div class='ocr_carea' id='block_1_90' title="bbox 2483 3188 3071 3245">
    <p class='ocr_par' dir='ltr' id='par_1_90' title="bbox 2483 3188 3071 3245">
     <span class='ocr_line' id='line_1_90' title="bbox 2483 3188 3071 3245; baseline -0.003 0"><span class='ocrx_word' id='word_1_689' title='bbox 2483 3189 2788 3245; x_wconf 85' lang='lat' dir='ltr'>HOMILIA</span> <span class='ocrx_word' id='word_1_690' title='bbox 2811 3188 3071 3244; x_wconf 87' lang='lat' dir='ltr'>LXXXII.</span> 
     </span>
    </p>
   </div>
   <div class='ocr_carea' id='block_1_91' title="bbox 1956 3278 3601 3345">
    <p class='ocr_par' dir='ltr' id='par_1_91' title="bbox 1956 3278 3601 3345">
     <span class='ocr_line' id='line_1_91' title="bbox 1956 3278 3601 3345; baseline -0.001 -9"><span class='ocrx_word' id='word_1_691' title='bbox 1956 3296 2230 3336; x_wconf 74' lang='lat' dir='ltr'>DOMINICA</span> <span class='ocrx_word' id='word_1_692' title='bbox 2259 3295 2516 3335; x_wconf 71' lang='lat' dir='ltr'>securum</span> <span class='ocrx_word' id='word_1_693' title='bbox 2547 3295 2684 3334; x_wconf 74' lang='lat' dir='ltr'>pos&#39;r</span> <span class='ocrx_word' id='word_1_694' title='bbox 2708 3294 2943 3345; x_wconf 62' lang='lat' dir='ltr'>pascua,</span> <span class='ocrx_word' id='word_1_695' title='bbox 2967 3278 3337 3334; x_wconf 76' lang='lat' dir='ltr'>Misericordia</span> <span class='ocrx_word' id='word_1_696' title='bbox 3361 3281 3601 3336; x_wconf 76' lang='lat' dir='ltr'>Domini.</span> 
     </span>
    </p>
   </div>
   <div class='ocr_carea' id='block_1_92' title="bbox 2025 3402 3602 3478">
    <p class='ocr_par' dir='ltr' id='par_1_92' title="bbox 2025 3402 3602 3478">
     <span class='ocr_line' id='line_1_92' title="bbox 2025 3402 3602 3478; baseline 0 -17"><span class='ocrx_word' id='word_1_697' title='bbox 2025 3406 2072 3476; x_wconf 94' lang='grc' dir='ltr'>(Ι</span> <span class='ocrx_word' id='word_1_698' title='bbox 2098 3407 2267 3461; x_wconf 74' lang='lat' dir='ltr'>Pam.</span> <span class='ocrx_word' id='word_1_699' title='bbox 2303 3407 2385 3471; x_wconf 83' lang='grc' dir='ltr'>ιι.)</span> <span class='ocrx_word' id='word_1_700' title='bbox 2417 3425 2444 3453; x_wconf 91' lang='grc'>‹‹</span> <span class='ocrx_word' id='word_1_701' title='bbox 2478 3402 2839 3470; x_wconf 88' lang='lat' dir='ltr'>Charissimi,</span> <span class='ocrx_word' id='word_1_702' title='bbox 2863 3402 3129 3460; x_wconf 88' lang='lat' dir='ltr'>Christus</span> <span class='ocrx_word' id='word_1_703' title='bbox 3151 3420 3360 3476; x_wconf 89' lang='lat' dir='ltr'>passus</span> <span class='ocrx_word' id='word_1_704' title='bbox 3381 3407 3471 3461; x_wconf 90' lang='lat' dir='ltr'>est</span> <span class='ocrx_word' id='word_1_705' title='bbox 3499 3422 3602 3478; x_wconf 88' lang='lat' dir='ltr'>pro</span> 
     </span>
    </p>
   </div>
   <div class='ocr_carea' id='block_1_93' title="bbox 1956 3490 3603 3565">
    <p class='ocr_par' dir='ltr' id='par_1_93' title="bbox 1956 3490 3603 3565">
     <span class='ocr_line' id='line_1_93' title="bbox 1956 3490 3603 3565; baseline 0.001 -18"><span class='ocrx_word' id='word_1_706' title='bbox 1956 3518 1985 3547; x_wconf 84' lang='lat'><strong><em>«</em></strong></span> <span class='ocrx_word' id='word_1_707' title='bbox 2016 3494 2207 3560; x_wconf 89' lang='lat' dir='ltr'>nobis,</span> <span class='ocrx_word' id='word_1_708' title='bbox 2241 3493 2411 3549; x_wconf 91' lang='lat' dir='ltr'>nobis</span> <span class='ocrx_word' id='word_1_709' title='bbox 2440 3490 2775 3561; x_wconf 89' lang='lat' dir='ltr'>relinquens</span> <span class='ocrx_word' id='word_1_710' title='bbox 2795 3492 3148 3564; x_wconf 87' lang='lat' dir='ltr'>exemplum,</span> <span class='ocrx_word' id='word_1_711' title='bbox 3182 3495 3246 3548; x_wconf 89' lang='lat' dir='ltr'>ut</span> <span class='ocrx_word' id='word_1_712' title='bbox 3274 3493 3603 3565; x_wconf 89' lang='lat' dir='ltr'>sequamini</span> 
     </span>
    </p>
   </div>
   <div class='ocr_carea' id='block_1_94' title="bbox 1956 3579 3608 3655">
    <p class='ocr_par' dir='ltr' id='par_1_94' title="bbox 1956 3579 3608 3655">
     <span class='ocr_line' id='line_1_94' title="bbox 1956 3579 3608 3655; baseline 0.003 -23"><span class='ocrx_word' id='word_1_713' title='bbox 1956 3607 1983 3633; x_wconf 87' lang='grc'><em>‹‹</em></span> <span class='ocrx_word' id='word_1_714' title='bbox 2018 3581 2266 3655; x_wconf 87' lang='lat' dir='ltr'>vestigia</span> <span class='ocrx_word' id='word_1_715' title='bbox 2292 3584 2441 3653; x_wconf 88' lang='lat' dir='ltr'>ejus.</span> <span class='ocrx_word' id='word_1_716' title='bbox 2473 3604 2500 3631; x_wconf 84' lang='lat'>»</span> <span class='ocrx_word' id='word_1_717' title='bbox 2533 3581 2601 3634; x_wconf 90' lang='lat' dir='ltr'>Et</span> <span class='ocrx_word' id='word_1_718' title='bbox 2633 3579 2878 3652; x_wconf 85' lang='lat' dir='ltr'>reliqua.</span> <span class='ocrx_word' id='word_1_719' title='bbox 2906 3582 3133 3637; x_wconf 84' lang='lat' dir='ltr'>Fratres</span> <span class='ocrx_word' id='word_1_720' title='bbox 3155 3581 3512 3648; x_wconf 86' lang='lat' dir='ltr'>charissimi,</span> <span class='ocrx_word' id='word_1_721' title='bbox 3547 3581 3608 3637; x_wconf 92' lang='lat' dir='ltr'>in</span> 
     </span>
    </p>
   </div>
   <div class='ocr_carea' id='block_1_95' title="bbox 1953 3668 3611 3742">
    <p class='ocr_par' dir='ltr' id='par_1_95' title="bbox 1953 3668 3611 3742">
     <span class='ocr_line' id='line_1_95' title="bbox 1953 3668 3611 3742; baseline -0.001 -14"><span class='ocrx_word' id='word_1_722' title='bbox 1953 3672 2198 3728; x_wconf 88' lang='lat' dir='ltr'>lectione</span> <span class='ocrx_word' id='word_1_723' title='bbox 2229 3668 2546 3742; x_wconf 88' lang='lat' dir='ltr'>apostolica</span> <span class='ocrx_word' id='word_1_724' title='bbox 2577 3685 2754 3740; x_wconf 90' lang='lat' dir='ltr'>quam</span> <span class='ocrx_word' id='word_1_725' title='bbox 2812 3668 3082 3734; x_wconf 86' lang='lat' dir='ltr'>audistis,</span> <span class='ocrx_word' id='word_1_726' title='bbox 3143 3669 3351 3726; x_wconf 88' lang='lat' dir='ltr'>beatus</span> <span class='ocrx_word' id='word_1_727' title='bbox 3406 3670 3611 3726; x_wconf 90' lang='lat' dir='ltr'>Petrus</span> 
     </span>
    </p>
   </div>
   <div class='ocr_carea' id='block_1_96' title="bbox 1957 3755 3448 3829">
    <p class='ocr_par' dir='ltr' id='par_1_96' title="bbox 1957 3755 3448 3829">
     <span class='ocr_line' id='line_1_96' title="bbox 1957 3755 3448 3829; baseline -0.001 -13"><span class='ocrx_word' id='word_1_728' title='bbox 1957 3760 2171 3817; x_wconf 88' lang='lat' dir='ltr'>Christi</span> <span class='ocrx_word' id='word_1_729' title='bbox 2205 3776 2311 3815; x_wconf 90' lang='lat' dir='ltr'>nos</span> <span class='ocrx_word' id='word_1_730' title='bbox 2342 3757 2559 3813; x_wconf 89' lang='lat' dir='ltr'>imitari</span> <span class='ocrx_word' id='word_1_731' title='bbox 2590 3755 2854 3829; x_wconf 85' lang='lat' dir='ltr'>exempla</span> <span class='ocrx_word' id='word_1_732' title='bbox 2885 3758 3179 3825; x_wconf 89' lang='lat' dir='ltr'>admonet,</span> <span class='ocrx_word' id='word_1_733' title='bbox 3212 3758 3448 3815; x_wconf 90' lang='lat' dir='ltr'>dicens:</span> 
     </span>
    </p>
   </div>
   <div class='ocr_carea' id='block_1_97' title="bbox 2030 3845 3616 3918">
    <p class='ocr_par' dir='ltr' id='par_1_97' title="bbox 2030 3845 3616 3918">
     <span class='ocr_line' id='line_1_97' title="bbox 2030 3845 3616 3918; baseline 0.003 -19"><span class='ocrx_word' id='word_1_734' title='bbox 2030 3873 2058 3899; x_wconf 83' lang='grc'>‹‹</span> <span class='ocrx_word' id='word_1_735' title='bbox 2095 3849 2359 3904; x_wconf 86' lang='lat' dir='ltr'>Christus</span> <span class='ocrx_word' id='word_1_736' title='bbox 2390 3864 2601 3918; x_wconf 88' lang='lat' dir='ltr'>passus</span> <span class='ocrx_word' id='word_1_737' title='bbox 2631 3849 2720 3902; x_wconf 90' lang='lat' dir='ltr'>est</span> <span class='ocrx_word' id='word_1_738' title='bbox 2751 3863 2852 3917; x_wconf 91' lang='lat' dir='ltr'>pro</span> <span class='ocrx_word' id='word_1_739' title='bbox 2883 3845 3070 3912; x_wconf 89' lang='lat' dir='ltr'>nobis,</span> <span class='ocrx_word' id='word_1_740' title='bbox 3092 3845 3257 3901; x_wconf 90' lang='lat' dir='ltr'>vobis</span> <span class='ocrx_word' id='word_1_741' title='bbox 3279 3846 3616 3918; x_wconf 88' lang='lat' dir='ltr'>relinquens</span> 
     </span>
    </p>
   </div>
   <div class='ocr_carea' id='block_1_98' title="bbox 1965 3932 3613 4009">
    <p class='ocr_par' dir='ltr' id='par_1_98' title="bbox 1965 3932 3613 4009">
     <span class='ocr_line' id='line_1_98' title="bbox 1965 3932 3613 4009; baseline 0.002 -21"><span class='ocrx_word' id='word_1_742' title='bbox 1965 3962 1985 3988; x_wconf 77' lang='grc' dir='ltr'>α</span> <span class='ocrx_word' id='word_1_743' title='bbox 2022 3936 2377 4009; x_wconf 87' lang='lat' dir='ltr'>exemplum,</span> <span class='ocrx_word' id='word_1_744' title='bbox 2413 3939 2476 3989; x_wconf 92' lang='lat' dir='ltr'>ut</span> <span class='ocrx_word' id='word_1_745' title='bbox 2507 3934 2837 4005; x_wconf 89' lang='lat' dir='ltr'>sequamini</span> <span class='ocrx_word' id='word_1_746' title='bbox 2879 3932 3121 4003; x_wconf 80' lang='lat' dir='ltr'>vestigia</span> <span class='ocrx_word' id='word_1_747' title='bbox 3149 3934 3297 4004; x_wconf 85' lang='lat' dir='ltr'>ejus.</span> <span class='ocrx_word' id='word_1_748' title='bbox 3328 3958 3354 3984; x_wconf 83' lang='lat'>»</span> <span class='ocrx_word' id='word_1_749' title='bbox 3414 3935 3476 3991; x_wconf 86' lang='lat' dir='ltr'>Id</span> <span class='ocrx_word' id='word_1_750' title='bbox 3506 3940 3613 4003; x_wconf 88' lang='lat' dir='ltr'>est,</span> 
     </span>
    </p>
   </div>
   <div class='ocr_carea' id='block_1_99' title="bbox 1959 4020 3614 4098">
    <p class='ocr_par' dir='ltr' id='par_1_99' title="bbox 1959 4020 3614 4098">
     <span class='ocr_line' id='line_1_99' title="bbox 1959 4020 3614 4098; baseline -0.002 -17"><span class='ocrx_word' id='word_1_751' title='bbox 1959 4026 2112 4098; x_wconf 90' lang='lat' dir='ltr'>quod</span> <span class='ocrx_word' id='word_1_752' title='bbox 2137 4024 2261 4095; x_wconf 86' lang='lat' dir='ltr'>ipse</span> <span class='ocrx_word' id='word_1_753' title='bbox 2284 4022 2567 4077; x_wconf 89' lang='lat' dir='ltr'>Dominus</span> <span class='ocrx_word' id='word_1_754' title='bbox 2586 4021 2668 4076; x_wconf 88' lang='lat' dir='ltr'>ait</span> <span class='ocrx_word' id='word_1_755' title='bbox 2696 4022 2754 4075; x_wconf 93' lang='lat' dir='ltr'>in</span> <span class='ocrx_word' id='word_1_756' title='bbox 2777 4020 3084 4091; x_wconf 82' lang='lat' dir='ltr'>Evangelio</span> <span class='ocrx_word' id='word_1_757' title='bbox 3099 4023 3318 4089; x_wconf 79' lang='lat' dir='ltr'>(Matth.</span> <span class='ocrx_word' id='word_1_758' title='bbox 3341 4040 3453 4089; x_wconf 80' lang='lat' dir='ltr'>xw;</span> <span class='ocrx_word' id='word_1_759' title='bbox 3488 4024 3614 4078; x_wconf 79' lang='lat' dir='ltr'>Luc.</span> 
     </span>
    </p>
   </div>
   <div class='ocr_carea' id='block_1_100' title="bbox 1962 4109 3617 4183">
    <p class='ocr_par' dir='ltr' id='par_1_100' title="bbox 1962 4109 3617 4183">
     <span class='ocr_line' id='line_1_100' title="bbox 1962 4109 3617 4183; baseline -0.004 -13"><span class='ocrx_word' id='word_1_760' title='bbox 1962 4119 2068 4182; x_wconf 83' lang='lat' dir='ltr'>lx):</span> <span class='ocrx_word' id='word_1_761' title='bbox 2109 4137 2135 4163; x_wconf 89' lang='grc'>‹‹</span> <span class='ocrx_word' id='word_1_762' title='bbox 2168 4112 2227 4167; x_wconf 91' lang='lat' dir='ltr'>Si</span> <span class='ocrx_word' id='word_1_763' title='bbox 2259 4111 2393 4183; x_wconf 81' lang='lat' dir='ltr'>quis</span> <span class='ocrx_word' id='word_1_764' title='bbox 2424 4110 2549 4164; x_wconf 93' lang='lat' dir='ltr'>vult</span> <span class='ocrx_word' id='word_1_765' title='bbox 2579 4114 2710 4181; x_wconf 89' lang='lat' dir='ltr'>post</span> <span class='ocrx_word' id='word_1_766' title='bbox 2741 4125 2832 4163; x_wconf 91' lang='lat' dir='ltr'>me</span> <span class='ocrx_word' id='word_1_767' title='bbox 2862 4109 3075 4173; x_wconf 89' lang='lat' dir='ltr'>venire,</span> <span class='ocrx_word' id='word_1_768' title='bbox 3109 4109 3358 4179; x_wconf 88' lang='lat' dir='ltr'>abneget</span> <span class='ocrx_word' id='word_1_769' title='bbox 3406 4113 3617 4164; x_wconf 89' lang='lat' dir='ltr'>semet-</span> 
     </span>
    </p>
   </div>
   <div class='ocr_carea' id='block_1_101' title="bbox 1960 4195 3617 4275">
    <p class='ocr_par' dir='ltr' id='par_1_101' title="bbox 1960 4195 3617 4275">
     <span class='ocr_line' id='line_1_101' title="bbox 1960 4195 3617 4275; baseline -0.005 -17"><span class='ocrx_word' id='word_1_770' title='bbox 1960 4204 2179 4275; x_wconf 90' lang='lat' dir='ltr'>ipsum,</span> <span class='ocrx_word' id='word_1_771' title='bbox 2206 4224 2232 4249; x_wconf 83' lang='lat'>»</span> <span class='ocrx_word' id='word_1_772' title='bbox 2264 4200 2318 4253; x_wconf 89' lang='lat' dir='ltr'>id</span> <span class='ocrx_word' id='word_1_773' title='bbox 2354 4202 2443 4255; x_wconf 90' lang='lat' dir='ltr'>est</span> <span class='ocrx_word' id='word_1_774' title='bbox 2463 4198 2786 4253; x_wconf 86' lang='lat' dir='ltr'>voluntates</span> <span class='ocrx_word' id='word_1_775' title='bbox 2817 4196 3080 4267; x_wconf 87' lang='lat' dir='ltr'>proprias</span> <span class='ocrx_word' id='word_1_776' title='bbox 3112 4196 3424 4265; x_wconf 87' lang='lat' dir='ltr'>relinquat,</span> <span class='ocrx_word' id='word_1_777' title='bbox 3448 4199 3503 4250; x_wconf 90' lang='lat' dir='ltr'>et</span> <span class='ocrx_word' id='word_1_778' title='bbox 3522 4195 3617 4251; x_wconf 92' lang='lat' dir='ltr'>Dei</span> 
     </span>
    </p>
   </div>
   <div class='ocr_carea' id='block_1_102' title="bbox 1962 4282 3616 4355">
    <p class='ocr_par' dir='ltr' id='par_1_102' title="bbox 1962 4282 3616 4355">
     <span class='ocr_line' id='line_1_102' title="bbox 1962 4282 3616 4355; baseline -0.005 -8"><span class='ocrx_word' id='word_1_779' title='bbox 1962 4308 2024 4347; x_wconf 90' lang='lat' dir='ltr'>se</span> <span class='ocrx_word' id='word_1_780' title='bbox 2055 4288 2411 4347; x_wconf 88' lang='lat' dir='ltr'>omnimodis</span> <span class='ocrx_word' id='word_1_781' title='bbox 2441 4285 2716 4355; x_wconf 83' lang='lat' dir='ltr'>subjiciat</span> <span class='ocrx_word' id='word_1_782' title='bbox 2736 4283 3038 4349; x_wconf 86' lang='lat' dir='ltr'>voluntati,</span> <span class='ocrx_word' id='word_1_783' title='bbox 3068 4304 3095 4332; x_wconf 84' lang='lat'><strong><em>«</em></strong></span> <span class='ocrx_word' id='word_1_784' title='bbox 3112 4288 3169 4338; x_wconf 90' lang='lat' dir='ltr'>et</span> <span class='ocrx_word' id='word_1_785' title='bbox 3200 4282 3364 4338; x_wconf 89' lang='lat' dir='ltr'>tollat</span> <span class='ocrx_word' id='word_1_786' title='bbox 3382 4299 3616 4339; x_wconf 90' lang='lat' dir='ltr'>crucem</span> 
     </span>
    </p>
   </div>
   <div class='ocr_carea' id='block_1_103' title="bbox 1963 4370 3618 4445">
    <p class='ocr_par' dir='ltr' id='par_1_103' title="bbox 1963 4370 3618 4445">
     <span class='ocr_line' id='line_1_103' title="bbox 1963 4370 3618 4445; baseline -0.007 -9"><span class='ocrx_word' id='word_1_787' title='bbox 1963 4396 2152 4445; x_wconf 87' lang='lat' dir='ltr'>suam,</span> <span class='ocrx_word' id='word_1_788' title='bbox 2170 4400 2197 4427; x_wconf 86' lang='grc'><strong>››</strong></span> <span class='ocrx_word' id='word_1_789' title='bbox 2232 4378 2287 4432; x_wconf 88' lang='lat' dir='ltr'>id</span> <span class='ocrx_word' id='word_1_790' title='bbox 2319 4381 2407 4432; x_wconf 91' lang='lat' dir='ltr'>est</span> <span class='ocrx_word' id='word_1_791' title='bbox 2438 4372 2701 4430; x_wconf 87' lang='lat' dir='ltr'>carnales</span> <span class='ocrx_word' id='word_1_792' title='bbox 2726 4370 3037 4427; x_wconf 83' lang='lat' dir='ltr'>mortilicet</span> <span class='ocrx_word' id='word_1_793' title='bbox 3053 4370 3486 4441; x_wconf 84' lang='lat' dir='ltr'>delectationes,</span> <span class='ocrx_word' id='word_1_794' title='bbox 3512 4393 3540 4420; x_wconf 82' lang='lat'>«</span> <span class='ocrx_word' id='word_1_795' title='bbox 3560 4374 3618 4427; x_wconf 89' lang='lat' dir='ltr'>et</span> 
     </span>
    </p>
   </div>
   <div class='ocr_carea' id='block_1_104' title="bbox 1962 4459 3711 4538">
    <p class='ocr_par' dir='ltr' id='par_1_104' title="bbox 1962 4459 3711 4538">
     <span class='ocr_line' id='line_1_104' title="bbox 1962 4459 3711 4538; baseline -0.005 -15"><span class='ocrx_word' id='word_1_796' title='bbox 1962 4472 2247 4538; x_wconf 86' lang='lat' dir='ltr'>sequatur</span> <span class='ocrx_word' id='word_1_797' title='bbox 2263 4483 2375 4529; x_wconf 90' lang='lat' dir='ltr'>me,</span> <span class='ocrx_word' id='word_1_798' title='bbox 2400 4485 2425 4512; x_wconf 89' lang='grc'><strong>››</strong></span> <span class='ocrx_word' id='word_1_799' title='bbox 2445 4461 2650 4517; x_wconf 87' lang='lat' dir='ltr'>mundi</span> <span class='ocrx_word' id='word_1_800' title='bbox 2671 4459 2978 4516; x_wconf 85' lang='lat' dir='ltr'>desideriis</span> <span class='ocrx_word' id='word_1_801' title='bbox 2995 4462 3297 4531; x_wconf 85' lang='lat' dir='ltr'>repugnet,</span> <span class='ocrx_word' id='word_1_802' title='bbox 3324 4463 3614 4531; x_wconf 89' lang='lat' dir='ltr'>quantum</span> <span class='ocrx_word' id='word_1_803' title='bbox 3709 4518 3711 4522; x_wconf 29' lang='lat'>,</span> 
     </span>
    </p>
   </div>
   <div class='ocr_carea' id='block_1_105' title="bbox 1963 4546 3617 4623">
    <p class='ocr_par' dir='ltr' id='par_1_105' title="bbox 1963 4546 3617 4623">
     <span class='ocr_line' id='line_1_105' title="bbox 1963 4546 3617 4623; baseline -0.005 -12"><span class='ocrx_word' id='word_1_804' title='bbox 1963 4554 2149 4611; x_wconf 86' lang='lat' dir='ltr'>valeat</span> <span class='ocrx_word' id='word_1_805' title='bbox 2180 4554 2373 4609; x_wconf 88' lang='lat' dir='ltr'>divina</span> <span class='ocrx_word' id='word_1_806' title='bbox 2403 4550 2589 4623; x_wconf 75' lang='lat' dir='ltr'>gratia</span> <span class='ocrx_word' id='word_1_807' title='bbox 2620 4548 2920 4622; x_wconf 86' lang='lat' dir='ltr'>largiente.</span> <span class='ocrx_word' id='word_1_808' title='bbox 2954 4547 3056 4604; x_wconf 84' lang='lat' dir='ltr'>His</span> <span class='ocrx_word' id='word_1_809' title='bbox 3095 4546 3251 4603; x_wconf 90' lang='lat' dir='ltr'>cnim</span> <span class='ocrx_word' id='word_1_810' title='bbox 3301 4547 3512 4614; x_wconf 89' lang='lat' dir='ltr'>modis,</span> <span class='ocrx_word' id='word_1_811' title='bbox 3558 4552 3617 4605; x_wconf 89' lang='lat' dir='ltr'>et</span> 
     </span>
    </p>
   </div>
   <div class='ocr_carea' id='block_1_106' title="bbox 1964 4635 3616 4706">
    <p class='ocr_par' dir='ltr' id='par_1_106' title="bbox 1964 4635 3616 4706">
     <span class='ocr_line' id='line_1_106' title="bbox 1964 4635 3616 4706; baseline -0.004 -7"><span class='ocrx_word' id='word_1_812' title='bbox 1964 4645 2182 4700; x_wconf 73' lang='lat' dir='ltr'>talibus</span> <span class='ocrx_word' id='word_1_813' title='bbox 2209 4644 2299 4699; x_wconf 82' lang='lat' dir='ltr'>bis</span> <span class='ocrx_word' id='word_1_814' title='bbox 2330 4640 2625 4697; x_wconf 86' lang='lat' dir='ltr'>similibus</span> <span class='ocrx_word' id='word_1_815' title='bbox 2655 4637 2917 4694; x_wconf 88' lang='lat' dir='ltr'>moribus</span> <span class='ocrx_word' id='word_1_816' title='bbox 2939 4636 3178 4706; x_wconf 87' lang='lat' dir='ltr'>sanctis,</span> <span class='ocrx_word' id='word_1_817' title='bbox 3200 4635 3416 4692; x_wconf 89' lang='lat' dir='ltr'>Christi</span> <span class='ocrx_word' id='word_1_818' title='bbox 3437 4637 3616 4693; x_wconf 87' lang='lat' dir='ltr'>debe-</span> 
     </span>
    </p>
   </div>
   <div class='ocr_carea' id='block_1_107' title="bbox 1967 4729 2592 4804">
    <p class='ocr_par' dir='ltr' id='par_1_107' title="bbox 1967 4729 2592 4804">
     <span class='ocr_line' id='line_1_107' title="bbox 1967 4729 2592 4804; baseline -0.008 -15"><span class='ocrx_word' id='word_1_819' title='bbox 1967 4751 2100 4789; x_wconf 88' lang='lat' dir='ltr'>mus</span> <span class='ocrx_word' id='word_1_820' title='bbox 2133 4731 2376 4804; x_wconf 81' lang='lat' dir='ltr'>vcstlgia</span> <span class='ocrx_word' id='word_1_821' title='bbox 2405 4729 2592 4802; x_wconf 86' lang='lat' dir='ltr'>sequi.</span> 
     </span>
    </p>
   </div>
   <div class='ocr_carea' id='block_1_108' title="bbox 2040 4812 3618 4893">
    <p class='ocr_par' dir='ltr' id='par_1_108' title="bbox 2040 4812 3618 4893">
     <span class='ocr_line' id='line_1_108' title="bbox 2040 4812 3618 4893; baseline -0.002 -22"><span class='ocrx_word' id='word_1_822' title='bbox 2040 4845 2067 4872; x_wconf 92' lang='grc'>‹‹</span> <span class='ocrx_word' id='word_1_823' title='bbox 2103 4821 2210 4886; x_wconf 89' lang='lat' dir='ltr'>Qui</span> <span class='ocrx_word' id='word_1_824' title='bbox 2242 4823 2544 4893; x_wconf 69' lang='lat' dir='ltr'>peceatum</span> <span class='ocrx_word' id='word_1_825' title='bbox 2577 4834 2690 4871; x_wconf 91' lang='lat' dir='ltr'>non</span> <span class='ocrx_word' id='word_1_826' title='bbox 2725 4815 2873 4881; x_wconf 89' lang='lat' dir='ltr'>fecit,</span> <span class='ocrx_word' id='word_1_827' title='bbox 2902 4831 3007 4869; x_wconf 91' lang='lat' dir='ltr'>nec</span> <span class='ocrx_word' id='word_1_828' title='bbox 3039 4812 3306 4869; x_wconf 88' lang='lat' dir='ltr'>inventus</span> <span class='ocrx_word' id='word_1_829' title='bbox 3335 4816 3424 4868; x_wconf 88' lang='lat' dir='ltr'>est</span> <span class='ocrx_word' id='word_1_830' title='bbox 3448 4812 3618 4868; x_wconf 91' lang='lat' dir='ltr'>dolus</span> 
     </span>
    </p>
   </div>
   <div class='ocr_carea' id='block_1_109' title="bbox 1970 4900 3621 4980">
    <p class='ocr_par' dir='ltr' id='par_1_109' title="bbox 1970 4900 3621 4980">
     <span class='ocr_line' id='line_1_109' title="bbox 1970 4900 3621 4980; baseline -0.002 -19"><span class='ocrx_word' id='word_1_831' title='bbox 1970 4935 1996 4962; x_wconf 91' lang='grc'>‹‹</span> <span class='ocrx_word' id='word_1_832' title='bbox 2030 4912 2089 4966; x_wconf 92' lang='lat' dir='ltr'>in</span> <span class='ocrx_word' id='word_1_833' title='bbox 2118 4928 2217 4965; x_wconf 91' lang='lat' dir='ltr'>ore</span> <span class='ocrx_word' id='word_1_834' title='bbox 2260 4909 2407 4980; x_wconf 87' lang='lat' dir='ltr'>ejus.</span> <span class='ocrx_word' id='word_1_835' title='bbox 2445 4931 2471 4956; x_wconf 84' lang='grc'><strong>››</strong></span> <span class='ocrx_word' id='word_1_836' title='bbox 2522 4907 2594 4962; x_wconf 88' lang='lat' dir='ltr'>Ut</span> <span class='ocrx_word' id='word_1_837' title='bbox 2622 4908 2691 4961; x_wconf 86' lang='lat' dir='ltr'>de</span> <span class='ocrx_word' id='word_1_838' title='bbox 2734 4905 2858 4976; x_wconf 90' lang='lat' dir='ltr'>ipso</span> <span class='ocrx_word' id='word_1_839' title='bbox 2912 4902 3194 4975; x_wconf 91' lang='lat' dir='ltr'>propheta</span> <span class='ocrx_word' id='word_1_840' title='bbox 3223 4900 3338 4956; x_wconf 89' lang='lat' dir='ltr'>ait:</span> <span class='ocrx_word' id='word_1_841' title='bbox 3393 4923 3419 4949; x_wconf 88' lang='grc'><strong>‹‹</strong></span> <span class='ocrx_word' id='word_1_842' title='bbox 3452 4900 3621 4957; x_wconf 89' lang='lat' dir='ltr'>Solus</span> 
     </span>
    </p>
   </div>
   <div class='ocr_carea' id='block_1_110' title="bbox 1971 4988 3624 5071">
    <p class='ocr_par' dir='ltr' id='par_1_110' title="bbox 1971 4988 3624 5071">
     <span class='ocr_line' id='line_1_110' title="bbox 1971 4988 3624 5071; baseline -0.007 -14"><span class='ocrx_word' id='word_1_843' title='bbox 1971 5000 2127 5057; x_wconf 90' lang='lat' dir='ltr'>enim</span> <span class='ocrx_word' id='word_1_844' title='bbox 2145 4998 2270 5055; x_wconf 90' lang='lat' dir='ltr'>sine</span> <span class='ocrx_word' id='word_1_845' title='bbox 2302 5000 2560 5071; x_wconf 87' lang='lat' dir='ltr'>peccato,</span> <span class='ocrx_word' id='word_1_846' title='bbox 2593 4994 2693 5065; x_wconf 93' lang='lat' dir='ltr'>qui</span> <span class='ocrx_word' id='word_1_847' title='bbox 2727 4995 2962 5065; x_wconf 88' lang='lat' dir='ltr'>peccata</span> <span class='ocrx_word' id='word_1_848' title='bbox 2995 4990 3201 5046; x_wconf 91' lang='lat' dir='ltr'>mundi</span> <span class='ocrx_word' id='word_1_849' title='bbox 3234 4988 3435 5046; x_wconf 90' lang='lat' dir='ltr'>tollere</span> <span class='ocrx_word' id='word_1_850' title='bbox 3465 4990 3624 5045; x_wconf 91' lang='lat' dir='ltr'>venit</span> 
     </span>
    </p>
   </div>
   <div class='ocr_carea' id='block_1_111' title="bbox 1971 5076 3623 5158">
    <p class='ocr_par' dir='ltr' id='par_1_111' title="bbox 1971 5076 3623 5158">
     <span class='ocr_line' id='line_1_111' title="bbox 1971 5076 3623 5158; baseline -0.006 -13"><span class='ocrx_word' id='word_1_851' title='bbox 1971 5092 2018 5156; x_wconf 88' lang='grc' dir='ltr'>(ι</span> <span class='ocrx_word' id='word_1_852' title='bbox 2042 5094 2209 5147; x_wconf 80' lang='lat' dir='ltr'>Joan.</span> <span class='ocrx_word' id='word_1_853' title='bbox 2242 5088 2347 5158; x_wconf 80' lang='lat' dir='ltr'>III).</span> <span class='ocrx_word' id='word_1_854' title='bbox 2385 5108 2412 5135; x_wconf 85' lang='grc'><strong>››</strong></span> <span class='ocrx_word' id='word_1_855' title='bbox 2469 5085 2536 5138; x_wconf 90' lang='lat' dir='ltr'>Et</span> <span class='ocrx_word' id='word_1_856' title='bbox 2592 5081 2770 5138; x_wconf 89' lang='lat' dir='ltr'>alibi:</span> <span class='ocrx_word' id='word_1_857' title='bbox 2823 5080 3009 5135; x_wconf 80' lang='lat' dir='ltr'>«Non</span> <span class='ocrx_word' id='word_1_858' title='bbox 3063 5076 3381 5145; x_wconf 88' lang='lat' dir='ltr'>contendit,</span> <span class='ocrx_word' id='word_1_859' title='bbox 3434 5095 3623 5151; x_wconf 88' lang='lat' dir='ltr'>neque</span> 
     </span>
    </p>
   </div>
   <div class='ocr_carea' id='block_1_112' title="bbox 1971 5166 3623 5246">
    <p class='ocr_par' dir='ltr' id='par_1_112' title="bbox 1971 5166 3623 5246">
     <span class='ocr_line' id='line_1_112' title="bbox 1971 5166 3623 5246; baseline -0.005 -13"><span class='ocrx_word' id='word_1_860' title='bbox 1971 5176 2262 5243; x_wconf 90' lang='lat' dir='ltr'>clamavit,</span> <span class='ocrx_word' id='word_1_861' title='bbox 2297 5190 2484 5246; x_wconf 88' lang='lat' dir='ltr'>neque</span> <span class='ocrx_word' id='word_1_862' title='bbox 2515 5170 2734 5228; x_wconf 89' lang='lat' dir='ltr'>audivit</span> <span class='ocrx_word' id='word_1_863' title='bbox 2764 5168 2896 5241; x_wconf 81' lang='lat' dir='ltr'>quis</span> <span class='ocrx_word' id='word_1_864' title='bbox 2928 5168 2988 5223; x_wconf 91' lang='lat' dir='ltr'>in</span> <span class='ocrx_word' id='word_1_865' title='bbox 3019 5166 3226 5240; x_wconf 88' lang='lat' dir='ltr'>plateis</span> <span class='ocrx_word' id='word_1_866' title='bbox 3255 5183 3454 5224; x_wconf 90' lang='lat' dir='ltr'>vocem</span> <span class='ocrx_word' id='word_1_867' title='bbox 3494 5168 3623 5239; x_wconf 89' lang='lat' dir='ltr'>ejus</span> 
     </span>
    </p>
   </div>
   <div class='ocr_carea' id='block_1_113' title="bbox 1972 5259 2740 5339">
    <p class='ocr_par' dir='ltr' id='par_1_113' title="bbox 1972 5259 2740 5339">
     <span class='ocr_line' id='line_1_113' title="bbox 1972 5259 2740 5339; baseline -0.013 -16"><span class='ocrx_word' id='word_1_868' title='bbox 1972 5267 2182 5339; x_wconf 76' lang='lat' dir='ltr'>(Matth.</span> <span class='ocrx_word' id='word_1_869' title='bbox 2216 5264 2338 5334; x_wconf 86' lang='lat' dir='ltr'>xu).</span> <span class='ocrx_word' id='word_1_870' title='bbox 2374 5285 2400 5312; x_wconf 87' lang='grc'><strong>››</strong></span> <span class='ocrx_word' id='word_1_871' title='bbox 2432 5259 2740 5333; x_wconf 88' lang='lat' dir='ltr'>Sequitur:</span> 
     </span>
    </p>
   </div>
   <div class='ocr_carea' id='block_1_114' title="bbox 2044 5345 3627 5420">
    <p class='ocr_par' dir='ltr' id='par_1_114' title="bbox 2044 5345 3627 5420">
     <span class='ocr_line' id='line_1_114' title="bbox 2044 5345 3627 5420; baseline -0.003 -14"><span class='ocrx_word' id='word_1_872' title='bbox 2044 5380 2071 5406; x_wconf 82' lang='grc'>‹‹</span> <span class='ocrx_word' id='word_1_873' title='bbox 2106 5354 2363 5420; x_wconf 89' lang='lat' dir='ltr'>Quicum</span> <span class='ocrx_word' id='word_1_874' title='bbox 2381 5350 2846 5414; x_wconf 88' lang='lat' dir='ltr'>malediceretur,</span> <span class='ocrx_word' id='word_1_875' title='bbox 2871 5363 2984 5401; x_wconf 89' lang='lat' dir='ltr'>non</span> <span class='ocrx_word' id='word_1_876' title='bbox 3009 5345 3408 5403; x_wconf 88' lang='lat' dir='ltr'>maledicebat.</span> <span class='ocrx_word' id='word_1_877' title='bbox 3431 5369 3454 5399; x_wconf 75' lang='grc' dir='ltr'><strong><em>ι</em></strong></span> <span class='ocrx_word' id='word_1_878' title='bbox 3481 5345 3627 5401; x_wconf 84' lang='lat' dir='ltr'>Sub-</span> 
     </span>
    </p>
   </div>
   <div class='ocr_carea' id='block_1_115' title="bbox 1973 5434 3620 5503">
    <p class='ocr_par' dir='ltr' id='par_1_115' title="bbox 1973 5434 3620 5503">
     <span class='ocr_line' id='line_1_115' title="bbox 1973 5434 3620 5503; baseline -0.007 -3"><span class='ocrx_word' id='word_1_879' title='bbox 1973 5445 2173 5501; x_wconf 89' lang='lat' dir='ltr'>dolum</span> <span class='ocrx_word' id='word_1_880' title='bbox 2204 5448 2260 5498; x_wconf 88' lang='lat' dir='ltr'>et</span> <span class='ocrx_word' id='word_1_881' title='bbox 2290 5438 2682 5503; x_wconf 84' lang='lat' dir='ltr'>mendacium,</span> <span class='ocrx_word' id='word_1_882' title='bbox 2714 5454 2818 5492; x_wconf 88' lang='lat' dir='ltr'>nec</span> <span class='ocrx_word' id='word_1_883' title='bbox 2867 5436 3149 5491; x_wconf 88' lang='lat' dir='ltr'>detractio</span> <span class='ocrx_word' id='word_1_884' title='bbox 3181 5436 3414 5492; x_wconf 88' lang='lat' dir='ltr'>inventa</span> <span class='ocrx_word' id='word_1_885' title='bbox 3444 5437 3533 5490; x_wconf 88' lang='lat' dir='ltr'>est</span> <span class='ocrx_word' id='word_1_886' title='bbox 3562 5434 3620 5489; x_wconf 91' lang='lat' dir='ltr'>in</span> 
     </span>
    </p>
   </div>
   <div class='ocr_carea' id='block_1_116' title="bbox 1973 5522 3621 5604">
    <p class='ocr_par' dir='ltr' id='par_1_116' title="bbox 1973 5522 3621 5604">
     <span class='ocr_line' id='line_1_116' title="bbox 1973 5522 3621 5604; baseline -0.009 -15"><span class='ocrx_word' id='word_1_887' title='bbox 1973 5551 2069 5589; x_wconf 87' lang='lat' dir='ltr'>ore</span> <span class='ocrx_word' id='word_1_888' title='bbox 2100 5534 2247 5604; x_wconf 82' lang='lat' dir='ltr'>ejus.</span> <span class='ocrx_word' id='word_1_889' title='bbox 2282 5532 2398 5585; x_wconf 85' lang='lat' dir='ltr'>Nos</span> <span class='ocrx_word' id='word_1_890' title='bbox 2419 5544 2553 5601; x_wconf 89' lang='lat' dir='ltr'>ergo</span> <span class='ocrx_word' id='word_1_891' title='bbox 2585 5526 2633 5581; x_wconf 88' lang='lat' dir='ltr'>si</span> <span class='ocrx_word' id='word_1_892' title='bbox 2662 5524 2932 5581; x_wconf 89' lang='lat' dir='ltr'>volumus</span> <span class='ocrx_word' id='word_1_893' title='bbox 2956 5523 3170 5580; x_wconf 88' lang='lat' dir='ltr'>imitari</span> <span class='ocrx_word' id='word_1_894' title='bbox 3193 5522 3477 5595; x_wconf 85' lang='lat' dir='ltr'>exempla,</span> <span class='ocrx_word' id='word_1_895' title='bbox 3501 5522 3621 5576; x_wconf 61' lang='lat' dir='ltr'>hinc</span> 
     </span>
    </p>
   </div>
   <div class='ocr_carea' id='block_1_117' title="bbox 1975 5611 3619 5679">
    <p class='ocr_par' dir='ltr' id='par_1_117' title="bbox 1975 5611 3619 5679">
     <span class='ocr_line' id='line_1_117' title="bbox 1975 5611 3619 5679; baseline -0.01 -1"><span class='ocrx_word' id='word_1_896' title='bbox 1975 5623 2176 5679; x_wconf 82' lang='lat' dir='ltr'>eadem</span> <span class='ocrx_word' id='word_1_897' title='bbox 2211 5619 2363 5675; x_wconf 88' lang='lat' dir='ltr'>mala</span> <span class='ocrx_word' id='word_1_898' title='bbox 2393 5616 2549 5673; x_wconf 90' lang='lat' dir='ltr'>omni</span> <span class='ocrx_word' id='word_1_899' title='bbox 2604 5615 2798 5671; x_wconf 87' lang='lat' dir='ltr'>studio</span> <span class='ocrx_word' id='word_1_900' title='bbox 2828 5614 3011 5670; x_wconf 90' lang='lat' dir='ltr'>vitare</span> <span class='ocrx_word' id='word_1_901' title='bbox 3042 5613 3341 5671; x_wconf 89' lang='lat' dir='ltr'>debemus.</span> <span class='ocrx_word' id='word_1_902' title='bbox 3374 5611 3619 5665; x_wconf 88' lang='lat' dir='ltr'>Omnem</span> 
     </span>
    </p>
   </div>
  </div>
