4012 6174
460 348 580 413 499

1020 349 1430 414 HAYMONIS
1476 298 2047 410 HALBERSTAT.’
2067 341 2315 405 EPISC.
2360 345 2531 406 OPP.
2581 345 2778 408 PARS
2823 344 3006 407 lI.-—
3036 343 3312 407 HOMIL.

3748 343 3853 409 500

457 480 1321 556 dolumetodium,omnemque
1335 481 1619 538 malitiam
1639 476 2114 536 etsimulationes
2143 476 2193 543 Α
2226 480 2451 535 autem:
2500 502 2526 527 ‹‹
2562 477 2669 545 Qui
2700 477 2879 534 intrat
2909 494 3013 551 per
3044 476 3280 545 ostium,
3316 480 3515 550 pastor
3542 477 3631 533 est
3658 474 3854 534 ovium.

457 576 516 628 et
540 570 792 627 invidias
822 574 998 643 atque
1029 571 1419 627 detractiones
1449 571 1756 641 deponere,
1786 572 1843 623 et
1870 567 1927 622 in
1951 566 2121 623 bonis

458 660 736 733 operibus
749 664 1042 716 certamen
1060 677 1339 733 magnum
1364 659 1597 724 habere,
1622 656 1848 713 Christo
1872 654 2118 713 Domino

457 748 750 809 famulari.
783 771 811 799 «
837 751 979 804 Cum
998 752 1308 820 pateretur,
1332 765 1447 802 non
1467 746 2005 802 comminabatur.»
2036 745 2122 800 ln'

450 836 623 909 juris:
652 836 970 893 vindictam
1016 852 1132 891 non
1173 835 1464 908 promisit,
1497 836 1598 891 sed
1625 834 1799 890 etiam
1834 851 1935 906 pro
1994 832 2120 889 suis

459 925 903 982 cruciﬁxoribus
929 925 1202 993 exoravit,
1238 928 1302 978 ut
1332 941 1438 979 nos
1469 923 1607 979 alibi
1630 922 1849 989 docuit,
1885 923 2116 979 dicens:

460 1038 489 1065 «
509 1016 680 1071 Orate
700 1032 801 1087 pro
819 1013 1307 1087 persequentibus
1329 1017 1384 1068 et
1405 1011 1906 1068 calumniantibus
1927 1015 2121 1079 vos,ut

461 1102 589 1159 sitis
620 1102 724 1157 ﬁlii
766 1102 950 1157 Patris
997 1101 1174 1158 vestri
1200 1101 1298 1173 qui
1331 1101 1389 1156 in
1423 1101 1582 1157 ccelis
1612 1105 1702 1157 est
1734 1101 1940 1173 (Matth.
1977 1104 2055 1169 v).
2092 1122 2118 1150 »

420 1189 425 1193 ’
462 1212 490 1241 ‹‹
523 1190 814 1247 Tradebat
844 1192 1040 1245 autem
1065 1190 1355 1261 judicanti
1391 1208 1452 1245 se
1473 1190 1710 1263 injuste.
1736 1212 1762 1241 »
1790 1190 1897 1244 Per
1919 1188 2125 1245 divini“

380 1298 395 1309 ε
458 1282 635 1335 tatem
651 1277 1353 1346 tradidithumanitatem,
1369 1295 1546 1350 quam
1560 1279 1890 1350 assumpsit
1906 1279 1978 1333 ad
1995 1296 2124 1351 pas-

459 1367 704 1433 sionem,
717 1367 742 1438 j
752 1367 959 1422 udiean
970 1366 1011 1423 ti
1026 1384 1086 1423 se
1100 1367 1313 1439 populo
1327 1367 1356 1421 J
1367 1353 2122 1447 udeeretur-

458 1455 519 1512 Si
548 1455 705 1511 enim
736 1455 862 1528 ipse
892 1456 990 1527 qui
1024 1455 1150 1512 sine
1182 1460 1417 1529 ι)θῲῐο
1449 1442 1865 1529 eratin-propter
1888 1461 2126 1528 peccata

459 1546 682 1611 nostra,
719 1548 781 1598 ut
813 1560 920 1598 nos
954 1543 1262 1611 redimeret
1282 1540 1581 1622 ﬁmortdp
1595 1561 1657 1622 se
1689 1544 1948 1612 tradidit,
1982 1543 2124 1617 quid

458 1632 780 1688 retribuere
811 1630 1167 1704 condignum
1191 1633 1241 1704 ej
1254 1615 1755 1715 ύῇξὶδθρὶῴςῶω
1781 1615 2121 1707 possumus,

459 1719 574 1777 nisi
605 1724 835 1776 tantum
868 1723 933 1775 ut
962 1737 1068 1775 nos
1108 1737 1257 1791 pura
1286 1708 1661 1801 eohfefsione
1681 1727 1740 1777 et
1769 1722 2126 1793 pmnitentiae

460 1808 755 1881 lacrymis,
771 1807 1272 1880 eleemosynarum
1296 1798 2001 1904 largi,tite*,‘npeﬁhusque
2026 1810 2127 1865 mi-
2156 1846 2203 1910 B

463 1897 790 1955 sericbrdiaa
809 1900 864 1951 et
880 1896 1134 1969 pietatis,
1155 1898 1226 1952 ad
1249 1897 1378 1967 ejus
1396 1914 1503 1952 nos
1520 1888 2123 1973 semperjgluntatem

463 2002 861 2059 praeparemus
886 1968 1164 2052 fideliter,
1198 1989 1262 2040 ut
1291 1985 1484 2057 dignis
1514 1968 2126 2059 etisancti§ii3niibus

465 2077 681 2130 mterna
709 2089 843 2128 cum
874 2088 941 2128 eo
969 2071 1184 2144 gaudia
1215 2071 1513 2145 possidere
1541 2073 1841 2131 valeamus
1863 2075 1890 2130 ‘?

538 2185 565 2213 ‹‹
600 2161 706 2226 Qui
738 2164 978 2234 peccata
1008 2165 1208 2217 nostra
1238 2161 1363 2234 ipse
1388 2161 1629 2234 pertulit
1659 2162 1719 2217 in
1752 2180 1989 2236 corpore
2019 2181 2128 2221 suo

468 2274 497 2302 «
531 2268 709 2324 super
739 2249 987 2323 lignum.
1027 2272 1054 2299 »
1086 2250 1171 2305 Ad
1200 2249 1312 2305 hoc
1338 2249 1493 2327 enim
1521 2251 1580 2305 in
1601 2250 1758 2322 ligno
1791 2253 1978 2309 crucis
2010 2253 2127 2325 pati

465 2338 668 2403 voluit,
702 2343 766 2394 ut
796 2337 939 2411 ligni
963 2338 1519 2410 praevaricationem,
1554 2356 1732 2411 quam
1758 2341 1943 2396 Adam
1977 2342 2129 2397 fece-

467 2433 581 2501 rat,
604 2427 843 2494 deleret,
876 2432 933 2482 et
954 2426 1062 2482 iter
1090 2426 1258 2483 nobis
1280 2428 1352 2483 ad
1378 2444 1623 2500 regnum
1650 2428 1947 2493 caelorum,
1973 2431 2127 2502 quod

468 2534 573 2591 per
604 2522 903 2590 peccatum
924 2516 1058 2570 Adae
1082 2516 1301 2571 mundo
1329 2515 1595 2595 clausum
1622 2517 1827 2585 fuerat,
1856 2519 2126 2591 aperiret.

472 2628 501 2655 ‹‹
537 2605 612 2669 Ut
641 2604 896 2679 peccatis
913 2603 1148 2670 mortui,
1179 2603 1420 2673 justitiaa
1452 2605 1738 2671 vivamus,
1763 2606 1933 2678 cujus
1953 2606 2130 2664 livore

478 2713 508 2745 ‹‹
538 2692 728 2751 sanati
759 2710 988 2749 sumus.
1009 2714 1038 2741 »
1075 2693 1143 2749 Ut
1174 2692 1327 2749 sicut
1356 2697 1528 2750 antea
1548 2711 1650 2766 per
1682 2699 1983 2766 peccatum
2015 2696 2129 2752 Deo

475 2781 693 2839 mortui
723 2798 980 2850 eramus,
1006 2780 1088 2836 ita
1108 2785 1164 2836 et
1195 2798 1352 2837 nunc
1371 2798 1473 2853 per
1502 2782 1835 2854 passionem
1869 2790 1925 2840 et
1944 2802 2134 2841 resur-

478 2869 793 2927 rectionem
812 2870 940 2941 ejus
956 2869 1028 2925 ad
1048 2868 1546 2927 immortalitatem
1562 2874 1835 2928 aeternam
1859 2874 2133 2946 perduce-

477 2962 584 3028 ret,
616 2963 672 3015 et
704 2958 815 3013 Deo
864 2974 970 3014 nos
1001 2957 1154 3013 Patri
1200 2975 1306 3014 suo
1366 2958 1783 3027 reconciliaret,
1847 2961 2135 3034 nobisque

480 3050 829 3119 potestatem
858 3046 1141 3103 tribueret
1172 3046 1392 3101 mundo
1424 3046 1572 3102 mori
1595 3064 1765 3119 posse
1796 3051 1852 3102 e1.
1882 3050 2133 3120 peccatis

478 3135 754 3192 omnibus
780 3151 884 3207 per
913 3133 1363 3201 confessionem,
1396 3137 1453 3190 et
1482 3151 1585 3207 per
1618 3135 1913 3206 justitiam
1944 3138 2133 3195 vivere

478 3226 616 3282 Deo.
996 3284 1003 3287 .

548 3337 575 3362 «
602 3311 793 3367 Eratis
824 3311 981 3367 enim
1004 3310 1159 3366 sicut
1187 3326 1321 3366 oves
1353 3314 1632 3366 errantes.
1672 3335 1698 3361 ››
1731 3313 1903 3367 Error
1934 3313 2129 3369 ovium

475 3400 649 3472 culpa
678 3403 980 3472 pastorum
1011 3415 1140 3454 esse
1166 3397 1530 3469 intelligitur,
1565 3399 1665 3470 qui
1686 3398 1990 3472 negligant
2010 3417 2128 3456 cor-

475 3489 665 3560 ripere
713 3486 1141 3558 delinquentes,
1200 3509 1224 3536 ςι
1257 3486 1358 3541 sed
1402 3487 1662 3541 conversi
1695 3487 1837 3542 estis
1870 3505 2023 3544 nunc
2056 3490 2125 3544 ad

475 3599 505 3625 ‹‹
540 3578 832 3647 pastorem
879 3579 937 3630 et
967 3573 1306 3644 episcOpum
1353 3573 1687 3629 animarum
1718 3579 2062 3631 vestrarum.
2101 3600 2128 3627 ››

475 3660 749 3719 Conversi
780 3679 813 3717 a
835 3660 1064 3717 diabolo
1096 3661 1168 3716 ad
1199 3661 1517 3727 Christum,
1550 3662 1621 3717 de
1650 3662 1905 3718 tenebris
1937 3665 2007 3720 ad
2040 3665 2129 3720 lu-

475 3767 623 3817 cem,
657 3750 728 3804 de
760 3752 944 3804 morte
965 3748 1037 3803 ad
1059 3748 1256 3815 vitam,
1290 3750 1358 3803 de
1380 3749 1725 3807 infidelitate
1743 3752 1812 3806 ad
1837 3753 2037 3821 tidem,
2058 3756 2130 3811 de

475 3836 816 3894 infirmitate
872 3838 944 3892 ad
1004 3835 1274 3901 salutem,
1335 3835 1394 3891 in
1426 3854 1544 3909 qua
1587 3838 1636 3893 si
1690 3842 2129 3911 permanseritis

475 3942 663 3998 usque
695 3925 753 3980 in
779 3925 977 3991 ﬁnem,
999 3925 1169 3981 bonis
1191 3926 1463 3981 certando
1486 3927 1781 4000 operibus,
1805 3928 1945 3985 salvi
1968 3931 2130 3988 eritis

476 4014 535 4069 in
567 4013 1025 4069 aeternum.‘Non
1055 4013 1211 4069 enim
1244 4014 1344 4084 qui
1374 4015 1609 4087 cmperit
1631 4016 1875 4087 bonum,
1896 4019 1995 4075 sed
2029 4021 2129 4093 qui

474 4101 926 4176 perseveraverit
955 4101 1014 4157 in
1047 4102 1220 4171 bono,
1251 4103 1345 4158 hic
1375 4103 1571 4160 salvus
1600 4105 1727 4160 erit.
1761 4107 1924 4163 Tunc
1971 4108 2128 4165 enim

474 4191 665 4265 placet
693 4192 809 4247 Deo
841 4195 1041 4248 nostra
1085 4192 1404 4259 conversio,
1437 4194 1671 4264 quando
1702 4194 1924 4252 bonum
1972 4199 2126 4269 quod

471 4274 840 4349 inchoamus,
877 4282 1268 4351 perseveranti
1298 4282 1410 4336 {ine
1463 4282 1846 4354 complemus.
1902 4285 2125 4342 Bonum

471 4385 608 4442 ergo
631 4385 746 4424 non
777 4368 1042 4441 cmpisse,
1069 4369 1170 4424 sed
1197 4370 1509 4441 perfecisse
1525 4370 1706 4426 virtus
1729 4377 1835 4429 est.
1866 4374 2011 4429 Nam
2043 4375 2127 4430 in-

472 4449 822 4513 choantibus
853 4456 1155 4528 praemium
1180 4458 1558 4529 promittitur,
1583 4460 1682 4515 sed
1706 4464 2125 4532 perseveranti-

2230 565 2376 621 Huic
2424 564 2699 622 ostiarius
2739 567 2944 639 aperit,
2977 571 3033 623 et
3063 583 3196 623 oves
3224 583 3419 623 vocem
3450 566 3582 637 ejus
3611 565 3857 622 audiunt.

2229 653 2501 710 Alienum
2535 660 2731 712 autem
2764 673 2879 710 non
2910 659 3260 728 sequuntur,
3293 655 3394 710 sed
3428 654 3661 727 fugiunt
3689 655 3756 710 ab
3784 673 3860 722 eo,

2231 741 2370 813 quia
2400 760 2516 798 non
2549 750 2833 800 noverunt
2861 761 3056 800 vocem
3088 744 3435 799 alienorum.
3465 765 3493 793 «
3515 744 3659 799 Cum
3690 750 3861 801 autem

2230 837 2492 887 cerneret
2521 849 2618 888 eos
2650 832 2935 889 Dominus
2968 833 3075 889 hoc
3106 833 3474 905 proverbium
3508 849 3625 887 non
3673 831 3863 889 intelli-

2230 935 2385 991 gere,
2419 920 2678 992 apertius
2706 921 2776 976 de
2807 938 2921 993 quo
2971 924 3202 994 pastore
3234 918 3571 993 loqueretur
3598 922 3862 993 exposuit,

2232 1008 2464 1063 dicens:
2500 1032 2525 1058 ‹‹
2561 1010 2679 1082 Ego
2710 1026 2842 1065 sum
2875 1014 3073 1083 pastor
3102 1010 3314 1066 bonus.
3350 1032 3377 1057 »
3416 1010 3529 1065 Sed
3561 1008 3621 1065 in
3651 1011 3863 1066 exordio

2234 1095 2411 1167 hujus
2433 1096 2696 1152 lectionis
2729 1097 3146 1170 inquirendum
3169 1102 3277 1166 est,
3311 1114 3489 1170 quare
3519 1115 3582 1155 se
3604 1099 3864 1156 Dominus

2235 1189 2527 1256 pastorem
2560 1186 2851 1241 nominari
2884 1186 3151 1243 voluerit.
3200 1185 3477 1258 Nunquid
3528 1187 3865 1259 ideo’pastor

2234 1271 2466 1344 dicitur,
2499 1290 2564 1329 eo
2595 1275 2749 1346 quad
2784 1292 2944 1330 more
2982 1275 3190 1332 terreni
3225 1275 3475 1347 pastoris
3504 1280 3638 1332 o'ves
3670 1277 3743 1332 ad
3781 1295 3863 1349 pa-

2235 1380 2378 1419 scua
2407 1362 2582 1418 ducat
2611 1367 2667 1419 et
2696 1364 2935 1420 reducat
2954 1364 2981 1419 ‘.’
3003 1365 3148 1420 Non.
3173 1364 3283 1419 Sed
3314 1381 3417 1435 per
3438 1363 3861 1421 similitudinem

2233 1450 2372 1507 talia
2404 1451 2642 1507 nemina
2667 1453 2716 1508 ei
2741 1452 3129 1525 applicantur,
3153 1457 3217 1508 ut
3239 1469 3341 1525 per
3359 1452 3614 1509 visibilia
3632 1451 3865 1509 invisibi-

2233 1538 2312 1595 lia
2344 1539 2760 1612 intelligamus.
2795 1540 2958 1596 Sicut
2987 1541 3143 1597 enim
3175 1541 3297 1598 ovis
3318 1539 3534 1597 dicitur
3554 1543 3867 1614 propterim

2235 1629 2588 1695 nocentium,
2622 1646 2810 1702 agnus
2840 1634 3076 1703 propter
3107 1630 3642 1695 mansuetudinem,
3676 1630 3867 1685 vitulus

2235 1723 2473 1790 propter
2501 1735 2620 1773 sua)
2652 1718 2846 1774 carnis
2867 1718 3347 1785 immolationem,
3372 1717 3460 1774 leo
3477 1723 3717 1791 propter
3738 1718 3870 1774 forti-

2236 1805 2690 1879 tudinem,petra
2707 1812 2941 1879 propter
2962 1806 3410 1873 firmitatem,sic
3436 1808 3650 1863 dicitur
3673 1814 3867 1880 pastor,

2236 1912 2351 1951 non
2381 1894 2572 1951 solum
2605 1897 2761 1967 quod
2798 1896 2999 1952 fideles
3020 1914 3160 1952 suos
3199 1896 3582 1968 spiritualiter
3608 1902 3804 1968 pascat
3827 1898 3870 1951 et

2235 1982 2475 2050 reficiat,
2500 1983 2600 2038 sed
2620 1984 2793 2039 etiam
2817 1984 2975 2056 quod
2994 2001 3091 2040 cos
3114 2001 3147 2040 a
3171 1985 3468 2041 morsibus
3490 1984 3765 2058 luporum
3784 2002 3871 2041 sua

2237 2071 2590 2144 protectione
2618 2072 2912 2128 defendat.
2938 2075 3051 2128 Iste
3072 2077 3161 2129 est
3190 2071 3346 2128 enim
3368 2089 3540 2129 verus
3566 2074 3870 2146 pastor,qui

2237 2160 2406 2216 nobis
2438 2160 2842 2216 rationabilem
2876 2178 3114 2217 sensum
3162 2161 3386 2228 tribuit,
3430 2167 3487 2217 et
3529 2161 3871 2235 spiritualem

2237 2248 2596 2304 intellectum
2629 2249 2941 2305 ministrat.
2978 2250 3104 2322 Ipse
3135 2268 3305 2305 verus
3326 2254 3415 2305 est
3436 2255 3654 2322 pastor,
3680 2252 3777 2323 qui
3802 2267 3871 2306 sa-

2238 2342 2535 2393 cramento
2567 2338 2657 2393 sui
2691 2338 2950 2410 corporis
2981 2355 3047 2393 ac
3076 2338 3385 2412 sanguinis
3410 2355 3524 2395 non
3543 2338 3602 2394 in
3624 2339 3872 2412 prazsenti

2240 2425 2443 2491 reﬁcit,
2477 2428 2533 2480 et
2564 2424 2619 2480 in
2644 2426 2841 2482 futuro
2864 2427 2935 2481 ad
2966 2426 3296 2483 satietatem
3318 2428 3436 2482 sua:
3450 2426 3871 2499 contemplatio-

2239 2515 2332 2570 nis
2362 2515 2647 2586 perducit,
2672 2515 2771 2587 qui
2794 2514 2874 2571 ait
2894 2514 2953 2570 in
2974 2514 3312 2588 Evangelio:
3347 2539 3375 2566 «
3411 2516 3529 2588 Ego
3559 2533 3692 2571 sum
3719 2515 3872 2588 panis

2238 2603 2403 2659 vivus
2433 2603 2533 2675 qui
2564 2604 2635 2660 de
2664 2603 2807 2659 cmlo
2835 2603 3107 2660 descendi
3138 2609 3324 2672 (Joan.
3357 2608 3463 2673 v1).
3485 2628 3506 2656 ι
3545 2605 3614 2660 Et
3637 2604 3871 2660 iterum:

2246 2715 2266 2741 ιι
2302 2693 2409 2748 Per
2441 2709 2532 2747 me
2554 2692 2601 2748 si
2636 2692 2767 2764 quis
2801 2691 3108 2761 introierit,
3143 2692 3484 2760 salvabitur,
3516 2697 3574 2748 et
3603 2691 3874 2766 ingredie-

2241 2785 2341 2836 tur
2371 2784 2426 2836 et
2457 2780 2810 2853 egredietur,
2831 2784 2889 2837 et
2927 2798 3145 2853 pascua
3166 2780 3423 2837 inveniet
3450 2785 3635 2851 (Joan.
3666 2786 3741 2850 Χ).
3768 2804 3794 2830 ››
3823 2782 3875 2836 Et

2241 2886 2476 2925 rursus:
2516 2891 2542 2919 α
2573 2868 2680 2933 Qui
2710 2870 3027 2925 manducet
3057 2886 3246 2926 meam
3278 2886 3515 2925 carnem
3543 2870 3715 2943 (Joan.
3748 2874 3873 2939 vn,»

2241 2961 2299 3013 et
2328 2956 2573 3030 reliqua.
2608 2958 2710 3012 Et:
2770 2979 2791 3009 α
2828 2957 2971 3013 Caro
3013 2974 3144 3014 mea
3172 2975 3302 3014 vere
3334 2963 3424 3014 est
3453 2958 3640 3026 cibus,
3672 2963 3728 3013 et
3757 2975 3873 3013 san-

2242 3046 2376 3119 guis
2407 3063 2573 3101 meus
2603 3062 2733 3101 vere
2762 3049 2850 3101 est
2880 3049 3073 3117 potus.
3101 3069 3128 3096 »
3151 3046 3270 3102 Sub
3293 3047 3463 3118 cuius
3484 3046 3730 3119 pastoris
3750 3045 3875 3118 regi-

2245 3135 2402 3190 mine
2433 3133 2793 3190 abundantia
2813 3151 3033 3206 pascua
3052 3151 3113 3190 se
3140 3134 3429 3190 invenisse
3449 3135 3737 3207 gaudebat
3756 3138 3873 3189 Pro-

2161 3210 2203 3277 C
2243 3223 2436 3294 pheta,
2473 3239 2604 3276 cum
2637 3222 2888 3277 diceret:
2925 3248 2949 3271 ‹‹
2984 3221 3267 3279 Dominus
3298 3223 3485 3295 pascit
3516 3240 3626 3291 me,
3659 3229 3715 3279 et
3743 3220 3871 3279 nihil
3962 3236 3963 3241 ‘

2240 3310 2384 3364 mihi
2443 3309 2627 3364 deerit
2658 3310 2829 3380 (Paul.
2888 3315 3042 3377 xxn).
3080 3333 3107 3360 ››
3158 3312 3227 3366 Et
3257 3312 3509 3367 iterum:
3568 3335 3593 3361 ‹‹
3628 3311 3874 3368 Satiabor

2238 3398 2379 3453 dum
2408 3396 2877 3454 manifestabitur
2895 3399 3080 3473 gloria
3099 3404 3201 3456 tua
3219 3400 3387 3473 (Psal.
3421 3401 3559 3471 xvr).
3582 3424 3608 3450 n
3631 3401 3738 3457 Iste
3757 3416 3873 3455 vero
3962 3446 3963 3463 ξ

2239 3492 2437 3558 pastor
2453 3486 2723 3543 ﬁdelibus
2741 3488 2945 3544 ovibus
2968 3488 3438 3561 promittebatur,
3456 3507 3592 3545 cum
3616 3488 3871 3544 Dominus
3962 3536 3963 3563 ξ

2238 3592 2340 3646 per
2369 3574 2712 3646 prophetam
2744 3576 3002 3632 dicebat:
3035 3601 3062 3627 «
3096 3578 3240 3633 Ecce
3269 3594 3375 3650 ego
3406 3576 3696 3633 suscitabo
3725 3576 3869 3632 vobis
3962 3584 3963 3647 ᾖ

2240 3667 2531 3734 pastorem
2566 3681 2768 3729 unum,
2806 3681 3035 3720 servum
3080 3682 3275 3721 meum
3309 3666 3511 3733 David,
3564 3664 3658 3737 qui
3706 3664 3870 3736 pascit

2239 3769 2374 3808 oves
2421 3752 2479 3806 in
2520 3751 2744 3822 judicio
2792 3757 2848 3809 et
2888 3753 3125 3824 justitia
3155 3754 3365 3821 (Ezech.
3398 3754 3610 3825 xxxw).
3646 3776 3673 3801 n
3703 3753 3869 3824 Hujus
3962 3751 3963 3825 ξ

2240 3839 2490 3912 pastoris
2520 3845 2654 3913 typo
2687 3840 2770 3896 vel
2802 3841 3011 3912 figura,
3045 3842 3224 3898 Jacob
3262 3841 3592 3914 patriarcha
3622 3858 3746 3897 oves
3774 3858 3865 3912 pa-

2237 3929 2390 3986 visse
2420 3928 2651 4002 legitur.
2687 3929 2847 3985 Sicut
2877 3929 3031 3985 enim
3055 3931 3125 3986 ad
3158 3931 3410 4002 pastoris
3441 3930 3695 3986 officium
3716 3928 3866 4001 perti-

2239 4022 2356 4084 net,
2390 4035 2504 4073 non
2535 4017 2724 4072 solum
2774 4018 3042 4074 fortiores
3075 4036 3208 4075 oves
3239 4019 3308 4075 ad
3336 4036 3557 4092 pascua
3584 4019 3861 4082 deducere,

2239 4107 2340 4162 sed
2371 4106 2545 4161 etiam
2580 4105 2828 4161 infirmis
2853 4107 3202 4162 medicinam
3225 4107 3583 4180 impendere,
3608 4106 3690 4161 sic
3708 4104 3862 4161 etiam

2235 4194 2345 4250 iste
2365 4199 2564 4266 pastor
2582 4212 2695 4250 non
2719 4194 2910 4250 solum
2933 4196 3304 4267 perfectiores
3327 4212 3591 4268 quosque
3615 4195 3669 4249 in
3698 4191 3863 4248 Eccle-

2237 4284 2324 4338 sia
2353 4283 2522 4356 gerit,
2565 4284 2661 4338 sed
2696 4284 2871 4339 etiam
2902 4283 3154 4341 infirmis
3185 4284 3498 4340 animabus
3531 4300 3630 4357 per
3660 4279 3860 4337 miseri—

2235 4372 2495 4427 cordiam
2512 4372 2944 4442 condescendit,
2968 4377 3026 4429 et
3045 4390 3147 4446 per
3162 4373 3562 4446 paenitentiam
3581 4387 3767 4428 curam
3788 4386 3863 4423 sa-

2237 4459 2693 4531 lutisimpendit.
2715 4461 2874 4526 Quod
2896 4460 3227 4533 significant
3242 4462 3509 4534 ejusdem
3520 4460 3693 4517 Jacob
3713 4457 3861 4512 verba

471 4544 817 4635 bus'datur,‘
839 4562 939 4616 per
968 4562 1103 4601 eum
1125 4545 1223 4616 qui
1257 4546 1543 4635 promisit,
1578 4547 1677 4618 qui
1698 4554 1788 4604 est
1810 4567 1979 4607 verus
2000 4569 2127 4623 pro-
2154 4571 2202 4635 Β
2235 4546 2519 4604 dicentis:
2554 4571 2579 4597 «
2615 4547 2798 4616 Nosti,
2834 4549 3078 4606 Domine
3106 4549 3206 4617 mi,
3240 4551 3396 4623 quod
3427 4550 3611 4606 habeo
3644 4564 3767 4635 oves
3782 4545 3857 4635 fe-

472 4633 689 4689 missor
717 4639 776 4689 et
804 4632 1046 4707 largitor
1072 4635 1242 4690 Jesus
1283 4634 1548 4691 Christus
1580 4637 1862 4694 Dominus
1905 4647 2120 4698 noster.

471 4722 577 4788 Qui
608 4723 747 4778 vivit
777 4726 835 4779 et
865 4727 1068 4796 regnat
1088 4740 1221 4778 cum
1247 4722 1412 4778 Patre
1432 4729 1486 4779 et
1506 4725 1722 4797 Spiritu
1747 4734 1948 4784 sancto
1970 4730 2123 4787 Deus

470 4827 574 4884 per
602 4812 801 4867 omnia
833 4811 1045 4867 saecula
1074 4811 1439 4867 saeculorum.
1473 4815 1678 4869 Amen.

985 4952 1287 5009 HOMILIA
1328 4953 1607 5009 LXXXIII.

469 5056 743 5096 nonumca
775 5058 1033 5098 saeuum
1062 5059 1198 5097 pos'r
1220 5058 1451 5106 ensem,
1480 5044 1851 5101 Misericordia.
1877 5050 2121 5104 Domini.

541 5161 725 5232 (JOAN.
758 5165 839 5231 Χ.)
876 5166 937 5219 In
988 5164 1085 5220 illo
1144 5168 1404 5236 tempore
1436 5164 1579 5220 dixit
1616 5165 1788 5223 Jesus
1817 5169 2123 5243 discipulis

473 5271 495 5297 α
531 5249 681 5304 suis:
717 5251 835 5323 Ego
868 5269 1000 5307 sum
1042 5256 1239 5324 pastor
1270 5253 1477 5309 bonus.
1503 5280 1524 5305 »
1562 5256 1630 5309 Et
1658 5254 1903 5329 reliqua.
1937 5260 2122 5332 Supe-

468 5336 591 5392 rius
624 5342 815 5393 tcxtus
844 5340 1135 5412 Evangelii
1165 5346 1363 5396 narrat
1383 5341 1634 5413 qualiter
1664 5344 1949 5403 Dominus
1974 5348 2122 5405 inter

465 5426 648 5481 bonos
672 5426 974 5499 malosque
989 5433 1248 5499 pastores
1265 5429 1671 5487 discretionem
1689 5434 1904 5503 fecerit,
1922 5436 2121 5494 dicens

462 5515 534 5570 de
554 5514 760 5570 malis:
795 5540 821 5565 ‹‹
842 5517 944 5580 Qui
968 5534 1079 5572 non
1101 5516 1278 5573 intrat
1300 5536 1400 5590 per
1416 5520 1631 5575 ostium
1651 5521 1708 5576 in
1729 5522 1876 5578 ovile
1899 5527 2120 5596 ovium,

463 5602 562 5659 sed
595 5603 858 5660 ascendit
887 5603 1144 5674 aliunde,
1163 5604 1258 5661 ille
1283 5606 1375 5661 fur
1399 5610 1490 5662 est
1519 5612 1574 5662 et
1596 5606 1761 5664 latro.
1786 5634 1812 5659 ››
1837 5617 1913 5668 De
1946 5614 2116 5670 bonis

2234 4642 2323 4693 tas
2357 4642 2584 4691 teneras
2607 4654 2856 4703 mecum,
2881 4655 3027 4708 quas
3051 4638 3100 4693 si
3121 4638 3179 4694 in
3203 4638 3562 4694 ambulando
3585 4637 3717 4710 plus
3731 4632 3858 4688 labo-

2232 4744 2359 4781 rare
2392 4726 2597 4792 fecero,
2633 4724 2954 4781 morientur
2984 4728 3178 4783 cuncti
3208 4744 3417 4801 greges
3448 4744 3567 4783 una
3608 4725 3696 4781 die
3725 4726 3852 4791 (Gen.

2234 4814 2451 4885 xxxiii).
2485 4837 2510 4863 ››
2544 4813 2705 4869 Unde
2738 4830 2839 4885 per
2870 4815 3227 4872 Ezechielem
3258 4815 3607 4889 prophetam
3639 4810 3851 4869 dicitur:

2235 4927 2263 4953 ‹‹
2287 4904 2429 4960 Ecce
2458 4918 2564 4975 ego
2597 4902 2720 4973 ipse
2742 4902 3037 4974 requiram
3059 4921 3192 4962 oves
3216 4922 3398 4971 meas,
3422 4909 3481 4960 et
3498 4901 3738 4960 visitabo
3756 4911 3848 4954 eas.

2232 4992 2394 5047 Sicut
2444 4989 2638 5046 visitat
2684 4996 2883 5063 pastor
2913 5008 3148 5065 gregem
3180 5010 3355 5049 suum
3388 4993 3449 5048 in
3501 4992 3614 5058 die,
3654 4983 3851 5062 quando

2233 5079 2408 5136 fuerit
2426 5079 2485 5133 in
2509 5077 2700 5134 medio
2723 5079 2917 5134 ovium
2936 5098 3179 5138 suarum
3197 5082 3640 5155 dissipatarum,
3655 5076 3733 5133 sic
3750 5070 3853 5127 visi-

2230 5169 2365 5224 tabo
2398 5184 2530 5223 oves
2564 5183 2723 5223 meas
2749 5171 2806 5223 et
2836 5171 3200 5243 congregabo
3232 5187 3331 5227 eas
3364 5170 3436 5226 de
3465 5167 3690 5226 cunctis
3717 5161 3849 5223 locis.

2231 5257 2291 5313 in
2314 5257 2528 5330 quibus
2546 5256 2819 5329 dispersa:
2844 5258 3091 5314 fuerant.
3112 5260 3274 5323 Quod
3296 5259 3549 5332 perierat
3572 5255 3848 5328 requiram.

2230 5347 2385 5419 quod
2417 5346 2708 5417 abjcctum
2735 5346 2921 5402 fuerat
2951 5348 3245 5415 reducam,
3268 5355 3325 5404 et
3344 5349 3502 5422 quod
3525 5346 3848 5404 confractum

2220 5434 2504 5508 'alligabo,
2557 5437 2612 5488 et
2644 5434 2797 5505 quod
2847 5434 3146 5492 inﬁrmum
3192 5438 3589 5505 consolidabo,
3640 5437 3697 5489 et
3725 5422 3846 5503 quod

2230 5525 2445 5597 pingue
2475 5526 2531 5578 ct
2562 5525 2706 5578 torte
2732 5524 3060 5580 custodiam
3092 5527 3304 5595 (Ezech.
3338 5527 3553 5595 xxxu‘).
3590 5546 3618 5575 »
3648 5523 3766 5594 Ipse
3782 5519 3850 5571 est

2228 5613 2402 5671 etiam
2436 5611 2536 5682 qui
2570 5617 2738 5667 sanat
2757 5613 3036 5671 contritus
3065 5616 3255 5685 corde,
3291 5620 3348 5673 et
3369 5616 3571 5688 alligat
3591 5604 3849 5669 contritio-
