  <div class='ocr_page' id='page_1' title='image "/cluster/home/n/w/nwhite01/storage/ocr_20150623/118/hvd.32044073505158/258.png"; bbox 0 0 3872 6170; ppageno 0'>
   <div class='ocr_carea' id='block_1_1' title="bbox 132 316 3456 421">
    <p class='ocr_par' dir='ltr' id='par_1_1' title="bbox 132 316 3456 421">
     <span class='ocr_line' id='line_1_1' title="bbox 132 316 3456 421; baseline -0.004 -21"><span class='ocrx_word' id='word_1_1' title='bbox 132 349 226 412; x_wconf 71' lang='lat'>505</span> <span class='ocrx_word' id='word_1_2' title='bbox 720 316 759 367; x_wconf 64' lang='grc' dir='ltr'>ἰ</span> <span class='ocrx_word' id='word_1_3' title='bbox 1264 331 1620 421; x_wconf 70' lang='lat' dir='ltr'>HOMILi/E</span> <span class='ocrx_word' id='word_1_4' title='bbox 1660 326 2205 393; x_wconf 68' lang='lat' dir='ltr'>nn-ranpons.</span> <span class='ocrx_word' id='word_1_5' title='bbox 3338 336 3456 399; x_wconf 52' lang='grc' dir='ltr'>ξοδ</span> 
     </span>
    </p>
   </div>
   <div class='ocr_carea' id='block_1_2' title="bbox 125 456 3455 544">
    <p class='ocr_par' dir='ltr' id='par_1_2' title="bbox 125 456 3455 544">
     <span class='ocr_line' id='line_1_2' title="bbox 125 456 3455 544; baseline -0.004 -3"><span class='ocrx_word' id='word_1_6' title='bbox 125 478 243 541; x_wconf 80' lang='lat' dir='ltr'>bene</span> <span class='ocrx_word' id='word_1_7' title='bbox 266 479 381 536; x_wconf 84' lang='lat' dir='ltr'>nato</span> <span class='ocrx_word' id='word_1_8' title='bbox 409 468 638 532; x_wconf 92' lang='lat' dir='ltr'>Domino</span> <span class='ocrx_word' id='word_1_9' title='bbox 651 464 1241 544; x_wconf 86' lang='lat' dir='ltr'>angeluspastoribus</span> <span class='ocrx_word' id='word_1_10' title='bbox 1268 464 1694 541; x_wconf 86' lang='lat' dir='ltr'>apparuit,cos-</span> <span class='ocrx_word' id='word_1_11' title='bbox 1721 456 1777 531; x_wconf 68' lang='grc' dir='ltr'><strong>Α</strong></span> <span class='ocrx_word' id='word_1_12' title='bbox 1809 467 1949 521; x_wconf 86' lang='lat' dir='ltr'>sunt</span> <span class='ocrx_word' id='word_1_13' title='bbox 1977 461 2162 519; x_wconf 83' lang='lat' dir='ltr'>Judaei</span> <span class='ocrx_word' id='word_1_14' title='bbox 2195 461 2267 519; x_wconf 89' lang='lat' dir='ltr'>ad</span> <span class='ocrx_word' id='word_1_15' title='bbox 2300 462 2496 521; x_wconf 77' lang='lat' dir='ltr'>ﬁdem.</span> <span class='ocrx_word' id='word_1_16' title='bbox 2530 486 2560 515; x_wconf 73' lang='grc' dir='ltr'><strong>α</strong></span> <span class='ocrx_word' id='word_1_17' title='bbox 2593 464 2661 522; x_wconf 89' lang='lat' dir='ltr'>Et</span> <span class='ocrx_word' id='word_1_18' title='bbox 2688 470 3075 543; x_wconf 85' lang='lat' dir='ltr'>unuspastor.</span> <span class='ocrx_word' id='word_1_19' title='bbox 3111 491 3139 519; x_wconf 82' lang='lat'><strong>»</strong></span> <span class='ocrx_word' id='word_1_20' title='bbox 3152 469 3283 544; x_wconf 89' lang='lat' dir='ltr'>Ipse</span> <span class='ocrx_word' id='word_1_21' title='bbox 3300 473 3455 529; x_wconf 88' lang='lat' dir='ltr'>scili-</span> 
     </span>
    </p>
   </div>
   <div class='ocr_carea' id='block_1_3' title="bbox 125 552 3456 644">
    <p class='ocr_par' dir='ltr' id='par_1_3' title="bbox 125 552 3456 644">
     <span class='ocr_line' id='line_1_3' title="bbox 125 552 3456 644; baseline -0.002 -19"><span class='ocrx_word' id='word_1_22' title='bbox 125 586 213 644; x_wconf 85' lang='lat' dir='ltr'>qne</span> <span class='ocrx_word' id='word_1_23' title='bbox 237 566 441 625; x_wconf 74' lang='lat' dir='ltr'>claritas</span> <span class='ocrx_word' id='word_1_24' title='bbox 468 562 561 619; x_wconf 85' lang='lat' dir='ltr'>Dei</span> <span class='ocrx_word' id='word_1_25' title='bbox 591 558 1007 625; x_wconf 75' lang='lat' dir='ltr'>circummisit,</span> <span class='ocrx_word' id='word_1_26' title='bbox 1038 562 1104 614; x_wconf 89' lang='lat' dir='ltr'>ut</span> <span class='ocrx_word' id='word_1_27' title='bbox 1132 556 1531 632; x_wconf 74' lang='lat' dir='ltr'>intelligamus</span> <span class='ocrx_word' id='word_1_28' title='bbox 1555 556 1695 629; x_wconf 89' lang='lat' dir='ltr'>quia</span> <span class='ocrx_word' id='word_1_29' title='bbox 1806 557 1894 644; x_wconf 70' lang='lat' dir='ltr'>cet</span> <span class='ocrx_word' id='word_1_30' title='bbox 1928 552 2210 644; x_wconf 78' lang='lat' dir='ltr'>Dominus</span> <span class='ocrx_word' id='word_1_31' title='bbox 2238 553 2414 644; x_wconf 21' lang='lat' dir='ltr'>Jes‘us</span> <span class='ocrx_word' id='word_1_32' title='bbox 2445 552 2733 644; x_wconf 79' lang='lat' dir='ltr'>Christus,</span> <span class='ocrx_word' id='word_1_33' title='bbox 2765 555 2838 612; x_wconf 81' lang='lat' dir='ltr'>de</span> <span class='ocrx_word' id='word_1_34' title='bbox 2867 571 2982 629; x_wconf 86' lang='lat' dir='ltr'>quo</span> <span class='ocrx_word' id='word_1_35' title='bbox 2997 568 3101 629; x_wconf 84' lang='lat' dir='ltr'>per</span> <span class='ocrx_word' id='word_1_36' title='bbox 3125 559 3456 631; x_wconf 78' lang='lat' dir='ltr'>apostolum</span> 
     </span>
    </p>
   </div>
   <div class='ocr_carea' id='block_1_4' title="bbox 122 640 3458 730">
    <p class='ocr_par' dir='ltr' id='par_1_4' title="bbox 122 640 3458 730">
     <span class='ocr_line' id='line_1_4' title="bbox 122 640 3458 730; baseline -0.006 -15"><span class='ocrx_word' id='word_1_37' title='bbox 122 640 225 719; x_wconf 79' lang='lat' dir='ltr'>illos</span> <span class='ocrx_word' id='word_1_38' title='bbox 251 654 415 730; x_wconf 84' lang='lat' dir='ltr'>gratia</span> <span class='ocrx_word' id='word_1_39' title='bbox 441 652 532 709; x_wconf 86' lang='lat' dir='ltr'>Dei</span> <span class='ocrx_word' id='word_1_40' title='bbox 561 651 621 705; x_wconf 90' lang='lat' dir='ltr'>in</span> <span class='ocrx_word' id='word_1_41' title='bbox 650 647 921 723; x_wconf 61' lang='lat' dir='ltr'>praesenti</span> <span class='ocrx_word' id='word_1_42' title='bbox 954 647 1267 721; x_wconf 67' lang='lat' dir='ltr'>perfectius</span> <span class='ocrx_word' id='word_1_43' title='bbox 1297 644 1612 713; x_wconf 77' lang='lat' dir='ltr'>illuminat,</span> <span class='ocrx_word' id='word_1_44' title='bbox 1640 649 1697 701; x_wconf 87' lang='lat' dir='ltr'>et</span> <span class='ocrx_word' id='word_1_45' title='bbox 1805 640 2038 696; x_wconf 84' lang='lat' dir='ltr'>Petrum</span> <span class='ocrx_word' id='word_1_46' title='bbox 2072 640 2445 725; x_wconf 86' lang='lat' dir='ltr'>credentibus</span> <span class='ocrx_word' id='word_1_47' title='bbox 2462 640 2705 699; x_wconf 86' lang='lat' dir='ltr'>dicitur:</span> <span class='ocrx_word' id='word_1_48' title='bbox 2725 644 3125 727; x_wconf 84' lang='lat' dir='ltr'>«Eratisenim</span> <span class='ocrx_word' id='word_1_49' title='bbox 3143 646 3458 720; x_wconf 68' lang='lat' dir='ltr'>aliquando</span> 
     </span>
    </p>
   </div>
   <div class='ocr_carea' id='block_1_5' title="bbox 118 730 3460 816">
    <p class='ocr_par' dir='ltr' id='par_1_5' title="bbox 118 730 3460 816">
     <span class='ocr_line' id='line_1_5' title="bbox 118 730 3460 816; baseline -0.003 -12"><span class='ocrx_word' id='word_1_50' title='bbox 118 744 378 804; x_wconf 82' lang='lat' dir='ltr'>sublimior</span> <span class='ocrx_word' id='word_1_51' title='bbox 406 740 701 797; x_wconf 86' lang='lat' dir='ltr'>mercesiu</span> <span class='ocrx_word' id='word_1_52' title='bbox 734 738 929 794; x_wconf 82' lang='lat' dir='ltr'>futuro</span> <span class='ocrx_word' id='word_1_53' title='bbox 951 741 1307 802; x_wconf 86' lang='lat' dir='ltr'>remunerat,</span> <span class='ocrx_word' id='word_1_54' title='bbox 1326 736 1424 809; x_wconf 92' lang='lat' dir='ltr'>qui</span> <span class='ocrx_word' id='word_1_55' title='bbox 1458 750 1695 809; x_wconf 85' lang='lat' dir='ltr'>gregem</span> <span class='ocrx_word' id='word_1_56' title='bbox 1806 730 1960 785; x_wconf 78' lang='lat' dir='ltr'>sicut</span> <span class='ocrx_word' id='word_1_57' title='bbox 2001 746 2135 786; x_wconf 68' lang='lat' dir='ltr'>oves</span> <span class='ocrx_word' id='word_1_58' title='bbox 2183 734 2466 796; x_wconf 69' lang='lat' dir='ltr'>errantes,</span> <span class='ocrx_word' id='word_1_59' title='bbox 2518 731 2618 786; x_wconf 86' lang='lat' dir='ltr'>sed</span> <span class='ocrx_word' id='word_1_60' title='bbox 2671 734 2931 788; x_wconf 87' lang='lat' dir='ltr'>conversi</span> <span class='ocrx_word' id='word_1_61' title='bbox 2985 735 3129 791; x_wconf 83' lang='lat' dir='ltr'>estis</span> <span class='ocrx_word' id='word_1_62' title='bbox 3178 750 3336 816; x_wconf 85' lang='lat' dir='ltr'>nunc</span> <span class='ocrx_word' id='word_1_63' title='bbox 3386 739 3460 795; x_wconf 80' lang='lat' dir='ltr'>ad</span> 
     </span>
    </p>
   </div>
   <div class='ocr_carea' id='block_1_6' title="bbox 115 817 3465 899">
    <p class='ocr_par' dir='ltr' id='par_1_6' title="bbox 115 817 3465 899">
     <span class='ocr_line' id='line_1_6' title="bbox 115 817 3465 899; baseline 0.002 -7"><span class='ocrx_word' id='word_1_64' title='bbox 115 831 426 893; x_wconf 89' lang='lat' dir='ltr'>Dominicum</span> <span class='ocrx_word' id='word_1_65' title='bbox 455 828 644 884; x_wconf 88' lang='lat' dir='ltr'>divino</span> <span class='ocrx_word' id='word_1_66' title='bbox 668 844 865 883; x_wconf 90' lang='lat' dir='ltr'>amore</span> <span class='ocrx_word' id='word_1_67' title='bbox 892 825 1312 883; x_wconf 88' lang='lat' dir='ltr'>benedocendo</span> <span class='ocrx_word' id='word_1_68' title='bbox 1330 840 1695 898; x_wconf 82' lang='lat' dir='ltr'>pascerenon</span> <span class='ocrx_word' id='word_1_69' title='bbox 1805 823 2099 892; x_wconf 58' lang='lat' dir='ltr'>Pastorem</span> <span class='ocrx_word' id='word_1_70' title='bbox 2159 824 2215 874; x_wconf 64' lang='lat' dir='ltr'>et</span> <span class='ocrx_word' id='word_1_71' title='bbox 2267 817 2609 892; x_wconf 68' lang='lat' dir='ltr'>episcopum</span> <span class='ocrx_word' id='word_1_72' title='bbox 2668 820 3002 880; x_wconf 62' lang='lat' dir='ltr'>animarum</span> <span class='ocrx_word' id='word_1_73' title='bbox 3045 827 3372 883; x_wconf 60' lang='grc' dir='ltr'>νθδίνδτυω</span> <span class='ocrx_word' id='word_1_74' title='bbox 3416 828 3465 899; x_wconf 84' lang='grc' dir='ltr'>(Ῑ</span> 
     </span>
    </p>
   </div>
   <div class='ocr_carea' id='block_1_7' title="bbox 116 907 2141 992">
    <p class='ocr_par' dir='ltr' id='par_1_7' title="bbox 116 907 2141 992">
     <span class='ocr_line' id='line_1_7' title="bbox 116 907 2141 992; baseline -0.01 -11"><span class='ocrx_word' id='word_1_75' title='bbox 116 926 356 988; x_wconf 85' lang='lat' dir='ltr'>recusant,</span> <span class='ocrx_word' id='word_1_76' title='bbox 389 919 656 992; x_wconf 88' lang='lat' dir='ltr'>quoniam</span> <span class='ocrx_word' id='word_1_77' title='bbox 689 914 1220 984; x_wconf 73' lang='lat' dir='ltr'>sicutaitDmielza</span> <span class='ocrx_word' id='word_1_78' title='bbox 1245 912 1694 981; x_wconf 86' lang='lat' dir='ltr'>Quidoctisunt,</span> <span class='ocrx_word' id='word_1_79' title='bbox 1805 910 1951 964; x_wconf 81' lang='lat' dir='ltr'>Pctr.</span> <span class='ocrx_word' id='word_1_80' title='bbox 1990 907 2077 977; x_wconf 85' lang='grc' dir='ltr'>ιι).</span> <span class='ocrx_word' id='word_1_81' title='bbox 2116 930 2141 956; x_wconf 80' lang='grc' dir='ltr'>›ι</span> 
     </span>
    </p>
   </div>
   <div class='ocr_carea' id='block_1_8' title="bbox 112 1002 1699 1084">
    <p class='ocr_par' dir='ltr' id='par_1_8' title="bbox 112 1002 1699 1084">
     <span class='ocr_line' id='line_1_8' title="bbox 112 1002 1699 1084; baseline -0.008 -16"><span class='ocrx_word' id='word_1_82' title='bbox 112 1010 371 1084; x_wconf 74' lang='lat' dir='ltr'>fulgebunt</span> <span class='ocrx_word' id='word_1_83' title='bbox 398 1006 556 1080; x_wconf 89' lang='lat' dir='ltr'>quasi</span> <span class='ocrx_word' id='word_1_84' title='bbox 585 1005 766 1062; x_wconf 66' lang='lat' dir='ltr'>stellas</span> <span class='ocrx_word' id='word_1_85' title='bbox 796 1005 855 1060; x_wconf 90' lang='lat' dir='ltr'>in</span> <span class='ocrx_word' id='word_1_86' title='bbox 888 1006 1290 1060; x_wconf 81' lang='lat' dir='ltr'>firmamento:</span> <span class='ocrx_word' id='word_1_87' title='bbox 1324 1008 1382 1059; x_wconf 92' lang='lat' dir='ltr'>et</span> <span class='ocrx_word' id='word_1_88' title='bbox 1396 1002 1494 1074; x_wconf 88' lang='lat' dir='ltr'>qui</span> <span class='ocrx_word' id='word_1_89' title='bbox 1518 1002 1587 1057; x_wconf 90' lang='lat' dir='ltr'>ad</span> <span class='ocrx_word' id='word_1_90' title='bbox 1606 1004 1699 1073; x_wconf 88' lang='lat' dir='ltr'>ju-</span> 
     </span>
    </p>
   </div>
   <div class='ocr_carea' id='block_1_9' title="bbox 113 1091 1698 1165">
    <p class='ocr_par' dir='ltr' id='par_1_9' title="bbox 113 1091 1698 1165">
     <span class='ocr_line' id='line_1_9' title="bbox 113 1091 1698 1165; baseline -0.006 -9"><span class='ocrx_word' id='word_1_91' title='bbox 113 1099 291 1156; x_wconf 82' lang='lat' dir='ltr'>stitiam</span> <span class='ocrx_word' id='word_1_92' title='bbox 319 1094 579 1153; x_wconf 87' lang='lat' dir='ltr'>erudiunt</span> <span class='ocrx_word' id='word_1_93' title='bbox 607 1094 846 1162; x_wconf 89' lang='lat' dir='ltr'>multos,</span> <span class='ocrx_word' id='word_1_94' title='bbox 889 1093 1043 1150; x_wconf 82' lang='lat' dir='ltr'>sicut</span> <span class='ocrx_word' id='word_1_95' title='bbox 1088 1091 1267 1149; x_wconf 71' lang='lat' dir='ltr'>stellze</span> <span class='ocrx_word' id='word_1_96' title='bbox 1299 1092 1356 1147; x_wconf 91' lang='lat' dir='ltr'>in</span> <span class='ocrx_word' id='word_1_97' title='bbox 1391 1094 1698 1165; x_wconf 87' lang='lat' dir='ltr'>perpetuas</span> 
     </span>
    </p>
   </div>
   <div class='ocr_carea' id='block_1_10' title="bbox 111 1184 3191 1257">
    <p class='ocr_par' dir='ltr' id='par_1_10' title="bbox 111 1184 3191 1257">
     <span class='ocr_line' id='line_1_10' title="bbox 111 1184 3191 1257; baseline -0.011 -14"><span class='ocrx_word' id='word_1_98' title='bbox 111 1187 354 1245; x_wconf 53' lang='lat' dir='ltr'>aeternitas</span> <span class='ocrx_word' id='word_1_99' title='bbox 382 1186 537 1256; x_wconf 83' lang='lat' dir='ltr'>(Dan.</span> <span class='ocrx_word' id='word_1_100' title='bbox 568 1184 693 1257; x_wconf 78' lang='lat' dir='ltr'>xu).</span> <span class='ocrx_word' id='word_1_101' title='bbox 724 1207 744 1232; x_wconf 85' lang='grc'><strong>»</strong></span> <span class='ocrx_word' id='word_1_102' title='bbox 2005 1184 2280 1197; x_wconf 54' lang='grc' dir='ltr'>’κη’-’πη</span> <span class='ocrx_word' id='word_1_103' title='bbox 2324 1184 2516 1197; x_wconf 62' lang='lat' dir='ltr'>&quot;mu&quot;</span> <span class='ocrx_word' id='word_1_104' title='bbox 2555 1184 2572 1197; x_wconf 75' lang='grc' dir='ltr'>ι</span> <span class='ocrx_word' id='word_1_105' title='bbox 2593 1184 2685 1198; x_wconf 80' lang='grc' dir='ltr'>υυι</span> <span class='ocrx_word' id='word_1_106' title='bbox 2732 1184 2968 1213; x_wconf 61' lang='lat' dir='ltr'>movum,</span> <span class='ocrx_word' id='word_1_107' title='bbox 3000 1184 3191 1251; x_wconf 35' lang='lat' dir='ltr'>mum-oi</span> 
     </span>
    </p>
   </div>
   <div class='ocr_carea' id='block_1_11' title="bbox 167 1267 3457 1347">
    <p class='ocr_par' dir='ltr' id='par_1_11' title="bbox 167 1267 3457 1347">
     <span class='ocr_line' id='line_1_11' title="bbox 167 1267 3457 1347; baseline 0.002 -20"><span class='ocrx_word' id='word_1_108' title='bbox 167 1274 357 1331; x_wconf 79' lang='lat' dir='ltr'>«Sicut</span> <span class='ocrx_word' id='word_1_109' title='bbox 386 1273 533 1329; x_wconf 89' lang='lat' dir='ltr'>novit</span> <span class='ocrx_word' id='word_1_110' title='bbox 564 1289 657 1329; x_wconf 86' lang='lat' dir='ltr'>me</span> <span class='ocrx_word' id='word_1_111' title='bbox 689 1274 877 1340; x_wconf 89' lang='lat' dir='ltr'>Pater,</span> <span class='ocrx_word' id='word_1_112' title='bbox 907 1276 962 1328; x_wconf 88' lang='lat' dir='ltr'>et</span> <span class='ocrx_word' id='word_1_113' title='bbox 993 1289 1098 1346; x_wconf 89' lang='lat' dir='ltr'>ego</span> <span class='ocrx_word' id='word_1_114' title='bbox 1129 1288 1380 1345; x_wconf 87' lang='lat' dir='ltr'>agnosco</span> <span class='ocrx_word' id='word_1_115' title='bbox 1410 1272 1698 1327; x_wconf 76' lang='lat' dir='ltr'>Patrem.»</span> <span class='ocrx_word' id='word_1_116' title='bbox 1881 1268 1923 1338; x_wconf 89' lang='grc' dir='ltr'>(Ι</span> <span class='ocrx_word' id='word_1_117' title='bbox 1956 1268 2125 1326; x_wconf 78' lang='lat' dir='ltr'>Ps&#39;rn.</span> <span class='ocrx_word' id='word_1_118' title='bbox 2160 1267 2245 1337; x_wconf 87' lang='grc' dir='ltr'>ιι.)</span> <span class='ocrx_word' id='word_1_119' title='bbox 2279 1290 2306 1317; x_wconf 92' lang='grc'>‹‹</span> <span class='ocrx_word' id='word_1_120' title='bbox 2340 1267 2705 1335; x_wconf 82' lang='lat' dir='ltr'>Charissimi,</span> <span class='ocrx_word' id='word_1_121' title='bbox 2749 1269 2988 1327; x_wconf 85' lang='lat' dir='ltr'>obsecro</span> <span class='ocrx_word' id='word_1_122' title='bbox 3029 1288 3131 1328; x_wconf 89' lang='lat' dir='ltr'>vos</span> <span class='ocrx_word' id='word_1_123' title='bbox 3174 1277 3457 1347; x_wconf 78' lang='lat' dir='ltr'>tanquam</span> 
     </span>
    </p>
   </div>
   <div class='ocr_carea' id='block_1_12' title="bbox 110 1355 3459 1440">
    <p class='ocr_par' dir='ltr' id='par_1_12' title="bbox 110 1355 3459 1440">
     <span class='ocr_line' id='line_1_12' title="bbox 110 1355 3459 1440; baseline 0 -19"><span class='ocrx_word' id='word_1_124' title='bbox 110 1365 239 1421; x_wconf 81' lang='lat' dir='ltr'>Novit</span> <span class='ocrx_word' id='word_1_125' title='bbox 265 1365 420 1420; x_wconf 87' lang='lat' dir='ltr'>Pater</span> <span class='ocrx_word' id='word_1_126' title='bbox 450 1361 656 1418; x_wconf 80' lang='lat' dir='ltr'>Filium</span> <span class='ocrx_word' id='word_1_127' title='bbox 689 1378 804 1418; x_wconf 91' lang='lat' dir='ltr'>non</span> <span class='ocrx_word' id='word_1_128' title='bbox 837 1360 1251 1434; x_wconf 87' lang='lat' dir='ltr'>temporalitcr,</span> <span class='ocrx_word' id='word_1_129' title='bbox 1286 1361 1386 1416; x_wconf 85' lang='lat' dir='ltr'>sed</span> <span class='ocrx_word' id='word_1_130' title='bbox 1418 1359 1701 1416; x_wconf 63' lang='lat' dir='ltr'>aeternali-</span> <span class='ocrx_word' id='word_1_131' title='bbox 1810 1380 1837 1406; x_wconf 88' lang='grc'><em>‹‹</em></span> <span class='ocrx_word' id='word_1_132' title='bbox 1872 1358 2125 1413; x_wconf 89' lang='lat' dir='ltr'>advenas</span> <span class='ocrx_word' id='word_1_133' title='bbox 2156 1360 2213 1413; x_wconf 89' lang='lat' dir='ltr'>et</span> <span class='ocrx_word' id='word_1_134' title='bbox 2241 1355 2600 1430; x_wconf 88' lang='lat' dir='ltr'>peregrinos,</span> <span class='ocrx_word' id='word_1_135' title='bbox 2629 1357 2923 1416; x_wconf 88' lang='lat' dir='ltr'>abstinere</span> <span class='ocrx_word' id='word_1_136' title='bbox 2945 1377 3046 1416; x_wconf 90' lang='lat' dir='ltr'>vos</span> <span class='ocrx_word' id='word_1_137' title='bbox 3077 1363 3459 1440; x_wconf 77' lang='lat' dir='ltr'>acarnalibus</span> 
     </span>
    </p>
   </div>
   <div class='ocr_carea' id='block_1_13' title="bbox 106 1439 3460 1522">
    <p class='ocr_par' dir='ltr' id='par_1_13' title="bbox 106 1439 3460 1522">
     <span class='ocr_line' id='line_1_13' title="bbox 106 1439 3460 1522; baseline 0 -13"><span class='ocrx_word' id='word_1_138' title='bbox 106 1459 187 1521; x_wconf 86' lang='lat' dir='ltr'>ter,</span> <span class='ocrx_word' id='word_1_139' title='bbox 215 1457 540 1508; x_wconf 66' lang='lat' dir='ltr'>coaeternum</span> <span class='ocrx_word' id='word_1_140' title='bbox 575 1454 633 1507; x_wconf 89' lang='lat' dir='ltr'>et</span> <span class='ocrx_word' id='word_1_141' title='bbox 664 1449 1222 1507; x_wconf 84' lang='lat' dir='ltr'>consubstantialem</span> <span class='ocrx_word' id='word_1_142' title='bbox 1257 1449 1366 1506; x_wconf 88' lang='lat' dir='ltr'>sibi</span> <span class='ocrx_word' id='word_1_143' title='bbox 1408 1447 1698 1522; x_wconf 88' lang='lat' dir='ltr'>gignendo</span> <span class='ocrx_word' id='word_1_144' title='bbox 1811 1471 1837 1497; x_wconf 89' lang='grc'>‹‹</span> <span class='ocrx_word' id='word_1_145' title='bbox 1872 1445 2196 1513; x_wconf 82' lang='lat' dir='ltr'>desideriis,</span> <span class='ocrx_word' id='word_1_146' title='bbox 2224 1462 2349 1517; x_wconf 62' lang='lat' dir='ltr'>qua:</span> <span class='ocrx_word' id='word_1_147' title='bbox 2383 1444 2933 1503; x_wconf 86' lang='lat' dir='ltr'>militantadversus</span> <span class='ocrx_word' id='word_1_148' title='bbox 2950 1450 3351 1509; x_wconf 83' lang='lat' dir='ltr'>animam.»Et</span> <span class='ocrx_word' id='word_1_149' title='bbox 3371 1439 3460 1510; x_wconf 59' lang='lat' dir='ltr'>re:</span> 
     </span>
    </p>
   </div>
   <div class='ocr_carea' id='block_1_14' title="bbox 106 1533 3463 1615">
    <p class='ocr_par' dir='ltr' id='par_1_14' title="bbox 106 1533 3463 1615">
     <span class='ocr_line' id='line_1_14' title="bbox 106 1533 3463 1615; baseline 0.001 -18"><span class='ocrx_word' id='word_1_150' title='bbox 106 1541 298 1607; x_wconf 80' lang='lat' dir='ltr'>Filium,</span> <span class='ocrx_word' id='word_1_151' title='bbox 329 1539 382 1594; x_wconf 93' lang='lat' dir='ltr'>id</span> <span class='ocrx_word' id='word_1_152' title='bbox 416 1542 503 1595; x_wconf 87' lang='lat' dir='ltr'>est</span> <span class='ocrx_word' id='word_1_153' title='bbox 532 1538 787 1594; x_wconf 82' lang='lat' dir='ltr'>Verbum</span> <span class='ocrx_word' id='word_1_154' title='bbox 816 1544 872 1595; x_wconf 87' lang='lat' dir='ltr'>et</span> <span class='ocrx_word' id='word_1_155' title='bbox 902 1538 1273 1612; x_wconf 80' lang='lat' dir='ltr'>sapientiam.</span> <span class='ocrx_word' id='word_1_156' title='bbox 1306 1536 1701 1594; x_wconf 88' lang='lat' dir='ltr'>Nihilominus</span> <span class='ocrx_word' id='word_1_157' title='bbox 1808 1535 1988 1607; x_wconf 90' lang='lat' dir='ltr'>liqua.</span> <span class='ocrx_word' id='word_1_158' title='bbox 2021 1533 2267 1590; x_wconf 84' lang='lat' dir='ltr'>Pulchre</span> <span class='ocrx_word' id='word_1_159' title='bbox 2296 1534 2441 1590; x_wconf 83' lang='lat' dir='ltr'>satis</span> <span class='ocrx_word' id='word_1_160' title='bbox 2471 1534 2817 1591; x_wconf 88' lang='lat' dir='ltr'>admonetet</span> <span class='ocrx_word' id='word_1_161' title='bbox 2832 1535 3169 1595; x_wconf 86' lang='lat' dir='ltr'>exhortatur</span> <span class='ocrx_word' id='word_1_162' title='bbox 3197 1556 3305 1597; x_wconf 89' lang='lat' dir='ltr'>nos</span> <span class='ocrx_word' id='word_1_163' title='bbox 3326 1557 3463 1615; x_wconf 85' lang='lat' dir='ltr'>apo-</span> 
     </span>
    </p>
   </div>
   <div class='ocr_carea' id='block_1_15' title="bbox 105 1621 3460 1703">
    <p class='ocr_par' dir='ltr' id='par_1_15' title="bbox 105 1621 3460 1703">
     <span class='ocr_line' id='line_1_15' title="bbox 105 1621 3460 1703; baseline 0.001 -19"><span class='ocrx_word' id='word_1_164' title='bbox 105 1629 250 1684; x_wconf 81' lang='lat' dir='ltr'>Filius</span> <span class='ocrx_word' id='word_1_165' title='bbox 277 1628 490 1683; x_wconf 83' lang='lat' dir='ltr'>Patrem</span> <span class='ocrx_word' id='word_1_166' title='bbox 525 1627 664 1700; x_wconf 89' lang='lat' dir='ltr'>quia</span> <span class='ocrx_word' id='word_1_167' title='bbox 693 1628 926 1699; x_wconf 88' lang='lat' dir='ltr'>genitus</span> <span class='ocrx_word' id='word_1_168' title='bbox 960 1632 1048 1683; x_wconf 88' lang='lat' dir='ltr'>est</span> <span class='ocrx_word' id='word_1_169' title='bbox 1077 1646 1111 1682; x_wconf 89' lang='lat' dir='ltr'>a</span> <span class='ocrx_word' id='word_1_170' title='bbox 1142 1628 1330 1693; x_wconf 85' lang='lat' dir='ltr'>Patre,</span> <span class='ocrx_word' id='word_1_171' title='bbox 1380 1626 1533 1683; x_wconf 89' lang='lat' dir='ltr'>sicut</span> <span class='ocrx_word' id='word_1_172' title='bbox 1576 1627 1701 1700; x_wconf 89' lang='lat' dir='ltr'>ipse</span> <span class='ocrx_word' id='word_1_173' title='bbox 1811 1622 1996 1679; x_wconf 89' lang='lat' dir='ltr'>stolus</span> <span class='ocrx_word' id='word_1_174' title='bbox 2025 1624 2250 1690; x_wconf 88' lang='lat' dir='ltr'>Petrus,</span> <span class='ocrx_word' id='word_1_175' title='bbox 2284 1621 2493 1679; x_wconf 83' lang='lat' dir='ltr'>fratres</span> <span class='ocrx_word' id='word_1_176' title='bbox 2523 1622 2962 1692; x_wconf 88' lang='lat' dir='ltr'>charissimi,ut</span> <span class='ocrx_word' id='word_1_177' title='bbox 2993 1626 3213 1683; x_wconf 83' lang='lat' dir='ltr'>audivit</span> <span class='ocrx_word' id='word_1_178' title='bbox 3233 1630 3290 1685; x_wconf 89' lang='lat' dir='ltr'>in</span> <span class='ocrx_word' id='word_1_179' title='bbox 3315 1644 3460 1703; x_wconf 68' lang='lat' dir='ltr'>prie-</span> 
     </span>
    </p>
   </div>
   <div class='ocr_carea' id='block_1_16' title="bbox 107 1710 3462 1791">
    <p class='ocr_par' dir='ltr' id='par_1_16' title="bbox 107 1710 3462 1791">
     <span class='ocr_line' id='line_1_16' title="bbox 107 1710 3462 1791; baseline 0.001 -19"><span class='ocrx_word' id='word_1_180' title='bbox 107 1718 169 1773; x_wconf 84' lang='lat' dir='ltr'>ait</span> <span class='ocrx_word' id='word_1_181' title='bbox 188 1716 238 1772; x_wconf 90' lang='lat' dir='ltr'>in</span> <span class='ocrx_word' id='word_1_182' title='bbox 266 1715 593 1790; x_wconf 90' lang='lat' dir='ltr'>Evangelio:</span> <span class='ocrx_word' id='word_1_183' title='bbox 629 1740 656 1767; x_wconf 91' lang='grc'>‹‹</span> <span class='ocrx_word' id='word_1_184' title='bbox 693 1716 874 1772; x_wconf 88' lang='lat' dir='ltr'>Nemo</span> <span class='ocrx_word' id='word_1_185' title='bbox 907 1717 1066 1772; x_wconf 88' lang='lat' dir='ltr'>novit</span> <span class='ocrx_word' id='word_1_186' title='bbox 1096 1716 1303 1773; x_wconf 87' lang='lat' dir='ltr'>Filium</span> <span class='ocrx_word' id='word_1_187' title='bbox 1356 1716 1467 1772; x_wconf 90' lang='lat' dir='ltr'>nisi</span> <span class='ocrx_word' id='word_1_188' title='bbox 1511 1718 1697 1788; x_wconf 86' lang='lat' dir='ltr'>Pater,</span> <span class='ocrx_word' id='word_1_189' title='bbox 1811 1712 1959 1768; x_wconf 86' lang='lat' dir='ltr'>senti</span> <span class='ocrx_word' id='word_1_190' title='bbox 1992 1710 2237 1769; x_wconf 87' lang='lat' dir='ltr'>lectione</span> <span class='ocrx_word' id='word_1_191' title='bbox 2266 1710 2499 1768; x_wconf 84' lang='lat' dir='ltr'>dilectio</span> <span class='ocrx_word' id='word_1_192' title='bbox 2527 1717 2738 1769; x_wconf 85' lang='lat' dir='ltr'>vestra.</span> <span class='ocrx_word' id='word_1_193' title='bbox 2778 1735 2806 1763; x_wconf 84' lang='grc'><strong>‹‹</strong></span> <span class='ocrx_word' id='word_1_194' title='bbox 2836 1710 3110 1783; x_wconf 68' lang='lat' dir='ltr'>Obsecro,</span> <span class='ocrx_word' id='word_1_195' title='bbox 3129 1716 3340 1791; x_wconf 87' lang='lat' dir='ltr'>inquit,</span> <span class='ocrx_word' id='word_1_196' title='bbox 3358 1732 3462 1777; x_wconf 87' lang='lat' dir='ltr'>vos</span> 
     </span>
    </p>
   </div>
   <div class='ocr_carea' id='block_1_17' title="bbox 105 1799 3462 1903">
    <p class='ocr_par' dir='ltr' id='par_1_17' title="bbox 105 1799 3462 1903">
     <span class='ocr_line' id='line_1_17' title="bbox 105 1799 3462 1903; baseline 0.001 -41"><span class='ocrx_word' id='word_1_197' title='bbox 105 1822 185 1862; x_wconf 88' lang='lat' dir='ltr'>nec</span> <span class='ocrx_word' id='word_1_198' title='bbox 207 1809 417 1862; x_wconf 84' lang='lat' dir='ltr'>Patrem</span> <span class='ocrx_word' id='word_1_199' title='bbox 447 1804 608 1861; x_wconf 87' lang='lat' dir='ltr'>novit</span> <span class='ocrx_word' id='word_1_200' title='bbox 636 1805 770 1879; x_wconf 88' lang='lat' dir='ltr'>quis</span> <span class='ocrx_word' id='word_1_201' title='bbox 800 1805 912 1861; x_wconf 90' lang='lat' dir='ltr'>nisi</span> <span class='ocrx_word' id='word_1_202' title='bbox 946 1805 1145 1873; x_wconf 86' lang='lat' dir='ltr'>Filius,</span> <span class='ocrx_word' id='word_1_203' title='bbox 1178 1810 1235 1861; x_wconf 89' lang='lat' dir='ltr'>et</span> <span class='ocrx_word' id='word_1_204' title='bbox 1262 1807 1353 1861; x_wconf 90' lang='lat' dir='ltr'>cui</span> <span class='ocrx_word' id='word_1_205' title='bbox 1384 1804 1566 1865; x_wconf 86' lang='lat' dir='ltr'>Filius</span> <span class='ocrx_word' id='word_1_206' title='bbox 1604 1824 1699 1862; x_wconf 83' lang='lat' dir='ltr'>vo-</span> <span class='ocrx_word' id='word_1_207' title='bbox 1732 1834 1780 1903; x_wconf 69' lang='grc' dir='ltr'><strong>Β</strong></span> <span class='ocrx_word' id='word_1_208' title='bbox 1809 1806 2093 1874; x_wconf 85' lang='lat' dir='ltr'>tanquam</span> <span class='ocrx_word' id='word_1_209' title='bbox 2107 1802 2360 1857; x_wconf 86' lang='lat' dir='ltr'>advenas</span> <span class='ocrx_word' id='word_1_210' title='bbox 2375 1799 3231 1874; x_wconf 73' lang='lat' dir='ltr'>etperegrinos.»Advenzenos</span> <span class='ocrx_word' id='word_1_211' title='bbox 3252 1820 3462 1865; x_wconf 87' lang='lat' dir='ltr'>sumus</span> 
     </span>
    </p>
   </div>
   <div class='ocr_carea' id='block_1_18' title="bbox 102 1890 3462 1969">
    <p class='ocr_par' dir='ltr' id='par_1_18' title="bbox 102 1890 3462 1969">
     <span class='ocr_line' id='line_1_18' title="bbox 102 1890 3462 1969; baseline 0.001 -18"><span class='ocrx_word' id='word_1_212' title='bbox 102 1893 239 1951; x_wconf 86' lang='lat' dir='ltr'>luerit</span> <span class='ocrx_word' id='word_1_213' title='bbox 263 1895 501 1952; x_wconf 80' lang='lat' dir='ltr'>revelare</span> <span class='ocrx_word' id='word_1_214' title='bbox 530 1898 683 1965; x_wconf 74' lang='lat' dir='ltr'>(Luc.</span> <span class='ocrx_word' id='word_1_215' title='bbox 715 1896 793 1967; x_wconf 72' lang='grc' dir='ltr'>χ).</span> <span class='ocrx_word' id='word_1_216' title='bbox 830 1918 857 1944; x_wconf 87' lang='grc'>››</span> <span class='ocrx_word' id='word_1_217' title='bbox 890 1918 916 1945; x_wconf 88' lang='grc'>‹‹</span> <span class='ocrx_word' id='word_1_218' title='bbox 954 1896 1020 1950; x_wconf 84' lang='lat' dir='ltr'>Et</span> <span class='ocrx_word' id='word_1_219' title='bbox 1044 1896 1302 1951; x_wconf 89' lang='lat' dir='ltr'>animam</span> <span class='ocrx_word' id='word_1_220' title='bbox 1327 1912 1519 1952; x_wconf 91' lang='lat' dir='ltr'>meam</span> <span class='ocrx_word' id='word_1_221' title='bbox 1553 1914 1702 1969; x_wconf 89' lang='lat' dir='ltr'>pono</span> <span class='ocrx_word' id='word_1_222' title='bbox 1733 1890 1778 1903; x_wconf 72' lang='lat'><em>&quot;</em></span> <span class='ocrx_word' id='word_1_223' title='bbox 1812 1896 1869 1946; x_wconf 89' lang='lat' dir='ltr'>et</span> <span class='ocrx_word' id='word_1_224' title='bbox 1897 1890 2187 1964; x_wconf 82' lang='lat' dir='ltr'>peregrini</span> <span class='ocrx_word' id='word_1_225' title='bbox 2221 1890 2482 1963; x_wconf 89' lang='lat' dir='ltr'>quandiu</span> <span class='ocrx_word' id='word_1_226' title='bbox 2514 1907 2724 1947; x_wconf 89' lang='lat' dir='ltr'>sumus</span> <span class='ocrx_word' id='word_1_227' title='bbox 2748 1890 2804 1946; x_wconf 91' lang='lat' dir='ltr'>in</span> <span class='ocrx_word' id='word_1_228' title='bbox 2834 1891 2943 1948; x_wconf 89' lang='lat' dir='ltr'>hac</span> <span class='ocrx_word' id='word_1_229' title='bbox 2964 1897 3217 1965; x_wconf 88' lang='lat' dir='ltr'>terra,ut</span> <span class='ocrx_word' id='word_1_230' title='bbox 3246 1896 3462 1954; x_wconf 78' lang='lat' dir='ltr'>Paulus</span> 
     </span>
    </p>
   </div>
   <div class='ocr_carea' id='block_1_19' title="bbox 103 1978 3462 2057">
    <p class='ocr_par' dir='ltr' id='par_1_19' title="bbox 103 1978 3462 2057">
     <span class='ocr_line' id='line_1_19' title="bbox 103 1978 3462 2057; baseline 0.001 -17"><span class='ocrx_word' id='word_1_231' title='bbox 103 2000 234 2057; x_wconf 84' lang='lat' dir='ltr'>«pro</span> <span class='ocrx_word' id='word_1_232' title='bbox 260 1985 452 2040; x_wconf 91' lang='lat' dir='ltr'>ovibus</span> <span class='ocrx_word' id='word_1_233' title='bbox 483 1982 654 2039; x_wconf 89' lang='lat' dir='ltr'>meis.</span> <span class='ocrx_word' id='word_1_234' title='bbox 687 2005 715 2034; x_wconf 84' lang='lat'><strong>»</strong></span> <span class='ocrx_word' id='word_1_235' title='bbox 750 1986 828 2038; x_wconf 84' lang='lat' dir='ltr'>Ac</span> <span class='ocrx_word' id='word_1_236' title='bbox 859 1984 1165 2040; x_wconf 89' lang='lat' dir='ltr'>sidiceret:</span> <span class='ocrx_word' id='word_1_237' title='bbox 1189 1983 1501 2040; x_wconf 87' lang='lat' dir='ltr'>Siindemc</span> <span class='ocrx_word' id='word_1_238' title='bbox 1522 1984 1704 2041; x_wconf 88' lang='lat' dir='ltr'>mani-</span> <span class='ocrx_word' id='word_1_239' title='bbox 1813 1979 2112 2053; x_wconf 85' lang='lat' dir='ltr'>apostolus</span> <span class='ocrx_word' id='word_1_240' title='bbox 2143 1978 2249 2035; x_wconf 89' lang='lat' dir='ltr'>ait:</span> <span class='ocrx_word' id='word_1_241' title='bbox 2285 2002 2313 2030; x_wconf 82' lang='lat'>«</span> <span class='ocrx_word' id='word_1_242' title='bbox 2346 1980 2471 2036; x_wconf 87' lang='lat' dir='ltr'>Non</span> <span class='ocrx_word' id='word_1_243' title='bbox 2505 1980 2661 2035; x_wconf 90' lang='lat' dir='ltr'>enim</span> <span class='ocrx_word' id='word_1_244' title='bbox 2695 1980 2981 2038; x_wconf 85' lang='lat' dir='ltr'>habemus</span> <span class='ocrx_word' id='word_1_245' title='bbox 3003 1982 3099 2039; x_wconf 87' lang='lat' dir='ltr'>hic</span> <span class='ocrx_word' id='word_1_246' title='bbox 3129 1989 3462 2042; x_wconf 89' lang='lat' dir='ltr'>manentem</span> 
     </span>
    </p>
   </div>
   <div class='ocr_carea' id='block_1_20' title="bbox 102 2068 3465 2146">
    <p class='ocr_par' dir='ltr' id='par_1_20' title="bbox 102 2068 3465 2146">
     <span class='ocr_line' id='line_1_20' title="bbox 102 2068 3465 2146; baseline 0.001 -19"><span class='ocrx_word' id='word_1_247' title='bbox 102 2073 217 2129; x_wconf 80' lang='lat' dir='ltr'>festo</span> <span class='ocrx_word' id='word_1_248' title='bbox 244 2073 379 2129; x_wconf 88' lang='lat' dir='ltr'>scire</span> <span class='ocrx_word' id='word_1_249' title='bbox 409 2073 638 2128; x_wconf 88' lang='lat' dir='ltr'>Patrem</span> <span class='ocrx_word' id='word_1_250' title='bbox 671 2076 729 2127; x_wconf 85' lang='lat' dir='ltr'>et</span> <span class='ocrx_word' id='word_1_251' title='bbox 754 2073 1051 2145; x_wconf 88' lang='lat' dir='ltr'>cognitum</span> <span class='ocrx_word' id='word_1_252' title='bbox 1102 2090 1230 2129; x_wconf 88' lang='lat' dir='ltr'>esse</span> <span class='ocrx_word' id='word_1_253' title='bbox 1261 2090 1295 2128; x_wconf 90' lang='lat' dir='ltr'>a</span> <span class='ocrx_word' id='word_1_254' title='bbox 1328 2073 1512 2141; x_wconf 89' lang='lat' dir='ltr'>Patre,</span> <span class='ocrx_word' id='word_1_255' title='bbox 1566 2074 1705 2146; x_wconf 84' lang='lat' dir='ltr'>quia</span> <span class='ocrx_word' id='word_1_256' title='bbox 1812 2068 2125 2139; x_wconf 85' lang='lat' dir='ltr'>civitatem,</span> <span class='ocrx_word' id='word_1_257' title='bbox 2151 2074 2350 2125; x_wconf 80' lang='lat' dir='ltr'>noster</span> <span class='ocrx_word' id='word_1_258' title='bbox 2397 2072 2589 2124; x_wconf 87' lang='lat' dir='ltr'>autem</span> <span class='ocrx_word' id='word_1_259' title='bbox 2642 2069 3038 2143; x_wconf 88' lang='lat' dir='ltr'>municipatus</span> <span class='ocrx_word' id='word_1_260' title='bbox 3086 2077 3177 2129; x_wconf 91' lang='lat' dir='ltr'>est</span> <span class='ocrx_word' id='word_1_261' title='bbox 3204 2072 3265 2131; x_wconf 90' lang='lat' dir='ltr'>in</span> <span class='ocrx_word' id='word_1_262' title='bbox 3305 2072 3465 2132; x_wconf 74' lang='lat' dir='ltr'>caelis</span> 
     </span>
    </p>
   </div>
   <div class='ocr_carea' id='block_1_21' title="bbox 101 2157 3465 2234">
    <p class='ocr_par' dir='ltr' id='par_1_21' title="bbox 101 2157 3465 2234">
     <span class='ocr_line' id='line_1_21' title="bbox 101 2157 3465 2234; baseline 0.001 -17"><span class='ocrx_word' id='word_1_263' title='bbox 101 2160 313 2217; x_wconf 84' lang='lat' dir='ltr'>animam</span> <span class='ocrx_word' id='word_1_264' title='bbox 328 2177 511 2217; x_wconf 82' lang='lat' dir='ltr'>meam</span> <span class='ocrx_word' id='word_1_265' title='bbox 529 2177 684 2234; x_wconf 89' lang='lat' dir='ltr'>pono</span> <span class='ocrx_word' id='word_1_266' title='bbox 698 2162 1023 2234; x_wconf 87' lang='lat' dir='ltr'>proovibus</span> <span class='ocrx_word' id='word_1_267' title='bbox 1037 2161 1707 2234; x_wconf 83' lang='lat' dir='ltr'>meis,tantounusquis-</span> <span class='ocrx_word' id='word_1_268' title='bbox 1814 2159 1995 2231; x_wconf 83' lang='lat' dir='ltr'>(Hebr.</span> <span class='ocrx_word' id='word_1_269' title='bbox 2025 2157 2169 2225; x_wconf 82' lang='lat' dir='ltr'>xm).</span> <span class='ocrx_word' id='word_1_270' title='bbox 2197 2179 2223 2206; x_wconf 86' lang='grc'><strong>››</strong></span> <span class='ocrx_word' id='word_1_271' title='bbox 2256 2157 2489 2213; x_wconf 87' lang='lat' dir='ltr'>Advena</span> <span class='ocrx_word' id='word_1_272' title='bbox 2510 2157 2692 2222; x_wconf 85' lang='lat' dir='ltr'>enim.</span> <span class='ocrx_word' id='word_1_273' title='bbox 2725 2162 2780 2213; x_wconf 90' lang='lat' dir='ltr'>et</span> <span class='ocrx_word' id='word_1_274' title='bbox 2813 2160 3177 2234; x_wconf 83' lang='lat' dir='ltr'>peregrinus,</span> <span class='ocrx_word' id='word_1_275' title='bbox 3226 2164 3465 2221; x_wconf 59' lang='lat' dir='ltr'>autho-</span> 
     </span>
    </p>
   </div>
   <div class='ocr_carea' id='block_1_22' title="bbox 102 2246 3463 2323">
    <p class='ocr_par' dir='ltr' id='par_1_22' title="bbox 102 2246 3463 2323">
     <span class='ocr_line' id='line_1_22' title="bbox 102 2246 3463 2323; baseline 0.002 -20"><span class='ocrx_word' id='word_1_276' title='bbox 102 2250 587 2322; x_wconf 88' lang='lat' dir='ltr'>quepaslorverius</span> <span class='ocrx_word' id='word_1_277' title='bbox 612 2254 789 2309; x_wconf 78' lang='lat' dir='ltr'>Deum</span> <span class='ocrx_word' id='word_1_278' title='bbox 807 2266 1152 2323; x_wconf 74' lang='lat' dir='ltr'>cognoscere</span> <span class='ocrx_word' id='word_1_279' title='bbox 1166 2249 1706 2323; x_wconf 86' lang='lat' dir='ltr'>ostenditur,quan-</span> <span class='ocrx_word' id='word_1_280' title='bbox 1814 2264 1968 2320; x_wconf 87' lang='lat' dir='ltr'>spes,</span> <span class='ocrx_word' id='word_1_281' title='bbox 2002 2264 2119 2303; x_wconf 91' lang='lat' dir='ltr'>non</span> <span class='ocrx_word' id='word_1_282' title='bbox 2150 2246 2369 2319; x_wconf 85' lang='lat' dir='ltr'>cogitat</span> <span class='ocrx_word' id='word_1_283' title='bbox 2399 2246 2554 2319; x_wconf 91' lang='lat' dir='ltr'>quod</span> <span class='ocrx_word' id='word_1_284' title='bbox 2588 2247 2646 2302; x_wconf 90' lang='lat' dir='ltr'>in</span> <span class='ocrx_word' id='word_1_285' title='bbox 2660 2247 3321 2308; x_wconf 84' lang='lat' dir='ltr'>domositaliena.Sicet</span> <span class='ocrx_word' id='word_1_286' title='bbox 3335 2270 3463 2323; x_wconf 91' lang='lat' dir='ltr'>nos,</span> 
     </span>
    </p>
   </div>
   <div class='ocr_carea' id='block_1_23' title="bbox 99 2335 3466 2411">
    <p class='ocr_par' dir='ltr' id='par_1_23' title="bbox 99 2335 3466 2411">
     <span class='ocr_line' id='line_1_23' title="bbox 99 2335 3466 2411; baseline 0.002 -18"><span class='ocrx_word' id='word_1_287' title='bbox 99 2343 142 2393; x_wconf 89' lang='lat' dir='ltr'>to</span> <span class='ocrx_word' id='word_1_288' title='bbox 160 2354 366 2411; x_wconf 85' lang='lat' dir='ltr'>gregem</span> <span class='ocrx_word' id='word_1_289' title='bbox 400 2337 509 2394; x_wconf 87' lang='lat' dir='ltr'>sibi</span> <span class='ocrx_word' id='word_1_290' title='bbox 546 2338 932 2394; x_wconf 86' lang='lat' dir='ltr'>commissum</span> <span class='ocrx_word' id='word_1_291' title='bbox 959 2337 1268 2395; x_wconf 87' lang='lat' dir='ltr'>sollicitius</span> <span class='ocrx_word' id='word_1_292' title='bbox 1290 2340 1565 2410; x_wconf 79' lang='lat' dir='ltr'>custodit,</span> <span class='ocrx_word' id='word_1_293' title='bbox 1589 2358 1705 2397; x_wconf 90' lang='lat' dir='ltr'>non</span> <span class='ocrx_word' id='word_1_294' title='bbox 1815 2340 2118 2409; x_wconf 87' lang='lat' dir='ltr'>quantum</span> <span class='ocrx_word' id='word_1_295' title='bbox 2135 2335 3053 2409; x_wconf 84' lang='lat' dir='ltr'>possumus,Dominolargiente,</span> <span class='ocrx_word' id='word_1_296' title='bbox 3076 2337 3190 2396; x_wconf 89' lang='lat' dir='ltr'>ista</span> <span class='ocrx_word' id='word_1_297' title='bbox 3206 2341 3466 2401; x_wconf 87' lang='lat' dir='ltr'>omnimo</span> 
     </span>
    </p>
   </div>
   <div class='ocr_carea' id='block_1_24' title="bbox 100 2424 3469 2499">
    <p class='ocr_par' dir='ltr' id='par_1_24' title="bbox 100 2424 3469 2499">
     <span class='ocr_line' id='line_1_24' title="bbox 100 2424 3469 2499; baseline 0.003 -20"><span class='ocrx_word' id='word_1_298' title='bbox 100 2425 254 2482; x_wconf 83' lang='lat' dir='ltr'>solum</span> <span class='ocrx_word' id='word_1_299' title='bbox 284 2427 647 2483; x_wconf 85' lang='lat' dir='ltr'>admonendo</span> <span class='ocrx_word' id='word_1_300' title='bbox 679 2434 735 2482; x_wconf 91' lang='lat' dir='ltr'>et</span> <span class='ocrx_word' id='word_1_301' title='bbox 764 2425 1144 2497; x_wconf 83' lang='lat' dir='ltr'>exhortando,</span> <span class='ocrx_word' id='word_1_302' title='bbox 1178 2430 1279 2485; x_wconf 90' lang='lat' dir='ltr'>sed</span> <span class='ocrx_word' id='word_1_303' title='bbox 1303 2428 1477 2486; x_wconf 88' lang='lat' dir='ltr'>etiam</span> <span class='ocrx_word' id='word_1_304' title='bbox 1510 2430 1583 2499; x_wconf 91' lang='lat' dir='ltr'>(si</span> <span class='ocrx_word' id='word_1_305' title='bbox 1615 2448 1709 2486; x_wconf 90' lang='lat' dir='ltr'>ne-</span> <span class='ocrx_word' id='word_1_306' title='bbox 1815 2426 2096 2481; x_wconf 89' lang='lat' dir='ltr'>debemus</span> <span class='ocrx_word' id='word_1_307' title='bbox 2126 2424 2442 2498; x_wconf 82' lang='lat' dir='ltr'>despicere,</span> <span class='ocrx_word' id='word_1_308' title='bbox 2476 2428 2532 2480; x_wconf 87' lang='lat' dir='ltr'>et</span> <span class='ocrx_word' id='word_1_309' title='bbox 2562 2424 2632 2480; x_wconf 90' lang='lat' dir='ltr'>de</span> <span class='ocrx_word' id='word_1_310' title='bbox 2648 2424 2982 2483; x_wconf 75' lang='lat' dir='ltr'>cmlestibus</span> <span class='ocrx_word' id='word_1_311' title='bbox 3014 2429 3469 2499; x_wconf 51' lang='lat' dir='ltr'>mediter-tunde</span> 
     </span>
    </p>
   </div>
   <div class='ocr_carea' id='block_1_25' title="bbox 102 2513 3469 2589">
    <p class='ocr_par' dir='ltr' id='par_1_25' title="bbox 102 2513 3469 2589">
     <span class='ocr_line' id='line_1_25' title="bbox 102 2513 3469 2589; baseline 0.003 -20"><span class='ocrx_word' id='word_1_312' title='bbox 102 2513 303 2571; x_wconf 79' lang='lat' dir='ltr'>cessitas</span> <span class='ocrx_word' id='word_1_313' title='bbox 331 2515 527 2589; x_wconf 81' lang='lat' dir='ltr'>exigit)</span> <span class='ocrx_word' id='word_1_314' title='bbox 564 2514 669 2587; x_wconf 83' lang='lat' dir='ltr'>pro</span> <span class='ocrx_word' id='word_1_315' title='bbox 710 2516 1057 2572; x_wconf 87' lang='lat' dir='ltr'>necessitate</span> <span class='ocrx_word' id='word_1_316' title='bbox 1109 2516 1345 2574; x_wconf 85' lang='lat' dir='ltr'>illorum</span> <span class='ocrx_word' id='word_1_317' title='bbox 1394 2517 1706 2576; x_wconf 87' lang='lat' dir='ltr'>utilitatem</span> <span class='ocrx_word' id='word_1_318' title='bbox 1817 2515 1876 2571; x_wconf 91' lang='lat' dir='ltr'>in</span> <span class='ocrx_word' id='word_1_319' title='bbox 1906 2518 2186 2571; x_wconf 67' lang='lat' dir='ltr'>mternum</span> <span class='ocrx_word' id='word_1_320' title='bbox 2211 2514 2400 2572; x_wconf 84' lang='lat' dir='ltr'>vivere</span> <span class='ocrx_word' id='word_1_321' title='bbox 2430 2514 2768 2571; x_wconf 86' lang='lat' dir='ltr'>debeamus.</span> <span class='ocrx_word' id='word_1_322' title='bbox 2805 2516 3469 2578; x_wconf 81' lang='lat' dir='ltr'>«Abstinerevosacar-</span> 
     </span>
    </p>
   </div>
   <div class='ocr_carea' id='block_1_26' title="bbox 102 2600 3471 2678">
    <p class='ocr_par' dir='ltr' id='par_1_26' title="bbox 102 2600 3471 2678">
     <span class='ocr_line' id='line_1_26' title="bbox 102 2600 3471 2678; baseline 0.003 -21"><span class='ocrx_word' id='word_1_323' title='bbox 102 2619 235 2659; x_wconf 87' lang='lat' dir='ltr'>suam</span> <span class='ocrx_word' id='word_1_324' title='bbox 264 2604 682 2677; x_wconf 85' lang='lat' dir='ltr'>postponcndo.</span> <span class='ocrx_word' id='word_1_325' title='bbox 718 2626 745 2653; x_wconf 88' lang='grc'><em>‹‹</em></span> <span class='ocrx_word' id='word_1_326' title='bbox 781 2603 961 2660; x_wconf 90' lang='lat' dir='ltr'>Nemo</span> <span class='ocrx_word' id='word_1_327' title='bbox 990 2605 1145 2661; x_wconf 92' lang='lat' dir='ltr'>enim</span> <span class='ocrx_word' id='word_1_328' title='bbox 1179 2607 1458 2678; x_wconf 72' lang='lat' dir='ltr'>majorem</span> <span class='ocrx_word' id='word_1_329' title='bbox 1486 2607 1594 2663; x_wconf 90' lang='lat' dir='ltr'>hac</span> <span class='ocrx_word' id='word_1_330' title='bbox 1625 2606 1710 2663; x_wconf 84' lang='lat' dir='ltr'>di-</span> <span class='ocrx_word' id='word_1_331' title='bbox 1818 2626 1845 2653; x_wconf 88' lang='grc'>‹‹</span> <span class='ocrx_word' id='word_1_332' title='bbox 1881 2601 2114 2659; x_wconf 89' lang='lat' dir='ltr'>nalibus</span> <span class='ocrx_word' id='word_1_333' title='bbox 2144 2600 2469 2659; x_wconf 90' lang='lat' dir='ltr'>desideriis.</span> <span class='ocrx_word' id='word_1_334' title='bbox 2503 2624 2531 2652; x_wconf 84' lang='lat'>»</span> <span class='ocrx_word' id='word_1_335' title='bbox 2566 2602 2698 2658; x_wconf 87' lang='lat' dir='ltr'>ideo</span> <span class='ocrx_word' id='word_1_336' title='bbox 2729 2620 2763 2657; x_wconf 90' lang='lat' dir='ltr'>a</span> <span class='ocrx_word' id='word_1_337' title='bbox 2784 2602 3121 2662; x_wconf 84' lang='lat' dir='ltr'>carnalibus</span> <span class='ocrx_word' id='word_1_338' title='bbox 3144 2607 3361 2665; x_wconf 91' lang='lat' dir='ltr'>bonum</span> <span class='ocrx_word' id='word_1_339' title='bbox 3381 2615 3471 2667; x_wconf 88' lang='lat' dir='ltr'>est</span> 
     </span>
    </p>
   </div>
   <div class='ocr_carea' id='block_1_27' title="bbox 100 2690 3470 2770">
    <p class='ocr_par' dir='ltr' id='par_1_27' title="bbox 100 2690 3470 2770">
     <span class='ocr_line' id='line_1_27' title="bbox 100 2690 3470 2770; baseline 0 -17"><span class='ocrx_word' id='word_1_340' title='bbox 100 2690 357 2750; x_wconf 76' lang='lat' dir='ltr'>lectionem</span> <span class='ocrx_word' id='word_1_341' title='bbox 386 2692 589 2761; x_wconf 84' lang='lat' dir='ltr'>habet,</span> <span class='ocrx_word' id='word_1_342' title='bbox 622 2709 799 2766; x_wconf 74' lang='lat' dir='ltr'>Quam</span> <span class='ocrx_word' id='word_1_343' title='bbox 832 2697 897 2749; x_wconf 84' lang='lat' dir='ltr'>ut</span> <span class='ocrx_word' id='word_1_344' title='bbox 926 2694 1182 2750; x_wconf 87' lang='lat' dir='ltr'>animam</span> <span class='ocrx_word' id='word_1_345' title='bbox 1202 2714 1370 2751; x_wconf 86' lang='lat' dir='ltr'>suam</span> <span class='ocrx_word' id='word_1_346' title='bbox 1384 2697 1520 2768; x_wconf 89' lang='lat' dir='ltr'>quis</span> <span class='ocrx_word' id='word_1_347' title='bbox 1533 2703 1712 2770; x_wconf 87' lang='lat' dir='ltr'>ponat</span> <span class='ocrx_word' id='word_1_348' title='bbox 1818 2692 2109 2749; x_wconf 89' lang='lat' dir='ltr'>abstinere</span> <span class='ocrx_word' id='word_1_349' title='bbox 2138 2690 2465 2758; x_wconf 86' lang='lat' dir='ltr'>desideriis,</span> <span class='ocrx_word' id='word_1_350' title='bbox 2502 2695 2560 2747; x_wconf 91' lang='lat' dir='ltr'>et</span> <span class='ocrx_word' id='word_1_351' title='bbox 2603 2690 2860 2748; x_wconf 67' lang='lat' dir='ltr'>coelestia</span> <span class='ocrx_word' id='word_1_352' title='bbox 2904 2708 3139 2766; x_wconf 88' lang='lat' dir='ltr'>semper</span> <span class='ocrx_word' id='word_1_353' title='bbox 3180 2694 3470 2755; x_wconf 88' lang='lat' dir='ltr'>desideria</span> 
     </span>
    </p>
   </div>
   <div class='ocr_carea' id='block_1_28' title="bbox 102 2778 3466 2855">
    <p class='ocr_par' dir='ltr' id='par_1_28' title="bbox 102 2778 3466 2855">
     <span class='ocr_line' id='line_1_28' title="bbox 102 2778 3466 2855; baseline 0.002 -19"><span class='ocrx_word' id='word_1_354' title='bbox 102 2796 181 2850; x_wconf 85' lang='lat' dir='ltr'>pro</span> <span class='ocrx_word' id='word_1_355' title='bbox 203 2781 390 2837; x_wconf 88' lang='lat' dir='ltr'>amicis</span> <span class='ocrx_word' id='word_1_356' title='bbox 420 2782 550 2838; x_wconf 89' lang='lat' dir='ltr'>suis</span> <span class='ocrx_word' id='word_1_357' title='bbox 585 2782 761 2853; x_wconf 79' lang='lat' dir='ltr'>(Joan.</span> <span class='ocrx_word' id='word_1_358' title='bbox 793 2783 906 2854; x_wconf 86' lang='lat' dir='ltr'>xv).</span> <span class='ocrx_word' id='word_1_359' title='bbox 943 2806 971 2833; x_wconf 85' lang='lat'><strong>»</strong></span> <span class='ocrx_word' id='word_1_360' title='bbox 1001 2783 1163 2841; x_wconf 89' lang='lat' dir='ltr'>Unde</span> <span class='ocrx_word' id='word_1_361' title='bbox 1195 2789 1251 2841; x_wconf 90' lang='lat' dir='ltr'>et</span> <span class='ocrx_word' id='word_1_362' title='bbox 1278 2785 1531 2843; x_wconf 88' lang='lat' dir='ltr'>Joannes</span> <span class='ocrx_word' id='word_1_363' title='bbox 1547 2786 1707 2844; x_wconf 88' lang='lat' dir='ltr'>dicit:</span> <span class='ocrx_word' id='word_1_364' title='bbox 1818 2798 1946 2855; x_wconf 65' lang='lat' dir='ltr'>qua!</span> <span class='ocrx_word' id='word_1_365' title='bbox 1978 2779 2285 2836; x_wconf 80' lang='lat' dir='ltr'>nobiscum</span> <span class='ocrx_word' id='word_1_366' title='bbox 2312 2778 2545 2837; x_wconf 73' lang='lat' dir='ltr'>valeant</span> <span class='ocrx_word' id='word_1_367' title='bbox 2568 2778 2919 2837; x_wconf 74' lang='lat' dir='ltr'>aeternaiiter</span> <span class='ocrx_word' id='word_1_368' title='bbox 2945 2798 3307 2854; x_wconf 83' lang='lat' dir='ltr'>permanere.</span> <span class='ocrx_word' id='word_1_369' title='bbox 3331 2785 3466 2842; x_wconf 88' lang='lat' dir='ltr'>Car-</span> 
     </span>
    </p>
   </div>
   <div class='ocr_carea' id='block_1_29' title="bbox 105 2868 3471 2948">
    <p class='ocr_par' dir='ltr' id='par_1_29' title="bbox 105 2868 3471 2948">
     <span class='ocr_line' id='line_1_29' title="bbox 105 2868 3471 2948; baseline 0.002 -24"><span class='ocrx_word' id='word_1_370' title='bbox 105 2890 126 2916; x_wconf 84' lang='lat'><em>«</em></span> <span class='ocrx_word' id='word_1_371' title='bbox 145 2869 192 2924; x_wconf 91' lang='lat' dir='ltr'>Si</span> <span class='ocrx_word' id='word_1_372' title='bbox 218 2869 469 2928; x_wconf 84' lang='lat' dir='ltr'>Christus</span> <span class='ocrx_word' id='word_1_373' title='bbox 498 2872 764 2928; x_wconf 86' lang='lat' dir='ltr'>animam</span> <span class='ocrx_word' id='word_1_374' title='bbox 798 2888 966 2929; x_wconf 88' lang='lat' dir='ltr'>suam</span> <span class='ocrx_word' id='word_1_375' title='bbox 985 2889 1089 2946; x_wconf 92' lang='lat' dir='ltr'>pro</span> <span class='ocrx_word' id='word_1_376' title='bbox 1115 2873 1282 2929; x_wconf 90' lang='lat' dir='ltr'>nobis</span> <span class='ocrx_word' id='word_1_377' title='bbox 1294 2875 1506 2948; x_wconf 90' lang='lat' dir='ltr'>posuit,</span> <span class='ocrx_word' id='word_1_378' title='bbox 1527 2880 1583 2931; x_wconf 89' lang='lat' dir='ltr'>et</span> <span class='ocrx_word' id='word_1_379' title='bbox 1604 2893 1711 2932; x_wconf 90' lang='lat' dir='ltr'>nos</span> <span class='ocrx_word' id='word_1_380' title='bbox 1820 2869 1977 2926; x_wconf 87' lang='lat' dir='ltr'>nalia</span> <span class='ocrx_word' id='word_1_381' title='bbox 2007 2872 2202 2925; x_wconf 89' lang='lat' dir='ltr'>autem</span> <span class='ocrx_word' id='word_1_382' title='bbox 2236 2868 2553 2940; x_wconf 88' lang='lat' dir='ltr'>decipiunt,</span> <span class='ocrx_word' id='word_1_383' title='bbox 2585 2870 2722 2926; x_wconf 88' lang='lat' dir='ltr'>etad</span> <span class='ocrx_word' id='word_1_384' title='bbox 2735 2869 3122 2942; x_wconf 87' lang='lat' dir='ltr'>perditionem</span> <span class='ocrx_word' id='word_1_385' title='bbox 3140 2873 3471 2946; x_wconf 80' lang='lat' dir='ltr'>perducunt</span> 
     </span>
    </p>
   </div>
   <div class='ocr_carea' id='block_1_30' title="bbox 107 2955 3468 3039">
    <p class='ocr_par' dir='ltr' id='par_1_30' title="bbox 107 2955 3468 3039">
     <span class='ocr_line' id='line_1_30' title="bbox 107 2955 3468 3039; baseline 0.002 -28"><span class='ocrx_word' id='word_1_386' title='bbox 107 2957 347 3016; x_wconf 85' lang='lat' dir='ltr'>debemus</span> <span class='ocrx_word' id='word_1_387' title='bbox 378 2960 613 3017; x_wconf 83' lang='lat' dir='ltr'>animas</span> <span class='ocrx_word' id='word_1_388' title='bbox 663 2964 892 3018; x_wconf 88' lang='lat' dir='ltr'>nostras</span> <span class='ocrx_word' id='word_1_389' title='bbox 941 2976 1044 3033; x_wconf 89' lang='lat' dir='ltr'>pro</span> <span class='ocrx_word' id='word_1_390' title='bbox 1091 2962 1369 3018; x_wconf 86' lang='lat' dir='ltr'>fratribus</span> <span class='ocrx_word' id='word_1_391' title='bbox 1422 2981 1633 3036; x_wconf 89' lang='lat' dir='ltr'>ponere</span> <span class='ocrx_word' id='word_1_392' title='bbox 1666 2967 1713 3039; x_wconf 86' lang='grc' dir='ltr'>(ι</span> <span class='ocrx_word' id='word_1_393' title='bbox 1820 2961 2230 3032; x_wconf 87' lang='lat' dir='ltr'>permanentes</span> <span class='ocrx_word' id='word_1_394' title='bbox 2259 2958 2319 3013; x_wconf 88' lang='lat' dir='ltr'>in</span> <span class='ocrx_word' id='word_1_395' title='bbox 2364 2958 2470 3013; x_wconf 89' lang='lat' dir='ltr'>eis.</span> <span class='ocrx_word' id='word_1_396' title='bbox 2520 2955 2787 3013; x_wconf 88' lang='lat' dir='ltr'>Carnalia</span> <span class='ocrx_word' id='word_1_397' title='bbox 2839 2961 2897 3015; x_wconf 88' lang='lat' dir='ltr'>et</span> <span class='ocrx_word' id='word_1_398' title='bbox 2924 2958 3234 3016; x_wconf 89' lang='lat' dir='ltr'>subditur:</span> <span class='ocrx_word' id='word_1_399' title='bbox 3272 2984 3301 3012; x_wconf 83' lang='lat'><strong><em>«</em></strong></span> <span class='ocrx_word' id='word_1_400' title='bbox 3333 2956 3468 3030; x_wconf 69' lang='lat' dir='ltr'>Quas</span> 
     </span>
    </p>
   </div>
   <div class='ocr_carea' id='block_1_31' title="bbox 102 3044 3472 3121">
    <p class='ocr_par' dir='ltr' id='par_1_31' title="bbox 102 3044 3472 3121">
     <span class='ocr_line' id='line_1_31' title="bbox 102 3044 3472 3121; baseline 0.002 -21"><span class='ocrx_word' id='word_1_401' title='bbox 102 3044 348 3120; x_wconf 63' lang='lat'>101112.111).</span> <span class='ocrx_word' id='word_1_402' title='bbox 378 3047 531 3104; x_wconf 85' lang='lat' dir='ltr'>»Sed</span> <span class='ocrx_word' id='word_1_403' title='bbox 564 3047 833 3121; x_wconf 87' lang='lat' dir='ltr'>nunquid</span> <span class='ocrx_word' id='word_1_404' title='bbox 848 3049 1712 3121; x_wconf 88' lang='lat' dir='ltr'>summuspastorsolummodo</span> <span class='ocrx_word' id='word_1_405' title='bbox 1821 3047 2079 3105; x_wconf 89' lang='lat' dir='ltr'>militant</span> <span class='ocrx_word' id='word_1_406' title='bbox 2104 3047 2382 3104; x_wconf 88' lang='lat' dir='ltr'>adversus</span> <span class='ocrx_word' id='word_1_407' title='bbox 2412 3046 2690 3103; x_wconf 88' lang='lat' dir='ltr'>animam.</span> <span class='ocrx_word' id='word_1_408' title='bbox 2727 3069 2754 3096; x_wconf 86' lang='lat'>»</span> <span class='ocrx_word' id='word_1_409' title='bbox 2787 3048 3031 3121; x_wconf 88' lang='lat' dir='ltr'>Semper</span> <span class='ocrx_word' id='word_1_410' title='bbox 3061 3066 3169 3107; x_wconf 89' lang='lat' dir='ltr'>nos</span> <span class='ocrx_word' id='word_1_411' title='bbox 3214 3051 3472 3109; x_wconf 89' lang='lat' dir='ltr'>carnalia</span> 
     </span>
    </p>
   </div>
   <div class='ocr_carea' id='block_1_32' title="bbox 105 3135 3468 3210">
    <p class='ocr_par' dir='ltr' id='par_1_32' title="bbox 105 3135 3468 3210">
     <span class='ocr_line' id='line_1_32' title="bbox 105 3135 3468 3210; baseline 0.003 -22"><span class='ocrx_word' id='word_1_412' title='bbox 105 3148 185 3204; x_wconf 84' lang='lat' dir='ltr'>pro</span> <span class='ocrx_word' id='word_1_413' title='bbox 211 3135 382 3193; x_wconf 87' lang='lat' dir='ltr'>salute</span> <span class='ocrx_word' id='word_1_414' title='bbox 408 3136 757 3193; x_wconf 74' lang='lat' dir='ltr'>Judzeorum</span> <span class='ocrx_word' id='word_1_415' title='bbox 790 3135 1045 3193; x_wconf 89' lang='lat' dir='ltr'>animam</span> <span class='ocrx_word' id='word_1_416' title='bbox 1078 3152 1247 3193; x_wconf 84' lang='lat' dir='ltr'>suam</span> <span class='ocrx_word' id='word_1_417' title='bbox 1280 3138 1516 3210; x_wconf 81' lang='lat' dir='ltr'>posuit?</span> <span class='ocrx_word' id='word_1_418' title='bbox 1564 3156 1710 3210; x_wconf 86' lang='lat' dir='ltr'>non;</span> <span class='ocrx_word' id='word_1_419' title='bbox 1760 3206 1783 3210; x_wconf 9' lang='lat' dir='ltr'><em>AV</em></span> <span class='ocrx_word' id='word_1_420' title='bbox 1820 3136 2052 3193; x_wconf 88' lang='lat' dir='ltr'>trahere</span> <span class='ocrx_word' id='word_1_421' title='bbox 2081 3139 2371 3193; x_wconf 86' lang='lat' dir='ltr'>conantur</span> <span class='ocrx_word' id='word_1_422' title='bbox 2400 3135 2733 3202; x_wconf 80' lang='lat' dir='ltr'>adinferna,</span> <span class='ocrx_word' id='word_1_423' title='bbox 2752 3135 2971 3207; x_wconf 82' lang='lat' dir='ltr'>quibus</span> <span class='ocrx_word' id='word_1_424' title='bbox 2997 3136 3263 3197; x_wconf 83' lang='lat' dir='ltr'>resistere</span> <span class='ocrx_word' id='word_1_425' title='bbox 3279 3142 3468 3197; x_wconf 89' lang='lat' dir='ltr'>omni-</span> 
     </span>
    </p>
   </div>
   <div class='ocr_carea' id='block_1_33' title="bbox 103 3206 3463 3299">
    <p class='ocr_par' dir='ltr' id='par_1_33' title="bbox 103 3206 3463 3299">
     <span class='ocr_line' id='line_1_33' title="bbox 103 3206 3463 3299; baseline 0.003 -22"><span class='ocrx_word' id='word_1_426' title='bbox 103 3220 301 3281; x_wconf 85' lang='lat' dir='ltr'>decebat</span> <span class='ocrx_word' id='word_1_427' title='bbox 328 3226 481 3283; x_wconf 89' lang='lat' dir='ltr'>enim</span> <span class='ocrx_word' id='word_1_428' title='bbox 512 3228 588 3282; x_wconf 87' lang='lat' dir='ltr'>ut</span> <span class='ocrx_word' id='word_1_429' title='bbox 617 3240 749 3282; x_wconf 85' lang='lat' dir='ltr'>cum</span> <span class='ocrx_word' id='word_1_430' title='bbox 781 3224 882 3282; x_wconf 89' lang='lat' dir='ltr'>Dei</span> <span class='ocrx_word' id='word_1_431' title='bbox 920 3225 1094 3282; x_wconf 79' lang='lat' dir='ltr'>Filius</span> <span class='ocrx_word' id='word_1_432' title='bbox 1108 3206 1577 3295; x_wconf 62' lang='lat' dir='ltr'>morereturmon</span> <span class='ocrx_word' id='word_1_433' title='bbox 1592 3206 1715 3285; x_wconf 48' lang='lat' dir='ltr'>tan;</span> <span class='ocrx_word' id='word_1_434' title='bbox 1743 3206 1788 3275; x_wconf 70' lang='grc' dir='ltr'>Ο</span> <span class='ocrx_word' id='word_1_435' title='bbox 1818 3225 2009 3281; x_wconf 91' lang='lat' dir='ltr'>modis</span> <span class='ocrx_word' id='word_1_436' title='bbox 2035 3222 2687 3291; x_wconf 84' lang='lat' dir='ltr'>debemus,ctinsistere</span> <span class='ocrx_word' id='word_1_437' title='bbox 2704 3206 3463 3299; x_wconf 84' lang='lat' dir='ltr'>bonisetjustislaboribus,</span> 
     </span>
    </p>
   </div>
   <div class='ocr_carea' id='block_1_34' title="bbox 100 3311 3469 3390">
    <p class='ocr_par' dir='ltr' id='par_1_34' title="bbox 100 3311 3469 3390">
     <span class='ocr_line' id='line_1_34' title="bbox 100 3311 3469 3390; baseline 0.002 -25"><span class='ocrx_word' id='word_1_438' title='bbox 100 3316 359 3372; x_wconf 83' lang='lat' dir='ltr'>tummodo</span> <span class='ocrx_word' id='word_1_439' title='bbox 388 3332 493 3390; x_wconf 88' lang='lat' dir='ltr'>pro</span> <span class='ocrx_word' id='word_1_440' title='bbox 526 3332 654 3371; x_wconf 85' lang='lat' dir='ltr'>una</span> <span class='ocrx_word' id='word_1_441' title='bbox 683 3321 873 3389; x_wconf 87' lang='lat' dir='ltr'>gente,</span> <span class='ocrx_word' id='word_1_442' title='bbox 891 3315 992 3371; x_wconf 91' lang='lat' dir='ltr'>sed</span> <span class='ocrx_word' id='word_1_443' title='bbox 1008 3316 1713 3390; x_wconf 86' lang='lat' dir='ltr'>proomnipopulo.Undc</span> <span class='ocrx_word' id='word_1_444' title='bbox 1824 3315 1882 3370; x_wconf 91' lang='lat' dir='ltr'>in</span> <span class='ocrx_word' id='word_1_445' title='bbox 1913 3315 2118 3371; x_wconf 81' lang='lat' dir='ltr'>castita</span> <span class='ocrx_word' id='word_1_446' title='bbox 2142 3318 2197 3371; x_wconf 90' lang='lat' dir='ltr'>et</span> <span class='ocrx_word' id='word_1_447' title='bbox 2222 3311 2599 3380; x_wconf 88' lang='lat' dir='ltr'>continentia,</span> <span class='ocrx_word' id='word_1_448' title='bbox 2633 3311 2848 3386; x_wconf 78' lang='lat' dir='ltr'>quibus</span> <span class='ocrx_word' id='word_1_449' title='bbox 2878 3316 2936 3369; x_wconf 91' lang='lat' dir='ltr'>et</span> <span class='ocrx_word' id='word_1_450' title='bbox 2979 3314 3268 3387; x_wconf 88' lang='lat' dir='ltr'>supplicia</span> <span class='ocrx_word' id='word_1_451' title='bbox 3309 3312 3469 3375; x_wconf 87' lang='lat' dir='ltr'>devi-</span> 
     </span>
    </p>
   </div>
   <div class='ocr_carea' id='block_1_35' title="bbox 101 3399 3013 3479">
    <p class='ocr_par' dir='ltr' id='par_1_35' title="bbox 101 3399 3013 3479">
     <span class='ocr_line' id='line_1_35' title="bbox 101 3399 3013 3479; baseline 0.001 -24"><span class='ocrx_word' id='word_1_452' title='bbox 101 3399 308 3474; x_wconf 83' lang='lat' dir='ltr'>Caiphas</span> <span class='ocrx_word' id='word_1_453' title='bbox 335 3410 605 3479; x_wconf 86' lang='lat' dir='ltr'>tempore</span> <span class='ocrx_word' id='word_1_454' title='bbox 633 3404 927 3478; x_wconf 84' lang='lat' dir='ltr'>passionis</span> <span class='ocrx_word' id='word_1_455' title='bbox 939 3405 1067 3476; x_wconf 86' lang='lat' dir='ltr'>ejus</span> <span class='ocrx_word' id='word_1_456' title='bbox 1083 3405 1465 3478; x_wconf 88' lang='lat' dir='ltr'>prophetavit,</span> <span class='ocrx_word' id='word_1_457' title='bbox 1483 3407 1713 3464; x_wconf 89' lang='lat' dir='ltr'>dicens:</span> <span class='ocrx_word' id='word_1_458' title='bbox 1822 3407 2037 3472; x_wconf 78' lang='lat' dir='ltr'>tomus,</span> <span class='ocrx_word' id='word_1_459' title='bbox 2070 3406 2127 3460; x_wconf 90' lang='lat' dir='ltr'>et</span> <span class='ocrx_word' id='word_1_460' title='bbox 2151 3401 2388 3476; x_wconf 68' lang='lat' dir='ltr'>praemia</span> <span class='ocrx_word' id='word_1_461' title='bbox 2417 3416 2748 3459; x_wconf 88' lang='lat' dir='ltr'>mereamur</span> <span class='ocrx_word' id='word_1_462' title='bbox 2777 3405 3013 3459; x_wconf 71' lang='lat' dir='ltr'>aeterna.</span> 
     </span>
    </p>
   </div>
   <div class='ocr_carea' id='block_1_36' title="bbox 2318 1051 2939 1111">
    <p class='ocr_par' dir='ltr' id='par_1_36' title="bbox 2318 1051 2939 1111">
     <span class='ocr_line' id='line_1_36' title="bbox 2318 1051 2939 1111; baseline 0.008 -5"><span class='ocrx_word' id='word_1_463' title='bbox 2318 1051 2618 1108; x_wconf 86' lang='lat' dir='ltr'>HOMILIA</span> <span class='ocrx_word' id='word_1_464' title='bbox 2659 1053 2939 1111; x_wconf 84' lang='lat' dir='ltr'><strong>LXXXIV.</strong></span> 
     </span>
    </p>
   </div>
   <div class='ocr_carea' id='block_1_37' title="bbox 2005 1147 3258 1213">
    <p class='ocr_par' dir='ltr' id='par_1_37' title="bbox 2005 1147 3258 1213">
     <span class='ocr_line' id='line_1_37' title="bbox 2005 1147 3258 1213; baseline 0.006 -17"><span class='ocrx_word' id='word_1_465' title='bbox 2005 1157 2280 1197; x_wconf 81' lang='lat' dir='ltr'>DOMINICA</span> <span class='ocrx_word' id='word_1_466' title='bbox 2315 1159 2516 1197; x_wconf 73' lang='lat' dir='ltr'>TERTIA</span> <span class='ocrx_word' id='word_1_467' title='bbox 2554 1158 2694 1198; x_wconf 76' lang='lat' dir='ltr'>pos&#39;r</span> <span class='ocrx_word' id='word_1_468' title='bbox 2732 1160 2968 1213; x_wconf 59' lang='lat' dir='ltr'>pascas,</span> <span class='ocrx_word' id='word_1_469' title='bbox 3000 1147 3258 1205; x_wconf 72' lang='lat' dir='ltr'>Jubilate.</span> 
     </span>
    </p>
   </div>
   <div class='ocr_carea' id='block_1_38' title="bbox 101 3486 3472 3571">
    <p class='ocr_par' dir='ltr' id='par_1_38' title="bbox 101 3486 3472 3571">
     <span class='ocr_line' id='line_1_38' title="bbox 101 3486 3472 3571; baseline 0 -18"><span class='ocrx_word' id='word_1_470' title='bbox 101 3512 120 3535; x_wconf 76' lang='grc' dir='ltr'>α</span> <span class='ocrx_word' id='word_1_471' title='bbox 145 3492 359 3565; x_wconf 75' lang='lat' dir='ltr'>Expedit</span> <span class='ocrx_word' id='word_1_472' title='bbox 384 3486 555 3551; x_wconf 84' lang='lat' dir='ltr'>vobis</span> <span class='ocrx_word' id='word_1_473' title='bbox 590 3497 657 3550; x_wconf 88' lang='lat' dir='ltr'>ut</span> <span class='ocrx_word' id='word_1_474' title='bbox 677 3511 833 3550; x_wconf 90' lang='lat' dir='ltr'>unus</span> <span class='ocrx_word' id='word_1_475' title='bbox 860 3493 1331 3551; x_wconf 88' lang='lat' dir='ltr'>moriaturhomo</span> <span class='ocrx_word' id='word_1_476' title='bbox 1348 3512 1452 3567; x_wconf 92' lang='lat' dir='ltr'>pro</span> <span class='ocrx_word' id='word_1_477' title='bbox 1474 3496 1710 3571; x_wconf 91' lang='lat' dir='ltr'>populo,</span> <span class='ocrx_word' id='word_1_478' title='bbox 1901 3516 1922 3543; x_wconf 74' lang='grc' dir='ltr'><strong><em>α</em></strong></span> <span class='ocrx_word' id='word_1_479' title='bbox 1954 3490 2459 3548; x_wconf 86' lang='lat' dir='ltr'>Conversationem</span> <span class='ocrx_word' id='word_1_480' title='bbox 2485 3494 2740 3547; x_wconf 88' lang='lat' dir='ltr'>vestram</span> <span class='ocrx_word' id='word_1_481' title='bbox 2770 3491 2923 3549; x_wconf 89' lang='lat' dir='ltr'>inter</span> <span class='ocrx_word' id='word_1_482' title='bbox 2948 3496 3154 3567; x_wconf 85' lang='lat' dir='ltr'>gentes</span> <span class='ocrx_word' id='word_1_483' title='bbox 3188 3493 3472 3554; x_wconf 80' lang='lat' dir='ltr'>habentes</span> 
     </span>
    </p>
   </div>
   <div class='ocr_carea' id='block_1_39' title="bbox 100 3580 3476 3658">
    <p class='ocr_par' dir='ltr' id='par_1_39' title="bbox 100 3580 3476 3658">
     <span class='ocr_line' id='line_1_39' title="bbox 100 3580 3476 3658; baseline 0.004 -27"><span class='ocrx_word' id='word_1_484' title='bbox 100 3583 259 3637; x_wconf 82' lang='lat' dir='ltr'>etnon</span> <span class='ocrx_word' id='word_1_485' title='bbox 283 3588 398 3641; x_wconf 88' lang='lat' dir='ltr'>tota</span> <span class='ocrx_word' id='word_1_486' title='bbox 428 3600 582 3658; x_wconf 87' lang='lat' dir='ltr'>gens</span> <span class='ocrx_word' id='word_1_487' title='bbox 615 3587 816 3656; x_wconf 87' lang='lat' dir='ltr'>pereat</span> <span class='ocrx_word' id='word_1_488' title='bbox 844 3585 1024 3657; x_wconf 80' lang='lat' dir='ltr'>(Joan.</span> <span class='ocrx_word' id='word_1_489' title='bbox 1072 3583 1254 3655; x_wconf 86' lang='lat' dir='ltr'>xvm).</span> <span class='ocrx_word' id='word_1_490' title='bbox 1292 3606 1319 3632; x_wconf 85' lang='lat'>»</span> <span class='ocrx_word' id='word_1_491' title='bbox 1355 3585 1469 3641; x_wconf 83' lang='lat' dir='ltr'>Hoc</span> <span class='ocrx_word' id='word_1_492' title='bbox 1517 3591 1716 3642; x_wconf 86' lang='lat' dir='ltr'>autem</span> <span class='ocrx_word' id='word_1_493' title='bbox 1822 3605 1854 3634; x_wconf 74' lang='grc' dir='ltr'>α</span> <span class='ocrx_word' id='word_1_494' title='bbox 1885 3584 2120 3639; x_wconf 87' lang='lat' dir='ltr'>bonam.</span> <span class='ocrx_word' id='word_1_495' title='bbox 2158 3604 2185 3631; x_wconf 85' lang='lat'>»</span> <span class='ocrx_word' id='word_1_496' title='bbox 2212 3581 2285 3638; x_wconf 88' lang='lat' dir='ltr'>Ut</span> <span class='ocrx_word' id='word_1_497' title='bbox 2313 3580 2578 3653; x_wconf 81' lang='lat' dir='ltr'>exempla</span> <span class='ocrx_word' id='word_1_498' title='bbox 2606 3580 2760 3637; x_wconf 90' lang='lat' dir='ltr'>bona</span> <span class='ocrx_word' id='word_1_499' title='bbox 2786 3580 2918 3638; x_wconf 90' lang='lat' dir='ltr'>aliis</span> <span class='ocrx_word' id='word_1_500' title='bbox 2965 3582 3341 3641; x_wconf 86' lang='lat' dir='ltr'>ostendentes</span> <span class='ocrx_word' id='word_1_501' title='bbox 3371 3598 3476 3658; x_wconf 86' lang='lat' dir='ltr'>per</span> 
     </span>
    </p>
   </div>
   <div class='ocr_carea' id='block_1_40' title="bbox 98 3668 3477 3745">
    <p class='ocr_par' dir='ltr' id='par_1_40' title="bbox 98 3668 3477 3745">
     <span class='ocr_line' id='line_1_40' title="bbox 98 3668 3477 3745; baseline 0.003 -23"><span class='ocrx_word' id='word_1_502' title='bbox 98 3668 177 3736; x_wconf 81' lang='lat' dir='ltr'>(ait</span> <span class='ocrx_word' id='word_1_503' title='bbox 200 3672 573 3745; x_wconf 86' lang='lat' dir='ltr'>evangelista)</span> <span class='ocrx_word' id='word_1_504' title='bbox 604 3689 636 3727; x_wconf 88' lang='lat' dir='ltr'>a</span> <span class='ocrx_word' id='word_1_505' title='bbox 667 3671 981 3744; x_wconf 88' lang='lat' dir='ltr'>semetipso</span> <span class='ocrx_word' id='word_1_506' title='bbox 1010 3688 1123 3727; x_wconf 91' lang='lat' dir='ltr'>non</span> <span class='ocrx_word' id='word_1_507' title='bbox 1154 3672 1317 3740; x_wconf 87' lang='lat' dir='ltr'>dixit,</span> <span class='ocrx_word' id='word_1_508' title='bbox 1349 3674 1449 3730; x_wconf 89' lang='lat' dir='ltr'>sed</span> <span class='ocrx_word' id='word_1_509' title='bbox 1463 3691 1597 3731; x_wconf 92' lang='lat' dir='ltr'>cum</span> <span class='ocrx_word' id='word_1_510' title='bbox 1631 3692 1717 3732; x_wconf 89' lang='lat' dir='ltr'>cs-</span> <span class='ocrx_word' id='word_1_511' title='bbox 1823 3688 2067 3745; x_wconf 88' lang='lat' dir='ltr'>operum</span> <span class='ocrx_word' id='word_1_512' title='bbox 2098 3671 2383 3728; x_wconf 90' lang='lat' dir='ltr'>bonorum</span> <span class='ocrx_word' id='word_1_513' title='bbox 2417 3669 2925 3727; x_wconf 83' lang='lat' dir='ltr'>consuetudinem.</span> <span class='ocrx_word' id='word_1_514' title='bbox 2960 3671 3114 3728; x_wconf 88' lang='lat' dir='ltr'>sicut</span> <span class='ocrx_word' id='word_1_515' title='bbox 3159 3671 3477 3733; x_wconf 88' lang='lat' dir='ltr'>luminaria</span> 
     </span>
    </p>
   </div>
   <div class='ocr_carea' id='block_1_41' title="bbox 101 3757 3476 3834">
    <p class='ocr_par' dir='ltr' id='par_1_41' title="bbox 101 3757 3476 3834">
     <span class='ocr_line' id='line_1_41' title="bbox 101 3757 3476 3834; baseline 0.003 -24"><span class='ocrx_word' id='word_1_516' title='bbox 101 3763 167 3811; x_wconf 82' lang='lat' dir='ltr'>set</span> <span class='ocrx_word' id='word_1_517' title='bbox 181 3761 419 3829; x_wconf 77' lang='lat' dir='ltr'>pontifex</span> <span class='ocrx_word' id='word_1_518' title='bbox 448 3761 598 3818; x_wconf 87' lang='lat' dir='ltr'>anni</span> <span class='ocrx_word' id='word_1_519' title='bbox 630 3759 809 3827; x_wconf 90' lang='lat' dir='ltr'>illius,</span> <span class='ocrx_word' id='word_1_520' title='bbox 843 3760 1208 3834; x_wconf 89' lang='lat' dir='ltr'>prophetavit</span> <span class='ocrx_word' id='word_1_521' title='bbox 1238 3762 1377 3834; x_wconf 90' lang='lat' dir='ltr'>quia</span> <span class='ocrx_word' id='word_1_522' title='bbox 1404 3763 1713 3821; x_wconf 88' lang='lat' dir='ltr'>Jesusmo-</span> <span class='ocrx_word' id='word_1_523' title='bbox 1825 3761 1957 3819; x_wconf 88' lang='lat' dir='ltr'>sitis</span> <span class='ocrx_word' id='word_1_524' title='bbox 1984 3760 2245 3817; x_wconf 89' lang='lat' dir='ltr'>lucentes</span> <span class='ocrx_word' id='word_1_525' title='bbox 2267 3759 2326 3814; x_wconf 90' lang='lat' dir='ltr'>in</span> <span class='ocrx_word' id='word_1_526' title='bbox 2357 3757 2600 3815; x_wconf 90' lang='lat' dir='ltr'>mundo.</span> <span class='ocrx_word' id='word_1_527' title='bbox 2636 3782 2664 3809; x_wconf 88' lang='lat'><strong><em>«</em></strong></span> <span class='ocrx_word' id='word_1_528' title='bbox 2698 3758 2775 3816; x_wconf 91' lang='lat' dir='ltr'>Ut</span> <span class='ocrx_word' id='word_1_529' title='bbox 2802 3758 2862 3815; x_wconf 91' lang='lat' dir='ltr'>in</span> <span class='ocrx_word' id='word_1_530' title='bbox 2894 3762 3131 3833; x_wconf 82' lang='lat' dir='ltr'>ecquod</span> <span class='ocrx_word' id='word_1_531' title='bbox 3151 3762 3476 3820; x_wconf 88' lang='lat' dir='ltr'>detrectant</span> 
     </span>
    </p>
   </div>
   <div class='ocr_carea' id='block_1_42' title="bbox 98 3845 3477 3925">
    <p class='ocr_par' dir='ltr' id='par_1_42' title="bbox 98 3845 3477 3925">
     <span class='ocr_line' id='line_1_42' title="bbox 98 3845 3477 3925; baseline 0.003 -26"><span class='ocrx_word' id='word_1_532' title='bbox 98 3845 278 3903; x_wconf 86' lang='lat' dir='ltr'>riturus</span> <span class='ocrx_word' id='word_1_533' title='bbox 304 3856 426 3907; x_wconf 87' lang='lat' dir='ltr'>erat</span> <span class='ocrx_word' id='word_1_534' title='bbox 457 3867 573 3924; x_wconf 92' lang='lat' dir='ltr'>pro</span> <span class='ocrx_word' id='word_1_535' title='bbox 590 3854 779 3923; x_wconf 88' lang='lat' dir='ltr'>gente,</span> <span class='ocrx_word' id='word_1_536' title='bbox 794 3856 851 3906; x_wconf 85' lang='lat' dir='ltr'>et</span> <span class='ocrx_word' id='word_1_537' title='bbox 867 3866 981 3905; x_wconf 91' lang='lat' dir='ltr'>non</span> <span class='ocrx_word' id='word_1_538' title='bbox 1012 3854 1240 3905; x_wconf 90' lang='lat' dir='ltr'>tantum</span> <span class='ocrx_word' id='word_1_539' title='bbox 1264 3868 1366 3923; x_wconf 88' lang='lat' dir='ltr'>pro</span> <span class='ocrx_word' id='word_1_540' title='bbox 1378 3852 1712 3909; x_wconf 80' lang='lat' dir='ltr'>Judaeorum</span> <span class='ocrx_word' id='word_1_541' title='bbox 1824 3873 1852 3900; x_wconf 86' lang='lat'><strong>«</strong></span> <span class='ocrx_word' id='word_1_542' title='bbox 1886 3851 1957 3906; x_wconf 89' lang='lat' dir='ltr'>de</span> <span class='ocrx_word' id='word_1_543' title='bbox 1972 3849 2137 3906; x_wconf 86' lang='lat' dir='ltr'>vobis</span> <span class='ocrx_word' id='word_1_544' title='bbox 2152 3852 2433 3919; x_wconf 88' lang='lat' dir='ltr'>tanquam</span> <span class='ocrx_word' id='word_1_545' title='bbox 2447 3848 2519 3903; x_wconf 90' lang='lat' dir='ltr'>de</span> <span class='ocrx_word' id='word_1_546' title='bbox 2532 3846 3026 3906; x_wconf 85' lang='lat' dir='ltr'>malefactoribus.</span> <span class='ocrx_word' id='word_1_547' title='bbox 3044 3872 3072 3899; x_wconf 83' lang='lat'>»</span> <span class='ocrx_word' id='word_1_548' title='bbox 3091 3849 3477 3925; x_wconf 87' lang='lat' dir='ltr'>Malisemper</span> 
     </span>
    </p>
   </div>
   <div class='ocr_carea' id='block_1_43' title="bbox 99 3935 3475 4014">
    <p class='ocr_par' dir='ltr' id='par_1_43' title="bbox 99 3935 3475 4014">
     <span class='ocr_line' id='line_1_43' title="bbox 99 3935 3475 4014; baseline 0.003 -25"><span class='ocrx_word' id='word_1_549' title='bbox 99 3940 251 4002; x_wconf 74' lang='lat' dir='ltr'>gente,</span> <span class='ocrx_word' id='word_1_550' title='bbox 281 3939 377 3995; x_wconf 88' lang='lat' dir='ltr'>sed</span> <span class='ocrx_word' id='word_1_551' title='bbox 407 3944 474 3995; x_wconf 93' lang='lat' dir='ltr'>ut</span> <span class='ocrx_word' id='word_1_552' title='bbox 506 3938 667 3995; x_wconf 83' lang='lat' dir='ltr'>ﬁlios</span> <span class='ocrx_word' id='word_1_553' title='bbox 690 3939 787 3995; x_wconf 87' lang='lat' dir='ltr'>Dei</span> <span class='ocrx_word' id='word_1_554' title='bbox 820 3938 919 4011; x_wconf 88' lang='lat' dir='ltr'>qui</span> <span class='ocrx_word' id='word_1_555' title='bbox 934 3938 1380 4011; x_wconf 85' lang='lat' dir='ltr'>erantdispersi,</span> <span class='ocrx_word' id='word_1_556' title='bbox 1407 3957 1716 4014; x_wconf 86' lang='lat' dir='ltr'>congrega—</span> <span class='ocrx_word' id='word_1_557' title='bbox 1824 3956 1891 3994; x_wconf 85' lang='lat' dir='ltr'>ac</span> <span class='ocrx_word' id='word_1_558' title='bbox 1923 3936 2189 3995; x_wconf 88' lang='lat' dir='ltr'>malevoli</span> <span class='ocrx_word' id='word_1_559' title='bbox 2220 3937 2507 3993; x_wconf 90' lang='lat' dir='ltr'>bonorum</span> <span class='ocrx_word' id='word_1_560' title='bbox 2537 3935 2846 3993; x_wconf 85' lang='lat' dir='ltr'>hominum</span> <span class='ocrx_word' id='word_1_561' title='bbox 2877 3938 3032 4009; x_wconf 81' lang='lat' dir='ltr'>facta</span> <span class='ocrx_word' id='word_1_562' title='bbox 3059 3938 3396 4010; x_wconf 87' lang='lat' dir='ltr'>detrahunt,</span> <span class='ocrx_word' id='word_1_563' title='bbox 3419 3945 3475 3998; x_wconf 89' lang='lat' dir='ltr'>et</span> 
     </span>
    </p>
   </div>
   <div class='ocr_carea' id='block_1_44' title="bbox 98 4023 3473 4100">
    <p class='ocr_par' dir='ltr' id='par_1_44' title="bbox 98 4023 3473 4100">
     <span class='ocr_line' id='line_1_44' title="bbox 98 4023 3473 4100; baseline 0.003 -23"><span class='ocrx_word' id='word_1_564' title='bbox 98 4028 161 4091; x_wconf 78' lang='lat' dir='ltr'>ret</span> <span class='ocrx_word' id='word_1_565' title='bbox 184 4023 233 4079; x_wconf 87' lang='lat' dir='ltr'>in</span> <span class='ocrx_word' id='word_1_566' title='bbox 260 4043 462 4085; x_wconf 88' lang='lat' dir='ltr'>unum.</span> <span class='ocrx_word' id='word_1_567' title='bbox 498 4033 586 4084; x_wconf 88' lang='lat' dir='ltr'>De</span> <span class='ocrx_word' id='word_1_568' title='bbox 615 4027 833 4100; x_wconf 90' lang='lat' dir='ltr'>quibus</span> <span class='ocrx_word' id='word_1_569' title='bbox 864 4026 976 4083; x_wconf 89' lang='lat' dir='ltr'>ait:</span> <span class='ocrx_word' id='word_1_570' title='bbox 1823 4027 1896 4083; x_wconf 90' lang='lat' dir='ltr'>ad</span> <span class='ocrx_word' id='word_1_571' title='bbox 1928 4024 2144 4083; x_wconf 88' lang='lat' dir='ltr'>malam</span> <span class='ocrx_word' id='word_1_572' title='bbox 2173 4026 2392 4082; x_wconf 81' lang='lat' dir='ltr'>famam</span> <span class='ocrx_word' id='word_1_573' title='bbox 2425 4028 2713 4081; x_wconf 90' lang='lat' dir='ltr'>conantur</span> <span class='ocrx_word' id='word_1_574' title='bbox 2739 4030 3020 4084; x_wconf 87' lang='lat' dir='ltr'>evertere:</span> <span class='ocrx_word' id='word_1_575' title='bbox 3055 4033 3380 4087; x_wconf 83' lang='lat' dir='ltr'>metuentes</span> <span class='ocrx_word' id='word_1_576' title='bbox 3400 4046 3473 4087; x_wconf 89' lang='lat' dir='ltr'>ne</span> 
     </span>
    </p>
   </div>
   <div class='ocr_carea' id='block_1_45' title="bbox 152 4113 3476 4189">
    <p class='ocr_par' dir='ltr' id='par_1_45' title="bbox 152 4113 3476 4189">
     <span class='ocr_line' id='line_1_45' title="bbox 152 4113 3476 4189; baseline 0.002 -22"><span class='ocrx_word' id='word_1_577' title='bbox 152 4134 172 4159; x_wconf 85' lang='grc'>‹‹</span> <span class='ocrx_word' id='word_1_578' title='bbox 201 4113 259 4168; x_wconf 86' lang='lat' dir='ltr'>Et</span> <span class='ocrx_word' id='word_1_579' title='bbox 286 4116 426 4174; x_wconf 85' lang='lat' dir='ltr'>alias</span> <span class='ocrx_word' id='word_1_580' title='bbox 457 4134 604 4174; x_wconf 85' lang='lat' dir='ltr'>oves</span> <span class='ocrx_word' id='word_1_581' title='bbox 632 4116 836 4184; x_wconf 87' lang='lat' dir='ltr'>habeo,</span> <span class='ocrx_word' id='word_1_582' title='bbox 871 4132 999 4189; x_wconf 65' lang='lat' dir='ltr'>quae</span> <span class='ocrx_word' id='word_1_583' title='bbox 1014 4133 1128 4172; x_wconf 91' lang='lat' dir='ltr'>non</span> <span class='ocrx_word' id='word_1_584' title='bbox 1153 4121 1371 4172; x_wconf 82' lang='lat' dir='ltr'>suntex</span> <span class='ocrx_word' id='word_1_585' title='bbox 1398 4117 1507 4174; x_wconf 89' lang='lat' dir='ltr'>hoc</span> <span class='ocrx_word' id='word_1_586' title='bbox 1520 4117 1706 4176; x_wconf 67' lang='lat' dir='ltr'>ovili.»</span> <span class='ocrx_word' id='word_1_587' title='bbox 1822 4115 1980 4172; x_wconf 89' lang='lat' dir='ltr'>mala</span> <span class='ocrx_word' id='word_1_588' title='bbox 2008 4131 2210 4172; x_wconf 88' lang='lat' dir='ltr'>eorum</span> <span class='ocrx_word' id='word_1_589' title='bbox 2239 4113 2566 4180; x_wconf 87' lang='lat' dir='ltr'>delectatio,</span> <span class='ocrx_word' id='word_1_590' title='bbox 2585 4118 2811 4171; x_wconf 89' lang='lat' dir='ltr'>utusus</span> <span class='ocrx_word' id='word_1_591' title='bbox 2830 4115 3199 4189; x_wconf 85' lang='lat' dir='ltr'>pessimusin</span> <span class='ocrx_word' id='word_1_592' title='bbox 3222 4134 3338 4189; x_wconf 88' lang='lat' dir='ltr'>quo</span> <span class='ocrx_word' id='word_1_593' title='bbox 3357 4132 3476 4173; x_wconf 89' lang='lat' dir='ltr'>mo-</span> 
     </span>
    </p>
   </div>
   <div class='ocr_carea' id='block_1_46' title="bbox 96 4196 3473 4281">
    <p class='ocr_par' dir='ltr' id='par_1_46' title="bbox 96 4196 3473 4281">
     <span class='ocr_line' id='line_1_46' title="bbox 96 4196 3473 4281; baseline 0.001 -25"><span class='ocrx_word' id='word_1_594' title='bbox 96 4196 156 4254; x_wconf 70' lang='lat' dir='ltr'>Ex</span> <span class='ocrx_word' id='word_1_595' title='bbox 179 4217 235 4257; x_wconf 88' lang='lat' dir='ltr'>co</span> <span class='ocrx_word' id='word_1_596' title='bbox 288 4210 552 4281; x_wconf 87' lang='lat' dir='ltr'>tempore</span> <span class='ocrx_word' id='word_1_597' title='bbox 585 4222 701 4278; x_wconf 88' lang='lat' dir='ltr'>quo</span> <span class='ocrx_word' id='word_1_598' title='bbox 751 4205 1035 4262; x_wconf 89' lang='lat' dir='ltr'>Dominus</span> <span class='ocrx_word' id='word_1_599' title='bbox 1082 4205 1377 4261; x_wconf 86' lang='lat' dir='ltr'>Abraham</span> <span class='ocrx_word' id='word_1_600' title='bbox 1428 4223 1461 4262; x_wconf 91' lang='lat' dir='ltr'>a</span> <span class='ocrx_word' id='word_1_601' title='bbox 1490 4207 1712 4265; x_wconf 67' lang='lat' dir='ltr'>caeteris</span> <span class='ocrx_word' id='word_1_602' title='bbox 1822 4208 2029 4260; x_wconf 88' lang='lat' dir='ltr'>rantur</span> <span class='ocrx_word' id='word_1_603' title='bbox 2057 4208 2121 4258; x_wconf 89' lang='lat' dir='ltr'>ut</span> <span class='ocrx_word' id='word_1_604' title='bbox 2151 4205 2410 4275; x_wconf 87' lang='lat' dir='ltr'>pereant,</span> <span class='ocrx_word' id='word_1_605' title='bbox 2438 4202 2727 4257; x_wconf 90' lang='lat' dir='ltr'>bonorum</span> <span class='ocrx_word' id='word_1_606' title='bbox 2763 4202 3012 4259; x_wconf 84' lang='lat' dir='ltr'>aliorum</span> <span class='ocrx_word' id='word_1_607' title='bbox 3030 4204 3473 4260; x_wconf 78' lang='lat' dir='ltr'>factisdestrua-</span> 
     </span>
    </p>
   </div>
   <div class='ocr_carea' id='block_1_47' title="bbox 96 4290 3474 4369">
    <p class='ocr_par' dir='ltr' id='par_1_47' title="bbox 96 4290 3474 4369">
     <span class='ocr_line' id='line_1_47' title="bbox 96 4290 3474 4369; baseline 0.002 -26"><span class='ocrx_word' id='word_1_608' title='bbox 96 4290 326 4358; x_wconf 85' lang='lat' dir='ltr'>gentibus</span> <span class='ocrx_word' id='word_1_609' title='bbox 355 4295 714 4369; x_wconf 84' lang='lat' dir='ltr'>segregavit,</span> <span class='ocrx_word' id='word_1_610' title='bbox 747 4295 945 4366; x_wconf 85' lang='lat' dir='ltr'>etejus</span> <span class='ocrx_word' id='word_1_611' title='bbox 957 4294 1293 4367; x_wconf 87' lang='lat' dir='ltr'>progeniem</span> <span class='ocrx_word' id='word_1_612' title='bbox 1325 4295 1436 4351; x_wconf 89' lang='lat' dir='ltr'>sibi</span> <span class='ocrx_word' id='word_1_613' title='bbox 1468 4294 1527 4351; x_wconf 90' lang='lat' dir='ltr'>in</span> <span class='ocrx_word' id='word_1_614' title='bbox 1546 4312 1715 4369; x_wconf 89' lang='lat' dir='ltr'>pecu-</span> <span class='ocrx_word' id='word_1_615' title='bbox 1821 4298 1917 4349; x_wconf 89' lang='lat' dir='ltr'>tur</span> <span class='ocrx_word' id='word_1_616' title='bbox 1946 4297 2004 4348; x_wconf 92' lang='lat' dir='ltr'>et</span> <span class='ocrx_word' id='word_1_617' title='bbox 2032 4291 2383 4364; x_wconf 79' lang='lat' dir='ltr'>publicator,</span> <span class='ocrx_word' id='word_1_618' title='bbox 2415 4290 2529 4347; x_wconf 90' lang='lat' dir='ltr'>Sed</span> <span class='ocrx_word' id='word_1_619' title='bbox 2563 4306 2669 4346; x_wconf 91' lang='lat' dir='ltr'>nos</span> <span class='ocrx_word' id='word_1_620' title='bbox 2719 4290 2827 4347; x_wconf 92' lang='lat' dir='ltr'>hoc</span> <span class='ocrx_word' id='word_1_621' title='bbox 2879 4291 3203 4360; x_wconf 87' lang='lat' dir='ltr'>audientes,</span> <span class='ocrx_word' id='word_1_622' title='bbox 3247 4296 3474 4365; x_wconf 83' lang='lat' dir='ltr'>oportet</span> 
     </span>
    </p>
   </div>
   <div class='ocr_carea' id='block_1_48' title="bbox 95 4372 3475 4458">
    <p class='ocr_par' dir='ltr' id='par_1_48' title="bbox 95 4372 3475 4458">
     <span class='ocr_line' id='line_1_48' title="bbox 95 4372 3475 4458; baseline 0.002 -30"><span class='ocrx_word' id='word_1_623' title='bbox 95 4372 260 4437; x_wconf 84' lang='lat' dir='ltr'>liarem</span> <span class='ocrx_word' id='word_1_624' title='bbox 289 4382 521 4456; x_wconf 88' lang='lat' dir='ltr'>plebem</span> <span class='ocrx_word' id='word_1_625' title='bbox 557 4383 750 4457; x_wconf 86' lang='lat' dir='ltr'>elegit,</span> <span class='ocrx_word' id='word_1_626' title='bbox 784 4383 899 4439; x_wconf 90' lang='lat' dir='ltr'>duo</span> <span class='ocrx_word' id='word_1_627' title='bbox 932 4382 1129 4456; x_wconf 89' lang='lat' dir='ltr'>populi</span> <span class='ocrx_word' id='word_1_628' title='bbox 1158 4388 1216 4439; x_wconf 89' lang='lat' dir='ltr'>et</span> <span class='ocrx_word' id='word_1_629' title='bbox 1246 4383 1372 4439; x_wconf 74' lang='lat' dir='ltr'>dua:</span> <span class='ocrx_word' id='word_1_630' title='bbox 1386 4390 1591 4458; x_wconf 85' lang='lat' dir='ltr'>gentes</span> <span class='ocrx_word' id='word_1_631' title='bbox 1614 4403 1716 4442; x_wconf 86' lang='lat' dir='ltr'>no-</span> <span class='ocrx_word' id='word_1_632' title='bbox 1822 4379 2008 4436; x_wconf 89' lang='lat' dir='ltr'>multo</span> <span class='ocrx_word' id='word_1_633' title='bbox 2039 4377 2355 4435; x_wconf 88' lang='lat' dir='ltr'>instantius</span> <span class='ocrx_word' id='word_1_634' title='bbox 2383 4392 2750 4449; x_wconf 89' lang='lat' dir='ltr'>perseverare</span> <span class='ocrx_word' id='word_1_635' title='bbox 2783 4377 2842 4433; x_wconf 90' lang='lat' dir='ltr'>in</span> <span class='ocrx_word' id='word_1_636' title='bbox 2874 4377 3044 4433; x_wconf 88' lang='lat' dir='ltr'>bonis</span> <span class='ocrx_word' id='word_1_637' title='bbox 3078 4377 3376 4451; x_wconf 89' lang='lat' dir='ltr'>operibus,</span> <span class='ocrx_word' id='word_1_638' title='bbox 3410 4383 3475 4436; x_wconf 88' lang='lat' dir='ltr'>ut</span> 
     </span>
    </p>
   </div>
   <div class='ocr_carea' id='block_1_49' title="bbox 96 4465 3473 4547">
    <p class='ocr_par' dir='ltr' id='par_1_49' title="bbox 96 4465 3473 4547">
     <span class='ocr_line' id='line_1_49' title="bbox 96 4465 3473 4547; baseline 0.002 -29"><span class='ocrx_word' id='word_1_639' title='bbox 96 4466 269 4525; x_wconf 88' lang='lat' dir='ltr'>minari</span> <span class='ocrx_word' id='word_1_640' title='bbox 306 4478 634 4546; x_wconf 70' lang='lat' dir='ltr'>coeperunt,</span> <span class='ocrx_word' id='word_1_641' title='bbox 686 4472 1020 4530; x_wconf 84' lang='lat' dir='ltr'>Judaeorum</span> <span class='ocrx_word' id='word_1_642' title='bbox 1069 4469 1291 4528; x_wconf 79' lang='lat' dir='ltr'>scilicet</span> <span class='ocrx_word' id='word_1_643' title='bbox 1339 4478 1396 4529; x_wconf 88' lang='lat' dir='ltr'>et</span> <span class='ocrx_word' id='word_1_644' title='bbox 1424 4475 1708 4547; x_wconf 89' lang='lat' dir='ltr'>gentium.</span> <span class='ocrx_word' id='word_1_645' title='bbox 1820 4469 1997 4526; x_wconf 89' lang='lat' dir='ltr'>etiam</span> <span class='ocrx_word' id='word_1_646' title='bbox 2029 4468 2125 4523; x_wconf 87' lang='lat' dir='ltr'>alii</span> <span class='ocrx_word' id='word_1_647' title='bbox 2157 4465 2429 4523; x_wconf 89' lang='lat' dir='ltr'>meliores</span> <span class='ocrx_word' id='word_1_648' title='bbox 2462 4465 2784 4534; x_wconf 77' lang='lat' dir='ltr'>salvantur,</span> <span class='ocrx_word' id='word_1_649' title='bbox 2812 4470 2869 4522; x_wconf 88' lang='lat' dir='ltr'>et</span> <span class='ocrx_word' id='word_1_650' title='bbox 2900 4465 3001 4522; x_wconf 91' lang='lat' dir='ltr'>isti</span> <span class='ocrx_word' id='word_1_651' title='bbox 3048 4465 3473 4524; x_wconf 81' lang='lat' dir='ltr'>inexcusabiles</span> 
     </span>
    </p>
   </div>
   <div class='ocr_carea' id='block_1_50' title="bbox 96 4550 3469 4639">
    <p class='ocr_par' dir='ltr' id='par_1_50' title="bbox 96 4550 3469 4639">
     <span class='ocr_line' id='line_1_50' title="bbox 96 4550 3469 4639; baseline 0.002 -33"><span class='ocrx_word' id='word_1_652' title='bbox 96 4550 178 4610; x_wconf 84' lang='lat' dir='ltr'>Sed</span> <span class='ocrx_word' id='word_1_653' title='bbox 207 4564 517 4633; x_wconf 83' lang='lat' dir='ltr'>postquam</span> <span class='ocrx_word' id='word_1_654' title='bbox 551 4578 622 4617; x_wconf 86' lang='lat' dir='ltr'>ex</span> <span class='ocrx_word' id='word_1_655' title='bbox 649 4560 837 4635; x_wconf 89' lang='lat' dir='ltr'>ipsius</span> <span class='ocrx_word' id='word_1_656' title='bbox 852 4560 1093 4617; x_wconf 72' lang='lat' dir='ltr'>Abrahae</span> <span class='ocrx_word' id='word_1_657' title='bbox 1126 4561 1306 4632; x_wconf 89' lang='lat' dir='ltr'>stirpe</span> <span class='ocrx_word' id='word_1_658' title='bbox 1320 4566 1493 4618; x_wconf 89' lang='lat' dir='ltr'>natus</span> <span class='ocrx_word' id='word_1_659' title='bbox 1522 4566 1629 4631; x_wconf 90' lang='lat' dir='ltr'>est,</span> <span class='ocrx_word' id='word_1_660' title='bbox 1646 4580 1713 4619; x_wconf 85' lang='lat' dir='ltr'>ex</span> <span class='ocrx_word' id='word_1_661' title='bbox 1744 4570 1790 4639; x_wconf 76' lang='lat' dir='ltr'><strong>D</strong></span> <span class='ocrx_word' id='word_1_662' title='bbox 1822 4559 1983 4623; x_wconf 83' lang='lat' dir='ltr'>fiant,</span> <span class='ocrx_word' id='word_1_663' title='bbox 2018 4558 2066 4613; x_wconf 89' lang='lat' dir='ltr'>si</span> <span class='ocrx_word' id='word_1_664' title='bbox 2099 4556 2351 4613; x_wconf 83' lang='lat' dir='ltr'>converti</span> <span class='ocrx_word' id='word_1_665' title='bbox 2386 4554 2679 4612; x_wconf 87' lang='lat' dir='ltr'>noluerint</span> <span class='ocrx_word' id='word_1_666' title='bbox 2706 4571 2740 4611; x_wconf 90' lang='lat' dir='ltr'>a</span> <span class='ocrx_word' id='word_1_667' title='bbox 2770 4554 3132 4612; x_wconf 88' lang='lat' dir='ltr'>malitiasua.</span> <span class='ocrx_word' id='word_1_668' title='bbox 3163 4555 3469 4628; x_wconf 85' lang='lat' dir='ltr'>Sequitur:</span> 
     </span>
    </p>
   </div>
   <div class='ocr_carea' id='block_1_51' title="bbox 95 4644 3475 4722">
    <p class='ocr_par' dir='ltr' id='par_1_51' title="bbox 95 4644 3475 4722">
     <span class='ocr_line' id='line_1_51' title="bbox 95 4644 3475 4722; baseline 0 -23"><span class='ocrx_word' id='word_1_669' title='bbox 95 4644 532 4721; x_wconf 72' lang='lat' dir='ltr'>utroquepOpulo</span> <span class='ocrx_word' id='word_1_670' title='bbox 547 4666 725 4705; x_wconf 90' lang='lat' dir='ltr'>unam</span> <span class='ocrx_word' id='word_1_671' title='bbox 740 4644 1057 4704; x_wconf 89' lang='lat' dir='ltr'>Ecclesiam</span> <span class='ocrx_word' id='word_1_672' title='bbox 1074 4645 1390 4719; x_wconf 90' lang='lat' dir='ltr'>copulavit,</span> <span class='ocrx_word' id='word_1_673' title='bbox 1425 4651 1489 4703; x_wconf 89' lang='lat' dir='ltr'>ut</span> <span class='ocrx_word' id='word_1_674' title='bbox 1510 4648 1713 4722; x_wconf 86' lang='lat' dir='ltr'>imple-</span> <span class='ocrx_word' id='word_1_675' title='bbox 1825 4669 1855 4699; x_wconf 69' lang='grc' dir='ltr'><strong><em>κ</em></strong></span> <span class='ocrx_word' id='word_1_676' title='bbox 1886 4646 1966 4703; x_wconf 87' lang='lat' dir='ltr'>Ex</span> <span class='ocrx_word' id='word_1_677' title='bbox 1996 4646 2167 4702; x_wconf 90' lang='lat' dir='ltr'>bonis</span> <span class='ocrx_word' id='word_1_678' title='bbox 2196 4644 2472 4717; x_wconf 84' lang='lat' dir='ltr'>operibus</span> <span class='ocrx_word' id='word_1_679' title='bbox 2500 4662 2604 4702; x_wconf 90' lang='lat' dir='ltr'>vos</span> <span class='ocrx_word' id='word_1_680' title='bbox 2633 4644 3096 4714; x_wconf 85' lang='lat' dir='ltr'>considerantes,</span> <span class='ocrx_word' id='word_1_681' title='bbox 3149 4644 3475 4718; x_wconf 78' lang='lat' dir='ltr'>glorificent</span> 
     </span>
    </p>
   </div>
   <div class='ocr_carea' id='block_1_52' title="bbox 95 4732 3470 4810">
    <p class='ocr_par' dir='ltr' id='par_1_52' title="bbox 95 4732 3470 4810">
     <span class='ocr_line' id='line_1_52' title="bbox 95 4732 3470 4810; baseline 0.002 -27"><span class='ocrx_word' id='word_1_682' title='bbox 95 4735 224 4786; x_wconf 83' lang='lat' dir='ltr'>retur</span> <span class='ocrx_word' id='word_1_683' title='bbox 265 4738 416 4807; x_wconf 89' lang='lat' dir='ltr'>quod</span> <span class='ocrx_word' id='word_1_684' title='bbox 449 4736 515 4794; x_wconf 76' lang='lat' dir='ltr'>ei</span> <span class='ocrx_word' id='word_1_685' title='bbox 558 4737 841 4793; x_wconf 85' lang='lat' dir='ltr'>Dominus</span> <span class='ocrx_word' id='word_1_686' title='bbox 891 4736 1257 4810; x_wconf 88' lang='lat' dir='ltr'>promiserat,</span> <span class='ocrx_word' id='word_1_687' title='bbox 1310 4735 1541 4793; x_wconf 89' lang='lat' dir='ltr'>dicens:</span> <span class='ocrx_word' id='word_1_688' title='bbox 1585 4761 1613 4788; x_wconf 89' lang='lat'>«</span> <span class='ocrx_word' id='word_1_689' title='bbox 1648 4738 1710 4795; x_wconf 91' lang='lat' dir='ltr'>In</span> <span class='ocrx_word' id='word_1_690' title='bbox 1823 4760 1851 4787; x_wconf 87' lang='lat'><strong>«</strong></span> <span class='ocrx_word' id='word_1_691' title='bbox 1885 4736 2067 4792; x_wconf 83' lang='lat' dir='ltr'>Deum</span> <span class='ocrx_word' id='word_1_692' title='bbox 2099 4735 2158 4790; x_wconf 92' lang='lat' dir='ltr'>in</span> <span class='ocrx_word' id='word_1_693' title='bbox 2185 4734 2280 4789; x_wconf 84' lang='lat' dir='ltr'>die</span> <span class='ocrx_word' id='word_1_694' title='bbox 2309 4732 2679 4791; x_wconf 86' lang='lat' dir='ltr'>visitationis.</span> <span class='ocrx_word' id='word_1_695' title='bbox 2717 4756 2746 4784; x_wconf 88' lang='grc'><strong>››</strong></span> <span class='ocrx_word' id='word_1_696' title='bbox 2799 4733 2871 4790; x_wconf 88' lang='lat' dir='ltr'>Ut</span> <span class='ocrx_word' id='word_1_697' title='bbox 2900 4733 3028 4806; x_wconf 90' lang='lat' dir='ltr'>ipse</span> <span class='ocrx_word' id='word_1_698' title='bbox 3076 4732 3361 4789; x_wconf 89' lang='lat' dir='ltr'>Dominus</span> <span class='ocrx_word' id='word_1_699' title='bbox 3411 4732 3470 4789; x_wconf 91' lang='lat' dir='ltr'>in</span> 
     </span>
    </p>
   </div>
   <div class='ocr_carea' id='block_1_53' title="bbox 94 4821 3470 4901">
    <p class='ocr_par' dir='ltr' id='par_1_53' title="bbox 94 4821 3470 4901">
     <span class='ocr_line' id='line_1_53' title="bbox 94 4821 3470 4901; baseline 0.001 -27"><span class='ocrx_word' id='word_1_700' title='bbox 94 4821 278 4879; x_wconf 79' lang='lat' dir='ltr'>semine</span> <span class='ocrx_word' id='word_1_701' title='bbox 309 4830 409 4882; x_wconf 84' lang='lat' dir='ltr'>tuo</span> <span class='ocrx_word' id='word_1_702' title='bbox 441 4826 870 4901; x_wconf 75' lang='lat' dir='ltr'>benedicentur</span> <span class='ocrx_word' id='word_1_703' title='bbox 901 4841 1103 4880; x_wconf 90' lang='lat' dir='ltr'>omnes</span> <span class='ocrx_word' id='word_1_704' title='bbox 1128 4823 1709 4898; x_wconf 70' lang='lat' dir='ltr'>famiiizeterrae(6en.</span> <span class='ocrx_word' id='word_1_705' title='bbox 1812 4823 2131 4898; x_wconf 79' lang='lat' dir='ltr'>Evangelia</span> <span class='ocrx_word' id='word_1_706' title='bbox 2162 4824 2355 4880; x_wconf 88' lang='lat' dir='ltr'>docet:</span> <span class='ocrx_word' id='word_1_707' title='bbox 2393 4847 2419 4873; x_wconf 78' lang='grc' dir='ltr'>α</span> <span class='ocrx_word' id='word_1_708' title='bbox 2454 4823 2549 4879; x_wconf 88' lang='lat' dir='ltr'>Sic</span> <span class='ocrx_word' id='word_1_709' title='bbox 2578 4823 2768 4880; x_wconf 89' lang='lat' dir='ltr'>luceat</span> <span class='ocrx_word' id='word_1_710' title='bbox 2788 4822 2887 4879; x_wconf 84' lang='lat' dir='ltr'>lux</span> <span class='ocrx_word' id='word_1_711' title='bbox 2916 4823 3203 4879; x_wconf 87' lang='lat' dir='ltr'>bonorum</span> <span class='ocrx_word' id='word_1_712' title='bbox 3225 4838 3470 4895; x_wconf 88' lang='lat' dir='ltr'>operum</span> 
     </span>
    </p>
   </div>
   <div class='ocr_carea' id='block_1_54' title="bbox 92 4907 3473 4986">
    <p class='ocr_par' dir='ltr' id='par_1_54' title="bbox 92 4907 3473 4986">
     <span class='ocr_line' id='line_1_54' title="bbox 92 4907 3473 4986; baseline 0.003 -27"><span class='ocrx_word' id='word_1_713' title='bbox 92 4911 221 4977; x_wconf 76' lang='lat' dir='ltr'>xxii).</span> <span class='ocrx_word' id='word_1_714' title='bbox 254 4934 280 4959; x_wconf 81' lang='lat'><strong>»</strong></span> <span class='ocrx_word' id='word_1_715' title='bbox 308 4913 475 4970; x_wconf 88' lang='lat' dir='ltr'>Unde</span> <span class='ocrx_word' id='word_1_716' title='bbox 508 4930 645 4971; x_wconf 90' lang='lat' dir='ltr'>cum</span> <span class='ocrx_word' id='word_1_717' title='bbox 678 4915 828 4971; x_wconf 87' lang='lat' dir='ltr'>inter</span> <span class='ocrx_word' id='word_1_718' title='bbox 850 4915 1082 4971; x_wconf 65' lang='lat' dir='ltr'>Judmos</span> <span class='ocrx_word' id='word_1_719' title='bbox 1104 4913 1481 4986; x_wconf 86' lang='lat' dir='ltr'>corporaliter</span> <span class='ocrx_word' id='word_1_720' title='bbox 1510 4916 1713 4971; x_wconf 91' lang='lat' dir='ltr'>ambu-</span> <span class='ocrx_word' id='word_1_721' title='bbox 1820 4918 2149 4971; x_wconf 88' lang='lat' dir='ltr'>vestrorum</span> <span class='ocrx_word' id='word_1_722' title='bbox 2183 4928 2377 4969; x_wconf 89' lang='lat' dir='ltr'>coram</span> <span class='ocrx_word' id='word_1_723' title='bbox 2412 4910 2775 4978; x_wconf 86' lang='lat' dir='ltr'>hominibus,</span> <span class='ocrx_word' id='word_1_724' title='bbox 2794 4915 2859 4967; x_wconf 92' lang='lat' dir='ltr'>ut</span> <span class='ocrx_word' id='word_1_725' title='bbox 2877 4934 2905 4961; x_wconf 86' lang='grc'><strong>››</strong></span> <span class='ocrx_word' id='word_1_726' title='bbox 2937 4907 3292 4967; x_wconf 89' lang='lat' dir='ltr'>voslaudem</span> <span class='ocrx_word' id='word_1_727' title='bbox 3306 4910 3473 4969; x_wconf 85' lang='lat' dir='ltr'>exeis</span> 
     </span>
    </p>
   </div>
   <div class='ocr_carea' id='block_1_55' title="bbox 94 4991 3475 5076">
    <p class='ocr_par' dir='ltr' id='par_1_55' title="bbox 94 4991 3475 5076">
     <span class='ocr_line' id='line_1_55' title="bbox 94 4991 3475 5076; baseline 0.001 -24"><span class='ocrx_word' id='word_1_728' title='bbox 94 4991 228 5066; x_wconf 79' lang='lat' dir='ltr'>laret,</span> <span class='ocrx_word' id='word_1_729' title='bbox 254 5000 324 5057; x_wconf 91' lang='lat' dir='ltr'>de</span> <span class='ocrx_word' id='word_1_730' title='bbox 372 5008 581 5060; x_wconf 88' lang='lat' dir='ltr'>nostra</span> <span class='ocrx_word' id='word_1_731' title='bbox 622 5003 923 5060; x_wconf 87' lang='lat' dir='ltr'>vocatione</span> <span class='ocrx_word' id='word_1_732' title='bbox 970 5002 1228 5058; x_wconf 90' lang='lat' dir='ltr'>dicebat:</span> <span class='ocrx_word' id='word_1_733' title='bbox 1280 5003 1347 5058; x_wconf 88' lang='lat' dir='ltr'>Et</span> <span class='ocrx_word' id='word_1_734' title='bbox 1386 5001 1531 5059; x_wconf 86' lang='lat' dir='ltr'>alias</span> <span class='ocrx_word' id='word_1_735' title='bbox 1579 5020 1712 5061; x_wconf 90' lang='lat' dir='ltr'>oves</span> <span class='ocrx_word' id='word_1_736' title='bbox 1822 5018 2195 5076; x_wconf 69' lang='lat' dir='ltr'>nequaquam</span> <span class='ocrx_word' id='word_1_737' title='bbox 2225 4996 2590 5068; x_wconf 89' lang='lat' dir='ltr'>desideretis,</span> <span class='ocrx_word' id='word_1_738' title='bbox 2622 4999 3108 5058; x_wconf 74' lang='lat' dir='ltr'>etaliicvidentes</span> <span class='ocrx_word' id='word_1_739' title='bbox 3125 5000 3475 5074; x_wconf 87' lang='lat' dir='ltr'>bonaopera</span> 
     </span>
    </p>
   </div>
   <div class='ocr_carea' id='block_1_56' title="bbox 93 5077 3471 5163">
    <p class='ocr_par' dir='ltr' id='par_1_56' title="bbox 93 5077 3471 5163">
     <span class='ocr_line' id='line_1_56' title="bbox 93 5077 3471 5163; baseline 0.003 -28"><span class='ocrx_word' id='word_1_740' title='bbox 93 5077 268 5154; x_wconf 84' lang='lat' dir='ltr'>habeo,</span> <span class='ocrx_word' id='word_1_741' title='bbox 297 5106 424 5162; x_wconf 65' lang='lat' dir='ltr'>quae</span> <span class='ocrx_word' id='word_1_742' title='bbox 456 5109 584 5156; x_wconf 22' lang='lat' dir='ltr'>non,</span> <span class='ocrx_word' id='word_1_743' title='bbox 609 5096 751 5147; x_wconf 87' lang='lat' dir='ltr'>sunt</span> <span class='ocrx_word' id='word_1_744' title='bbox 777 5106 847 5147; x_wconf 81' lang='lat' dir='ltr'>ex</span> <span class='ocrx_word' id='word_1_745' title='bbox 876 5091 985 5148; x_wconf 91' lang='lat' dir='ltr'>hoc</span> <span class='ocrx_word' id='word_1_746' title='bbox 1016 5089 1173 5159; x_wconf 83' lang='lat' dir='ltr'>ovili,</span> <span class='ocrx_word' id='word_1_747' title='bbox 1208 5112 1235 5140; x_wconf 91' lang='grc'><strong>››</strong></span> <span class='ocrx_word' id='word_1_748' title='bbox 1266 5090 1324 5146; x_wconf 91' lang='lat' dir='ltr'>id</span> <span class='ocrx_word' id='word_1_749' title='bbox 1356 5094 1447 5148; x_wconf 89' lang='lat' dir='ltr'>est</span> <span class='ocrx_word' id='word_1_750' title='bbox 1492 5109 1561 5148; x_wconf 85' lang='lat' dir='ltr'>ex</span> <span class='ocrx_word' id='word_1_751' title='bbox 1602 5092 1713 5150; x_wconf 90' lang='lat' dir='ltr'>hac</span> <span class='ocrx_word' id='word_1_752' title='bbox 1819 5096 2030 5157; x_wconf 88' lang='lat' dir='ltr'>vestra,</span> <span class='ocrx_word' id='word_1_753' title='bbox 2063 5089 2409 5163; x_wconf 83' lang='lat' dir='ltr'>gloriﬁcent,</span> <span class='ocrx_word' id='word_1_754' title='bbox 2446 5112 2473 5139; x_wconf 90' lang='grc'><strong>››</strong></span> <span class='ocrx_word' id='word_1_755' title='bbox 2505 5105 2620 5145; x_wconf 89' lang='lat' dir='ltr'>non</span> <span class='ocrx_word' id='word_1_756' title='bbox 2645 5105 2766 5158; x_wconf 90' lang='lat' dir='ltr'>vos,</span> <span class='ocrx_word' id='word_1_757' title='bbox 2788 5086 2887 5145; x_wconf 87' lang='lat' dir='ltr'>sed</span> <span class='ocrx_word' id='word_1_758' title='bbox 2918 5111 2945 5139; x_wconf 91' lang='grc'><strong>‹‹</strong></span> <span class='ocrx_word' id='word_1_759' title='bbox 2964 5088 3196 5146; x_wconf 86' lang='lat' dir='ltr'>Patrem</span> <span class='ocrx_word' id='word_1_760' title='bbox 3211 5092 3471 5146; x_wconf 86' lang='lat' dir='ltr'>vestrum</span> 
     </span>
    </p>
   </div>
   <div class='ocr_carea' id='block_1_57' title="bbox 91 5176 3477 5255">
    <p class='ocr_par' dir='ltr' id='par_1_57' title="bbox 91 5176 3477 5255">
     <span class='ocr_line' id='line_1_57' title="bbox 91 5176 3477 5255; baseline 0.002 -27"><span class='ocrx_word' id='word_1_761' title='bbox 91 5178 232 5240; x_wconf 82' lang='lat' dir='ltr'>gente</span> <span class='ocrx_word' id='word_1_762' title='bbox 259 5181 314 5232; x_wconf 83' lang='lat' dir='ltr'>et</span> <span class='ocrx_word' id='word_1_763' title='bbox 341 5195 411 5236; x_wconf 81' lang='lat' dir='ltr'>ex</span> <span class='ocrx_word' id='word_1_764' title='bbox 440 5179 557 5237; x_wconf 88' lang='lat' dir='ltr'>hoc</span> <span class='ocrx_word' id='word_1_765' title='bbox 587 5180 821 5255; x_wconf 89' lang='lat' dir='ltr'>populo.</span> <span class='ocrx_word' id='word_1_766' title='bbox 856 5204 883 5231; x_wconf 86' lang='lat'><strong>«</strong></span> <span class='ocrx_word' id='word_1_767' title='bbox 916 5180 985 5237; x_wconf 86' lang='lat' dir='ltr'>Et</span> <span class='ocrx_word' id='word_1_768' title='bbox 1013 5179 1147 5235; x_wconf 88' lang='lat' dir='ltr'>illas</span> <span class='ocrx_word' id='word_1_769' title='bbox 1176 5184 1405 5254; x_wconf 89' lang='lat' dir='ltr'>oportet</span> <span class='ocrx_word' id='word_1_770' title='bbox 1422 5197 1512 5236; x_wconf 91' lang='lat' dir='ltr'>me</span> <span class='ocrx_word' id='word_1_771' title='bbox 1526 5181 1711 5238; x_wconf 84' lang='lat' dir='ltr'>addu-</span> <span class='ocrx_word' id='word_1_772' title='bbox 1823 5180 1924 5253; x_wconf 88' lang='lat' dir='ltr'>qui</span> <span class='ocrx_word' id='word_1_773' title='bbox 1955 5179 2014 5236; x_wconf 92' lang='lat' dir='ltr'>in</span> <span class='ocrx_word' id='word_1_774' title='bbox 2047 5177 2208 5234; x_wconf 81' lang='lat' dir='ltr'>caelis</span> <span class='ocrx_word' id='word_1_775' title='bbox 2239 5178 2540 5247; x_wconf 81' lang='lat' dir='ltr'>est(!llatth.</span> <span class='ocrx_word' id='word_1_776' title='bbox 2563 5180 2641 5249; x_wconf 83' lang='lat' dir='ltr'>v),</span> <span class='ocrx_word' id='word_1_777' title='bbox 2678 5199 2705 5226; x_wconf 86' lang='lat'><strong><em>»</em></strong></span> <span class='ocrx_word' id='word_1_778' title='bbox 2736 5176 2836 5247; x_wconf 90' lang='lat' dir='ltr'>qui</span> <span class='ocrx_word' id='word_1_779' title='bbox 2870 5177 2930 5232; x_wconf 91' lang='lat' dir='ltr'>in</span> <span class='ocrx_word' id='word_1_780' title='bbox 2960 5176 3141 5235; x_wconf 84' lang='lat' dir='ltr'>servis</span> <span class='ocrx_word' id='word_1_781' title='bbox 3163 5178 3288 5235; x_wconf 87' lang='lat' dir='ltr'>suis</span> <span class='ocrx_word' id='word_1_782' title='bbox 3305 5179 3477 5235; x_wconf 88' lang='lat' dir='ltr'>tanta</span> 
     </span>
    </p>
   </div>
   <div class='ocr_carea' id='block_1_58' title="bbox 96 5263 3472 5343">
    <p class='ocr_par' dir='ltr' id='par_1_58' title="bbox 96 5263 3472 5343">
     <span class='ocr_line' id='line_1_58' title="bbox 96 5263 3472 5343; baseline 0 -21"><span class='ocrx_word' id='word_1_783' title='bbox 96 5276 283 5343; x_wconf 50' lang='lat' dir='ltr'>scere;</span> <span class='ocrx_word' id='word_1_784' title='bbox 312 5290 339 5316; x_wconf 83' lang='lat'><strong>»</strong></span> <span class='ocrx_word' id='word_1_785' title='bbox 370 5268 429 5324; x_wconf 91' lang='lat' dir='ltr'>id</span> <span class='ocrx_word' id='word_1_786' title='bbox 460 5274 582 5326; x_wconf 87' lang='lat' dir='ltr'>est:</span> <span class='ocrx_word' id='word_1_787' title='bbox 600 5268 1184 5343; x_wconf 72' lang='lat' dir='ltr'>perprzedicationem</span> <span class='ocrx_word' id='word_1_788' title='bbox 1197 5282 1461 5325; x_wconf 89' lang='lat' dir='ltr'>meorum</span> <span class='ocrx_word' id='word_1_789' title='bbox 1480 5276 1711 5343; x_wconf 84' lang='lat' dir='ltr'>aposto-</span> <span class='ocrx_word' id='word_1_790' title='bbox 1822 5269 1977 5325; x_wconf 89' lang='lat' dir='ltr'>bona</span> <span class='ocrx_word' id='word_1_791' title='bbox 2004 5268 2076 5324; x_wconf 89' lang='lat' dir='ltr'>ad</span> <span class='ocrx_word' id='word_1_792' title='bbox 2108 5280 2353 5322; x_wconf 88' lang='lat' dir='ltr'>suorum</span> <span class='ocrx_word' id='word_1_793' title='bbox 2384 5265 2559 5322; x_wconf 90' lang='lat' dir='ltr'>etiam</span> <span class='ocrx_word' id='word_1_794' title='bbox 2592 5268 2649 5320; x_wconf 86' lang='lat' dir='ltr'>et</span> <span class='ocrx_word' id='word_1_795' title='bbox 2678 5263 2925 5322; x_wconf 87' lang='lat' dir='ltr'>aliorum</span> <span class='ocrx_word' id='word_1_796' title='bbox 2958 5265 3166 5337; x_wconf 71' lang='lat' dir='ltr'>quierit</span> <span class='ocrx_word' id='word_1_797' title='bbox 3195 5265 3472 5323; x_wconf 87' lang='lat' dir='ltr'>salutem.</span> 
     </span>
    </p>
   </div>
   <div class='ocr_carea' id='block_1_59' title="bbox 94 5342 3476 5435">
    <p class='ocr_par' dir='ltr' id='par_1_59' title="bbox 94 5342 3476 5435">
     <span class='ocr_line' id='line_1_59' title="bbox 94 5342 3476 5435; baseline 0.003 -33"><span class='ocrx_word' id='word_1_798' title='bbox 94 5342 253 5407; x_wconf 88' lang='lat' dir='ltr'>lorum</span> <span class='ocrx_word' id='word_1_799' title='bbox 281 5355 352 5411; x_wconf 88' lang='lat' dir='ltr'>ad</span> <span class='ocrx_word' id='word_1_800' title='bbox 390 5358 572 5414; x_wconf 83' lang='lat' dir='ltr'>ﬁdem</span> <span class='ocrx_word' id='word_1_801' title='bbox 616 5342 811 5415; x_wconf 80' lang='lat' dir='ltr'>meam</span> <span class='ocrx_word' id='word_1_802' title='bbox 852 5372 1073 5415; x_wconf 89' lang='lat' dir='ltr'>vocare.</span> <span class='ocrx_word' id='word_1_803' title='bbox 1112 5379 1140 5407; x_wconf 85' lang='grc'>‹‹</span> <span class='ocrx_word' id='word_1_804' title='bbox 1173 5357 1241 5414; x_wconf 85' lang='lat' dir='ltr'>Et</span> <span class='ocrx_word' id='word_1_805' title='bbox 1269 5374 1469 5414; x_wconf 88' lang='lat' dir='ltr'>vocem</span> <span class='ocrx_word' id='word_1_806' title='bbox 1520 5342 1710 5415; x_wconf 85' lang='lat' dir='ltr'>meam</span> <span class='ocrx_word' id='word_1_807' title='bbox 1892 5381 1919 5407; x_wconf 83' lang='lat'><strong>«</strong></span> <span class='ocrx_word' id='word_1_808' title='bbox 1953 5355 2213 5428; x_wconf 90' lang='lat' dir='ltr'>Subjecti</span> <span class='ocrx_word' id='word_1_809' title='bbox 2244 5358 2427 5410; x_wconf 89' lang='lat' dir='ltr'>estote</span> <span class='ocrx_word' id='word_1_810' title='bbox 2459 5350 2901 5410; x_wconf 74' lang='lat' dir='ltr'>omnihumanm</span> <span class='ocrx_word' id='word_1_811' title='bbox 2920 5357 3476 5435; x_wconf 75' lang='lat' dir='ltr'>creatum,propter</span> 
     </span>
    </p>
   </div>
   <div class='ocr_carea' id='block_1_60' title="bbox 96 5438 3475 5521">
    <p class='ocr_par' dir='ltr' id='par_1_60' title="bbox 96 5438 3475 5521">
     <span class='ocr_line' id='line_1_60' title="bbox 96 5438 3475 5521; baseline 0.002 -29"><span class='ocrx_word' id='word_1_812' title='bbox 96 5440 385 5515; x_wconf 74' lang='lat' dir='ltr'>«audient;</span> <span class='ocrx_word' id='word_1_813' title='bbox 422 5470 451 5496; x_wconf 89' lang='grc'><strong>››</strong></span> <span class='ocrx_word' id='word_1_814' title='bbox 483 5447 546 5502; x_wconf 90' lang='lat' dir='ltr'>id</span> <span class='ocrx_word' id='word_1_815' title='bbox 579 5452 685 5504; x_wconf 87' lang='lat' dir='ltr'>est:</span> <span class='ocrx_word' id='word_1_816' title='bbox 719 5448 1024 5521; x_wconf 81' lang='lat' dir='ltr'>praeceptis</span> <span class='ocrx_word' id='word_1_817' title='bbox 1045 5446 1712 5505; x_wconf 77' lang='lat' dir='ltr'>meisobedient.uEtiiet</span> <span class='ocrx_word' id='word_1_818' title='bbox 1820 5472 1849 5498; x_wconf 86' lang='grc'><em>‹‹</em></span> <span class='ocrx_word' id='word_1_819' title='bbox 1882 5448 2088 5504; x_wconf 91' lang='lat' dir='ltr'>Deum.</span> <span class='ocrx_word' id='word_1_820' title='bbox 2125 5468 2151 5495; x_wconf 83' lang='grc'>››</span> <span class='ocrx_word' id='word_1_821' title='bbox 2187 5444 2474 5499; x_wconf 89' lang='lat' dir='ltr'>Omnibus</span> <span class='ocrx_word' id='word_1_822' title='bbox 2506 5442 2847 5499; x_wconf 90' lang='lat' dir='ltr'>hominibus</span> <span class='ocrx_word' id='word_1_823' title='bbox 2868 5441 3153 5500; x_wconf 90' lang='lat' dir='ltr'>honorem</span> <span class='ocrx_word' id='word_1_824' title='bbox 3171 5438 3325 5509; x_wconf 88' lang='lat' dir='ltr'>date,</span> <span class='ocrx_word' id='word_1_825' title='bbox 3352 5443 3475 5499; x_wconf 83' lang='lat' dir='ltr'>uni-</span> 
     </span>
    </p>
   </div>
   <div class='ocr_carea' id='block_1_61' title="bbox 95 5532 3470 5610">
    <p class='ocr_par' dir='ltr' id='par_1_61' title="bbox 95 5532 3470 5610">
     <span class='ocr_line' id='line_1_61' title="bbox 95 5532 3470 5610; baseline 0.001 -27"><span class='ocrx_word' id='word_1_826' title='bbox 95 5546 117 5610; x_wconf 55' lang='grc' dir='ltr'>ιτ</span> <span class='ocrx_word' id='word_1_827' title='bbox 144 5542 310 5588; x_wconf 78' lang='lat' dir='ltr'>unum</span> <span class='ocrx_word' id='word_1_828' title='bbox 335 5535 507 5592; x_wconf 86' lang='lat' dir='ltr'>ovile.</span> <span class='ocrx_word' id='word_1_829' title='bbox 529 5559 557 5584; x_wconf 77' lang='grc' dir='ltr'>υ</span> <span class='ocrx_word' id='word_1_830' title='bbox 570 5537 628 5592; x_wconf 87' lang='lat' dir='ltr'>ld</span> <span class='ocrx_word' id='word_1_831' title='bbox 642 5543 754 5605; x_wconf 88' lang='lat' dir='ltr'>est,</span> <span class='ocrx_word' id='word_1_832' title='bbox 767 5554 836 5594; x_wconf 82' lang='lat' dir='ltr'>ex</span> <span class='ocrx_word' id='word_1_833' title='bbox 849 5542 1094 5610; x_wconf 88' lang='lat' dir='ltr'>utroque</span> <span class='ocrx_word' id='word_1_834' title='bbox 1108 5534 1322 5610; x_wconf 90' lang='lat' dir='ltr'>populo</span> <span class='ocrx_word' id='word_1_835' title='bbox 1341 5552 1458 5591; x_wconf 87' lang='lat' dir='ltr'>una</span> <span class='ocrx_word' id='word_1_836' title='bbox 1470 5535 1710 5592; x_wconf 87' lang='lat' dir='ltr'>collecta</span> <span class='ocrx_word' id='word_1_837' title='bbox 1819 5536 2030 5608; x_wconf 87' lang='lat' dir='ltr'>cuique</span> <span class='ocrx_word' id='word_1_838' title='bbox 2059 5532 2382 5589; x_wconf 89' lang='lat' dir='ltr'>secundum</span> <span class='ocrx_word' id='word_1_839' title='bbox 2396 5532 2742 5606; x_wconf 90' lang='lat' dir='ltr'>dignitatem</span> <span class='ocrx_word' id='word_1_840' title='bbox 2758 5549 2928 5590; x_wconf 88' lang='lat' dir='ltr'>suam</span> <span class='ocrx_word' id='word_1_841' title='bbox 2940 5578 2954 5601; x_wconf 90' lang='lat'>,</span> <span class='ocrx_word' id='word_1_842' title='bbox 2969 5549 3084 5591; x_wconf 91' lang='lat' dir='ltr'>non</span> <span class='ocrx_word' id='word_1_843' title='bbox 3100 5537 3339 5607; x_wconf 83' lang='lat' dir='ltr'>propter</span> <span class='ocrx_word' id='word_1_844' title='bbox 3353 5536 3470 5589; x_wconf 89' lang='lat' dir='ltr'>ter-</span> 
     </span>
    </p>
   </div>
   <div class='ocr_carea' id='block_1_62' title="bbox 93 5606 3470 5697">
    <p class='ocr_par' dir='ltr' id='par_1_62' title="bbox 93 5606 3470 5697">
     <span class='ocr_line' id='line_1_62' title="bbox 93 5606 3470 5697; baseline -0.001 -21"><span class='ocrx_word' id='word_1_845' title='bbox 93 5606 317 5679; x_wconf 64' lang='lat' dir='ltr'>Ecdesia</span> <span class='ocrx_word' id='word_1_846' title='bbox 341 5622 402 5679; x_wconf 89' lang='lat' dir='ltr'>in</span> <span class='ocrx_word' id='word_1_847' title='bbox 436 5627 729 5697; x_wconf 61' lang='lat' dir='ltr'>praesenti,</span> <span class='ocrx_word' id='word_1_848' title='bbox 763 5626 949 5682; x_wconf 85' lang='lat' dir='ltr'>sivein</span> <span class='ocrx_word' id='word_1_849' title='bbox 963 5606 1055 5683; x_wconf 81' lang='lat' dir='ltr'>die</span> <span class='ocrx_word' id='word_1_850' title='bbox 1078 5606 1463 5697; x_wconf 80' lang='lat' dir='ltr'>judicii,quia</span> <span class='ocrx_word' id='word_1_851' title='bbox 1477 5626 1704 5682; x_wconf 88' lang='lat' dir='ltr'>venturi</span> <span class='ocrx_word' id='word_1_852' title='bbox 1819 5606 1960 5681; x_wconf 77' lang='lat' dir='ltr'>rcna</span> <span class='ocrx_word' id='word_1_853' title='bbox 1989 5620 2303 5693; x_wconf 80' lang='lat' dir='ltr'>desideria,</span> <span class='ocrx_word' id='word_1_854' title='bbox 2334 5638 2439 5679; x_wconf 87' lang='lat' dir='ltr'>nec</span> <span class='ocrx_word' id='word_1_855' title='bbox 2470 5625 2707 5695; x_wconf 88' lang='lat' dir='ltr'>propter</span> <span class='ocrx_word' id='word_1_856' title='bbox 2738 5621 3007 5681; x_wconf 73' lang='lat' dir='ltr'>humana:</span> <span class='ocrx_word' id='word_1_857' title='bbox 3027 5606 3220 5680; x_wconf 85' lang='lat' dir='ltr'>laudis</span> <span class='ocrx_word' id='word_1_858' title='bbox 3246 5619 3470 5693; x_wconf 74' lang='lat' dir='ltr'>appeti-</span> 
     </span>
    </p>
   </div>
  </div>
