4012 6174
418 336 421 339 ν
455 308 567 372 ὗοί
1016 305 1429 371 HAYMONIS
1474 307 2013 371 HALBERSTAT.
2052 304 2305 372 EPISC.
2355 310 2525 372 OPP.
2579 310 2775 372 PARS
2820 307 2900 373 II.
2930 341 3007 356 --
3037 304 3299 374 HOMIL.
3709 318 3805 385 δοῦ

451 446 602 513 tum,
636 458 741 527 nec
776 443 1011 516 propter
1040 438 1229 515 turpis
1258 438 1404 501 luori
1431 438 1855 514 quaastum,sed
1877 442 2104 496 tantum
2135 436 2193 507 Α
2220 445 2425 514 genter
2454 458 2514 499 se
2545 459 2579 497 a
2609 437 2861 515 peccatis
2906 438 3181 499 custodit.
3230 439 3321 498 Sic
3367 457 3497 517 ergo
3535 442 3802 506 timeamus

449 538 686 608 propter
717 530 922 599 Deum,
957 529 1090 604 quis
1116 547 1223 587 nos
1252 530 1441 598 docet,
1495 530 1715 586 dicens:
1764 552 1792 579 «
1828 527 2043 584 Discite
2077 545 2111 583 a
2220 530 2428 600 Deum,
2454 535 2520 587 ut
2549 530 2870 605 diligamus
2900 546 3034 586 eum
3067 528 3456 604 quiaperfecta
3479 533 3801 605 estcharitas,

453 639 548 679 me
577 622 719 695 quia
747 620 910 677 mitis
943 636 1079 677 sum
1110 624 1167 676 et
1198 618 1444 675 humilis
1473 619 1664 689 corde,
1715 622 1771 674 et
1803 617 2110 675 invenietis
2220 636 2347 693 quae
2384 620 2521 676 foris
2554 620 2734 676 mittit
2765 620 3035 676 timorem
3066 618 3350 677 servilem.

452 711 713 784 requiem
745 702 1057 766 animabus
1081 708 1289 765 vestris
1321 708 1529 780 (Matth.
1565 708 1676 780 x1):
1715 730 1742 756 ››
1774 711 1833 763 et
1867 710 2105 763 iterum:
2291 732 2318 759 «
2353 709 2532 776 Servi,
2566 708 3053 766 subditiestotcin
3083 708 3695 769 omnitimoredominis
3711 734 3803 773 non

452 825 481 853 α
503 796 708 858 Omnis
732 798 835 872 qui
864 815 927 854 se
955 797 1226 854 humiliat
1260 800 1496 869 propter
1530 796 1866 863 Dominum,
1899 793 2111 850 exalta-
2224 821 2244 848 α
2282 802 2516 854 tantum
2547 798 2716 855 bonis
2747 802 2803 853 et
2826 797 3244 865 modestis,sed
3258 797 3428 854 etiam
3442 799 3803 872 dyscolis.llzec

449 891 612 946 bitur
638 907 670 945 a
701 888 946 945 Domino
970 891 1121 955 (Luc.
1154 886 1334 957 xvm).
1373 910 1400 934 ››
1433 917 1499 926 -
1532 910 1559 935 ‹‹
1594 885 1723 941 Sive
1768 884 1889 957 regi
1939 882 2109 956 quasi
2226 906 2247 935 α
2280 890 2370 944 est
2398 886 2553 943 enim
2584 887 2774 961 gratia
2803 887 2859 942 in
2892 886 3120 942 Christo
3149 886 3283 941 Jesu
3318 886 3551 943 Domino
3580 897 3799 947 nostro.-

450 1002 480 1030 «
513 977 882 1052 praecellenti,
915 1000 942 1025 »
974 975 1118 1039 Quia
1149 975 1420 1047 princeps
1452 978 1541 1029 est
1572 972 1794 1047 populi.
1816 973 1961 1028 Cum
1985 972 2110 1043 ipse
2220 976 2458 1050 Pr0pter
2480 976 2576 1032 Dei
2601 976 2869 1032 timorem
2901 977 3119 1049 pariter
3146 980 3203 1031 et
3232 992 3502 1042 amorem,
3525 977 3736 1051 dignum
3763 988 3807 1037 et

448 1067 732 1125 Dominus
761 1065 820 1121 in
859 1063 1165 1136 Evangelio
1217 1064 1499 1120 honorem
1551 1064 1813 1119 debitum
1867 1062 2109 1117 reddere
2210 1065 2443 1135 justum
2474 1069 2562 1121 est
2592 1065 2906 1137 unicuique
2952 1064 3173 1120 homini
3202 1081 3308 1119 suo
3340 1065 3566 1122 domino
3603 1068 3806 1127 fideliter

436 1156 626 1228 jubet,
655 1153 855 1211 dicens
884 1154 1086 1225 (Matth.
1120 1153 1288 1223 xxu):
1326 1176 1352 1201 ‹‹
1390 1153 1631 1207 Reddite
1664 1169 1791 1224 quae
1824 1151 2109 1207 suntCze-
2220 1153 2451 1219 servire,
2499 1154 2617 1209 sive
2668 1154 3074 1227 praesentibus,
3130 1152 3248 1208 sive
3298 1153 3648 1210 absentibus:
3695 1159 3804 1227 quia

445 1243 633 1313 capri,
666 1241 897 1309 Caesari,
933 1240 987 1296 id
1019 1245 1106 1299 est
1136 1238 2110 1320 debitumtributumetsubjectiot
2219 1242 2507 1316 quidquid
2556 1242 2730 1299 homo
2779 1242 2913 1298 boni
2962 1241 3162 1299 fecerit
3208 1246 3439 1315 propter
3485 1248 3645 1299 Deum
3688 1247 3801 1301 nihil

445 1348 582 1390 nem
612 1329 953 1387 obedientite
990 1347 1121 1385 cum
1159 1328 1470 1386 fidelitate:
1516 1350 1538 1377 α
1569 1333 1626 1386 et
1673 1346 1800 1401 qua;
1831 1335 1971 1385 sunt
2008 1328 2107 1385 Del
2217 1332 2427 1404 perdit,
2462 1331 2599 1404 quia
2629 1331 2753 1403 ipse
2785 1332 2988 1386 reddet
3017 1330 3333 1403 unicuique
3351 1332 3805 1406 secundumopera

443 1426 576 1489 Deo,
604 1441 631 1471 ››
654 1419 1080 1481 [ἱειοιιιιόοιειιιι.
1099 1435 1262 1490 spem
1285 1416 1955 1485 firmam,etcharitatem
1978 1435 2106 1490 pcr-
2216 1437 2345 1476 sua.
2379 1421 2619 1492 Semper
2648 1419 2802 1475 enim
2831 1418 2887 1473 in
2929 1419 3048 1474 vita
3095 1417 3351 1475 hominis
3380 1417 3507 1475 ﬁnis
3551 1421 3801 1492 quaeritur,

444 1510 679 1566 factam.
710 1530 737 1556 «
773 1507 903 1563 Sive
934 1506 1185 1563 ducibus
1231 1510 1515 1578 tanquam
1566 1506 1638 1562 ab
1671 1523 1737 1561 eo
1786 1506 1987 1563 missis
2032 1508 2102 1562 ad
2216 1507 2408 1581 qualis
2439 1509 2517 1565 sit
2544 1512 2800 1565 extremo
2835 1512 3096 1581 tempore
3144 1507 3273 1562 vita:
3306 1525 3457 1564 suae:
3492 1508 3584 1581 qui
3631 1510 3691 1565 de
3718 1512 3803 1567 tiae

444 1623 474 1650 «
505 1597 825 1655 vindictam
859 1595 1325 1651 malefactorum.
1367 1620 1386 1642 ι
1423 1595 1501 1651 De
1534 1596 1746 1667 quiaus
1778 1600 1834 1652 et
1886 1596 2104 1652 Paulus
2215 1615 2320 1653 suo
2354 1597 2761 1670 unusquisque
2789 1596 3283 1667 autjustiticatur,
3305 1597 3801 1654 autcondemnatur.

443 1688 553 1746 ait:
589 1710 617 1738 ‹‹
651 1685 856 1742 Omnis
886 1684 2101 1757 anin-potestatibussublimioribussub-
2213 1686 2345 1742 Ideo
2377 1684 2803 1743 instantissime
2833 1686 2988 1741 bona
3016 1702 3144 1757 quae
3163 1685 3403 1757 coeperit
3430 1685 3802 1759 unusquisque,

443 1776 571 1835 dita
609 1775 705 1832 sit.
757 1791 871 1831 non
903 1778 992 1829 est
1042 1773 1199 1829 enim
1245 1778 1506 1847 potestas
1555 1773 1668 1830 nisi
1699 1791 1733 1831 a
1762 1775 1877 1830 Deo
1928 1775 2099 1847 (Rom.
2130 1811 2179 1878 B
2213 1777 2488 1848 perﬁcere
2517 1775 2850 1841 contendat,
2884 1778 2947 1829 ut
2966 1774 3605 1847 perpetuamaDomino
3635 1793 3805 1831 merce-

441 1866 584 1938 χιιι).
621 1888 648 1915 η
679 1863 779 1920 Dei
813 1864 970 1919 enim
1004 1863 1259 1920 ministri
1293 1868 1433 1920 sunt
1458 1864 1529 1919 ad
1561 1864 1948 1920 coarcendam
1993 1864 2096 1919 bo-
2130 1862 2179 1878 ⁵’
2210 1865 2341 1921 dem
2374 1864 2638 1937 accipiat,
2675 1864 2801 1935 ipso
2831 1863 3136 1938 largiente,
3168 1862 3270 1935 qui
3305 1862 3441 1919 vivit
3470 1867 3524 1919 et
3551 1869 3728 1937 regnat
3760 1864 3803 1920 in

444 1954 674 2011 minum
706 1950 990 2008 malitiam
1024 1951 1213 2017 missi,
1246 1955 1311 2007 ut
1340 1953 1662 2027 quisponte
1679 1952 2101 2009 matanoluerit
2210 1952 2423 2010 saecula
2454 1951 2823 2010 saeculorum.
2857 1956 3062 2008 Amen.

441 2043 646 2111 vitare,
680 2057 883 2097 eorum
926 2040 1135 2097 timore
1164 2040 1252 2096 vel
1301 2041 1518 2097 invitus
1565 2042 1723 2098 vitet.
1784 2062 1805 2091 α
1840 2042 2097 2098 Laudem

444 2156 473 2183 «
505 2148 639 2190 vero
674 2131 982 2187 bonorum.
1022 2151 1043 2181 ι
1082 2128 1595 2187 SimiliterPaulus
1614 2131 1776 2187 dicit:
1813 2153 1841 2181 «
1874 2131 1974 2187 Vis
2000 2148 2100 2203 po-

444 2224 716 2277 testatem
745 2235 861 2275 non
876 2218 1123 2276 timere?
1140 2219 1363 2277 bonum
1382 2219 1490 2287 fac,
1520 2224 1577 2275 et
1598 2219 1841 2276 habebis
1860 2218 2094 2276 laudem

443 2326 513 2367 ex
542 2307 644 2365 illa
672 2308 846 2379 (Rom.
877 2311 1027 2378 xm).
2279 2308 2467 2381 (JOAN.
2500 2310 2640 2376 xvr.)
2669 2329 2696 2356 «
2719 2304 2892 2362 Inillo
2912 2307 3535 2380 tempore.dixitJesus
3552 2307 3805 2381 discipulis

518 2419 547 2448 ι(
576 2397 724 2462 Quia
755 2397 837 2454 sic
868 2401 958 2455 est
989 2396 1263 2454 xoluntas
1291 2395 1414 2462 Dei,
1449 2400 1513 2453 ut
1540 2395 1970 2454 benefacientes
1999 2398 2097 2453 ob-
2206 2420 2236 2448 «
2269 2398 2425 2454 suis:
2461 2395 2753 2452 Modicum
2786 2397 2971 2468 etjam
2998 2413 3114 2451 non
3130 2395 3404 2453 videbitis
3436 2413 3543 2465 me,
3565 2401 3617 2451 et
3633 2397 3802 2452 iterum

444 2509 473 2537 ‹‹
507 2490 834 2543 mutescere
865 2485 1091 2541 faciatis
1120 2483 1585 2557 imprudentium
1617 2484 2096 2559 hominumigno-
2210 2508 2238 2538 ι(
2270 2485 2565 2542 modicum
2599 2488 2655 2540 et
2683 2485 2956 2541 videbitis
2988 2502 3102 2554 me,
3135 2486 3280 2559 quia
3309 2487 3452 2542 vado
3482 2486 3549 2541 ad
3564 2487 3802 2541 Patrem.»

444 2599 472 2627 ‹‹
498 2575 770 2632 rantiam.
806 2599 832 2624 ‹‹
869 2573 942 2629 Ut
973 2578 1093 2630 tam
1126 2574 1282 2630 cauti
1314 2578 1371 2630 et
1420 2578 1542 2629 tam
1594 2574 1833 2647 perfecti
1883 2574 1943 2631 in
1994 2578 2093 2633 Dei
2204 2576 2276 2632 Et
2305 2575 2551 2647 reliqua.

442 2681 616 2741 opere
644 2663 796 2731 sitis,
830 2668 892 2719 ut
923 2662 1070 2720 nihil
1113 2663 1368 2720 habeant
1395 2664 1548 2736 quod
1583 2663 1883 2721 detrahere
1914 2666 1983 2721 de
2006 2683 2096 2721 vo-
2275 2688 2303 2714 ‹‹
2339 2664 2630 2721 Modicum
2658 2665 2716 2718 et
2736 2663 2862 2736 jam
2896 2680 3011 2718 non
3044 2662 3322 2720 videbitis
3368 2681 3458 2719 me
3486 2683 3512 2714 ιι
3548 2660 3805 2719 mortalem

443 2753 537 2810 his
567 2753 894 2810 secundum
925 2768 1127 2809 eorum
1158 2752 1374 2809 malam
1405 2752 1763 2809 voluntatem
1818 2753 2091 2823 habeant,
2203 2757 2260 2809 et
2288 2752 2749 2826 corruptibilem,
2785 2751 3401 2824 comprehensibilem,
3434 2753 3580 2809 sicut
3595 2767 3727 2807 nunc
3746 2748 3803 2803 vi-

444 2864 473 2894 α
505 2842 675 2915 quasi
707 2840 902 2909 liberi,
939 2863 965 2891 ››
995 2841 1068 2897 ab
1098 2841 1255 2897 omni
1280 2842 1662 2913 peccato,"per
1690 2858 1886 2898 veram
1919 2844 2096 2915 pmni-
2201 2841 2373 2908 detis,
2407 2864 2435 2891 «
2468 2846 2525 2897 et
2554 2842 2766 2897 iterum
2799 2839 3097 2896 modicum
3130 2844 3185 2895 et
3233 2841 3506 2897 videbitis
3561 2857 3641 2896 me
3670 2862 3693 2887 υ
3720 2838 3803 2892 im-

441 2930 684 3001 tentiam
715 2933 772 2985 et
801 2928 1227 2986 eonfessionem
1259 2946 1489 3002 puram,
1525 2954 1552 2981 «
1586 2934 1644 2986 et
1675 2947 1791 2987 non
1823 2931 1989 3004 quasi
2007 2951 2095 2988 ve-
2202 2928 2533 2999 mortalem,
2591 2928 3270 3001 incomprehensibilem,
3330 2927 3802 3002 incorruptibilem.

443 3041 473 3069 «
502 3018 694 3074 lamen
726 3017 1009 3075 habentes
1040 3017 1275 3076 malitia:
1297 3018 1645 3076 libertatem.
1665 3018 1879 3075 nNulla
1909 3020 2089 3088 fraus,
2201 3018 2437 3085 Quoties
2464 3017 2859 3091 evangelicam
2891 3016 3198 3074 lectionem
3223 3018 3554 3077 recitamus.
3585 3015 3804 3074 conside-

441 3106 606 3164 nulla
637 3106 861 3163 malitia
890 3106 967 3164 sit
997 3107 1055 3163 in
1088 3107 1271 3176 vobis,
1319 3107 1419 3164 sed
1461 3108 1576 3164 Deo
1626 3108 1793 3180 quasi
1844 3108 2091 3166 Domino
2202 3108 2455 3162 randum
2482 3110 2571 3163 est
2602 3106 2742 3179 quia
2774 3105 2921 3167 solet
2947 3104 3289 3180 contingere
3320 3112 3382 3163 ut
3416 3107 3664 3181 quaedam
3701 3120 3807 3177 pars

446 3196 623 3270 digne
645 3196 829 3270 justis
858 3200 915 3253 et
944 3196 1165 3253 sanctis
1212 3195 1659 3269 operibus,cum
1703 3196 1861 3253 omni
1884 3197 1997 3252 fide
2038 3202 2095 3254 et
2124 3181 2167 3247 C
2206 3198 2337 3268 ejus
2368 3194 2698 3269 specialiter
2729 3196 2799 3251 ad
2833 3194 3175 3267 discipulos,
3210 3194 3432 3269 quibus
3482 3192 3807 3268 corporaliter

436 3284 740 3342 voluntate
770 3284 1062 3342 deservire
1092 3284 1445 3349 contendite,
1483 3306 1510 3334 ‹‹
1544 3284 1696 3341 sicut
1723 3284 1873 3341 servi
1904 3284 2028 3355 Dei,
2063 3309 2091 3335 »
2201 3284 2571 3357 loquebatur,
2605 3284 2913 3355 pertineat,
2948 3284 3213 3356 quaedam
3246 3302 3388 3341 vero
3415 3283 3734 3359 generaliter
3750 3280 3803 3334 ad

436 3392 571 3431 cum
602 3374 885 3430 charitate
916 3373 1161 3429 invicem
1196 3373 1475 3430 omnibus
1503 3378 1739 3446 propter
1768 3373 1951 3429 Deum
1990 3375 2089 3430 de-
2202 3371 2592 3428 universalem
2624 3371 2967 3428 Ecclesiam.
2991 3373 3153 3439 Quod
3188 3372 3249 3429 in
3284 3374 3395 3431 hac
3424 3373 3653 3430 lectione
3672 3367 3806 3426 facile

434 3463 626 3519 bitum
654 3462 976 3535 impendite
1007 3460 1333 3518 servitium.
2200 3460 2631 3533 comprobatur,
2666 3459 2716 3515 si
2745 3465 2938 3516 textus
2952 3461 3215 3533 ejusdem
3234 3459 3806 3537 diligentiuseonside-

508 3573 535 3599 ‹‹
569 3550 783 3607 Omnes
814 3550 1093 3607 honorate
1128 3573 1153 3597 ››
1186 3551 1511 3605 secundum
1526 3548 1994 3621 uniuscujusque
2009 3550 2090 3604 di-
2199 3554 2376 3606 retur.
2406 3549 2564 3614 Quod
2598 3566 2731 3605 vero
2749 3549 2905 3605 ait:«
2923 3550 3216 3606 Modicum
3238 3552 3433 3625 etjam
3450 3569 3559 3607 non
3576 3546 3804 3604 videbitis

436 3639 743 3713 gnitatem,
773 3641 969 3695 tamen
1001 3637 1360 3713 pauperibus
1389 3643 1445 3694 et
1475 3637 1720 3693 minime
1763 3636 2089 3695 valentibus
2199 3656 2312 3705 me,
2337 3644 2393 3694 et
2421 3638 2635 3697 iterum
2670 3639 2964 3695 modicum
2996 3643 3051 3697 et
3066 3640 3342 3697 videbitis
3357 3658 3511 3705 me,»
3526 3637 3808 3713 specialiter

436 3728 700 3785 studium
730 3726 1054 3783 maximum
1102 3726 1422 3798 impendite
1473 3726 1791 3782 serviendi:
1844 3726 1983 3800 quia
2027 3727 2084 3783 in
2196 3728 2269 3783 ad
2299 3727 2621 3801 discipulos
2650 3728 2924 3802 pertinet,
2961 3728 3178 3802 quibus
3211 3746 3318 3803 per
3336 3727 3806 3803 corporalemprze-

433 3815 580 3890 ipsis
609 3813 876 3871 Christus
903 3814 1157 3871 maxime
1188 3814 1527 3880 honoratur,
1553 3818 1619 3869 ut
1648 3813 1849 3886 ipsein
1862 3816 2086 3887 judicio
2197 3818 2443 3873 sentiam
2478 3817 2845 3891 loquebatur.
2880 3817 3040 3882 Quod
3074 3822 3274 3873 autem
3310 3818 3429 3874 illis
3472 3835 3580 3874 non
3632 3811 3805 3870 intelli-

435 3904 702 3961 dicturus
730 3903 867 3959 erit:
904 3926 932 3953 «
968 3904 1132 3970 Quod
1168 3902 1265 3958 uni
1299 3920 1368 3959 ex
1391 3902 1653 3960 minimis
1675 3904 1822 3961 meis
1844 3903 2082 3974 fecistis,
2196 3906 2470 3981 gentibus
2501 3905 2746 3963 inferius
2777 3907 3068 3979 exposuit,
3102 3907 3340 3964 dicens:
3377 3931 3404 3959 ‹‹
3439 3909 3634 3974 Amen,
3670 3917 3807 3958 amen

435 3992 579 4051 mihi
612 3991 831 4053 fecistis
860 3993 1069 4062 (Matth.
1103 3996 1254 4062 xxv).
1289 4014 1317 4041 »
1333 3992 1478 4048 Nam
1495 3992 1777 4065 sequitur:
1806 4018 1831 4042 ‹‹
1860 3994 2083 4050 Frater-
2197 3995 2325 4052 dico
2357 3996 2541 4063 vobis,
2577 3996 2715 4068 quia
2769 3995 3074 4067 plorabitis
3124 4000 3181 4051 et
3230 3997 3452 4053 flebitis
3492 4012 3610 4060 vos,
3646 4016 3669 4043 »
3696 3994 3806 4055 etc.,

432 4105 461 4132 ‹‹
495 4082 737 4139 nitatem
772 4080 1030 4155 diligite;
1062 4103 1089 4131 ››
1126 4087 1192 4138 ut
1220 4081 1348 4154 ipse
1379 4081 1742 4139 Dominusin
1774 4082 2083 4157 Evangelio
2194 4101 2404 4158 usque,
2439 4108 2465 4135 «
2500 4088 2755 4143 vertetur
2783 4083 2843 4138 in
2866 4082 3216 4157 gaudium,»
3235 4085 3322 4140 sic
3337 4079 3803 4159 apostolisspecia-

430 4188 634 4229 omnes
666 4171 875 4227 fratres
905 4175 963 4226 et
992 4171 1290 4243 proximos
1343 4187 1471 4227 esse
1520 4171 1797 4239 ostendit,
1852 4171 2079 4229 dicens:
2193 4172 2326 4229 liter
2356 4172 2644 4241 convenit,
2678 4176 2744 4228 ut
2773 4171 2947 4229 etiam
2981 4172 3299 4229 universali
3335 4171 3594 4230 Ecclesiae
3607 4182 3806 4244 genere.

429 4284 460 4311 ‹‹
488 4260 705 4317 Omnes
735 4259 894 4317 enim
923 4276 1022 4316 vos
1052 4259 1845 4333 fratresestis(Matth,xxm),
1880 4283 1905 4311 ››
1929 4262 2084 4317 unde
2191 4261 2325 4319 liter
2376 4265 2679 4336 congruat,
2732 4261 2872 4334 quia
2919 4278 3025 4334 ego
3074 4279 3143 4318 ea
3189 4279 3311 4335 qua
3361 4261 3669 4318 tradendus
3705 4256 3804 4311 erat

428 4354 486 4407 et
513 4349 753 4423 diligere
785 4366 901 4423 nos.
922 4348 1518 4421 invicemjubet,cum
1538 4349 1636 4404 ait:
1666 4371 1693 4399 ‹‹
1716 4350 1845 4405 Haec
1868 4352 2082 4407 mando
2193 4356 2381 4417 nocte,
2414 4351 2534 4406 haec
2566 4349 2875 4422 discipulis
2889 4348 3255 4421 loquebatur,
3285 4352 3573 4405 modicum
3589 4349 3698 4403 erat
3712 4357 3803 4416 quo

426 4439 613 4508 vobis,
647 4442 710 4495 ut
740 4438 998 4512 diligatis
1031 4438 1279 4495 invicem
1314 4438 1640 4507 (Joun.xv);
1661 4461 1686 4488 ιι
1719 4443 1777 4494 et
1804 4439 2079 4498 Joannes:
2192 4456 2325 4495 eum
2357 4437 2537 4495 visuri
2569 4455 2682 4494 non
2713 4441 2901 4506 erant,
2939 4437 3216 4510 quoniam
3249 4438 3381 4510 ipsa
3402 4442 3566 4494 nocte
3588 4446 3807 4504 comprc-

433 4548 461 4577 «
493 4527 600 4594 Qui
633 4527 872 4583 fratrem
906 4544 1082 4584 suum
1113 4543 1288 4599 quem
1320 4527 1475 4583 videt
1506 4543 1621 4583 non
1653 4526 1867 4600 diligit,
1897 4530 2079 4585 Deum
2110 4548 2159 4613 Β
2192 4527 2430 4595 hensus,
2466 4531 2522 4581 et
2550 4526 2609 4581 in
2641 4526 2898 4583 crastino
2912 4525 3325 4592 crucitixus,in
3352 4516 3805 4599 sepulcroestcol-

428 4632 605 4687 quem
637 4632 753 4672 non
784 4615 940 4672 videt
970 4616 1265 4688 quomodo
1296 4618 1488 4688 potest
1518 4615 1799 4689 diligere?
1846 4617 1891 4686 (ι
1917 4620 2074 4674 Joan.
2111 4609 2150 4613 ”
2190 4614 2434 4681 locatus,
2467 4620 2526 4671 et
2559 4618 2699 4671 tunc
2729 4619 3031 4689 coeperunt
3069 4632 3202 4671 eum
3256 4632 3373 4671 non
3406 4616 3613 4670 videre.
3659 4609 3804 4701 Nocte
3944 4620 3945 4701 ι

428 4704 530 4776 ιν.)
566 4727 592 4753 ››
626 4703 772 4769 Quia
801 4721 905 4760 nec
933 4704 1088 4761 Deus
1118 4721 1248 4760 vero
1279 4704 1403 4760 sine
1426 4704 1713 4777 proximo,
1747 4722 1852 4760 nec
1884 4706 2079 4777 proxi-
2188 4721 2321 4760 vero
2353 4720 2419 4760 ac
2449 4703 2541 4760 die
2555 4703 2825 4777 sequenti
2839 4704 3108 4777 sepulcro
3124 4702 3456 4776 quiescens,
3474 4718 3634 4758 mane
3648 4697 3805 4772 prima

428 4811 562 4851 mus
593 4810 722 4849 vere
752 4791 1019 4868 diligitur
1049 4793 1176 4849 sine
1209 4797 1355 4859 Deo;
1389 4796 1446 4849 et
1470 4791 1715 4850 Paulus:
1762 4816 1789 4842 ‹‹
1838 4793 2078 4851 Dilectio
2189 4791 2416 4850 sabbati
2448 4793 2785 4861 resurrexit,
2818 4796 2876 4848 et
2906 4791 3217 4866 discipulis
3242 4793 3453 4865 januis
3483 4809 3593 4848 non
3625 4781 3805 4860 apertis

427 4878 675 4954 proximi
708 4878 931 4937 malum
950 4896 1065 4935 non
1079 4880 1541 4953 operaturmom.
1558 4882 1703 4951 xui).
1720 4902 1745 4928 ››
1773 4880 2079 4939 Plenitudo
2189 4883 2479 4956 apparuit.
2514 4883 2808 4940 Sivecerte
2824 4882 3087 4937 futurum
3104 4886 3227 4938 erat
3244 4882 3803 4951 modicum,quoeum

426 4984 563 5041 ergo
597 4968 740 5042 legis
772 4973 861 5024 est
889 4968 1145 5025 dilectio.
1175 4994 1202 5019 ‹‹
1238 4970 1421 5025 Deum
1439 4968 1657 5037 timete,
1682 4986 1877 5043 regem
1902 4971 2079 5028 hono-
2186 4971 2367 5028 visuri
2401 4975 2586 5039 erant,
2621 4970 2857 5042 quando
2889 4974 3021 5043 post
3053 4970 3542 5028 resurrectionem
3569 4984 3665 5040 per
3680 4978 3803 5035 qua-

429 5077 457 5106 ‹‹
493 5055 732 5113 rificate.
752 5056 1475 5132 »Monetergocongruum
1492 5056 1719 5114 cunctis
1741 5058 2077 5131 impendere
2186 5060 2456 5134 draginta
2480 5058 2889 5115 tantummodo
2920 5057 3045 5115 dies
3075 5058 3135 5113 in
3168 5048 3802 5132 multisargumentiscis

426 5145 731 5213 honorem,
763 5149 819 5201 et
841 5146 1011 5217 juxta
1041 5146 1355 5222 imperium
1388 5146 1637 5213 Domini,
1689 5147 1899 5204 Caesari
1951 5167 2080 5223 quae
2190 5165 2498 5223 apparens,
2521 5147 2971 5221 quadragesimo
3004 5147 3096 5202 die
3127 5146 3243 5203 illis
3272 5147 3602 5205 videntibus
3626 5144 3678 5198 in
3706 5155 3799 5193 cm-

428 5231 671 5288 Caasaris
704 5236 859 5298 sunt,
896 5238 954 5289 et
988 5238 1097 5291 Deo
1129 5236 1371 5293 reddere
1401 5253 1527 5310 quae
1552 5235 1651 5292 Dei
1683 5241 1841 5293 sunt.
1872 5238 1983 5313 Qui
2009 5238 2079 5293 ti-
2188 5237 2312 5294 lum
2343 5237 2625 5293 ascendit.
2659 5235 2823 5292 Unde
2852 5241 2908 5292 et
2940 5236 3243 5293 subditur:

430 5324 549 5376 met
581 5325 783 5386 Deum,
818 5320 957 5377 facit
986 5322 1172 5380 bona:
1220 5323 1359 5396 quia
1402 5348 1428 5374 ‹‹
1469 5323 1703 5380 initium
1756 5325 2076 5399 sapientiae,
2258 5350 2287 5399 ε(
2324 5325 2469 5394 Quia
2499 5324 2641 5380 vado
2671 5324 2743 5379 ad
2776 5324 3025 5380 Patrem.
3063 5347 3090 5373 ››
3122 5325 3281 5391 Quod
3299 5341 3413 5380 non
3434 5316 3801 5379 dedivinitale,

427 5407 605 5465 timor
636 5406 861 5463 Domini
893 5410 1080 5478 (Ecctz'.
1114 5410 1249 5484 xw).
1286 5433 1313 5459 ››
1332 5411 1409 5467 De
1440 5410 1647 5468 timore
1662 5412 2081 5470 Dominiomne
2191 5415 2293 5472 sed
2324 5414 2394 5469 de
2426 5412 2789 5468 humanitate
2820 5413 3099 5485 loquitur.
3134 5414 3346 5470 Iterum
3380 5431 3442 5469 se
3475 5409 3610 5466 dicit
3639 5409 3713 5462 ire
3746 5399 3802 5456 ad

428 5498 648 5554 bonum
682 5494 962 5565 nascitur,
997 5501 1053 5553 et
1082 5515 1183 5570 per
1205 5498 1475 5557 timorem
1501 5500 1728 5557 Domini
1756 5502 1948 5558 omnis
1964 5520 2081 5558 ma-
2193 5504 2420 5560 Patrem
2453 5519 2556 5575 per
2582 5500 3034 5570 humanitatem,
3067 5519 3101 5557 a
3130 5519 3247 5576 quo
3279 5519 3393 5557 non
3426 5494 3684 5556 discessit
3723 5504 3805 5563 per

426 5585 555 5645 litin
583 5585 841 5645 hominis
867 5590 1199 5645 evacuatur.
1232 5587 1378 5654 Quia
1407 5588 1507 5661 qui
1540 5589 1707 5646 timet
1739 5591 2085 5661 Deum,dili—
2193 5592 2579 5658 divinitatem,
2614 5589 2767 5647 sicut
2804 5590 2931 5662 ipse
2977 5590 3086 5647 ait:
3123 5613 3149 5641 ‹‹
3184 5592 3299 5664 Ego
3330 5595 3390 5647 et
3438 5591 3602 5648 Pater
3646 5592 3801 5641 unum

2734 2094 3036 2149 HOMILIA
3079 2093 3336 2149 LXXXV.

2406 2199 2683 2239 DOMINICA
2718 2199 2919 2238 TERTIA
2959 2199 3098 2238 POST
3139 2200 3380 2248 pascua,
3407 2185 3646 2239 lubitum.
