4012 6174
221 291 453 377 ίδοθ

1572 311 1929 376 ΗΟΜΙιιΙιΕ
1969 310 2072 374 DE
2114 311 2512 375 TEMPORE.

3614 290 3755 391 διο

218 441 227 459 "
329 462 544 503 sumus
593 446 774 518 (Joan.
810 446 890 518 x).
924 468 952 497 η
1005 444 1168 504 Sicut
1213 445 1370 505 enim
1421 445 1650 504 Patrem
1698 443 1976 514 deseruit,
2010 443 2065 513 Α
2097 442 2478 518 cogitationes
2526 459 2686 501 meas
2743 443 2815 501 de
2856 441 3027 527 large
3086 444 3257 517 (Psal.
3290 448 3586 521 cxxxvm);
3620 470 3648 499 »
3681 454 3739 507 et
3782 521 3791 529 ε

244 543 249 546 ’
328 551 466 591 eum
490 534 771 608 apostolis
792 536 1082 609 apparuit,
1097 535 1181 592 sic
1195 534 1488 608 apostolos
1512 553 1625 591 non
1647 534 1975 608 dereliquit,

324 640 465 680 cum
486 625 561 679 ad
587 625 814 680 Patrem
848 623 1038 692 rediit,
1068 625 1219 681 sicut
1250 623 1374 697 ipse
1409 623 1552 680 dicit
1586 643 1599 679 :
1632 646 1659 675 ‹‹
1691 625 1833 679 Ecce
1872 641 1980 697 ego

317 712 629 769 vobiscum
653 731 786 769 sum
800 713 1075 770 omnibus
1087 712 1294 769 diebus
1308 730 1494 786 usque
1515 713 1586 769 ad
1612 730 1981 768 consumma-

206 794 213 798 ’
318 800 553 858 tionem
599 802 796 858 smeuli
847 802 1060 875 (Matth.
1090 802 1309 874 xxvm).
1350 825 1378 852 ››
1410 803 1652 858 Manens
1697 819 1801 875 ego
1844 820 1978 858 cum

316 886 501 946 Patre
534 907 633 963 per
659 891 1051 959 divinitatem,
1082 889 1387 963 discipulis
1430 890 1699 963 apparuit
1740 908 1840 963 per
1870 890 1978 947 bu-

311 980 708 1037 manitatem:
741 985 798 1036 et
831 984 1125 1047 revertens
1154 980 1227 1037 ad
1260 981 1488 1036 Patrem
1510 997 1613 1052 per
1643 978 1977 1036 humanita—

2091 534 2307 590 iterum
2342 551 2405 589 :u
2431 532 2712 608 Cogitatio
2744 532 3003 590 hominis
3035 535 3408 593 confitebitur
3436 537 3540 594 tibi
3561 538 3732 610 (Psal.

2090 626 2289 692 Lxxv);
2328 645 2350 672 ι
2385 626 2443 679 et
2474 622 2747 679 Salomon
2787 641 2799 678 :
2837 644 2865 671 ‹‹
2897 622 2981 678 Tu
3015 623 3170 678 Deus
3203 618 3743 724 solwostieorda

2091 713 2347 768 filiorum
2369 712 2678 769 hominum
2699 713 2775 781 (II
2800 714 2930 767 Par.
2964 710 3039 783 v1)
3069 730 3082 780 ;
3119 734 3147 762 »
3164 716 3221 767 et
3249 704 3508 803 Regini:
3543 738 3571 764 «
3605 716 3737 780 Quae

2090 807 2228 857 sunt
2254 803 2314 857 in
2345 801 2516 857 corde
2538 800 2869 868 hominum,
2889 800 3041 857 oculi
3065 801 3149 857 tui
3175 800 3391 885 vident;
3412 804 3657 862 Domine
3677 831 3691 872 ;
3710 828 3736 854 n

2090 895 2147 946 et
2177 908 2384 946 rursus
2417 907 2430 944 ε
2470 912 2498 941 ‹‹
2529 890 2712 946 Homo
2743 890 2898 945 videt
2927 890 2984 945 in
3037 890 3200 959 facie,
3231 872 3383 948 Deus
3432 896 3628 949 autem
3679 894 3738 949 in

2088 981 2278 1036 corde.
2307 1002 2335 1028 ››
2367 978 2495 1035 Sive
2526 978 2906 1050 cogitationes
2931 996 3138 1034 eorum
3174 982 3485 1051 praevenire
3533 982 3738 1055 voluit,

309 1071 467 1135 tem,
499 1069 718 1124 mansit
745 1085 879 1125 cum
912 1068 1217 1141 discipulis
1262 1085 1365 1141 per
1410 1067 1793 1136 divinitatem,
1829 1069 1981 1125 sicut

311 1155 470 1214 alibi
526 1157 711 1214 dicit:
746 1183 773 1209 ‹‹
808 1157 968 1213 Exivi
1002 1177 1037 1213 a
1066 1159 1252 1226 Patre,
1297 1161 1356 1213 et
1400 1157 1529 1214 veni
1580 1156 1638 1213 in
1691 1158 1979 1213 mundum

310 1247 511 1317 (Joan.
546 1248 682 1317 xw).
719 1272 740 1297 ι
776 1247 986 1303 Venire
1041 1245 1257 1319 quippe
1283 1251 1339 1301 et
1373 1247 1560 1303 redire
1594 1245 1981 1303 humanitatis

310 1341 447 1392 est:
478 1353 716 1395 manere
747 1340 802 1391 et
831 1352 961 1392 esse
990 1334 1516 1401 divinitatis.Quod
1548 1334 1715 1391 facile
1745 1334 1980 1391 illorum

308 1423 651 1480 intellectui
684 1428 861 1496 patet,
879 1424 981 1496 qui
1015 1425 1073 1479 in
1093 1441 1208 1479 uno
1240 1423 1554 1480 Mediatore
1576 1424 1675 1479 Dei
1706 1428 1764 1479 et
1791 1424 1982 1480 homi-

307 1529 473 1568 num
504 1517 816 1585 utramque
848 1512 1411 1577 naturam,divinam
1443 1511 1663 1568 scilicet
1692 1518 1747 1568 et
1774 1513 1984 1568 hnma-
2096 1514 2277 1586 «quia
2306 1513 2420 1567 dixi
2444 1530 2455 1568 :
2478 1510 2769 1567 Modicum
2788 1514 2844 1566 et
2874 1528 2988 1566 non
3018 1511 3291 1568 videbitis
3323 1530 3438 1581 me,
3457 1515 3738 1572 etiterum

305 1617 492 1670 nam,
528 1602 897 1658 conﬁtentur.
924 1603 990 1657 Et
1019 1602 1166 1657 bene
1216 1602 1287 1657 ad
1338 1602 1568 1657 Patrem
1620 1601 1702 1657 ire
1749 1602 1981 1671 dicitur,
2097 1624 2125 1652 ‹‹
2159 1602 2453 1658 modicum
2487 1604 2543 1655 et
2572 1599 2840 1656 videbitis
2871 1616 2981 1655 me.
3017 1623 3043 1650 »
3078 1602 3154 1656 Ac
3186 1601 3236 1656 si
3267 1602 3518 1659 diceret:
3544 1605 3601 1659 Si
3630 1604 3740 1661 hoc

302 1691 468 1763 quia
499 1690 763 1763 quandiu
795 1707 931 1747 cum
953 1689 1263 1763 discipulis
1293 1696 1666 1747 conversatus
1682 1695 1788 1758 est,
1804 1691 1985 1746 simili
2095 1708 2196 1747 vos
2227 1690 2557 1758 conturbat,
2574 1692 2629 1745 et
2650 1692 2894 1754 vestras,
2910 1692 3134 1744 mentes
3152 1689 3428 1746 sollicitat
3444 1692 3583 1765 quia
3598 1694 3737 1748 dixi:

301 1795 505 1836 carne
532 1780 947 1880 indutus,‘qua
993 1784 1050 1835 et
1098 1778 1203 1880 illi,
1237 1779 1428 1851 potuit
1475 1778 1653 1835 simul
1703 1796 1836 1835 cum
1872 1780 1985 1836 illis
2020 1815 2065 1880 Β
2097 1781 2458 1878 Modicumet
2474 1794 2585 1833 non
2604 1777 2875 1877 videbitis
2896 1793 3007 1880 me,
3025 1777 3217 1877 adhuc
3235 1780 3517 1836 auditam
3539 1782 3738 1848 Amen,

301 1867 768 1940 comprehendi,
800 1866 1530 1941 ligari,ﬂagellari,somno
1561 1869 1809 1940 gravari,
1846 1869 1982 1924 fati-
2020 1864 2065 1880 ⁶’
2102 1889 2124 1918 α
2158 1886 2335 1925 αωοη
2359 1866 2486 1923 dico
2536 1864 2721 1936 vobis,
2754 1866 2896 1938 quia
2925 1865 3233 1938 plorabitis
3264 1873 3321 1923 et
3350 1868 3562 1924 ﬂebitis
3617 1888 3740 1939 vos,

302 1958 476 2031 gari,
505 1956 769 2030 cruciﬁgi
791 1963 847 2012 et
875 1956 1044 2023 mori,
1078 1960 1136 2013 et
1165 1956 1259 2011 his
1291 1956 1509 2013 similia
1542 1958 1615 2013 ad
1645 1957 1982 2014 humanita-
2092 1981 2118 2008 ‹‹
2155 1957 2413 2013 mundus
2444 1958 2638 2011 autem
2670 1954 2968 2028 gaudebit.
3001 1955 3116 2011 Vos
3147 1959 3342 2013 autem
3376 1958 3746 2014 eontristabi~

304 2051 447 2102 tem
478 2045 831 2117 pertinentia
859 2044 978 2117 pati
1003 2064 1016 2113 ;
1052 2046 1153 2101 sed
1186 2049 1317 2118 post
1341 2047 1848 2117 resurrectionem,
1881 2048 1983 2103 ab-
2093 2070 2120 2097 «
2139 2046 2421 2115 mini,sed
2441 2044 2680 2099 tristitia
2697 2047 2885 2101 vestra
2904 2047 3160 2100 vertetur
3180 2045 3240 2100 in
3257 2046 3562 2118 gaudium.
3584 2047 3745 2103 nFle-

295 2135 488 2206 jecta
517 2134 710 2191 carnis
742 2132 1114 2202 mortalitate,
1139 2135 1272 2189 itaa
1302 2135 1468 2190 Patre
1495 2132 1850 2191 clariﬁeatus
1871 2141 1980 2204 est,
2093 2137 2237 2192 bant
2267 2134 2423 2191 enim
2477 2138 2766 2217 amatores
2797 2132 3029 2202 Christi,
3061 2149 3199 2190 cum
3230 2151 3366 2190 eum
3399 2152 3571 2208 quem
3619 2137 3745 2192 sine

2090 1073 2156 1124 ut
2186 1068 2517 1125 ostenderet
2545 1084 2644 1123 eos
2676 1084 2792 1123 non
2822 1067 3030 1123 debere
3053 1068 3323 1126 dubitare
3354 1087 3423 1127 ex
3452 1072 3582 1142 ejus
3611 1089 3741 1145 pro-

2091 1156 2686 1228 missionibus,quem
2719 1159 2839 1210 tam
2874 1155 3038 1212 facile
3068 1157 3297 1213 occulta
3318 1175 3558 1215 suarum
3578 1161 3737 1234 cogi-

2090 1246 2378 1302 tationum
2409 1245 2684 1302 videbant
2713 1244 3074 1314 dignoscere.
3110 1245 3273 1303 Unde
3303 1250 3360 1303 et
3391 1249 3699 1305 subditur:

2164 1358 2190 1385 α
2223 1334 2499 1407 Cognovit
2529 1337 2724 1389 autem
2748 1333 2922 1389 Jesus
2953 1333 3092 1406 quia
3112 1333 3382 1391 volebant
3401 1352 3536 1393 eum
3567 1338 3741 1394 inter-

2094 1446 2122 1473 ‹(
2152 1441 2376 1497 rogare,
2408 1427 2463 1479 et
2506 1423 2652 1477 dixit
2702 1422 2786 1478 eis
2819 1438 2832 1476 :
2871 1422 2950 1477 De
2994 1421 3101 1478 hoc
3131 1423 3394 1495 qureritis
3444 1424 3596 1481 inter
3637 1444 3739 1484 vos

309 2226 381 2280 et
414 2223 811 2295 impassibilis
841 2230 1013 2294 atque
1044 2222 1394 2280 immortalis
1422 2223 1627 2291 factus,
1661 2228 1724 2279 ut
1755 2224 1983 2281 nullum

306 2313 460 2385 jam
490 2312 703 2367 horum
736 2311 1011 2384 patiatur.
1045 2311 1125 2367 De
1156 2329 1273 2383 quo
1302 2329 1404 2383 per
1434 2311 1680 2368 Paulum
1723 2313 1937 2369 dicitur
1968 2332 1980 2370 :

324 2423 352 2450 α
373 2401 451 2456 Et
474 2400 526 2455 si
548 2416 895 2457 noveramus
929 2399 1227 2456 Christum
1254 2400 1579 2456 secundum
1610 2404 1984 2469 carnem,sed

305 2490 460 2562 jam
514 2506 669 2544 nunc
717 2507 833 2544 non
881 2489 1151 2545 novimus
1202 2490 1250 2559 (Ι
1280 2489 1400 2544 Cor.
1432 2488 1507 2559 v).
1540 2509 1565 2539 ιο
1606 2489 1672 2544 Et
1720 2490 1933 2547 iterum
1969 2510 1981 2547 :

319 2601 357 2629 ‹‹
396 2578 674 2634 Christus
706 2594 1018 2649 resurgens
1050 2594 1117 2632 ex
1147 2576 1418 2645 mortuis,
1431 2577 1557 2649 jam
1588 2595 1702 2633 non
1737 2580 1988 2637 moritur

316 2667 515 2739 (Rom.
545 2666 646 2736 γι),
672 2688 700 2715 ››
725 2669 833 2721 etc.
868 2666 938 2720 Et
967 2665 1105 2737 quia
1135 2665 1243 2737 piae
1273 2670 1497 2723 mentes
1536 2666 1983 2739 discipulorum,

312 2754 411 2828 pii
448 2754 717 2828 magistri
750 2753 1077 2810 absentiam
1109 2753 1466 2826 corporalem
1486 2755 1613 2811 sine
1643 2757 1803 2829 gravi
1818 2758 1985 2815 taedio

312 2847 386 2900 et
435 2843 638 2900 dolore
676 2844 827 2899 ferre
893 2860 1008 2898 non
1068 2846 1354 2915 poterant,
1405 2843 1817 2901 manifestatur
1850 2863 1985 2904 cum

226 2980 249 2993 .
319 2933 729 3005 subjungitur
765 2949 777 2988 :

403 3046 434 3072 ‹‹
466 3021 745 3077 Dixerunt
793 3038 930 3095 ergo
979 3037 1049 3077 ex
1094 3020 1401 3093 discipulis
1431 3021 1661 3091 ejus'ad
1689 3021 1936 3079 invicem
1969 3041 1982 3080 :

314 3135 355 3162 ‹‹
390 3110 550 3174 Quid
582 3114 674 3165 est
704 3110 813 3166 hoc
836 3110 991 3182 quod
1013 3109 1157 3165 dicit
1177 3109 1346 3165 nobis
1363 3127 1375 3163 :
1391 3109 1683 3165 Modicum
1705 3115 1892 3168 etnon
1907 3112 1984 3168 vi-

2093 2224 2185 2281 cul
2193 2225 2337 2298 pain
2352 2223 2570 2278 mundo
2585 2222 2913 2279 conversari
2934 2228 3377 2295 conspexerant,
3393 2224 3558 2297 quasi
3580 2243 3743 2282 reum

2093 2310 2731 2386 comprehendi,ligari,
2751 2310 3051 2384 ﬂagellari,
3082 2315 3257 2384 atque
3287 2314 3550 2387 crucifigi
3582 2315 3743 2371 vide-

2094 2406 2250 2458 runt.
2283 2401 2479 2473 Neque
2509 2399 2664 2456 enim
2697 2398 2820 2456 sine
2850 2398 3010 2472 gravi
3057 2399 3254 2456 dolore
3298 2400 3384 2456 vel
3430 2401 3568 2459 fletu
3612 2403 3742 2475 ejus

2096 2494 2342 2546 mortem
2374 2489 2565 2544 videre
2596 2492 2880 2561 poterant,
2914 2488 3086 2560 cujus
3116 2488 3294 2545 vitam
3327 2490 3508 2547 nimio
3548 2508 3748 2548 amore

2095 2579 2451 2635 dilexerant:
2479 2593 2771 2649 quemque
2802 2576 2965 2648 prius
2987 2581 3251 2635 mortuos
3279 2580 3564 2637 suscitare
3584 2580 3740 2636 vide-

2095 2672 2247 2731 rant,
2283 2672 2579 2723 mortuum
2602 2665 2893 2721 videbant.
2909 2669 2981 2721 At
3006 2670 3242 2723 econtra
3259 2669 3517 2724 mundus
3530 2671 3744 2743 gaude-

2095 2758 2213 2824 bat,
2244 2757 2301 2811 id
2332 2759 2420 2811 est
2448 2754 2784 2810 Judaeorum
2814 2753 3087 2827 populus,
3121 2756 3221 2827 qui
3267 2760 3504 2829 propter
3540 2758 3746 2813 mundi

2096 2861 2353 2901 amorem
2386 2846 2537 2900 recte
2568 2843 2825 2898 mundus
2852 2846 3110 2911 vocatur,
3145 2860 3279 2900 cum
3321 2849 3586 2902 cerneret
3608 2863 3744 2901 eum

2095 2932 2378 3006 crucifigi,
2414 2931 2513 3004 qui
2543 2929 2737 3004 gravis
2767 2934 2891 2987 erat
2921 2931 3098 2988 etiam
3139 2932 3223 2999 eis
3274 2933 3343 2988 ad
3402 2934 3745 3000 videndum,

2096 3022 2497 3078 existimantes
2524 3036 2736 3076 nomen
2768 3021 2894 3092 ejus
2908 3037 3038 3076 esse
3057 3020 3333 3077 deletum.
3350 3023 3462 3078 Sed
3478 3023 3744 3097 nunquid

2098 3127 2329 3184 semper
2358 3109 2588 3182 reprobi
2619 3108 2995 3176 lietabuntur,
3026 3114 3083 3165 et
3110 3109 3274 3166 electi
3310 3112 3746 3169 contristabun-

314 3223 353 3251 ‹‹
391 3198 617 3255 debitis
648 3215 759 3266 me,
793 3179 1086 3254 etiterum
1110 3198 1404 3254 modicum
1431 3203 1488 3253 et
1518 3197 1788 3255 videbitis
1802 3205 1987 3269 me,et
2016 3179 2058 3246 ί]
2101 3179 2395 3257 ιιινίῖηοῑι.
2421 3179 2620 3255 Dicam
2654 3198 2797 3270 quid
2827 3197 3009 3254 dicat:
3028 3198 3337 3255 «Tristitia
3366 3205 3557 3257 vestra
3570 3205 3748 3259 verte-

314 3311 352 3340 ‹‹
392 3286 541 3360 quia
597 3287 740 3342 vado
786 3287 858 3343 ad
906 3286 1177 3343 Patrem?
1211 3285 1485 3344 Dicebant
1514 3303 1688 3360 ergo:
1721 3288 1868 3354 Quid
1902 3293 1991 3346 est

313 3400 353 3429 ‹‹
373 3376 494 3431 hoc
518 3376 672 3448 quod
692 3376 836 3432 dicit
857 3376 1027 3432 nobis
1044 3394 1056 3432 :
1073 3376 1366 3433 Modicum
1380 3376 1408 3430 ‘I
1427 3374 1720 3433 nescimus
1735 3379 1889 3450 quod
1903 3378 1988 3435 lo-

314 3488 352 3517 ‹‹
389 3464 623 3537 quitur.
661 3488 687 3515 ››
720 3465 906 3521 Habet
949 3468 1144 3521 autem
1183 3464 1443 3520 humana
1496 3482 1661 3521 mens
1715 3465 1825 3521 hoc
1856 3484 1986 3538 pro-

310 3554 556 3628 prium,
591 3557 657 3608 ut
685 3554 837 3625 quod
870 3552 1110 3609 omnino
1143 3570 1257 3610 non
1277 3552 1416 3620 vult,
1446 3558 1547 3609 aut
1579 3554 1741 3610 tarde
1774 3554 1986 3611 intelli-

312 3648 455 3717 gat,
486 3647 591 3697 aut
611 3642 837 3697 tardius
866 3643 1082 3698 credat.
1108 3642 1174 3697 Et
1201 3641 1326 3697 ideo
1353 3641 1800 3713 discipuli,quia
1831 3644 1985 3700 nole-

312 3733 624 3796 bant,nec
655 3731 969 3788 credebant
999 3731 1153 3803 quod
1180 3731 1312 3802 pius
1346 3730 1626 3803 magister
1653 3731 1725 3786 ab
1755 3732 1840 3787 eis
1863 3749 1985 3789 cor-

315 3818 620 3893 pomliter
650 3822 1043 3891 separaretur,
1070 3818 1337 3890 quamvis
1379 3818 1686 3875 manifeste
1726 3820 1943 3876 diceret
1971 3838 1984 3875 :

319 3934 351 3960 ‹‹
389 3909 697 3964 Modicum
729 3910 787 3964 et
808 3909 935 3980 jam
966 3923 1081 3963 non
1113 3906 1385 3964 videbitis
1418 3925 1531 3973 me,
1566 3928 1593 3957 »
1627 3925 1743 3964 non
1768 3909 1877 3965 hoc
1898 3910 1985 3965 in-

315 3997 699 4070 telligebant.
716 3996 879 4052 Unde
909 3999 968 4052 et
995 3996 1147 4052 inter
1167 4013 1228 4052 se
1258 4000 1680 4069 conquerentes
1698 3997 1984 4054 dicebant:

317 4110 349 4138 ‹‹
371 4086 530 4152 Quid
568 4090 659 4141 est
682 4084 791 4140 hoc
817 4085 972 4157 quod
994 4083 1165 4141 dicit:
1185 4084 1517 4140 Modicum?
1534 4085 1831 4141 nescimus
1845 4087 1985 4159 quid

315 4174 622 4247 loquitur.
655 4196 682 4223 ››
715 4174 892 4230 Juxta
921 4175 1078 4229 hunc
1107 4191 1372 4240 sensum,
1407 4191 1539 4229 cum
1559 4172 1695 4229 alibi
1720 4173 1803 4229 eis
1818 4192 1984 4231 suam

316 4262 673 4337 passionem
720 4261 1075 4335 praediceret,
1110 4262 1311 4318 dicens
1351 4263 1564 4334 (Matth.
1596 4263 1691 4335 xx)
1727 4280 1739 4318 :
1775 4285 1803 4313 ‹‹
1844 4263 1987 4320 Ecce

315 4351 713 4409 ascendimus
731 4351 1215 4424 Hierosolymam,
1231 4357 1287 4407 et
1309 4352 1988 4408 consnmnabunturom-

315 4442 424 4497 nia
460 4457 593 4512 quae
623 4440 841 4513 scripta
870 4445 1009 4495 sunt
1034 4458 1137 4513 per
1164 4439 1482 4513 prophetas
1511 4440 1583 4495 de
1618 4439 1761 4497 Filio
1791 4441 1981 4497 homi-

2098 3294 2195 3345 tur
2224 3289 2281 3344 in
2313 3287 2617 3362 gaudium.
2638 3287 2789 3342 »Sed
2813 3285 3050 3342 tristitia
3062 3287 3459 3360 apostolorum
3482 3294 3750 3346 versaest

2097 3378 2159 3433 in
2189 3376 2745 3449 latitiam,quando,
2760 3375 2913 3431 sicut
2944 3376 3024 3431 ait
3051 3376 3408 3450 evangelista
3426 3378 3747 3452 Lucas,ga-

2096 3466 2205 3523 visi
2238 3468 2376 3523 sunt
2400 3463 2673 3537 discipuli
2704 3461 2826 3519 viso
2858 3463 3125 3520 Domino.
3162 3465 3413 3522 Econtra
3439 3465 3749 3523 laetitiaJu-

2098 3557 2356 3612 decorum
2388 3556 2748 3610 commutata
2771 3556 2861 3609 est
2889 3553 2948 3608 in
2982 3553 3416 3623 moestitiam,in
3441 3559 3667 3613 tantum
3687 3561 3752 3614 ut

2098 3644 2225 3716 ejus
2257 3642 2680 3700 resurrectione
2711 3642 2932 3709 audita,
2962 3641 3252 3699 militibus
3278 3644 3583 3717 pecuniam
3616 3663 3750 3718 pro-

2099 3731 2691 3798 mitterent,dicentes
2725 3747 2737 3786 :
2775 3751 2801 3783 α
2831 3730 3014 3786 Dicite
3044 3731 3184 3805 quia
3216 3731 3385 3788 nobis
3410 3733 3748 3792 dormienti-

2098 3822 2208 3878 bus
2238 3823 2521 3876 venerunt
2550 3819 2821 3892 discipuli
2846 3820 2977 3890 ejus
2992 3823 3175 3889 nocte,
3193 3825 3249 3876 et
3262 3821 3437 3881 furati
3469 3827 3748 3879 suntcor-

2097 3927 2209 3981 pus
2239 3910 2388 3980 ejus,
2420 3912 2477 3964 et
2505 3908 2555 3963 si
2588 3909 2695 3964 hoc
2746 3909 3017 3964 auditum
3068 3909 3245 3967 fuerit
3275 3910 3604 3984 a-prmside,
3641 3929 3748 3968 nos

2097 3997 2479 4054 suadebimus
2526 3997 2599 4065 ei,
2651 4002 2708 4052 et
2758 4013 2997 4054 securos
3042 4015 3144 4054 vos
3205 3999 3488 4059 faciemus
3537 4001 3744 4073 (Matth.

2096 4086 2312 4158 xxvm).
2337 4108 2364 4134 ››
2396 4085 2506 4140 Sed
2540 4084 2678 4157 quia
2710 4090 2934 4157 partem
2967 4085 3147 4157 hujus
3178 4085 3444 4143 lectionis
3475 4089 3747 4162 superius

2095 4173 2444 4248 generaliter
2465 4173 2537 4229 ad
2561 4171 2945 4229 universalem
2968 4174 3284 4229 Ecclesium
3299 4175 3586 4259 pertinere
3599 4176 3746 4231 dixi-

2096 4282 2249 4332 mus,
2265 4262 2391 4319 suis
2420 4261 2608 4317 verbis
2638 4260 2921 4319 Dominus
2954 4261 3461 4319 ﬁdelibusluctum
3475 4268 3532 4319 et
3546 4263 3745 4319 ﬂetum

2094 4352 2333 4420 indicat,
2386 4348 2602 4423 quibus
2652 4349 2793 4405 dicit
2826 4366 2838 4405 :
2869 4374 2897 4400 ‹‹
2937 4351 3141 4419 Amen,
3176 4367 3347 4407 amen
3397 4351 3526 4407 dico
3558 4353 3745 4419 vobis,

2095 4441 2232 4515 quia
2260 4439 2585 4514 plorabitis,
2616 4462 2642 4489 ››
2675 4442 3014 4511 etc.,usque
3028 4439 3354 4496 verteturin
3385 4441 3688 4513 gaudium.
3718 4465 3744 4490 ))

316 4529 444 4594 nis,
485 4550 513 4577 ››
545 4528 1075 4600 etc.,subjunctum
1106 4528 1483 4600 estzuEtipsi
1518 4527 1984 4585 nihilhorumin-
2015 4548 2061 4613 D
2094 4531 2155 4587 In
2187 4527 2445 4587 convalle
2479 4544 2736 4601 namque
2758 4526 3148 4602 laerymarum
3169 4528 3746 4604 positi,sarcinapec-

316 4617 846 4684 tellexerunt;crat
869 4616 1025 4672 enim
1044 4617 1283 4672 verbum
1303 4616 1458 4673 istud
1483 4616 1895 4673 absconditum
1910 4619 1981 4673 ab

318 4706 431 4772 eis,
458 4710 519 4760 et
547 4721 661 4760 non
694 4704 1099 4777 intelligebant
1130 4722 1257 4777 quae
1310 4704 1675 4762 dicebantur.
1698 4728 1725 4757 »
1758 4707 1989 4770 Quare?

320 4794 474 4867 quia
503 4809 681 4865 quem
713 4794 834 4865 pati
866 4811 982 4853 non
1014 4793 1295 4866 optabant
1320 4797 1381 4848 ut
1400 4793 1521 4866 pati
1544 4799 1741 4865 posset
1765 4812 1879 4851 non
1899 4795 1985 4851 in-

321 4882 697 4954 telligebant.
714 4882 824 4938 Sed
854 4880 996 4954 quia
1024 4882 1292 4954 querelas
1322 4899 1461 4938 suas
1480 4883 1551 4938 ad
1585 4882 1796 4939 callida
1815 4900 1986 4957 argu-

327 4976 533 5027 menta
546 4987 662 5026 non
681 4975 1110 5039 converterunt,
1128 4972 1229 5027 sed
1248 4972 1410 5042 pium
1429 4972 1779 5045 magistrum
1791 4972 1985 5029 humi-

324 5060 463 5116 liter
491 5059 855 5133 interrogare
897 5059 1335 5132 disposuerunt,
1369 5059 1487 5127 ille,
1522 5060 1621 5132 qui
1672 5061 1867 5116 cordis
1898 5066 1987 5118 est

329 5151 646 5216 scrutator,
662 5164 867 5204 eorum
884 5146 1263 5221 cogitationes
1276 5149 1655 5221 praeveniens,
1671 5153 1987 5222 antequam

330 5237 816 5310 interrogaretur,
840 5236 1162 5309 respondit,
1181 5240 1244 5292 ut
1277 5236 1378 5309 qui
1410 5237 1469 5292 in
1503 5236 1704 5293 multis
1729 5256 1789 5295 se
1805 5243 1985 5294 Deum

331 5342 462 5381 esse
493 5324 965 5392 ostendit,etiam
989 5325 1046 5380 in
1080 5325 1346 5381 sordium
1369 5324 1728 5398 inspectione
1758 5344 1819 5383 se
1850 5345 1983 5384 eum

332 5430 462 5470 esse
489 5412 833 5480 declararet,
868 5412 1035 5468 illum
1068 5413 1308 5481 scilicet,
1341 5415 1412 5470 de
1434 5431 1551 5486 quo
1578 5413 1860 5486 scriptum
1874 5420 1979 5473 est:

333 5524 360 5551 (ι
376 5501 665 5558 Dominus
678 5501 835 5558 novit
850 5501 1231 5575 cogitationes
1244 5503 1401 5560 homi
1411 5520 1573 5570 nam,
1590 5504 1867 5575 quoniam
1886 5523 1981 5562 va-

316 5608 417 5647 rnze
450 5594 589 5647 sunt
612 5592 787 5661 (Psal.
822 5591 1013 5662 me);
1047 5614 1073 5640 »
1097 5597 1154 5648 et
1182 5591 1496 5649 Psalmista
1528 5609 1541 5649 :
1577 5615 1604 5643 ‹‹
1641 5593 1982 5651 Intellexisti

2094 4622 2357 4674 catorum
2385 4617 2632 4688 gravati,
2649 4633 2764 4671 non
2783 4615 2974 4672 solum
2988 4633 3094 4689 pro
3112 4617 3481 4673 remittendis
3492 4617 3746 4690 peccatis

2099 4708 2334 4773 deﬂent,
2368 4707 2470 4763 sed
2501 4705 2677 4761 etiam
2722 4722 2825 4778 pro
2873 4707 3303 4778 exspectatione
3343 4710 3568 4762 aeterna:
3617 4706 3744 4763 vitae

2099 4794 2357 4870 quotidie
2387 4799 2656 4868 gemunt,
2673 4793 2931 4851 dicentes
2947 4811 3081 4850 cum
3115 4792 3454 4851 Psalmista:
3474 4794 3745 4851 «Lavabo

2099 4902 2202 4958 per
2231 4882 2496 4957 singulas
2546 4887 2747 4938 noctes
2778 4884 2952 4955 (ρδαι.
2982 4883 3082 4954 v1),
3119 4906 3145 4933 ››
3177 4887 3287 4939 etc.
3333 4900 3346 4950 ;
3390 4887 3450 4938 et
3480 4881 3691 4940 iterum
3728 4901 3740 4939 :

2099 4995 2126 5023 «
2160 4972 2391 5028 Cibabis
2422 4989 2529 5029 nos
2563 4988 2713 5045 pane
2743 4971 3134 5045 lacrymarum
3167 4971 3333 5044 (Psal.
3369 4973 3580 5041 Lxxix).
3617 4995 3645 5023 »
3675 4973 3743 5029 Et

2099 5077 2303 5117 rursus
2336 5078 2348 5116 :
2383 5085 2409 5111 α
2447 5060 2568 5116 Heu
2609 5058 2784 5115 mihi!
2819 5059 2960 5132 quia
3004 5059 3293 5116 incolatus
3343 5076 3510 5117 meus
3569 5062 3739 5131 (Psal.

2096 5149 2270 5222 cxlx),
2302 5171 2330 5200 »
2364 5154 2510 5215 etc.;
2543 5152 2597 5205 et
2628 5147 2845 5204 alibi:«
2862 5149 3117 5205 Fuerunt
3138 5148 3283 5204 mihi
3316 5148 3742 5222 lacrymaameaa

2095 5255 2278 5311 panes
2309 5238 2403 5294 die
2432 5255 2497 5293 ac
2530 5241 2695 5293 nocte
2722 5238 3043 5311 (Psal.x1.i).
3069 5237 3398 5296 nRecolunt
3412 5238 3566 5295 enim
3588 5239 3744 5294 unde

2094 5327 2514 5395 ceciderunt,et
2543 5326 2934 5383 considerant
2950 5327 3051 5383 ubi
3082 5328 3742 5401 pervenerint.Dumque

2095 5416 2474 5489 reproborum
2506 5432 2707 5488 poenas
2722 5420 2783 5471 et
2798 5415 3043 5489 gloriam
3067 5417 3740 5489 justorumantementis

2093 5503 2294 5562 oculos
2307 5505 2611 5570 reducunt,
2628 5505 2686 5559 in
2711 5510 3023 5579 conspectu
3036 5506 3286 5580 piissimi
3293 5506 3534 5581 judiciis
3548 5521 3738 5562 macu-

2092 5594 2180 5651 las
2212 5598 2581 5666 peccatorum
2605 5595 2760 5653 fonte
2792 5596 3042 5653 abluunt
3064 5595 3736 5671 lacrymarum,dicentes
