4050 6174
360 327 483 391 '6“
931 326 1337 391 HAYMONIS
1380 326 1926 393 HALBERSTA'I‘.
1972 324 2219 389 EPISG.
2266 327 2439 391 OPP.
2489 329 2691 394 PARS
2737 329 2916 394 lI.-—
2945 330 3219 396 HOMIL.
3637 276 3741 399 Md

313 490 318 501 ι
362 476 518 521 cum
537 458 876 520 Psalmista:
895 460 1200 529 «Domine,
1214 466 1348 518 ante
1369 464 1426 518 te
1456 477 1628 518 omne
1659 461 2015 518 desiderium
2049 467 2095 530 Ἀ
2132 467 2275 536 quot
2306 480 2408 536 per
2437 463 2636 522 ﬁdeles
2665 480 2770 538 per
2796 465 3015 521 undam
3046 464 3414 538 baptismatis
3442 470 3495 523 et
3518 470 3737 541 gratiam

364 548 589 623 meum,
619 555 676 608 et
704 550 959 624 gemitus
998 567 1166 607 meus
1198 567 1232 607 a
1258 555 1314 607 te
1342 567 1458 607 non
1507 555 1598 606 est
1636 551 2018 608 absconditus

366 636 542 711 (Prol.
591 638 845 709 xxxvu);
877 661 906 690 »
938 643 996 696 et
1037 638 1290 696 iterum:
1327 663 1355 690 «
1388 639 1561 707 Deus,
1588 641 1770 696 vitam
1826 656 2018 696 meam

369 718 632 785 nuntiavi
662 727 769 784 tibi
801 728 974 800 (Psal.
1011 730 1118 797 ιν).
1155 750 1182 777 ››
1214 728 1327 785 Nec
1358 728 1549 784 solum
1582 746 1685 800 pro
1734 729 1880 797 suis,
1915 730 2016 785 sed

366 818 544 875 etiam
576 816 888 890 aliquoties
919 835 1022 890 pro
1054 816 1263 874 alienis
1284 816 1467 874 sancti
1490 817 1705 874 deflent
1737 818 2014 891 peccatis,

368 920 502 964 cum
532 923 630 963 eos
659 904 1112 963 irrevocabiliter
1141 906 1199 960 in
1230 905 1315 962 eis
1346 906 1658 978 persistere
1688 908 1907 975 vident,
1937 908 2015 964 si-

365 1000 465 1053 cut
493 996 740 1053 faciebat
767 994 984 1051 Paulus
1007 994 1326 1067 apostolus,
1352 996 1453 1068 qui
1482 996 1788 1052 dicebatzu
1824 998 2016 1071 Lugeo

363 1084 581 1143 multos
612 1101 679 1140 ex
709 1083 802 1141 his
829 1084 928 1156 qui
947 1086 1117 1139 antea
1134 1088 1612 1155 peccaverunt,et
1634 1103 1749 1141 non
1764 1090 2011 1159 egerunt

362 1172 764 1247 paenitentiam
827 1189 1004 1245 super
1070 1172 1454 1244 impudicitiis
1504 1190 1652 1246 quas
1701 1180 2014 1247 gesserunt

363 1263 413 1334 (I
440 1258 558 1319 Cor.
591 1262 712 1333 xu).
750 1284 777 1311 »
810 1263 875 1318 At
903 1278 1036 1318 vero
1070 1262 1328 1318 mundus
1358 1263 1593 1334 gaudet,
1629 1262 1686 1318 id
1719 1267 1808 1318 est
1842 1280 2012 1319 mun-

361 1349 418 1405 di
449 1352 909 1417 amatores,cum
941 1348 1370 1405 extollunturin
1389 1349 1729 1418 honoribus,
1746 1351 1803 1407 in
1822 1352 2011 1408 salute

359 1454 690 1510 corporum,
725 1437 781 1493 in
807 1436 1166 1494 abuniantia
1199 1438 1495 1505 rerum,in
1530 1441 2012 1511 procreationeﬂ-

357 1524 592 1584 liorum.
629 1529 800 1583 Recte
831 1534 1025 1583 autem
1050 1528 1309 1584 mundus
1339 1528 1794 1601 vocantur,quia
1824 1534 2010 1586 totum

358 1616 713 1688 desiderium
727 1633 902 1673 suum
915 1615 971 1671 in
991 1616 1194 1672 mundi
1208 1632 1466 1673 amorem
1481 1622 1773 1689 ponuntet
1787 1619 2010 1675 nullam

358 1704 533 1764 aliam
582 1705 760 1762 vitam
811 1704 1083 1778 diligunt,
1115 1704 1184 1760 de
1235 1704 1454 1778 quibus
1501 1706 1787 1763 Dominus
1836 1708 1916 1763 ait
1950 1709 2007 1764 in

2129 542 2385 625 Spiritus
2417 554 2601 610 sancti
2632 558 2952 628 regenerat.
2977 554 3058 611 De
3080 571 3195 627 qua
3225 556 3637 628 regeneratione
3650 558 3740 615 Do-

2128 641 2327 699 minus
2358 641 2495 699 alibi
2528 642 2608 698 ait
2640 660 2653 700 :
2688 666 2715 693 «
2746 642 2866 699 Nisi
2892 640 3026 715 quis
3055 646 3295 699 renatus
3324 642 3487 699 fuerit
3516 658 3578 700 ex
3607 662 3739 719 aqua

2128 734 2184 786 et
2215 731 2432 803 Spiritu
2465 737 2668 788 sancto
2697 734 2882 800 (Joan.
2908 735 3015 803 ιιι),
3034 734 3185 789 nete.
3206 731 3355 787 :hzec
3371 738 3457 788 est
3481 733 3626 790 enim
3653 735 3742 791 illa

2128 819 2358 888 mulier,
2374 821 2445 877 de
2467 838 2583 894 qua
2606 821 2890 878 Dominus
2917 820 2977 877 in
3000 820 3306 893 Evangelio
3337 820 3741 896 ﬁguratcloqui-

2126 914 2243 975 tur,
2262 910 2490 966 dicens:
2515 932 2543 960 «
2565 910 2768 967 Simile
2780 916 2870 967 est
2887 926 3134 983 regnum
3158 908 3431 965 cmlorum
3462 910 3739 981 fermento,

2122 1000 2281 1071 quod
2312 1003 2612 1072 acceptum
2643 999 2855 1056 mulier
2882 999 3191 1056 abscondit
3216 999 3273 1054 in
3298 998 3492 1054 farinae
3509 1001 3639 1056 satis
3654 1002 3741 1057 tri-

2124 1088 2256 1155 bus,
2272 1089 2455 1145 donec
2486 1088 2936 1145 fermentaretur
2955 1092 3143 1145 totum
3175 1088 3380 1160 (Matth.
3404 1091 3545 1157 xm),
3570 1110 3594 1137 »
3620 1091 3740 1162 quia

2126 1176 2375 1233 Ecclesia
2402 1178 2727 1234 doctrinam
2759 1177 2944 1233 sancti
2973 1175 3269 1250 Evangelii
3288 1176 3344 1231 in
3379 1176 3558 1232 tribus
3581 1179 3741 1249 parti—

2124 1264 2236 1321 bus
2268 1266 2473 1322 mundi
2505 1265 2839 1333 seminavit,
2873 1264 3030 1336 Asia,
3062 1266 3275 1332 Africa,
3308 1266 3550 1338 Europa,
3579 1266 3742 1323 donec

2124 1353 2573 1410 fermentaretur
2600 1358 2810 1419 totum,
2847 1354 2902 1410 id
2927 1358 3018 1410 est
3040 1354 3223 1410 donec
3253 1358 3442 1418 totum
3463 1369 3636 1426 genus
3650 1355 3741 1411 hu-

2121 1459 2364 1498 manum
2381 1443 2849 1514 praedicationem
2872 1442 3087 1498 Christi
3103 1442 3357 1498 audiret.
3376 1442 3739 1515 Dequaetiam

2122 1547 2225 1604 per
2254 1531 2624 1588 Salomonem
2655 1532 2949 1588 diciturm
2968 1530 3269 1587 Mulierem
3304 1531 3508 1587 fortem
3538 1531 3744 1604 quisin-

2120 1620 2357 1676 veniet?
2387 1619 2588 1692 procul
2620 1624 2677 1676 et
2704 1621 2774 1676 de
2805 1620 3030 1675 ultimis
3061 1619 3281 1675 finibus
3311 1618 3555 1691 pretium
3591 1620 3739 1691 ejus:

2121 1706 2438 1763 contiditin
2469 1724 2538 1764 ea
2558 1723 2660 1763 cor
2685 1707 2791 1762 viri
2822 1707 2936 1774 sui,
2971 1710 3029 1763 et
3057 1706 3263 1778 spoliis
3302 1723 3421 1762 non
3485 1706 3743 1779 indigebit

358 1791 711 1894 Evangelio‘:
747 1815 775 1843 «
810 1792 977 1894 Pater
997 1793 1181 1864 justo,
1215 1793 1475 1894 mundus
1503 1797 1560 1850 te
1579 1811 1708 1894 non
1736 1795 2010 1868 cognovit
2038 1828 2086 1894 B
2121 1797 2301 1865 (Prov.
2333 1797 2507 1866 xxm).
2543 1819 2571 1846 ››
2604 1797 2665 1852 In
2690 1796 2859 1867 cujus
2890 1799 3026 1870 typo
3054 1794 3143 1851 vel
3170 1795 3363 1867 figura
3392 1794 3587 1869 regina
3611 1795 3744 1851 Saba

359 1881 725 1957 (Joan.xvu);
763 1903 791 1931 »
812 1885 870 1937 et
888 1880 1144 1937 Joannes
1173 1880 1547 1953 apostolus:«
1578 1882 1835 1939 Mundus
1854 1888 2011 1941 totus
2038 1880 2086 1894 "
2120 1902 2154 1941 a
2179 1884 2397 1941 finibus
2426 1888 2590 1941 terra:
2620 1886 2777 1941 venit
2825 1886 2885 1940 in
2924 1884 3247 1941 Jerusalem
3291 1883 3496 1941 audire
3537 1884 3741 1957 sapien-

340 1970 423 2043 ‘in.
448 1969 707 2044 maligno
746 1969 972 2043 positus
1019 1973 1107 2026 est
1139 1971 1317 2043 (Joan.
1347 1970 1426 2041 v).
1460 1994 1486 2021 »
1521 1971 1633 2028 Sed
1682 1966 2012 2029 umbratica

358 2064 533 2134 atque
564 2058 844 2116 fumatiea
873 2072 1075 2115 eorum
1108 2057 1309 2115 laetitia
1338 2058 1400 2113 in
1419 2058 1722 2118 tristitiam
1740 2060 2005 2131 vertitur,

358 2150 496 2223 quia
523 2149 678 2207 sicut
706 2149 790 2205 ait
818 2148 1024 2204 beatus
1053 2146 1165 2203 Job
1200 2164 1212 2203 :
1250 2170 1278 2198 ‹‹
1310 2149 1543 2205 Ducunt
1574 2149 1631 2204 in
1662 2150 1833 2208 bonis
1880 2152 2007 2208 dies

357 2256 516 2305 suos,
531 2242 588 2312 et
616 2237 677 2293 ia
708 2238 924 2312 puncto
956 2235 1031 2292 ad
1059 2235 1288 2292 inferna
1306 2234 1673 2293 descendunt
1695 2239 1813 2308 (Job
1832 2239 1958 2311 xu),
1978 2262 2005 2289 »

356 2328 573 2401 quibus
606 2326 890 2384 Dominus
919 2326 1001 2382 ait
1020 2324 1079 2381 in
1112 2324 1497 2398 Evangeliom
1520 2325 1616 2382 Vae
1649 2326 1748 2400 qui
1777 2327 2002 2396 ridetis,

357 2417 497 2490 quia
524 2413 828 2490 plorabitis
859 2415 1010 2485 (Luc.
1053 2417 1175 2483 xu),
1211 2436 1240 2465 »
1273 2414 1488 2487 quibus
1520 2415 1696 2471 etiam
1727 2432 1831 2489 per
1871 2434 2004 2489 pro-

353 2502 597 2579 phetam
620 2504 995 2578 improperat,
1019 2503 1221 2560 dicens
1250 2521 1263 2558 :
1288 2527 1314 2553 «
1350 2505 1493 2560 Ecce
1524 2504 1674 2560 servi
1706 2505 1818 2561 mei
1853 2505 2005 2563 la3ta-

356 2592 596 2664 buntur,
622 2609 729 2651 vos
762 2596 957 2650 autem
1008 2591 1466 2649 confundemini.
1500 2594 1642 2649 Ecce
1691 2594 1839 2649 servi
1891 2594 2003 2651 mei

355 2680 731 2740 exsultabunt
757 2680 819 2736 in
858 2681 1078 2751 laetitia,
1109 2692 1212 2738 vos
1264 2680 1593 2738 clamabitis
1643 2699 1759 2755 prae
1807 2683 2005 2739 dolore

357 2771 570 2863 perdis,
602 2776 659 2863 et
686 2786 803 2863 pra;
832 2770 1178 2863 contritione
1211 2771 1456 2863 spiritus
1492 2771 1671 2863 vestri
1696 2770 2004 2863 ‘ululabitis

358 2856 486 2934 (lea.
520 2860 661 2933 va).
682 2856 1025 2915 »Justorum
1057 2862 1253 2915 autem
1284 2859 1477 2916 brevis
1508 2858 2002 2917 tristitiainaeter-

355 2965 495 3007 nam
519 2947 781 3005 laetitiam
812 2952 1199 3015 convertetur,
1231 2949 1466 3024 quando
1498 2948 1742 3006 mortale
1774 2949 1882 3006 hoc
1912 2949 2003 3005 in-

356 3036 570 3095 duetur
598 3035 1058 3104 immortalitate,
1089 3040 1149 3093 et
1177 3036 1551 3110 corruptibile
1579 3038 1688 3095 hoc
1724 3036 2005 3094 induetur

353 3125 810 3201 incorruptione.
844 3124 914 3182 Et
945 3124 1045 3201 qui
1067 3125 1239 3183 modo
1268 3124 1564 3182 seminant
1602 3127 1659 3183 in
1700 3127 1999 3201 lacrymis,

2118 1972 2259 2029 tiam
2292 1973 2642 2030 Salomonis.
2674 1974 2788 2030 Sed
2818 1973 2941 2030 huic
2969 1973 3183 2030 mulier
3211 1989 3350 2029 cum
3386 1973 3557 2046 parit,
3583 1971 3740 2028 tristi-

2117 2062 2262 2118 tiam
2289 2061 2486 2130 habet,
2519 2062 2657 2134 quia
2684 2062 2843 2118 venit
2872 2061 3021 2118 hora
3036 2062 3166 2134 ejus
3194 2078 3207 2116 :
3239 2062 3386 2134 quia
3413 2066 3607 2119 sancta
3652 2061 3739 2117 Ec-

2118 2148 2314 2217 clesia,
2348 2166 2481 2206 cum
2512 2151 2572 2205 in
2590 2149 3000 2222 praedicatione
3025 2149 3292 2223 invigilat
3337 2149 3641 2222 aliquando
3680 2149 3741 2204 ab

2117 2238 2500 2295 exterioribus
2530 2239 2824 2307 hostibus,
2872 2255 3105 2311 semper
3151 2243 3353 2294 autem
3375 2240 3449 2295 ab
3478 2236 3741 2294 interiori-

2116 2327 2227 2383 bus
2255 2327 2560 2400 premitur.
2585 2326 2813 2383 Bellum
2831 2326 2988 2384 enim
3018 2326 3280 2398 quotidie
3308 2328 3456 2400 agit,
3474 2326 3739 2383 nonader-

2113 2433 2218 2472 sus
2249 2432 2482 2472 carnem
2502 2419 2562 2472 et
2582 2415 2954 2491 sanguinem,
2969 2417 3068 2472 sed
3101 2416 3390 2473 adversus
3402 2415 3679 2488 principes
3694 2419 3742 2470 et

2115 2509 2449 2578 potestates,
2476 2505 2546 2561 ad
2555 2521 2756 2561 versus
2769 2505 2972 2561 mundi
2996 2509 3246 2562 rectores
3265 2504 3638 2562 tenebrarum
3649 2503 3741 2559 ha-

2115 2611 2267 2662 rum,
2283 2598 2484 2650 contra
2513 2593 2800 2666 spiritalia
2819 2592 3091 2666 nequitiae
3115 2594 3175 2648 in
3200 2593 3556 2661 ccelestibus,
3572 2592 3741 2648 sciens

2115 2682 2436 2755 scriptum:
2471 2704 2498 2732 «
2543 2681 2738 2740 Multa:
2781 2682 3190 2739 tribulationes
3242 2682 3543 2754 justorum
3592 2681 3739 2753 (Psal.

2111 2778 2351 2840 xxxm);
2387 2794 2414 2822 κ
2464 2775 2522 2827 et
2568 2772 2782 2828 iterum
2817 2788 2830 2827 :
2866 2794 2893 2821 «
2936 2770 3044 2827 Per
3088 2770 3307 2827 multas
3360 2769 3740 2827 tribulationes

2113 2865 2341 2935 oportet
2383 2877 2490 2917 nos
2534 2859 2758 2916 intrare
2784 2859 2842 2914 in
2867 2874 3114 2932 regnum
3145 2859 3246 2915 Dei
3275 2859 3423 2931 (Act.
3457 2858 3590 2930 xxv),
3621 2880 3647 2907 »
3667 2856 3739 2913 Ad

2113 2951 2283 3022 cujus
2314 2948 2578 3006 mulieris
2609 2948 2875 3006 membra
2903 2952 3143 3005 noverat
3163 2965 3224 3004 se
3242 2947 3559 3021 Apostolus
3579 2944 3738 3018 perti-
3762 2998 3773 3005 .

2113 3054 2269 3107 nere,
2284 3055 2417 3094 cum
2434 3036 2837 3112 spiritualium
2856 3035 3111 3093 filiorum
3144 3035 3386 3110 lapsum
3399 3035 3740 3109 gemebunda

2112 3143 2249 3184 voce
2279 3128 2549 3194 deflebat,
2566 3126 2837 3183 dicens:«
2864 3124 3057 3182 Filioli
3086 3126 3223 3194 mei,
3240 3126 3613 3198 quositerum
3626 3140 3738 3197 paro

355 3220 496 3274 tunc
524 3195 830 3290 invgaudio
862 3195 1100 3272 metent.
1134 3214 1201 3271 Et
1221 3214 1454 3288 quando
1484 3195 1999 3286 implebitur'illud
2114 3215 2484 3285 turio,donec
2509 3216 2796 3271 formetur
2824 3213 3090 3272 Christus
3130 3213 3192 3269 in
3224 3195 3404 3271 vobis
3424 3215 3566 3285 (Gal.
3594 3195 3691 3282 1v);
3716 3234 3739 3261 ››

357 3305 510 3378 quod
543 3302 829 3363 Dominus
860 3302 1013 3360 ait:«
1029 3303 1183 3358 Beati
1217 3301 1317 3374 qui
1348 3303 1571 3375 lugent,
1597 3304 1997 3376 quoniamipsi

298 3450 307 3455 -
357 3392 817 3465 consolabuntur
845 3391 1054 3465 (Matth.
1085 3391 1160 3459 v),
1194 3413 1221 3441 »
1255 3393 1313 3445 et
1339 3389 1448 3445 Job
1484 3408 1496 3445 :
1537 3411 1559 3441 ι
1593 3394 1669 3445 Os
1708 3391 2000 3448 veracium

353 3482 694 3555 implebitur
722 3499 844 3537 risu
875 3480 1172 3553 (Job.vm),
1204 3500 1232 3528 ››
1260 3481 1402 3535 tunc
1431 3477 1587 3534 enim
1619 3480 1997 3552 reproborum

354 3568 553 3625 laetitia
582 3568 641 3624 in
672 3568 971 3624 tristitiam
1001 3566 1507 3643 vertitur,quando
1551 3583 1685 3623 cum
1716 3572 1847 3640 post
1867 3568 1999 3623 uni-

352 3654 576 3714 versale
594 3654 887 3730 judicium
913 3655 1413 3711 viderintsanctos
1432 3654 1489 3709 in
1506 3653 1694 3727 gloria
1714 3656 1996 3725 coronari,

355 3750 413 3804 et
442 3762 505 3803 se
533 3744 593 3800 in
623 3745 934 3801 Tartarum
967 3742 1332 3816 praacipitari.
1369 3744 1436 3798 Et
1466 3741 1751 3816 incipient
1780 3742 2001 3816 lugere,

355 3836 612 3893 dicentes
647 3852 659 3889 :
693 3856 720 3883 «
756 3830 857 3889 Isti
890 3836 1028 3887 sunt
1059 3848 1206 3904 quos
1237 3831 1552 3904 aliquando
1585 3831 1901 3889 habuimus
1940 3834 2001 3889 in

355 3922 616 3984 derisum
642 3927 699 3978 et
726 3921 788 3977 in
815 3917 1261 3977 similitudinem
1281 3919 1622 3994 improperii
1640 3938 1652 3976 :
1672 3938 1779 3978 nos
1802 3923 2000 3979 insen-

357 4013 488 4080 sati,
507 4010 684 4067 vitam
699 4009 934 4067 illorum
960 4009 1729 4080 estimahamusinsaniam,
1746 4016 1803 4069 et
1824 4013 2001 4069 finem

354 4098 589 4158 illorum
623 4100 747 4156 sine
772 4097 1012 4155 honore.
1046 4098 1347 4166 Quomodo
1376 4116 1533 4155 nunc
1564 4099 1716 4156 inter
1738 4100 1887 4157 filios
1901 4100 2003 4157 Dei

356 4196 497 4248 sunt
516 4188 856 4261 computati,
890 4192 945 4244 et
974 4186 1127 4244 inter
1155 4191 1390 4244 sanctos
1415 4205 1543 4245 sors
1572 4189 1807 4245 illorum
1839 4190 2002 4245 est?»

356 4279 507 4352 (Sep.
537 4280 618 4348 v.)
651 4277 773 4334 Sed
794 4276 936 4349 quia
963 4275 1236 4349 discipuli
1273 4276 1536 4333 nondum
1569 4282 1733 4333 erant
1763 4294 2004 4353 capaces

356 4369 431 4424 ad
459 4366 793 4441 supradicta
822 4363 1435 4440 intelligenda,volcns
1452 4365 2004 4425 Dominusexrebus

355 4456 603 4513 terrenis
641 4454 781 4511 dare
810 4454 1347 4522 similitudinem,et
1368 4455 1439 4510 ad
1472 4471 1673 4511 eorum
1705 4455 2002 4514 tristitiam

357 4543 778 4601 consolandum
811 4541 1261 4599 similitudinem
1294 4540 1513 4610 intulit,
1547 4543 1749 4619 dicens
1780 4561 1794 4599 :

391 4698 396 4703 ,
429 4656 456 4682 ‹‹
492 4628 698 4688 Mulier
736 4646 870 4686 cum
916 4631 1089 4703 parit,
1122 4629 1391 4687 trititiam
1450 4630 1642 4700 habet,
1679 4632 1819 4704 quia
1846 4636 2003 4690 venit

359 4741 385 4774 ‹‹
420 4721 563 4779 hora
591 4720 739 4794 ejus.
775 4741 802 4769 ››
830 4717 1005 4777 Juxta
1032 4719 1289 4776 litteram
1319 4718 1401 4776 ita
1428 4724 1543 4775 est:
1580 4721 1858 4792 quoniam
1872 4739 2001 4778 mu-

357 4811 463 4868 lier
491 4826 624 4867 cum
658 4807 978 4882 parit,cum
1011 4823 1257 4864 mmrore
1287 4811 1346 4863 et
1374 4807 1613 4865 tristitia
1642 4810 1830 4882 parit:
1864 4810 2004 4883 quia

358 4916 426 4957 ex
457 4917 523 4957 eo
551 4903 963 4971 tempore,quo
982 4897 1183 4971 primae
1206 4897 1379 4953 matri
1398 4901 1607 4953 nostris
1633 4899 1857 4955 dictum
1881 4903 1996 4956 est:

360 5019 384 5041 ιι
422 4994 486 5045 In
516 4986 713 5044 dolore
743 4987 933 5060 paries
965 4986 1117 5044 filios
1144 4988 1462 5059 (Gen.1u),»
1497 4986 1759 5043 mulieris
1788 4989 2004 5044 natura

357 5082 599 5134 estcum
630 5091 874 5131 moerere
904 5080 961 5132 et
989 5075 1187 5133 dolore
1217 5075 1851 5149 parere.Spiritualiter
1880 5076 2002 5133 haec

359 5162 571 5223 mulier
598 5167 865 5219 sanctam
887 5163 1180 5236 significat
1200 5163 1537 5232 Ecclesium,
1553 5180 1683 5237 quae
1704 5182 1818 5220 non
1830 5182 2005 5239 prop-

359 5259 448 5311 ter
478 5249 783 5309 mollitiem
797 5251 1256 5320 mulierdicitur,
1271 5254 1369 5309 sed
1385 5256 1620 5326 propter
1639 5253 1999 5326 conjunctio-

360 5359 495 5400 nem
523 5337 652 5406 viri,
683 5337 754 5394 de
785 5354 900 5410 quo
923 5339 1058 5411 jnre
1086 5340 1339 5398 canitur.
1372 5363 1401 5391 »
1434 5340 1657 5397 Nobilis
1696 5340 1758 5397 in
1812 5342 1999 5415 portis

355 5432 445 5490 vir
490 5429 637 5502 ejus,
692 5427 930 5500 quando
976 5427 1193 5484 sederit
1238 5445 1372 5485 cum
1422 5429 1791 5487 senatoribus
1833 5436 1997 5488 terra:

358 5526 541 5593 (Prov.
567 5521 744 5586 xxxx).
771 5536 800 5569 n
832 5516 909 5572 Ex
940 5516 1292 5573 fecunditate
1340 5517 1516 5589 prolis
1562 5518 1795 5575 mulieri
1839 5537 2003 5577 com-

357 5612 619 5687 paratur,
639 5605 788 5679 quia
815 5604 936 5664 haec
963 5604 1173 5663 mulier
1214 5610 1297 5662 tot
1346 5608 1606 5677 quotidie
1643 5606 1795 5665 filios
1826 5609 1995 5681 parit,

2110 3307 2168 3360 et
2198 3302 2500 3376 propheta,
2534 3319 2669 3359 cum
2703 3303 2962 3360 dicebat:
2983 3327 3010 3354 ‹‹
3032 3304 3078 3360 Α
3098 3303 3309 3369 timore
3341 3307 3471 3370 tuo,
3499 3301 3741 3369 Domine,

2111 3391 2506 3463 concepimus,
2539 3395 2598 3446 et
2626 3391 3047 3463 parturivimus
3071 3391 3345 3464 spiritum
3402 3390 3606 3448 salutis
3628 3389 3742 3462 (Ias.

2108 3494 2238 3536 xxxi
2253 3494 2286 3536 l.
2321 3500 2351 3528 »

2186 3478 2286 3551 ιι).
2321 3500 2351 3528 ››

2183 3591 2211 3618 ‹‹
2241 3569 2388 3624 Cum
2421 3571 2616 3624 autem
2648 3567 2933 3641 pepererit
2969 3585 3238 3640 puerum.
3271 3591 3299 3619 ››
3333 3568 3505 3626 Sicut
3556 3565 3746 3623 mulier

2108 3663 2245 3713 nato
2272 3673 2453 3730 puero
2484 3657 2720 3730 gaudet,
2753 3657 2839 3712 sic
2869 3656 3144 3725 Ecclesia,
3179 3673 3312 3713 cum
3346 3656 3611 3714 fidelium
3640 3655 3744 3711 ani-

2088 3766 2091 3771 ί
2112 3763 2240 3802 mas
2263 3745 2335 3802 ad
2366 3749 2643 3802 aeternam
2658 3745 2836 3801 vitam
2859 3744 3227 3814 transmittit,
3240 3745 3745 3819 gratulatur.Sem-

2111 3851 2215 3909 per
2237 3833 2392 3890 enim
2422 3833 2575 3903 inter
2602 3850 2911 3906 pressurae
2938 3833 3389 3891 tribulationum
3430 3833 3748 3892 sublevatur

2110 3941 2214 3997 spe
2243 3923 2638 3997 praemiorum,
2664 3921 2806 3979 illud
2829 3922 3089 3996 Apostoli
3116 3923 3173 3979 in
3207 3923 3559 3981 memoriam
3590 3921 3744 3978 redu—

2111 4029 2250 4068 cens
2283 4029 2295 4067 :
2330 4036 2356 4063 ‹‹
2389 4013 2513 4069 Non
2543 4012 2700 4068 enim
2732 4012 3031 4084 condignae
3063 4011 3374 4085 passiones
3400 4016 3544 4070 sunt
3585 4011 3749 4082 hujus

2111 4101 2395 4174 temporis
2424 4101 2495 4156 ad
2528 4101 2787 4156 futuram
2828 4099 3101 4173 gloriam,
3130 4117 3261 4173 quae
3308 4101 3659 4159 revelabitur
3694 4098 3747 4152 in

2112 4190 2283 4246 nobis
2315 4190 2487 4261 (Rom.
2520 4190 2663 4259 vui).
2696 4210 2724 4239 ››
2754 4188 2933 4254 Quale
2964 4193 3160 4245 autem
3184 4193 3548 4260 quantumve
3575 4187 3649 4243 ibi
3683 4182 3751 4241 sit

2113 4278 2417 4354 gaudium,
2452 4276 2545 4334 his
2573 4276 2763 4333 verbis
2794 4277 3225 4346 manifestatur,
3259 4276 3483 4348 quibus
3512 4276 3746 4333 dicitur:

2117 4391 2145 4420 (ι
2172 4369 2302 4425 Jam
2330 4384 2445 4424 non
2472 4365 2743 4423 meminit
2772 4382 3059 4439 pressum
3091 4390 3117 4417 ››
3154 4366 3599 4439 praecedentis,»
3625 4378 3749 4437 pro-

2113 4480 2142 4509 ››
2176 4461 2304 4530 pter
2332 4455 2613 4529 gaudium
2628 4454 3029 4527 nsubsequens
3057 4472 3105 4510 ια
3128 4456 3268 4527 quia
3297 4462 3476 4513 natus
3490 4454 3749 4512 estbomo

2034 4564 2080 4629 ι)
2115 4571 2142 4596 ‹‹
2176 4547 2236 4602 in
2268 4544 2509 4601 mundo.
2546 4566 2573 4593 ››
2595 4544 2777 4600 Tanta
2808 4543 2966 4600 enim
2997 4543 3183 4616 gloria
3208 4544 3389 4599 datur
3414 4543 3656 4610 sanctis,
3692 4543 3750 4595 ut

2112 4652 2227 4692 non
2260 4633 2451 4691 solum
2474 4633 2546 4689 de
2574 4633 2768 4689 futuro
2784 4649 2900 4690 non
2933 4633 3309 4701 timeant,scd
3330 4633 3513 4690 etiam
3530 4635 3748 4705 prieter~

2114 4724 2357 4781 riturum
2392 4738 2800 4797 pressurarum
2825 4721 3207 4789 obliscantur,
3226 4721 3385 4778 sicut
3438 4738 3543 4795 per
3586 4720 3747 4787 Joan:

2111 4831 2247 4869 nem
2276 4812 2335 4869 in
2364 4808 2707 4885 Apocalypsi
2740 4811 2980 4868 dicitur:
3001 4812 3357 4883 «Absterget
3377 4812 3535 4867 Deus
3551 4822 3748 4865 omnes

2111 4900 2428 4975 lacrymam
2458 4900 2531 4956 ab
2563 4898 2748 4957 oculis
2769 4902 3190 4966 sanctorum,et
3210 4900 3339 4972 jam
3360 4916 3490 4955 non
3511 4897 3625 4954 erit
3637 4909 3747 4951 am-

2111 4990 2267 5064 plius
2291 5006 2480 5063 neque
2494 4987 2711 5055 luctus,
2728 5003 2917 5059 neque
2938 4988 3179 5055 clamor,
3195 5004 3382 5060 neque
3396 4986 3565 5044 dolor
3583 4983 3750 5054 ullus,-

2109 5079 2392 5152 quoniam
2427 5077 2623 5150 priora
2643 5076 3006 5133 transierunt
3035 5076 3216 5149 (Apoc.
3247 5076 3391 5148 xm).
3425 5095 3456 5125 ››
3498 5074 3579 5131 De
3617 5085 3747 5144 quo-

2113 5184 2247 5224 rum
2277 5165 2522 5240 spiritali
2552 5164 2755 5222 laetitia
2777 5166 2955 5222 etiam
2977 5182 3080 5238 per
3108 5164 3489 5221 Psalmistam
3518 5160 3745 5218 dicitur:

2115 5281 2145 5309 ι(
2176 5256 2564 5313 Exsultabunt
2588 5254 2775 5312 sancti
2796 5253 2857 5310 in
2887 5253 3461 5328 gloria,laatahuntur
3475 5251 3537 5308 in
3548 5245 3746 5306 cubili-

2113 5345 2226 5402 bus
2256 5344 2380 5401 suis
2414 5343 2582 5417 (Psal.
2616 5343 2822 5416 cxux).
2858 5363 2886 5392 »
2910 5344 3097 5399 Tanta
3124 5344 3285 5400 enim
3314 5341 3395 5398 ibi
3411 5340 3524 5398 erit
3543 5335 3745 5396 securi-

2113 5438 2226 5502 tas,
2261 5438 2325 5489 ut
2354 5433 2528 5489 etiam
2543 5431 2715 5511 morti
2740 5430 3342 5499 insultent,dicentes:
3359 5428 3471 5485 Ubi
3490 5430 3581 5484 est
3599 5438 3747 5481 mors

2112 5521 2354 5581 aculeus
2374 5522 2551 5579 tuus?
2564 5519 2670 5576 Ubi
2695 5525 2785 5576 est
2814 5520 3105 5577 contentio
3134 5520 3276 5577 tua?
3293 5516 3398 5575 Ubi
3418 5520 3748 5574 estsumma

2110 5611 2245 5682 vita,
2263 5612 2455 5682 imago
2488 5608 2693 5668 mortis
2721 5608 2831 5665 erit
2850 5606 3308 5681 nullazquiaqui
3328 5599 3746 5676 nuncpngnant
