  <div class='ocr_page' id='page_1' title='image "/cluster/home/n/w/nwhite01/storage/ocr_20150623/118/hvd.32044073505158/262.png"; bbox 0 0 3908 6172; ppageno 0'>
   <div class='ocr_carea' id='block_1_1' title="bbox 215 357 2336 423">
    <p class='ocr_par' dir='ltr' id='par_1_1' title="bbox 215 357 2336 423">
     <span class='ocr_line' id='line_1_1' title="bbox 215 357 2336 423; baseline -0.002 -1"><span class='ocrx_word' id='word_1_1' title='bbox 215 366 311 423; x_wconf 77' lang='grc'>513</span> <span class='ocrx_word' id='word_1_2' title='bbox 1396 357 1746 420; x_wconf 69' lang='grc' dir='ltr'>ΗΗΜΙΙᾸΑΞ</span> <span class='ocrx_word' id='word_1_3' title='bbox 1792 357 1893 420; x_wconf 77' lang='grc' dir='ltr'>ΒΕ</span> <span class='ocrx_word' id='word_1_4' title='bbox 1936 361 2336 421; x_wconf 75' lang='lat' dir='ltr'>TEMPORE.</span> 
     </span>
    </p>
   </div>
   <div class='ocr_carea' id='block_1_2' title="bbox 3454 353 3578 430">
    <p class='ocr_par' dir='ltr' id='par_1_2' title="bbox 3454 353 3578 430">
     <span class='ocr_line' id='line_1_2' title="bbox 3454 353 3578 430; baseline 0.016 -3"><span class='ocrx_word' id='word_1_5' title='bbox 3454 353 3578 430; x_wconf 66' lang='lat'>314</span> 
     </span>
    </p>
   </div>
   <div class='ocr_carea' id='block_1_3' title="bbox 212 489 3579 572">
    <p class='ocr_par' dir='ltr' id='par_1_3' title="bbox 212 489 3579 572">
     <span class='ocr_line' id='line_1_3' title="bbox 212 489 3579 572; baseline 0.001 -20"><span class='ocrx_word' id='word_1_6' title='bbox 212 498 258 552; x_wconf 88' lang='lat' dir='ltr'>in</span> <span class='ocrx_word' id='word_1_7' title='bbox 287 492 587 558; x_wconf 76' lang='lat' dir='ltr'>certamine,</span> <span class='ocrx_word' id='word_1_8' title='bbox 621 493 758 545; x_wconf 88' lang='lat' dir='ltr'>tunc</span> <span class='ocrx_word' id='word_1_9' title='bbox 779 489 1218 546; x_wconf 89' lang='lat' dir='ltr'>coronabuntur</span> <span class='ocrx_word' id='word_1_10' title='bbox 1238 489 1295 544; x_wconf 93' lang='lat' dir='ltr'>in</span> <span class='ocrx_word' id='word_1_11' title='bbox 1325 492 1808 548; x_wconf 89' lang='lat' dir='ltr'>remuneratione.</span> <span class='ocrx_word' id='word_1_12' title='bbox 1844 493 1897 561; x_wconf 75' lang='grc' dir='ltr'>Α</span> <span class='ocrx_word' id='word_1_13' title='bbox 1927 492 2179 550; x_wconf 85' lang='lat' dir='ltr'>immissi</span> <span class='ocrx_word' id='word_1_14' title='bbox 2201 493 2488 568; x_wconf 90' lang='lat' dir='ltr'>legantur.</span> <span class='ocrx_word' id='word_1_15' title='bbox 2515 495 2623 551; x_wconf 88' lang='lat' dir='ltr'>Sed</span> <span class='ocrx_word' id='word_1_16' title='bbox 2643 494 2949 551; x_wconf 86' lang='lat' dir='ltr'>sciendum</span> <span class='ocrx_word' id='word_1_17' title='bbox 2971 496 3106 568; x_wconf 84' lang='lat' dir='ltr'>quia</span> <span class='ocrx_word' id='word_1_18' title='bbox 3126 498 3404 570; x_wconf 80' lang='lat' dir='ltr'>gaudium</span> <span class='ocrx_word' id='word_1_19' title='bbox 3422 501 3579 572; x_wconf 85' lang='lat' dir='ltr'>quod</span> 
     </span>
    </p>
   </div>
   <div class='ocr_carea' id='block_1_4' title="bbox 206 578 1811 649">
    <p class='ocr_par' dir='ltr' id='par_1_4' title="bbox 206 578 1811 649">
     <span class='ocr_line' id='line_1_4' title="bbox 206 578 1811 649; baseline -0.003 -9"><span class='ocrx_word' id='word_1_20' title='bbox 206 586 353 640; x_wconf 83' lang='lat' dir='ltr'>Recte</span> <span class='ocrx_word' id='word_1_21' title='bbox 380 583 558 635; x_wconf 79' lang='lat' dir='ltr'>autem</span> <span class='ocrx_word' id='word_1_22' title='bbox 604 579 778 634; x_wconf 88' lang='lat' dir='ltr'>homo</span> <span class='ocrx_word' id='word_1_23' title='bbox 827 581 999 635; x_wconf 88' lang='lat' dir='ltr'>natus</span> <span class='ocrx_word' id='word_1_24' title='bbox 1051 578 1108 633; x_wconf 91' lang='lat' dir='ltr'>in</span> <span class='ocrx_word' id='word_1_25' title='bbox 1143 580 1363 634; x_wconf 90' lang='lat' dir='ltr'>mundo</span> <span class='ocrx_word' id='word_1_26' title='bbox 1413 580 1646 649; x_wconf 90' lang='lat' dir='ltr'>dicitur,</span> <span class='ocrx_word' id='word_1_27' title='bbox 1681 598 1811 636; x_wconf 91' lang='lat' dir='ltr'>cum</span> 
     </span>
    </p>
   </div>
   <div class='ocr_carea' id='block_1_5' title="bbox 203 667 1817 740">
    <p class='ocr_par' dir='ltr' id='par_1_5' title="bbox 203 667 1817 740">
     <span class='ocr_line' id='line_1_5' title="bbox 203 667 1817 740; baseline -0.001 -12"><span class='ocrx_word' id='word_1_28' title='bbox 203 672 372 729; x_wconf 83' lang='lat' dir='ltr'>anima</span> <span class='ocrx_word' id='word_1_29' title='bbox 399 667 572 724; x_wconf 79' lang='lat' dir='ltr'>fidelis</span> <span class='ocrx_word' id='word_1_30' title='bbox 602 668 672 722; x_wconf 90' lang='lat' dir='ltr'>ad</span> <span class='ocrx_word' id='word_1_31' title='bbox 707 667 966 724; x_wconf 82' lang='lat' dir='ltr'>futuram</span> <span class='ocrx_word' id='word_1_32' title='bbox 995 667 1174 724; x_wconf 89' lang='lat' dir='ltr'>vitam</span> <span class='ocrx_word' id='word_1_33' title='bbox 1211 669 1420 724; x_wconf 76' lang='lat' dir='ltr'>transit</span> <span class='ocrx_word' id='word_1_34' title='bbox 1448 685 1460 723; x_wconf 90' lang='lat'>:</span> <span class='ocrx_word' id='word_1_35' title='bbox 1493 668 1631 740; x_wconf 85' lang='lat' dir='ltr'>quia</span> <span class='ocrx_word' id='word_1_36' title='bbox 1663 669 1817 726; x_wconf 80' lang='lat' dir='ltr'>sicut</span> 
     </span>
    </p>
   </div>
   <div class='ocr_carea' id='block_1_6' title="bbox 201 756 1815 825">
    <p class='ocr_par' dir='ltr' id='par_1_6' title="bbox 201 756 1815 825">
     <span class='ocr_line' id='line_1_6' title="bbox 201 756 1815 825; baseline -0.002 -7"><span class='ocrx_word' id='word_1_37' title='bbox 201 764 443 818; x_wconf 88' lang='lat' dir='ltr'>consueta</span> <span class='ocrx_word' id='word_1_38' title='bbox 486 756 814 812; x_wconf 80' lang='lat' dir='ltr'>narratione</span> <span class='ocrx_word' id='word_1_39' title='bbox 849 756 1007 812; x_wconf 90' lang='lat' dir='ltr'>nasci</span> <span class='ocrx_word' id='word_1_40' title='bbox 1039 756 1315 825; x_wconf 86' lang='lat' dir='ltr'>dicimur,</span> <span class='ocrx_word' id='word_1_41' title='bbox 1366 775 1498 814; x_wconf 90' lang='lat' dir='ltr'>cum</span> <span class='ocrx_word' id='word_1_42' title='bbox 1531 759 1602 814; x_wconf 86' lang='lat' dir='ltr'>de</span> <span class='ocrx_word' id='word_1_43' title='bbox 1651 763 1815 815; x_wconf 82' lang='lat' dir='ltr'>utero</span> 
     </span>
    </p>
   </div>
   <div class='ocr_carea' id='block_1_7' title="bbox 198 845 1817 918">
    <p class='ocr_par' dir='ltr' id='par_1_7' title="bbox 198 845 1817 918">
     <span class='ocr_line' id='line_1_7' title="bbox 198 845 1817 918; baseline -0.001 -13"><span class='ocrx_word' id='word_1_44' title='bbox 198 848 375 905; x_wconf 86' lang='lat' dir='ltr'>matris</span> <span class='ocrx_word' id='word_1_45' title='bbox 403 845 457 902; x_wconf 89' lang='lat' dir='ltr'>in</span> <span class='ocrx_word' id='word_1_46' title='bbox 489 845 774 901; x_wconf 88' lang='lat' dir='ltr'>mundum</span> <span class='ocrx_word' id='word_1_47' title='bbox 806 845 1235 918; x_wconf 82' lang='lat' dir='ltr'>progredimur,</span> <span class='ocrx_word' id='word_1_48' title='bbox 1270 845 1352 903; x_wconf 87' lang='lat' dir='ltr'>sic</span> <span class='ocrx_word' id='word_1_49' title='bbox 1385 846 1576 904; x_wconf 83' lang='lat' dir='ltr'>fidelis</span> <span class='ocrx_word' id='word_1_50' title='bbox 1618 848 1817 904; x_wconf 80' lang='lat' dir='ltr'>anima</span> 
     </span>
    </p>
   </div>
   <div class='ocr_carea' id='block_1_8' title="bbox 195 934 1817 1012">
    <p class='ocr_par' dir='ltr' id='par_1_8' title="bbox 195 934 1817 1012">
     <span class='ocr_line' id='line_1_8' title="bbox 195 934 1817 1012; baseline -0.001 -18"><span class='ocrx_word' id='word_1_51' title='bbox 195 937 498 1012; x_wconf 79' lang='lat' dir='ltr'>spiritaliter</span> <span class='ocrx_word' id='word_1_52' title='bbox 525 934 682 991; x_wconf 87' lang='lat' dir='ltr'>nasci</span> <span class='ocrx_word' id='word_1_53' title='bbox 716 935 993 1002; x_wconf 75' lang='lat' dir='ltr'>creditur,</span> <span class='ocrx_word' id='word_1_54' title='bbox 1019 936 1254 1008; x_wconf 83' lang='lat' dir='ltr'>quando</span> <span class='ocrx_word' id='word_1_55' title='bbox 1280 936 1350 991; x_wconf 91' lang='lat' dir='ltr'>de</span> <span class='ocrx_word' id='word_1_56' title='bbox 1372 953 1655 992; x_wconf 85' lang='lat' dir='ltr'>aerumma</span> <span class='ocrx_word' id='word_1_57' title='bbox 1679 953 1817 1008; x_wconf 65' lang='lat' dir='ltr'>pra-</span> 
     </span>
    </p>
   </div>
   <div class='ocr_carea' id='block_1_9' title="bbox 191 1024 1817 1085">
    <p class='ocr_par' dir='ltr' id='par_1_9' title="bbox 191 1024 1817 1085">
     <span class='ocr_line' id='line_1_9' title="bbox 191 1024 1817 1085; baseline -0.002 -1"><span class='ocrx_word' id='word_1_58' title='bbox 191 1025 350 1085; x_wconf 87' lang='lat' dir='ltr'>sentis</span> <span class='ocrx_word' id='word_1_59' title='bbox 379 1025 498 1081; x_wconf 81' lang='lat' dir='ltr'>vitae</span> <span class='ocrx_word' id='word_1_60' title='bbox 525 1025 595 1080; x_wconf 91' lang='lat' dir='ltr'>ad</span> <span class='ocrx_word' id='word_1_61' title='bbox 620 1026 846 1080; x_wconf 84' lang='lat' dir='ltr'>beatam</span> <span class='ocrx_word' id='word_1_62' title='bbox 870 1025 1050 1080; x_wconf 91' lang='lat' dir='ltr'>vitam</span> <span class='ocrx_word' id='word_1_63' title='bbox 1079 1024 1327 1080; x_wconf 90' lang='lat' dir='ltr'>transire</span> <span class='ocrx_word' id='word_1_64' title='bbox 1351 1030 1628 1080; x_wconf 85' lang='lat' dir='ltr'>meretur.</span> <span class='ocrx_word' id='word_1_65' title='bbox 1656 1025 1817 1082; x_wconf 86' lang='lat' dir='ltr'>Unde</span> 
     </span>
    </p>
   </div>
   <div class='ocr_carea' id='block_1_10' title="bbox 192 1112 1819 1187">
    <p class='ocr_par' dir='ltr' id='par_1_10' title="bbox 192 1112 1819 1187">
     <span class='ocr_line' id='line_1_10' title="bbox 192 1112 1819 1187; baseline -0.002 -16"><span class='ocrx_word' id='word_1_66' title='bbox 192 1133 300 1171; x_wconf 88' lang='lat' dir='ltr'>mos</span> <span class='ocrx_word' id='word_1_67' title='bbox 321 1113 737 1170; x_wconf 79' lang='lat' dir='ltr'>ecclesiastiCns</span> <span class='ocrx_word' id='word_1_68' title='bbox 759 1112 1014 1169; x_wconf 86' lang='lat' dir='ltr'>obtinuit</span> <span class='ocrx_word' id='word_1_69' title='bbox 1045 1117 1108 1169; x_wconf 90' lang='lat' dir='ltr'>ut</span> <span class='ocrx_word' id='word_1_70' title='bbox 1132 1114 1254 1170; x_wconf 88' lang='lat' dir='ltr'>dies</span> <span class='ocrx_word' id='word_1_71' title='bbox 1274 1113 1576 1170; x_wconf 91' lang='lat' dir='ltr'>beatorum</span> <span class='ocrx_word' id='word_1_72' title='bbox 1607 1119 1819 1187; x_wconf 86' lang='lat' dir='ltr'>marty-</span> 
     </span>
    </p>
   </div>
   <div class='ocr_carea' id='block_1_11' title="bbox 187 1198 1819 1275">
    <p class='ocr_par' dir='ltr' id='par_1_11' title="bbox 187 1198 1819 1275">
     <span class='ocr_line' id='line_1_11' title="bbox 187 1198 1819 1275; baseline -0.001 -16"><span class='ocrx_word' id='word_1_73' title='bbox 187 1221 299 1260; x_wconf 90' lang='lat' dir='ltr'>rum</span> <span class='ocrx_word' id='word_1_74' title='bbox 330 1202 441 1258; x_wconf 83' lang='lat' dir='ltr'>sive</span> <span class='ocrx_word' id='word_1_75' title='bbox 471 1203 895 1268; x_wconf 85' lang='lat' dir='ltr'>confessorum,</span> <span class='ocrx_word' id='word_1_76' title='bbox 929 1201 1146 1273; x_wconf 85' lang='lat' dir='ltr'>quibus</span> <span class='ocrx_word' id='word_1_77' title='bbox 1179 1201 1247 1256; x_wconf 90' lang='lat' dir='ltr'>de</span> <span class='ocrx_word' id='word_1_78' title='bbox 1270 1198 1375 1257; x_wconf 85' lang='lat' dir='ltr'>hac</span> <span class='ocrx_word' id='word_1_79' title='bbox 1392 1202 1509 1258; x_wconf 87' lang='lat' dir='ltr'>vita</span> <span class='ocrx_word' id='word_1_80' title='bbox 1540 1202 1819 1275; x_wconf 88' lang='lat' dir='ltr'>migrave-</span> 
     </span>
    </p>
   </div>
   <div class='ocr_carea' id='block_1_12' title="bbox 187 1290 1816 1364">
    <p class='ocr_par' dir='ltr' id='par_1_12' title="bbox 187 1290 1816 1364">
     <span class='ocr_line' id='line_1_12' title="bbox 187 1290 1816 1364; baseline 0.001 -17"><span class='ocrx_word' id='word_1_81' title='bbox 187 1297 321 1358; x_wconf 87' lang='lat' dir='ltr'>runt,</span> <span class='ocrx_word' id='word_1_82' title='bbox 342 1309 448 1347; x_wconf 91' lang='lat' dir='ltr'>non</span> <span class='ocrx_word' id='word_1_83' title='bbox 469 1290 752 1358; x_wconf 78' lang='lat' dir='ltr'>funebria,</span> <span class='ocrx_word' id='word_1_84' title='bbox 775 1291 875 1347; x_wconf 90' lang='lat' dir='ltr'>sed</span> <span class='ocrx_word' id='word_1_85' title='bbox 900 1290 1166 1347; x_wconf 87' lang='lat' dir='ltr'>natalitia</span> <span class='ocrx_word' id='word_1_86' title='bbox 1185 1307 1490 1347; x_wconf 86' lang='lat' dir='ltr'>vocemus:</span> <span class='ocrx_word' id='word_1_87' title='bbox 1515 1292 1656 1364; x_wconf 87' lang='lat' dir='ltr'>quia</span> <span class='ocrx_word' id='word_1_88' title='bbox 1677 1297 1816 1348; x_wconf 89' lang='lat' dir='ltr'>tunc</span> 
     </span>
    </p>
   </div>
   <div class='ocr_carea' id='block_1_13' title="bbox 182 1380 1814 1453">
    <p class='ocr_par' dir='ltr' id='par_1_13' title="bbox 182 1380 1814 1453">
     <span class='ocr_line' id='line_1_13' title="bbox 182 1380 1814 1453; baseline 0 -17"><span class='ocrx_word' id='word_1_89' title='bbox 182 1380 382 1437; x_wconf 81' lang='lat' dir='ltr'>felicius</span> <span class='ocrx_word' id='word_1_90' title='bbox 412 1380 597 1435; x_wconf 78' lang='lat' dir='ltr'>vivere</span> <span class='ocrx_word' id='word_1_91' title='bbox 626 1385 947 1452; x_wconf 64' lang='lat' dir='ltr'>coeperunt,</span> <span class='ocrx_word' id='word_1_92' title='bbox 984 1397 1117 1436; x_wconf 90' lang='lat' dir='ltr'>cum</span> <span class='ocrx_word' id='word_1_93' title='bbox 1149 1398 1251 1453; x_wconf 91' lang='lat' dir='ltr'>per</span> <span class='ocrx_word' id='word_1_94' title='bbox 1294 1381 1499 1436; x_wconf 91' lang='lat' dir='ltr'>mortis</span> <span class='ocrx_word' id='word_1_95' title='bbox 1544 1383 1814 1436; x_wconf 83' lang='lat' dir='ltr'>umbram</span> 
     </span>
    </p>
   </div>
   <div class='ocr_carea' id='block_1_14' title="bbox 183 1469 1814 1541">
    <p class='ocr_par' dir='ltr' id='par_1_14' title="bbox 183 1469 1814 1541">
     <span class='ocr_line' id='line_1_14' title="bbox 183 1469 1814 1541; baseline 0 -17"><span class='ocrx_word' id='word_1_96' title='bbox 183 1472 240 1525; x_wconf 86' lang='lat' dir='ltr'>ad</span> <span class='ocrx_word' id='word_1_97' title='bbox 253 1472 414 1524; x_wconf 89' lang='lat' dir='ltr'>vitam</span> <span class='ocrx_word' id='word_1_98' title='bbox 439 1474 713 1524; x_wconf 69' lang='lat' dir='ltr'>aeternam</span> <span class='ocrx_word' id='word_1_99' title='bbox 740 1469 1035 1541; x_wconf 76' lang='lat' dir='ltr'>pervenire</span> <span class='ocrx_word' id='word_1_100' title='bbox 1051 1474 1407 1525; x_wconf 88' lang='lat' dir='ltr'>meruerunt.</span> <span class='ocrx_word' id='word_1_101' title='bbox 1429 1472 1612 1535; x_wconf 87' lang='lat' dir='ltr'>Quam</span> <span class='ocrx_word' id='word_1_102' title='bbox 1636 1471 1814 1525; x_wconf 90' lang='lat' dir='ltr'>vitam</span> 
     </span>
    </p>
   </div>
   <div class='ocr_carea' id='block_1_15' title="bbox 178 1557 1814 1630">
    <p class='ocr_par' dir='ltr' id='par_1_15' title="bbox 178 1557 1814 1630">
     <span class='ocr_line' id='line_1_15' title="bbox 178 1557 1814 1630; baseline -0.001 -16"><span class='ocrx_word' id='word_1_103' title='bbox 178 1558 438 1614; x_wconf 87' lang='lat' dir='ltr'>Dominus</span> <span class='ocrx_word' id='word_1_104' title='bbox 468 1557 744 1614; x_wconf 79' lang='lat' dir='ltr'>fidelibus</span> <span class='ocrx_word' id='word_1_105' title='bbox 778 1558 1085 1630; x_wconf 84' lang='lat' dir='ltr'>promittit,</span> <span class='ocrx_word' id='word_1_106' title='bbox 1112 1559 1343 1614; x_wconf 89' lang='lat' dir='ltr'>dicens:</span> <span class='ocrx_word' id='word_1_107' title='bbox 1371 1582 1397 1606; x_wconf 84' lang='grc' dir='ltr'>ι‹</span> <span class='ocrx_word' id='word_1_108' title='bbox 1423 1559 1528 1625; x_wconf 87' lang='lat' dir='ltr'>Qui</span> <span class='ocrx_word' id='word_1_109' title='bbox 1553 1558 1735 1614; x_wconf 84' lang='lat' dir='ltr'>credit</span> <span class='ocrx_word' id='word_1_110' title='bbox 1754 1559 1814 1613; x_wconf 89' lang='lat' dir='ltr'>in</span> 
     </span>
    </p>
   </div>
   <div class='ocr_carea' id='block_1_16' title="bbox 180 1647 1816 1718">
    <p class='ocr_par' dir='ltr' id='par_1_16' title="bbox 180 1647 1816 1718">
     <span class='ocr_line' id='line_1_16' title="bbox 180 1647 1816 1718; baseline 0.001 -15"><span class='ocrx_word' id='word_1_111' title='bbox 180 1665 277 1715; x_wconf 89' lang='lat' dir='ltr'>me,</span> <span class='ocrx_word' id='word_1_112' title='bbox 304 1647 528 1703; x_wconf 88' lang='lat' dir='ltr'>etiamsi</span> <span class='ocrx_word' id='word_1_113' title='bbox 564 1651 834 1702; x_wconf 90' lang='lat' dir='ltr'>mortuus</span> <span class='ocrx_word' id='word_1_114' title='bbox 885 1648 1078 1714; x_wconf 85' lang='lat' dir='ltr'>fuerit,</span> <span class='ocrx_word' id='word_1_115' title='bbox 1124 1647 1272 1702; x_wconf 87' lang='lat' dir='ltr'>vivet</span> <span class='ocrx_word' id='word_1_116' title='bbox 1302 1649 1481 1717; x_wconf 77' lang='lat' dir='ltr'>(Joan.</span> <span class='ocrx_word' id='word_1_117' title='bbox 1515 1649 1616 1718; x_wconf 71' lang='grc' dir='ltr'>χι).</span> <span class='ocrx_word' id='word_1_118' title='bbox 1653 1671 1681 1698; x_wconf 87' lang='grc'>››</span> <span class='ocrx_word' id='word_1_119' title='bbox 1714 1648 1816 1704; x_wconf 83' lang='lat' dir='ltr'>Illa</span> 
     </span>
    </p>
   </div>
   <div class='ocr_carea' id='block_1_17' title="bbox 178 1735 1815 1809">
    <p class='ocr_par' dir='ltr' id='par_1_17' title="bbox 178 1735 1815 1809">
     <span class='ocr_line' id='line_1_17' title="bbox 178 1735 1815 1809; baseline 0 -19"><span class='ocrx_word' id='word_1_120' title='bbox 178 1742 348 1791; x_wconf 87' lang='lat' dir='ltr'>autem</span> <span class='ocrx_word' id='word_1_121' title='bbox 381 1735 653 1791; x_wconf 88' lang='lat' dir='ltr'>nativitas</span> <span class='ocrx_word' id='word_1_122' title='bbox 687 1735 870 1791; x_wconf 91' lang='lat' dir='ltr'>multo</span> <span class='ocrx_word' id='word_1_123' title='bbox 919 1736 1137 1792; x_wconf 83' lang='lat' dir='ltr'>felicior</span> <span class='ocrx_word' id='word_1_124' title='bbox 1166 1741 1254 1792; x_wconf 86' lang='lat' dir='ltr'>est</span> <span class='ocrx_word' id='word_1_125' title='bbox 1284 1735 1414 1805; x_wconf 85' lang='lat' dir='ltr'>ista,</span> <span class='ocrx_word' id='word_1_126' title='bbox 1448 1737 1588 1809; x_wconf 81' lang='lat' dir='ltr'>quia</span> <span class='ocrx_word' id='word_1_127' title='bbox 1627 1737 1815 1809; x_wconf 88' lang='lat' dir='ltr'>prima</span> 
     </span>
    </p>
   </div>
   <div class='ocr_carea' id='block_1_18' title="bbox 178 1824 1815 1881">
    <p class='ocr_par' dir='ltr' id='par_1_18' title="bbox 178 1824 1815 1881">
     <span class='ocr_line' id='line_1_18' title="bbox 178 1824 1815 1881; baseline 0.001 -1"><span class='ocrx_word' id='word_1_128' title='bbox 178 1825 454 1880; x_wconf 87' lang='lat' dir='ltr'>nativitate</span> <span class='ocrx_word' id='word_1_129' title='bbox 468 1824 642 1879; x_wconf 88' lang='lat' dir='ltr'>terris</span> <span class='ocrx_word' id='word_1_130' title='bbox 658 1825 956 1879; x_wconf 84' lang='lat' dir='ltr'>nascimur</span> <span class='ocrx_word' id='word_1_131' title='bbox 970 1825 1236 1880; x_wconf 90' lang='lat' dir='ltr'>morituri</span> <span class='ocrx_word' id='word_1_132' title='bbox 1255 1826 1514 1881; x_wconf 88' lang='lat' dir='ltr'>secunda</span> <span class='ocrx_word' id='word_1_133' title='bbox 1528 1842 1659 1880; x_wconf 88' lang='lat' dir='ltr'>vero</span> <span class='ocrx_word' id='word_1_134' title='bbox 1673 1825 1815 1881; x_wconf 85' lang='lat' dir='ltr'>coelo</span> 
     </span>
    </p>
   </div>
   <div class='ocr_carea' id='block_1_19' title="bbox 177 1912 1814 1980">
    <p class='ocr_par' dir='ltr' id='par_1_19' title="bbox 177 1912 1814 1980">
     <span class='ocr_line' id='line_1_19' title="bbox 177 1912 1814 1980; baseline 0.001 -12"><span class='ocrx_word' id='word_1_135' title='bbox 177 1913 453 1968; x_wconf 81' lang='lat' dir='ltr'>nascimur</span> <span class='ocrx_word' id='word_1_136' title='bbox 472 1914 605 1969; x_wconf 87' lang='lat' dir='ltr'>sine</span> <span class='ocrx_word' id='word_1_137' title='bbox 636 1915 750 1968; x_wconf 83' lang='lat' dir='ltr'>line</span> <span class='ocrx_word' id='word_1_138' title='bbox 772 1913 1000 1980; x_wconf 84' lang='lat' dir='ltr'>victuri,</span> <span class='ocrx_word' id='word_1_139' title='bbox 1025 1919 1298 1969; x_wconf 90' lang='lat' dir='ltr'>canentes</span> <span class='ocrx_word' id='word_1_140' title='bbox 1317 1931 1451 1969; x_wconf 91' lang='lat' dir='ltr'>cum</span> <span class='ocrx_word' id='word_1_141' title='bbox 1471 1912 1814 1970; x_wconf 87' lang='lat' dir='ltr'>Psalmista:</span> 
     </span>
    </p>
   </div>
   <div class='ocr_carea' id='block_1_20' title="bbox 179 2002 1812 2074">
    <p class='ocr_par' dir='ltr' id='par_1_20' title="bbox 179 2002 1812 2074">
     <span class='ocr_line' id='line_1_20' title="bbox 179 2002 1812 2074; baseline 0.001 -17"><span class='ocrx_word' id='word_1_142' title='bbox 179 2002 410 2059; x_wconf 79' lang='lat' dir='ltr'>«Melior</span> <span class='ocrx_word' id='word_1_143' title='bbox 434 2007 530 2058; x_wconf 83' lang='lat' dir='ltr'>est</span> <span class='ocrx_word' id='word_1_144' title='bbox 551 2002 676 2058; x_wconf 88' lang='lat' dir='ltr'>dies</span> <span class='ocrx_word' id='word_1_145' title='bbox 702 2019 819 2057; x_wconf 89' lang='lat' dir='ltr'>una</span> <span class='ocrx_word' id='word_1_146' title='bbox 840 2003 896 2056; x_wconf 91' lang='lat' dir='ltr'>in</span> <span class='ocrx_word' id='word_1_147' title='bbox 929 2002 1093 2057; x_wconf 90' lang='lat' dir='ltr'>atriis</span> <span class='ocrx_word' id='word_1_148' title='bbox 1129 2002 1244 2058; x_wconf 87' lang='lat' dir='ltr'>tuis</span> <span class='ocrx_word' id='word_1_149' title='bbox 1267 2002 1812 2074; x_wconf 79' lang='lat' dir='ltr'>supermillia(Psal.</span> 
     </span>
    </p>
   </div>
   <div class='ocr_carea' id='block_1_21' title="bbox 176 2091 1816 2164">
    <p class='ocr_par' dir='ltr' id='par_1_21' title="bbox 176 2091 1816 2164">
     <span class='ocr_line' id='line_1_21' title="bbox 176 2091 1816 2164; baseline 0.001 -19"><span class='ocrx_word' id='word_1_150' title='bbox 176 2091 368 2163; x_wconf 61' lang='grc' dir='ltr'>χχχιχ).</span> <span class='ocrx_word' id='word_1_151' title='bbox 398 2113 425 2140; x_wconf 84' lang='grc'><strong>››</strong></span> <span class='ocrx_word' id='word_1_152' title='bbox 461 2092 772 2164; x_wconf 82' lang='lat' dir='ltr'>Exponens</span> <span class='ocrx_word' id='word_1_153' title='bbox 802 2096 998 2146; x_wconf 91' lang='lat' dir='ltr'>autem</span> <span class='ocrx_word' id='word_1_154' title='bbox 1029 2091 1312 2148; x_wconf 86' lang='lat' dir='ltr'>Dominus</span> <span class='ocrx_word' id='word_1_155' title='bbox 1343 2091 1481 2164; x_wconf 87' lang='lat' dir='ltr'>quid</span> <span class='ocrx_word' id='word_1_156' title='bbox 1516 2093 1575 2146; x_wconf 86' lang='lat' dir='ltr'>in</span> <span class='ocrx_word' id='word_1_157' title='bbox 1608 2091 1816 2147; x_wconf 89' lang='lat' dir='ltr'>simili-</span> 
     </span>
    </p>
   </div>
   <div class='ocr_carea' id='block_1_22' title="bbox 173 2178 1816 2255">
    <p class='ocr_par' dir='ltr' id='par_1_22' title="bbox 173 2178 1816 2255">
     <span class='ocr_line' id='line_1_22' title="bbox 173 2178 1816 2255; baseline 0.001 -22"><span class='ocrx_word' id='word_1_158' title='bbox 173 2180 356 2234; x_wconf 85' lang='lat' dir='ltr'>tudine</span> <span class='ocrx_word' id='word_1_159' title='bbox 387 2196 572 2251; x_wconf 83' lang='lat' dir='ltr'>quam</span> <span class='ocrx_word' id='word_1_160' title='bbox 623 2180 692 2234; x_wconf 91' lang='lat' dir='ltr'>de</span> <span class='ocrx_word' id='word_1_161' title='bbox 745 2178 986 2235; x_wconf 90' lang='lat' dir='ltr'>muliere</span> <span class='ocrx_word' id='word_1_162' title='bbox 1037 2184 1440 2255; x_wconf 87' lang='lat' dir='ltr'>proposuerat,</span> <span class='ocrx_word' id='word_1_163' title='bbox 1495 2180 1816 2252; x_wconf 84' lang='lat' dir='ltr'>intelligere</span> 
     </span>
    </p>
   </div>
   <div class='ocr_carea' id='block_1_23' title="bbox 173 2269 683 2340">
    <p class='ocr_par' dir='ltr' id='par_1_23' title="bbox 173 2269 683 2340">
     <span class='ocr_line' id='line_1_23' title="bbox 173 2269 683 2340; baseline 0.002 -17"><span class='ocrx_word' id='word_1_164' title='bbox 173 2269 339 2335; x_wconf 81' lang='lat' dir='ltr'>vellet,</span> <span class='ocrx_word' id='word_1_165' title='bbox 371 2269 439 2324; x_wconf 90' lang='lat' dir='ltr'>ad</span> <span class='ocrx_word' id='word_1_166' title='bbox 438 2269 462 2340; x_wconf 86' lang='lat' dir='ltr'>j</span> <span class='ocrx_word' id='word_1_167' title='bbox 473 2269 646 2324; x_wconf 84' lang='lat' dir='ltr'>unxit</span> <span class='ocrx_word' id='word_1_168' title='bbox 670 2284 683 2324; x_wconf 89' lang='lat'>:</span> 
     </span>
    </p>
   </div>
   <div class='ocr_carea' id='block_1_24' title="bbox 233 2356 1812 2429">
    <p class='ocr_par' dir='ltr' id='par_1_24' title="bbox 233 2356 1812 2429">
     <span class='ocr_line' id='line_1_24' title="bbox 233 2356 1812 2429; baseline 0.001 -16"><span class='ocrx_word' id='word_1_169' title='bbox 233 2381 257 2406; x_wconf 90' lang='grc'>‹‹</span> <span class='ocrx_word' id='word_1_170' title='bbox 289 2359 350 2413; x_wconf 86' lang='lat' dir='ltr'>Et</span> <span class='ocrx_word' id='word_1_171' title='bbox 387 2374 487 2412; x_wconf 87' lang='lat' dir='ltr'>vos</span> <span class='ocrx_word' id='word_1_172' title='bbox 547 2356 726 2429; x_wconf 74' lang='lat' dir='ltr'>igitUr</span> <span class='ocrx_word' id='word_1_173' title='bbox 756 2374 911 2413; x_wconf 90' lang='lat' dir='ltr'>nunc</span> <span class='ocrx_word' id='word_1_174' title='bbox 942 2358 1180 2429; x_wconf 86' lang='lat' dir='ltr'>quidem</span> <span class='ocrx_word' id='word_1_175' title='bbox 1213 2357 1511 2414; x_wconf 85' lang='lat' dir='ltr'>tristitiam</span> <span class='ocrx_word' id='word_1_176' title='bbox 1565 2357 1812 2414; x_wconf 88' lang='lat' dir='ltr'>habetis.</span> 
     </span>
    </p>
   </div>
   <div class='ocr_carea' id='block_1_25' title="bbox 172 2446 1810 2519">
    <p class='ocr_par' dir='ltr' id='par_1_25' title="bbox 172 2446 1810 2519">
     <span class='ocr_line' id='line_1_25' title="bbox 172 2446 1810 2519; baseline 0 -18"><span class='ocrx_word' id='word_1_177' title='bbox 172 2469 195 2492; x_wconf 71' lang='grc' dir='ltr'>ε(</span> <span class='ocrx_word' id='word_1_178' title='bbox 223 2446 423 2501; x_wconf 89' lang='lat' dir='ltr'>Iterum</span> <span class='ocrx_word' id='word_1_179' title='bbox 443 2453 647 2502; x_wconf 87' lang='lat' dir='ltr'>autem</span> <span class='ocrx_word' id='word_1_180' title='bbox 674 2446 878 2501; x_wconf 89' lang='lat' dir='ltr'>videbo</span> <span class='ocrx_word' id='word_1_181' title='bbox 900 2463 1023 2514; x_wconf 88' lang='lat' dir='ltr'>vos,</span> <span class='ocrx_word' id='word_1_182' title='bbox 1041 2451 1096 2501; x_wconf 91' lang='lat' dir='ltr'>et</span> <span class='ocrx_word' id='word_1_183' title='bbox 1113 2447 1391 2519; x_wconf 85' lang='lat' dir='ltr'>gaudebit</span> <span class='ocrx_word' id='word_1_184' title='bbox 1413 2464 1512 2503; x_wconf 93' lang='lat' dir='ltr'>cor</span> <span class='ocrx_word' id='word_1_185' title='bbox 1533 2452 1810 2514; x_wconf 86' lang='lat' dir='ltr'>vestrum,</span> 
     </span>
    </p>
   </div>
   <div class='ocr_carea' id='block_1_26' title="bbox 173 2535 1815 2608">
    <p class='ocr_par' dir='ltr' id='par_1_26' title="bbox 173 2535 1815 2608">
     <span class='ocr_line' id='line_1_26' title="bbox 173 2535 1815 2608; baseline 0.001 -19"><span class='ocrx_word' id='word_1_186' title='bbox 173 2560 195 2583; x_wconf 86' lang='grc'><strong>‹‹</strong></span> <span class='ocrx_word' id='word_1_187' title='bbox 225 2540 274 2589; x_wconf 86' lang='lat' dir='ltr'>et</span> <span class='ocrx_word' id='word_1_188' title='bbox 303 2537 589 2608; x_wconf 77' lang='lat' dir='ltr'>gaudium</span> <span class='ocrx_word' id='word_1_189' title='bbox 632 2544 888 2591; x_wconf 88' lang='lat' dir='ltr'>vestrum</span> <span class='ocrx_word' id='word_1_190' title='bbox 924 2535 1289 2591; x_wconf 72' lang='lat' dir='ltr'>nemo-tollet</span> <span class='ocrx_word' id='word_1_191' title='bbox 1320 2556 1352 2590; x_wconf 88' lang='lat' dir='ltr'>a</span> <span class='ocrx_word' id='word_1_192' title='bbox 1384 2536 1563 2592; x_wconf 86' lang='lat' dir='ltr'>vobis.</span> <span class='ocrx_word' id='word_1_193' title='bbox 1603 2560 1628 2585; x_wconf 89' lang='grc'>››</span> <span class='ocrx_word' id='word_1_194' title='bbox 1664 2540 1735 2591; x_wconf 81' lang='lat' dir='ltr'>Ac</span> <span class='ocrx_word' id='word_1_195' title='bbox 1766 2538 1815 2591; x_wconf 91' lang='lat' dir='ltr'>si</span> 
     </span>
    </p>
   </div>
   <div class='ocr_carea' id='block_1_27' title="bbox 172 2624 1816 2696">
    <p class='ocr_par' dir='ltr' id='par_1_27' title="bbox 172 2624 1816 2696">
     <span class='ocr_line' id='line_1_27' title="bbox 172 2624 1816 2696; baseline 0.002 -20"><span class='ocrx_word' id='word_1_196' title='bbox 172 2625 384 2680; x_wconf 83' lang='lat' dir='ltr'>diceret:</span> <span class='ocrx_word' id='word_1_197' title='bbox 409 2624 583 2680; x_wconf 80' lang='lat' dir='ltr'>Sicut</span> <span class='ocrx_word' id='word_1_198' title='bbox 605 2625 832 2693; x_wconf 86' lang='lat' dir='ltr'>mulier,</span> <span class='ocrx_word' id='word_1_199' title='bbox 859 2641 990 2679; x_wconf 87' lang='lat' dir='ltr'>cum</span> <span class='ocrx_word' id='word_1_200' title='bbox 1017 2625 1186 2696; x_wconf 80' lang='lat' dir='ltr'>parit,</span> <span class='ocrx_word' id='word_1_201' title='bbox 1209 2625 1508 2679; x_wconf 85' lang='lat' dir='ltr'>tristitiam</span> <span class='ocrx_word' id='word_1_202' title='bbox 1534 2626 1816 2690; x_wconf 86' lang='lat' dir='ltr'>habet,sie</span> 
     </span>
    </p>
   </div>
   <div class='ocr_carea' id='block_1_28' title="bbox 172 2713 1817 2785">
    <p class='ocr_par' dir='ltr' id='par_1_28' title="bbox 172 2713 1817 2785">
     <span class='ocr_line' id='line_1_28' title="bbox 172 2713 1817 2785; baseline 0.001 -19"><span class='ocrx_word' id='word_1_203' title='bbox 172 2718 220 2766; x_wconf 85' lang='lat' dir='ltr'>et</span> <span class='ocrx_word' id='word_1_204' title='bbox 244 2730 336 2768; x_wconf 85' lang='lat' dir='ltr'>vos</span> <span class='ocrx_word' id='word_1_205' title='bbox 364 2713 434 2767; x_wconf 89' lang='lat' dir='ltr'>de</span> <span class='ocrx_word' id='word_1_206' title='bbox 479 2730 621 2768; x_wconf 86' lang='lat' dir='ltr'>mea</span> <span class='ocrx_word' id='word_1_207' title='bbox 678 2714 951 2785; x_wconf 88' lang='lat' dir='ltr'>passione</span> <span class='ocrx_word' id='word_1_208' title='bbox 998 2713 1524 2768; x_wconf 88' lang='lat' dir='ltr'>contristabimini:</span> <span class='ocrx_word' id='word_1_209' title='bbox 1578 2718 1636 2769; x_wconf 89' lang='lat' dir='ltr'>et</span> <span class='ocrx_word' id='word_1_210' title='bbox 1666 2714 1817 2769; x_wconf 87' lang='lat' dir='ltr'>sicut</span> 
     </span>
    </p>
   </div>
   <div class='ocr_carea' id='block_1_29' title="bbox 174 2801 1816 2876">
    <p class='ocr_par' dir='ltr' id='par_1_29' title="bbox 174 2801 1816 2876">
     <span class='ocr_line' id='line_1_29' title="bbox 174 2801 1816 2876; baseline 0.002 -22"><span class='ocrx_word' id='word_1_211' title='bbox 174 2801 365 2856; x_wconf 89' lang='lat' dir='ltr'>mulier</span> <span class='ocrx_word' id='word_1_212' title='bbox 393 2805 540 2858; x_wconf 81' lang='lat' dir='ltr'>nato</span> <span class='ocrx_word' id='word_1_213' title='bbox 576 2819 756 2874; x_wconf 90' lang='lat' dir='ltr'>puero</span> <span class='ocrx_word' id='word_1_214' title='bbox 796 2803 1030 2876; x_wconf 85' lang='lat' dir='ltr'>gaudet,</span> <span class='ocrx_word' id='word_1_215' title='bbox 1065 2801 1149 2858; x_wconf 87' lang='lat' dir='ltr'>sic</span> <span class='ocrx_word' id='word_1_216' title='bbox 1177 2820 1278 2858; x_wconf 88' lang='lat' dir='ltr'>vos</span> <span class='ocrx_word' id='word_1_217' title='bbox 1311 2820 1440 2859; x_wconf 85' lang='lat' dir='ltr'>mea</span> <span class='ocrx_word' id='word_1_218' title='bbox 1473 2802 1816 2859; x_wconf 88' lang='lat' dir='ltr'>resurrectio</span> 
     </span>
    </p>
   </div>
   <div class='ocr_carea' id='block_1_30' title="bbox 172 2888 1815 2962">
    <p class='ocr_par' dir='ltr' id='par_1_30' title="bbox 172 2888 1815 2962">
     <span class='ocr_line' id='line_1_30' title="bbox 172 2888 1815 2962; baseline 0.002 -19"><span class='ocrx_word' id='word_1_219' title='bbox 172 2888 480 2944; x_wconf 64' lang='lat' dir='ltr'>letificabit.</span> <span class='ocrx_word' id='word_1_220' title='bbox 529 2891 640 2945; x_wconf 89' lang='lat' dir='ltr'>Sed</span> <span class='ocrx_word' id='word_1_221' title='bbox 672 2890 812 2962; x_wconf 87' lang='lat' dir='ltr'>quid</span> <span class='ocrx_word' id='word_1_222' title='bbox 846 2895 935 2945; x_wconf 89' lang='lat' dir='ltr'>est</span> <span class='ocrx_word' id='word_1_223' title='bbox 966 2891 1120 2962; x_wconf 89' lang='lat' dir='ltr'>quod</span> <span class='ocrx_word' id='word_1_224' title='bbox 1153 2891 1270 2946; x_wconf 89' lang='lat' dir='ltr'>ait:</span> <span class='ocrx_word' id='word_1_225' title='bbox 1314 2914 1334 2940; x_wconf 74' lang='grc' dir='ltr'>α</span> <span class='ocrx_word' id='word_1_226' title='bbox 1372 2891 1583 2947; x_wconf 87' lang='lat' dir='ltr'>Iterum</span> <span class='ocrx_word' id='word_1_227' title='bbox 1619 2896 1815 2947; x_wconf 87' lang='lat' dir='ltr'>autem</span> 
     </span>
    </p>
   </div>
   <div class='ocr_carea' id='block_1_31' title="bbox 175 2977 1817 3051">
    <p class='ocr_par' dir='ltr' id='par_1_31' title="bbox 175 2977 1817 3051">
     <span class='ocr_line' id='line_1_31' title="bbox 175 2977 1817 3051; baseline 0.004 -22"><span class='ocrx_word' id='word_1_228' title='bbox 175 2977 358 3032; x_wconf 83' lang='lat' dir='ltr'>videbo</span> <span class='ocrx_word' id='word_1_229' title='bbox 379 2995 476 3033; x_wconf 89' lang='lat' dir='ltr'>vos</span> <span class='ocrx_word' id='word_1_230' title='bbox 501 2979 530 3032; x_wconf 82' lang='lat'><strong>?</strong></span> <span class='ocrx_word' id='word_1_231' title='bbox 554 3001 580 3026; x_wconf 87' lang='grc'><strong><em>››</em></strong></span> <span class='ocrx_word' id='word_1_232' title='bbox 603 2977 879 3049; x_wconf 86' lang='lat' dir='ltr'>Nunquid</span> <span class='ocrx_word' id='word_1_233' title='bbox 904 2977 1099 3051; x_wconf 89' lang='lat' dir='ltr'>aliquo</span> <span class='ocrx_word' id='word_1_234' title='bbox 1120 2978 1421 3034; x_wconf 89' lang='lat' dir='ltr'>intervallo</span> <span class='ocrx_word' id='word_1_235' title='bbox 1445 2980 1722 3051; x_wconf 89' lang='lat' dir='ltr'>temporis</span> <span class='ocrx_word' id='word_1_236' title='bbox 1745 2982 1817 3035; x_wconf 87' lang='lat' dir='ltr'>ab</span> 
     </span>
    </p>
   </div>
   <div class='ocr_carea' id='block_1_32' title="bbox 174 3066 1819 3141">
    <p class='ocr_par' dir='ltr' id='par_1_32' title="bbox 174 3066 1819 3141">
     <span class='ocr_line' id='line_1_32' title="bbox 174 3066 1819 3141; baseline 0.003 -22"><span class='ocrx_word' id='word_1_237' title='bbox 174 3067 282 3136; x_wconf 88' lang='lat' dir='ltr'>ejus</span> <span class='ocrx_word' id='word_1_238' title='bbox 298 3066 527 3123; x_wconf 77' lang='lat' dir='ltr'>visione</span> <span class='ocrx_word' id='word_1_239' title='bbox 539 3067 975 3134; x_wconf 87' lang='lat' dir='ltr'>abscondimur,</span> <span class='ocrx_word' id='word_1_240' title='bbox 991 3069 1161 3139; x_wconf 90' lang='lat' dir='ltr'>cujus</span> <span class='ocrx_word' id='word_1_241' title='bbox 1174 3067 1358 3123; x_wconf 92' lang='lat' dir='ltr'>oculis</span> <span class='ocrx_word' id='word_1_242' title='bbox 1373 3069 1531 3123; x_wconf 90' lang='lat' dir='ltr'>nuda</span> <span class='ocrx_word' id='word_1_243' title='bbox 1542 3071 1598 3124; x_wconf 90' lang='lat' dir='ltr'>et</span> <span class='ocrx_word' id='word_1_244' title='bbox 1619 3074 1819 3141; x_wconf 89' lang='lat' dir='ltr'>aperta</span> 
     </span>
    </p>
   </div>
   <div class='ocr_carea' id='block_1_33' title="bbox 173 3155 1817 3228">
    <p class='ocr_par' dir='ltr' id='par_1_33' title="bbox 173 3155 1817 3228">
     <span class='ocr_line' id='line_1_33' title="bbox 173 3155 1817 3228; baseline 0.002 -20"><span class='ocrx_word' id='word_1_245' title='bbox 173 3159 293 3210; x_wconf 87' lang='lat' dir='ltr'>sunt</span> <span class='ocrx_word' id='word_1_246' title='bbox 312 3156 546 3211; x_wconf 74' lang='lat' dir='ltr'>omnia?</span> <span class='ocrx_word' id='word_1_247' title='bbox 572 3173 706 3223; x_wconf 89' lang='lat' dir='ltr'>non;</span> <span class='ocrx_word' id='word_1_248' title='bbox 732 3155 833 3211; x_wconf 88' lang='lat' dir='ltr'>sed</span> <span class='ocrx_word' id='word_1_249' title='bbox 869 3157 1021 3228; x_wconf 89' lang='lat' dir='ltr'>quod</span> <span class='ocrx_word' id='word_1_250' title='bbox 1044 3157 1153 3212; x_wconf 86' lang='lat' dir='ltr'>ait:</span> <span class='ocrx_word' id='word_1_251' title='bbox 1181 3180 1206 3207; x_wconf 77' lang='grc' dir='ltr'><strong>ι(</strong></span> <span class='ocrx_word' id='word_1_252' title='bbox 1239 3157 1456 3212; x_wconf 87' lang='lat' dir='ltr'>Videbo</span> <span class='ocrx_word' id='word_1_253' title='bbox 1501 3175 1621 3225; x_wconf 88' lang='lat' dir='ltr'>vos,</span> <span class='ocrx_word' id='word_1_254' title='bbox 1649 3179 1676 3206; x_wconf 84' lang='lat'>»</span> <span class='ocrx_word' id='word_1_255' title='bbox 1707 3157 1817 3212; x_wconf 90' lang='lat' dir='ltr'>tale</span> 
     </span>
    </p>
   </div>
   <div class='ocr_carea' id='block_1_34' title="bbox 177 3230 1888 3313">
    <p class='ocr_par' dir='ltr' id='par_1_34' title="bbox 177 3230 1888 3313">
     <span class='ocr_line' id='line_1_34' title="bbox 177 3230 1888 3313; baseline 0 -17"><span class='ocrx_word' id='word_1_256' title='bbox 177 3248 250 3297; x_wconf 86' lang='lat' dir='ltr'>est</span> <span class='ocrx_word' id='word_1_257' title='bbox 270 3261 328 3300; x_wconf 88' lang='lat' dir='ltr'>ac</span> <span class='ocrx_word' id='word_1_258' title='bbox 344 3245 685 3300; x_wconf 81' lang='lat' dir='ltr'>sidixisset:</span> <span class='ocrx_word' id='word_1_259' title='bbox 713 3245 924 3300; x_wconf 86' lang='lat' dir='ltr'>Eruam</span> <span class='ocrx_word' id='word_1_260' title='bbox 956 3262 1056 3300; x_wconf 87' lang='lat' dir='ltr'>vos</span> <span class='ocrx_word' id='word_1_261' title='bbox 1077 3247 1148 3300; x_wconf 92' lang='lat' dir='ltr'>de</span> <span class='ocrx_word' id='word_1_262' title='bbox 1169 3245 1562 3313; x_wconf 87' lang='lat' dir='ltr'>tribulatione,</span> <span class='ocrx_word' id='word_1_263' title='bbox 1585 3250 1642 3301; x_wconf 88' lang='lat' dir='ltr'>et</span> <span class='ocrx_word' id='word_1_264' title='bbox 1670 3245 1813 3300; x_wconf 88' lang='lat' dir='ltr'>lihe-</span> <span class='ocrx_word' id='word_1_265' title='bbox 1845 3230 1888 3296; x_wconf 85' lang='lat' dir='ltr'>C</span> 
     </span>
    </p>
   </div>
   <div class='ocr_carea' id='block_1_35' title="bbox 177 3332 1819 3403">
    <p class='ocr_par' dir='ltr' id='par_1_35' title="bbox 177 3332 1819 3403">
     <span class='ocr_line' id='line_1_35' title="bbox 177 3332 1819 3403; baseline 0.004 -19"><span class='ocrx_word' id='word_1_266' title='bbox 177 3332 297 3385; x_wconf 88' lang='lat' dir='ltr'>rabo</span> <span class='ocrx_word' id='word_1_267' title='bbox 327 3349 425 3388; x_wconf 90' lang='lat' dir='ltr'>vos</span> <span class='ocrx_word' id='word_1_268' title='bbox 447 3333 520 3388; x_wconf 89' lang='lat' dir='ltr'>de</span> <span class='ocrx_word' id='word_1_269' title='bbox 543 3332 842 3403; x_wconf 89' lang='lat' dir='ltr'>angustia.</span> <span class='ocrx_word' id='word_1_270' title='bbox 875 3332 1082 3388; x_wconf 89' lang='lat' dir='ltr'>Videre</span> <span class='ocrx_word' id='word_1_271' title='bbox 1115 3332 1269 3388; x_wconf 89' lang='lat' dir='ltr'>enim</span> <span class='ocrx_word' id='word_1_272' title='bbox 1305 3350 1411 3387; x_wconf 89' lang='lat' dir='ltr'>nos</span> <span class='ocrx_word' id='word_1_273' title='bbox 1433 3333 1648 3389; x_wconf 87' lang='lat' dir='ltr'>dicitur</span> <span class='ocrx_word' id='word_1_274' title='bbox 1668 3339 1819 3390; x_wconf 87' lang='lat' dir='ltr'>Deus</span> 
     </span>
    </p>
   </div>
   <div class='ocr_carea' id='block_1_36' title="bbox 175 3421 1818 3494">
    <p class='ocr_par' dir='ltr' id='par_1_36' title="bbox 175 3421 1818 3494">
     <span class='ocr_line' id='line_1_36' title="bbox 175 3421 1818 3494; baseline 0.004 -23"><span class='ocrx_word' id='word_1_275' title='bbox 175 3422 296 3474; x_wconf 85' lang='lat' dir='ltr'>tunc</span> <span class='ocrx_word' id='word_1_276' title='bbox 325 3421 584 3494; x_wconf 87' lang='lat' dir='ltr'>proprie,</span> <span class='ocrx_word' id='word_1_277' title='bbox 610 3421 851 3493; x_wconf 87' lang='lat' dir='ltr'>quando</span> <span class='ocrx_word' id='word_1_278' title='bbox 885 3421 1197 3477; x_wconf 86' lang='lat' dir='ltr'>miseratus</span> <span class='ocrx_word' id='word_1_279' title='bbox 1217 3439 1250 3477; x_wconf 90' lang='lat' dir='ltr'>a</span> <span class='ocrx_word' id='word_1_280' title='bbox 1271 3439 1547 3494; x_wconf 90' lang='lat' dir='ltr'>pressura</span> <span class='ocrx_word' id='word_1_281' title='bbox 1582 3423 1818 3478; x_wconf 82' lang='lat' dir='ltr'>tribula-</span> 
     </span>
    </p>
   </div>
   <div class='ocr_carea' id='block_1_37' title="bbox 175 3508 1816 3583">
    <p class='ocr_par' dir='ltr' id='par_1_37' title="bbox 175 3508 1816 3583">
     <span class='ocr_line' id='line_1_37' title="bbox 175 3508 1816 3583; baseline 0.003 -23"><span class='ocrx_word' id='word_1_282' title='bbox 175 3508 330 3564; x_wconf 84' lang='lat' dir='ltr'>tionis</span> <span class='ocrx_word' id='word_1_283' title='bbox 355 3509 628 3576; x_wconf 86' lang='lat' dir='ltr'>absolvit,</span> <span class='ocrx_word' id='word_1_284' title='bbox 663 3510 816 3565; x_wconf 90' lang='lat' dir='ltr'>sicut</span> <span class='ocrx_word' id='word_1_285' title='bbox 847 3511 971 3582; x_wconf 90' lang='lat' dir='ltr'>ipse</span> <span class='ocrx_word' id='word_1_286' title='bbox 1013 3509 1093 3566; x_wconf 85' lang='lat' dir='ltr'>ait</span> <span class='ocrx_word' id='word_1_287' title='bbox 1139 3513 1357 3583; x_wconf 76' lang='lat' dir='ltr'>Moysi:</span> <span class='ocrx_word' id='word_1_288' title='bbox 1393 3535 1420 3561; x_wconf 84' lang='grc'><strong>‹‹</strong></span> <span class='ocrx_word' id='word_1_289' title='bbox 1457 3512 1674 3567; x_wconf 91' lang='lat' dir='ltr'>Videns</span> <span class='ocrx_word' id='word_1_290' title='bbox 1704 3511 1816 3566; x_wconf 92' lang='lat' dir='ltr'>vidi</span> 
     </span>
    </p>
   </div>
   <div class='ocr_carea' id='block_1_38' title="bbox 175 3597 1815 3671">
    <p class='ocr_par' dir='ltr' id='par_1_38' title="bbox 175 3597 1815 3671">
     <span class='ocr_line' id='line_1_38' title="bbox 175 3597 1815 3671; baseline 0.004 -23"><span class='ocrx_word' id='word_1_291' title='bbox 175 3597 530 3655; x_wconf 80' lang='lat' dir='ltr'>aftlictionem</span> <span class='ocrx_word' id='word_1_292' title='bbox 567 3597 769 3671; x_wconf 89' lang='lat' dir='ltr'>populi</span> <span class='ocrx_word' id='word_1_293' title='bbox 816 3598 928 3654; x_wconf 89' lang='lat' dir='ltr'>mei</span> <span class='ocrx_word' id='word_1_294' title='bbox 970 3600 1166 3670; x_wconf 66' lang='lat' dir='ltr'>(Exod.</span> <span class='ocrx_word' id='word_1_295' title='bbox 1201 3601 1308 3670; x_wconf 81' lang='lat' dir='ltr'>Ill),</span> <span class='ocrx_word' id='word_1_296' title='bbox 1345 3623 1371 3649; x_wconf 90' lang='grc'>››</span> <span class='ocrx_word' id='word_1_297' title='bbox 1403 3604 1520 3668; x_wconf 88' lang='lat' dir='ltr'>etc;</span> <span class='ocrx_word' id='word_1_298' title='bbox 1569 3604 1626 3656; x_wconf 90' lang='lat' dir='ltr'>et</span> <span class='ocrx_word' id='word_1_299' title='bbox 1671 3599 1815 3654; x_wconf 90' lang='lat' dir='ltr'>illud</span> 
     </span>
    </p>
   </div>
   <div class='ocr_carea' id='block_1_39' title="bbox 173 3685 1816 3757">
    <p class='ocr_par' dir='ltr' id='par_1_39' title="bbox 173 3685 1816 3757">
     <span class='ocr_line' id='line_1_39' title="bbox 173 3685 1816 3757; baseline 0.002 -20"><span class='ocrx_word' id='word_1_300' title='bbox 173 3685 311 3753; x_wconf 88' lang='lat' dir='ltr'>quod</span> <span class='ocrx_word' id='word_1_301' title='bbox 342 3685 663 3741; x_wconf 86' lang='lat' dir='ltr'>Psalmista</span> <span class='ocrx_word' id='word_1_302' title='bbox 698 3686 1066 3757; x_wconf 88' lang='lat' dir='ltr'>precabatur,</span> <span class='ocrx_word' id='word_1_303' title='bbox 1099 3687 1336 3742; x_wconf 88' lang='lat' dir='ltr'>dicens:</span> <span class='ocrx_word' id='word_1_304' title='bbox 1373 3711 1400 3737; x_wconf 85' lang='grc'>‹‹</span> <span class='ocrx_word' id='word_1_305' title='bbox 1435 3687 1576 3742; x_wconf 84' lang='lat' dir='ltr'>Vide</span> <span class='ocrx_word' id='word_1_306' title='bbox 1623 3686 1816 3742; x_wconf 88' lang='lat' dir='ltr'>humi-</span> 
     </span>
    </p>
   </div>
   <div class='ocr_carea' id='block_1_40' title="bbox 175 3769 1817 3848">
    <p class='ocr_par' dir='ltr' id='par_1_40' title="bbox 175 3769 1817 3848">
     <span class='ocr_line' id='line_1_40' title="bbox 175 3769 1817 3848; baseline 0.005 -26"><span class='ocrx_word' id='word_1_307' title='bbox 175 3769 372 3829; x_wconf 88' lang='lat' dir='ltr'>litatem</span> <span class='ocrx_word' id='word_1_308' title='bbox 403 3792 624 3841; x_wconf 81' lang='lat' dir='ltr'>meum,</span> <span class='ocrx_word' id='word_1_309' title='bbox 659 3779 718 3829; x_wconf 90' lang='lat' dir='ltr'>et</span> <span class='ocrx_word' id='word_1_310' title='bbox 736 3775 894 3846; x_wconf 85' lang='lat' dir='ltr'>eripe</span> <span class='ocrx_word' id='word_1_311' title='bbox 925 3791 1015 3828; x_wconf 91' lang='lat' dir='ltr'>me</span> <span class='ocrx_word' id='word_1_312' title='bbox 1039 3776 1208 3845; x_wconf 83' lang='lat' dir='ltr'>(Psal.</span> <span class='ocrx_word' id='word_1_313' title='bbox 1233 3776 1408 3846; x_wconf 79' lang='lat' dir='ltr'>exul).</span> <span class='ocrx_word' id='word_1_314' title='bbox 1446 3798 1473 3823; x_wconf 87' lang='lat'>»</span> <span class='ocrx_word' id='word_1_315' title='bbox 1503 3773 1662 3830; x_wconf 83' lang='lat' dir='ltr'>Vidit</span> <span class='ocrx_word' id='word_1_316' title='bbox 1682 3791 1817 3848; x_wconf 88' lang='lat' dir='ltr'>ergo</span> 
     </span>
    </p>
   </div>
   <div class='ocr_carea' id='block_1_41' title="bbox 175 3862 1818 3935">
    <p class='ocr_par' dir='ltr' id='par_1_41' title="bbox 175 3862 1818 3935">
     <span class='ocr_line' id='line_1_41' title="bbox 175 3862 1818 3935; baseline 0.004 -24"><span class='ocrx_word' id='word_1_317' title='bbox 175 3862 447 3931; x_wconf 86' lang='lat' dir='ltr'>apostolos</span> <span class='ocrx_word' id='word_1_318' title='bbox 484 3863 798 3929; x_wconf 90' lang='lat' dir='ltr'>Dominus,</span> <span class='ocrx_word' id='word_1_319' title='bbox 835 3864 1070 3934; x_wconf 85' lang='lat' dir='ltr'>quando</span> <span class='ocrx_word' id='word_1_320' title='bbox 1103 3880 1200 3918; x_wconf 84' lang='lat' dir='ltr'>eos</span> <span class='ocrx_word' id='word_1_321' title='bbox 1230 3865 1301 3918; x_wconf 90' lang='lat' dir='ltr'>de</span> <span class='ocrx_word' id='word_1_322' title='bbox 1331 3862 1620 3935; x_wconf 87' lang='lat' dir='ltr'>angustiis</span> <span class='ocrx_word' id='word_1_323' title='bbox 1670 3881 1818 3935; x_wconf 89' lang='lat' dir='ltr'>quas</span> 
     </span>
    </p>
   </div>
   <div class='ocr_carea' id='block_1_42' title="bbox 175 3948 1818 4024">
    <p class='ocr_par' dir='ltr' id='par_1_42' title="bbox 175 3948 1818 4024">
     <span class='ocr_line' id='line_1_42' title="bbox 175 3948 1818 4024; baseline 0.005 -24"><span class='ocrx_word' id='word_1_324' title='bbox 175 3948 232 4001; x_wconf 88' lang='lat' dir='ltr'>de</span> <span class='ocrx_word' id='word_1_325' title='bbox 257 3951 378 4021; x_wconf 81' lang='lat' dir='ltr'>ejus</span> <span class='ocrx_word' id='word_1_326' title='bbox 407 3951 690 4024; x_wconf 84' lang='lat' dir='ltr'>passione</span> <span class='ocrx_word' id='word_1_327' title='bbox 733 3951 1158 4018; x_wconf 88' lang='lat' dir='ltr'>sustinuerant,</span> <span class='ocrx_word' id='word_1_328' title='bbox 1192 3952 1472 4008; x_wconf 88' lang='lat' dir='ltr'>liberavit.</span> <span class='ocrx_word' id='word_1_329' title='bbox 1505 3952 1635 4007; x_wconf 88' lang='lat' dir='ltr'>Sive</span> <span class='ocrx_word' id='word_1_330' title='bbox 1665 3958 1818 4008; x_wconf 88' lang='lat' dir='ltr'>certe</span> 
     </span>
    </p>
   </div>
   <div class='ocr_carea' id='block_1_43' title="bbox 173 4039 1816 4114">
    <p class='ocr_par' dir='ltr' id='par_1_43' title="bbox 173 4039 1816 4114">
     <span class='ocr_line' id='line_1_43' title="bbox 173 4039 1816 4114; baseline 0.004 -24"><span class='ocrx_word' id='word_1_331' title='bbox 173 4039 307 4106; x_wconf 89' lang='lat' dir='ltr'>quod</span> <span class='ocrx_word' id='word_1_332' title='bbox 329 4041 434 4094; x_wconf 90' lang='lat' dir='ltr'>ait:</span> <span class='ocrx_word' id='word_1_333' title='bbox 459 4063 487 4089; x_wconf 88' lang='grc'>‹‹</span> <span class='ocrx_word' id='word_1_334' title='bbox 509 4039 734 4096; x_wconf 85' lang='lat' dir='ltr'>Videbo</span> <span class='ocrx_word' id='word_1_335' title='bbox 757 4057 858 4095; x_wconf 87' lang='lat' dir='ltr'>vos</span> <span class='ocrx_word' id='word_1_336' title='bbox 887 4064 912 4088; x_wconf 78' lang='lat' dir='ltr'>n</span> <span class='ocrx_word' id='word_1_337' title='bbox 936 4039 1049 4096; x_wconf 88' lang='lat' dir='ltr'>tale</span> <span class='ocrx_word' id='word_1_338' title='bbox 1069 4046 1158 4096; x_wconf 86' lang='lat' dir='ltr'>est</span> <span class='ocrx_word' id='word_1_339' title='bbox 1184 4057 1248 4096; x_wconf 90' lang='lat' dir='ltr'>ac</span> <span class='ocrx_word' id='word_1_340' title='bbox 1281 4041 1328 4097; x_wconf 91' lang='lat' dir='ltr'>si</span> <span class='ocrx_word' id='word_1_341' title='bbox 1351 4041 1563 4097; x_wconf 90' lang='lat' dir='ltr'>diceret</span> <span class='ocrx_word' id='word_1_342' title='bbox 1578 4059 1680 4114; x_wconf 89' lang='lat' dir='ltr'>per</span> <span class='ocrx_word' id='word_1_343' title='bbox 1699 4046 1816 4096; x_wconf 89' lang='lat' dir='ltr'>tro-</span> 
     </span>
    </p>
   </div>
   <div class='ocr_carea' id='block_1_44' title="bbox 174 4124 1815 4194">
    <p class='ocr_par' dir='ltr' id='par_1_44' title="bbox 174 4124 1815 4194">
     <span class='ocr_line' id='line_1_44' title="bbox 174 4124 1815 4194; baseline 0.005 -16"><span class='ocrx_word' id='word_1_344' title='bbox 174 4124 342 4194; x_wconf 84' lang='lat' dir='ltr'>picam</span> <span class='ocrx_word' id='word_1_345' title='bbox 373 4128 765 4184; x_wconf 89' lang='lat' dir='ltr'>locutionem:</span> <span class='ocrx_word' id='word_1_346' title='bbox 800 4130 1006 4184; x_wconf 78' lang='lat' dir='ltr'>Videre</span> <span class='ocrx_word' id='word_1_347' title='bbox 1037 4146 1136 4185; x_wconf 91' lang='lat' dir='ltr'>vos</span> <span class='ocrx_word' id='word_1_348' title='bbox 1158 4130 1389 4186; x_wconf 81' lang='lat' dir='ltr'>faciam.</span> <span class='ocrx_word' id='word_1_349' title='bbox 1423 4130 1629 4186; x_wconf 84' lang='lat' dir='ltr'>Videre</span> <span class='ocrx_word' id='word_1_350' title='bbox 1659 4131 1815 4186; x_wconf 87' lang='lat' dir='ltr'>enim</span> 
     </span>
    </p>
   </div>
   <div class='ocr_carea' id='block_1_45' title="bbox 172 4211 1818 4290">
    <p class='ocr_par' dir='ltr' id='par_1_45' title="bbox 172 4211 1818 4290">
     <span class='ocr_line' id='line_1_45' title="bbox 172 4211 1818 4290; baseline 0.006 -24"><span class='ocrx_word' id='word_1_351' title='bbox 172 4211 308 4270; x_wconf 87' lang='lat' dir='ltr'>Deus</span> <span class='ocrx_word' id='word_1_352' title='bbox 327 4216 570 4285; x_wconf 83' lang='lat' dir='ltr'>dicitur,</span> <span class='ocrx_word' id='word_1_353' title='bbox 597 4220 830 4290; x_wconf 89' lang='lat' dir='ltr'>quando</span> <span class='ocrx_word' id='word_1_354' title='bbox 853 4221 914 4273; x_wconf 91' lang='lat' dir='ltr'>ut</span> <span class='ocrx_word' id='word_1_355' title='bbox 934 4235 1038 4275; x_wconf 90' lang='lat' dir='ltr'>nos</span> <span class='ocrx_word' id='word_1_356' title='bbox 1059 4219 1362 4276; x_wconf 89' lang='lat' dir='ltr'>videamus</span> <span class='ocrx_word' id='word_1_357' title='bbox 1381 4219 1694 4290; x_wconf 87' lang='lat' dir='ltr'>illuminat,</span> <span class='ocrx_word' id='word_1_358' title='bbox 1710 4220 1818 4276; x_wconf 89' lang='lat' dir='ltr'>sic-</span> 
     </span>
    </p>
   </div>
   <div class='ocr_carea' id='block_1_46' title="bbox 174 4306 1817 4380">
    <p class='ocr_par' dir='ltr' id='par_1_46' title="bbox 174 4306 1817 4380">
     <span class='ocr_line' id='line_1_46' title="bbox 174 4306 1817 4380; baseline 0.005 -25"><span class='ocrx_word' id='word_1_359' title='bbox 174 4307 304 4358; x_wconf 88' lang='lat' dir='ltr'>utet</span> <span class='ocrx_word' id='word_1_360' title='bbox 351 4322 708 4379; x_wconf 84' lang='lat' dir='ltr'>cognoscere</span> <span class='ocrx_word' id='word_1_361' title='bbox 755 4306 989 4374; x_wconf 89' lang='lat' dir='ltr'>dicitur,</span> <span class='ocrx_word' id='word_1_362' title='bbox 1033 4309 1268 4379; x_wconf 89' lang='lat' dir='ltr'>quando</span> <span class='ocrx_word' id='word_1_363' title='bbox 1302 4313 1363 4364; x_wconf 90' lang='lat' dir='ltr'>ut</span> <span class='ocrx_word' id='word_1_364' title='bbox 1394 4325 1817 4380; x_wconf 89' lang='lat' dir='ltr'>cognoscamus</span> 
     </span>
    </p>
   </div>
   <div class='ocr_carea' id='block_1_47' title="bbox 172 4389 1817 4469">
    <p class='ocr_par' dir='ltr' id='par_1_47' title="bbox 172 4389 1817 4469">
     <span class='ocr_line' id='line_1_47' title="bbox 172 4389 1817 4469; baseline 0.005 -26"><span class='ocrx_word' id='word_1_365' title='bbox 172 4389 308 4462; x_wconf 87' lang='lat' dir='ltr'>facit,</span> <span class='ocrx_word' id='word_1_366' title='bbox 343 4393 506 4450; x_wconf 88' lang='lat' dir='ltr'>velut</span> <span class='ocrx_word' id='word_1_367' title='bbox 544 4396 670 4467; x_wconf 90' lang='lat' dir='ltr'>ipse</span> <span class='ocrx_word' id='word_1_368' title='bbox 701 4396 782 4450; x_wconf 84' lang='lat' dir='ltr'>ait</span> <span class='ocrx_word' id='word_1_369' title='bbox 812 4395 1077 4451; x_wconf 74' lang='lat' dir='ltr'>Abrahze.</span> <span class='ocrx_word' id='word_1_370' title='bbox 1116 4420 1141 4445; x_wconf 82' lang='lat' dir='ltr'>u</span> <span class='ocrx_word' id='word_1_371' title='bbox 1173 4396 1338 4452; x_wconf 88' lang='lat' dir='ltr'>Nunc</span> <span class='ocrx_word' id='word_1_372' title='bbox 1368 4397 1607 4469; x_wconf 89' lang='lat' dir='ltr'>cognovi</span> <span class='ocrx_word' id='word_1_373' title='bbox 1661 4398 1817 4468; x_wconf 92' lang='lat' dir='ltr'>quod</span> 
     </span>
    </p>
   </div>
   <div class='ocr_carea' id='block_1_48' title="bbox 171 4478 1812 4557">
    <p class='ocr_par' dir='ltr' id='par_1_48' title="bbox 171 4478 1812 4557">
     <span class='ocr_line' id='line_1_48' title="bbox 171 4478 1812 4557; baseline 0.005 -26"><span class='ocrx_word' id='word_1_374' title='bbox 171 4478 357 4536; x_wconf 88' lang='lat' dir='ltr'>timeas</span> <span class='ocrx_word' id='word_1_375' title='bbox 382 4484 572 4539; x_wconf 89' lang='lat' dir='ltr'>Deum</span> <span class='ocrx_word' id='word_1_376' title='bbox 599 4484 747 4554; x_wconf 78' lang='lat' dir='ltr'>(Gen.</span> <span class='ocrx_word' id='word_1_377' title='bbox 782 4485 944 4555; x_wconf 79' lang='lat' dir='ltr'>xxii),</span> <span class='ocrx_word' id='word_1_378' title='bbox 969 4508 997 4535; x_wconf 90' lang='grc'><strong>››</strong></span> <span class='ocrx_word' id='word_1_379' title='bbox 1024 4483 1080 4539; x_wconf 92' lang='lat' dir='ltr'>id</span> <span class='ocrx_word' id='word_1_380' title='bbox 1102 4488 1212 4553; x_wconf 85' lang='lat' dir='ltr'>est,</span> <span class='ocrx_word' id='word_1_381' title='bbox 1240 4501 1590 4557; x_wconf 86' lang='lat' dir='ltr'>cognoscere</span> <span class='ocrx_word' id='word_1_382' title='bbox 1612 4490 1664 4540; x_wconf 91' lang='lat' dir='ltr'>te</span> <span class='ocrx_word' id='word_1_383' title='bbox 1688 4486 1812 4541; x_wconf 88' lang='lat' dir='ltr'>feci.</span> 
     </span>
    </p>
   </div>
   <div class='ocr_carea' id='block_1_49' title="bbox 1925 583 3578 660">
    <p class='ocr_par' dir='ltr' id='par_1_49' title="bbox 1925 583 3578 660">
     <span class='ocr_line' id='line_1_49' title="bbox 1925 583 3578 660; baseline 0.003 -23"><span class='ocrx_word' id='word_1_384' title='bbox 1925 583 1994 637; x_wconf 90' lang='lat' dir='ltr'>de</span> <span class='ocrx_word' id='word_1_385' title='bbox 2021 583 2148 655; x_wconf 85' lang='lat' dir='ltr'>ejus</span> <span class='ocrx_word' id='word_1_386' title='bbox 2200 583 2624 641; x_wconf 84' lang='lat' dir='ltr'>resurrectione</span> <span class='ocrx_word' id='word_1_387' title='bbox 2676 587 2732 641; x_wconf 88' lang='lat' dir='ltr'>et</span> <span class='ocrx_word' id='word_1_388' title='bbox 2777 585 3119 642; x_wconf 86' lang='lat' dir='ltr'>ascensione</span> <span class='ocrx_word' id='word_1_389' title='bbox 3177 593 3578 660; x_wconf 84' lang='lat' dir='ltr'>perceperunt,</span> 
     </span>
    </p>
   </div>
   <div class='ocr_carea' id='block_1_50' title="bbox 1925 671 3580 747">
    <p class='ocr_par' dir='ltr' id='par_1_50' title="bbox 1925 671 3580 747">
     <span class='ocr_line' id='line_1_50' title="bbox 1925 671 3580 747; baseline 0.004 -21"><span class='ocrx_word' id='word_1_390' title='bbox 1925 671 2360 741; x_wconf 76' lang='lat' dir='ltr'>nnilatriStitia,</span> <span class='ocrx_word' id='word_1_391' title='bbox 2379 672 2542 728; x_wconf 91' lang='lat' dir='ltr'>nulla</span> <span class='ocrx_word' id='word_1_392' title='bbox 2563 674 2910 746; x_wconf 85' lang='lat' dir='ltr'>persecutio,</span> <span class='ocrx_word' id='word_1_393' title='bbox 2933 673 3094 730; x_wconf 85' lang='lat' dir='ltr'>nulla</span> <span class='ocrx_word' id='word_1_394' title='bbox 3111 674 3382 747; x_wconf 85' lang='lat' dir='ltr'>angustia</span> <span class='ocrx_word' id='word_1_395' title='bbox 3402 675 3474 732; x_wconf 87' lang='lat' dir='ltr'>ab</span> <span class='ocrx_word' id='word_1_396' title='bbox 3497 677 3580 732; x_wconf 89' lang='lat' dir='ltr'>eis</span> 
     </span>
    </p>
   </div>
   <div class='ocr_carea' id='block_1_51' title="bbox 1926 761 3584 836">
    <p class='ocr_par' dir='ltr' id='par_1_51' title="bbox 1926 761 3584 836">
     <span class='ocr_line' id='line_1_51' title="bbox 1926 761 3584 836; baseline 0.003 -21"><span class='ocrx_word' id='word_1_397' title='bbox 1926 761 2151 817; x_wconf 88' lang='lat' dir='ltr'>auferre</span> <span class='ocrx_word' id='word_1_398' title='bbox 2168 761 2376 833; x_wconf 88' lang='lat' dir='ltr'>potuit,</span> <span class='ocrx_word' id='word_1_399' title='bbox 2397 761 2538 834; x_wconf 90' lang='lat' dir='ltr'>quin</span> <span class='ocrx_word' id='word_1_400' title='bbox 2564 761 2758 836; x_wconf 85' lang='lat' dir='ltr'>potius</span> <span class='ocrx_word' id='word_1_401' title='bbox 2780 765 2866 830; x_wconf 83' lang='lat' dir='ltr'>(ut</span> <span class='ocrx_word' id='word_1_402' title='bbox 2885 763 3187 836; x_wconf 87' lang='lat' dir='ltr'>Scriptura</span> <span class='ocrx_word' id='word_1_403' title='bbox 3207 765 3399 835; x_wconf 80' lang='lat' dir='ltr'>refert)</span> <span class='ocrx_word' id='word_1_404' title='bbox 3421 763 3584 820; x_wconf 84' lang='lat' dir='ltr'>ibant</span> 
     </span>
    </p>
   </div>
   <div class='ocr_carea' id='block_1_52' title="bbox 1924 850 3583 924">
    <p class='ocr_par' dir='ltr' id='par_1_52' title="bbox 1924 850 3583 924">
     <span class='ocr_line' id='line_1_52' title="bbox 1924 850 3583 924; baseline 0.003 -20"><span class='ocrx_word' id='word_1_405' title='bbox 1924 850 2246 921; x_wconf 86' lang='lat' dir='ltr'>gaudentes</span> <span class='ocrx_word' id='word_1_406' title='bbox 2269 866 2302 905; x_wconf 85' lang='lat' dir='ltr'>a</span> <span class='ocrx_word' id='word_1_407' title='bbox 2327 855 2642 923; x_wconf 87' lang='lat' dir='ltr'>conspectu</span> <span class='ocrx_word' id='word_1_408' title='bbox 2667 850 2917 920; x_wconf 89' lang='lat' dir='ltr'>concilii,</span> <span class='ocrx_word' id='word_1_409' title='bbox 2953 851 3213 908; x_wconf 84' lang='lat' dir='ltr'>dicentes</span> <span class='ocrx_word' id='word_1_410' title='bbox 3236 875 3263 902; x_wconf 84' lang='lat'><strong>«</strong></span> <span class='ocrx_word' id='word_1_411' title='bbox 3292 851 3498 924; x_wconf 85' lang='lat' dir='ltr'>dignos</span> <span class='ocrx_word' id='word_1_412' title='bbox 3521 870 3583 909; x_wconf 91' lang='lat' dir='ltr'>se</span> 
     </span>
    </p>
   </div>
   <div class='ocr_carea' id='block_1_53' title="bbox 1925 938 3578 1013">
    <p class='ocr_par' dir='ltr' id='par_1_53' title="bbox 1925 938 3578 1013">
     <span class='ocr_line' id='line_1_53' title="bbox 1925 938 3578 1013; baseline -0.002 -19"><span class='ocrx_word' id='word_1_413' title='bbox 1925 955 2053 994; x_wconf 89' lang='lat' dir='ltr'>esse</span> <span class='ocrx_word' id='word_1_414' title='bbox 2082 955 2186 1010; x_wconf 85' lang='lat' dir='ltr'>pro</span> <span class='ocrx_word' id='word_1_415' title='bbox 2235 938 2470 995; x_wconf 89' lang='lat' dir='ltr'>nomine</span> <span class='ocrx_word' id='word_1_416' title='bbox 2512 940 2652 996; x_wconf 88' lang='lat' dir='ltr'>Jesu</span> <span class='ocrx_word' id='word_1_417' title='bbox 2709 939 3097 997; x_wconf 85' lang='lat' dir='ltr'>contumelias</span> <span class='ocrx_word' id='word_1_418' title='bbox 3127 940 3245 1013; x_wconf 90' lang='lat' dir='ltr'>pati</span> <span class='ocrx_word' id='word_1_419' title='bbox 3271 941 3405 1010; x_wconf 73' lang='lat' dir='ltr'>(Act.</span> <span class='ocrx_word' id='word_1_420' title='bbox 3442 944 3516 1004; x_wconf 92' lang='lat' dir='ltr'>v).</span> <span class='ocrx_word' id='word_1_421' title='bbox 3551 963 3578 990; x_wconf 85' lang='grc'><strong>››</strong></span> 
     </span>
    </p>
   </div>
   <div class='ocr_carea' id='block_1_54' title="bbox 1927 1026 3584 1102">
    <p class='ocr_par' dir='ltr' id='par_1_54' title="bbox 1927 1026 3584 1102">
     <span class='ocr_line' id='line_1_54' title="bbox 1927 1026 3584 1102; baseline 0.002 -20"><span class='ocrx_word' id='word_1_422' title='bbox 1927 1026 2089 1082; x_wconf 90' lang='lat' dir='ltr'>Unde</span> <span class='ocrx_word' id='word_1_423' title='bbox 2111 1031 2168 1083; x_wconf 88' lang='lat' dir='ltr'>et</span> <span class='ocrx_word' id='word_1_424' title='bbox 2200 1044 2564 1084; x_wconf 90' lang='lat' dir='ltr'>unuseorum</span> <span class='ocrx_word' id='word_1_425' title='bbox 2589 1029 3064 1102; x_wconf 74' lang='lat' dir='ltr'>gratulabundus</span> <span class='ocrx_word' id='word_1_426' title='bbox 3083 1029 3308 1086; x_wconf 86' lang='lat' dir='ltr'>aiebat:</span> <span class='ocrx_word' id='word_1_427' title='bbox 3346 1053 3371 1080; x_wconf 87' lang='grc'><strong>‹‹</strong></span> <span class='ocrx_word' id='word_1_428' title='bbox 3399 1029 3584 1086; x_wconf 87' lang='lat' dir='ltr'>Omne</span> 
     </span>
    </p>
   </div>
   <div class='ocr_carea' id='block_1_55' title="bbox 1925 1115 3583 1188">
    <p class='ocr_par' dir='ltr' id='par_1_55' title="bbox 1925 1115 3583 1188">
     <span class='ocr_line' id='line_1_55' title="bbox 1925 1115 3583 1188; baseline 0.001 -17"><span class='ocrx_word' id='word_1_429' title='bbox 1925 1115 2206 1188; x_wconf 86' lang='lat' dir='ltr'>gaudium</span> <span class='ocrx_word' id='word_1_430' title='bbox 2229 1116 2576 1182; x_wconf 83' lang='lat' dir='ltr'>existimate,</span> <span class='ocrx_word' id='word_1_431' title='bbox 2607 1118 2832 1185; x_wconf 79' lang='lat' dir='ltr'>fratres,</span> <span class='ocrx_word' id='word_1_432' title='bbox 2858 1133 2991 1172; x_wconf 89' lang='lat' dir='ltr'>cum</span> <span class='ocrx_word' id='word_1_433' title='bbox 3021 1117 3080 1172; x_wconf 93' lang='lat' dir='ltr'>in</span> <span class='ocrx_word' id='word_1_434' title='bbox 3112 1116 3300 1174; x_wconf 82' lang='lat' dir='ltr'>varias</span> <span class='ocrx_word' id='word_1_435' title='bbox 3331 1115 3583 1173; x_wconf 89' lang='lat' dir='ltr'>tribula—</span> 
     </span>
    </p>
   </div>
   <div class='ocr_carea' id='block_1_56' title="bbox 1925 1204 3582 1278">
    <p class='ocr_par' dir='ltr' id='par_1_56' title="bbox 1925 1204 3582 1278">
     <span class='ocr_line' id='line_1_56' title="bbox 1925 1204 3582 1278; baseline 0.002 -20"><span class='ocrx_word' id='word_1_436' title='bbox 1925 1205 2112 1261; x_wconf 90' lang='lat' dir='ltr'>tiones</span> <span class='ocrx_word' id='word_1_437' title='bbox 2132 1205 2473 1272; x_wconf 89' lang='lat' dir='ltr'>incideritis,</span> <span class='ocrx_word' id='word_1_438' title='bbox 2497 1205 2744 1261; x_wconf 88' lang='lat' dir='ltr'>scientes</span> <span class='ocrx_word' id='word_1_439' title='bbox 2762 1204 2901 1278; x_wconf 89' lang='lat' dir='ltr'>quia</span> <span class='ocrx_word' id='word_1_440' title='bbox 2919 1205 3217 1262; x_wconf 88' lang='lat' dir='ltr'>tribulatio</span> <span class='ocrx_word' id='word_1_441' title='bbox 3242 1204 3582 1278; x_wconf 84' lang='lat' dir='ltr'>patientiam</span> 
     </span>
    </p>
   </div>
   <div class='ocr_carea' id='block_1_57' title="bbox 1926 1293 3584 1366">
    <p class='ocr_par' dir='ltr' id='par_1_57' title="bbox 1926 1293 3584 1366">
     <span class='ocr_line' id='line_1_57' title="bbox 1926 1293 3584 1366; baseline 0 -18"><span class='ocrx_word' id='word_1_442' title='bbox 1926 1297 2217 1364; x_wconf 88' lang='lat' dir='ltr'>operatur,</span> <span class='ocrx_word' id='word_1_443' title='bbox 2271 1293 2552 1366; x_wconf 86' lang='lat' dir='ltr'>patientia</span> <span class='ocrx_word' id='word_1_444' title='bbox 2595 1297 2790 1349; x_wconf 88' lang='lat' dir='ltr'>autem</span> <span class='ocrx_word' id='word_1_445' title='bbox 2835 1294 3257 1366; x_wconf 85' lang='lat' dir='ltr'>probationem,</span> <span class='ocrx_word' id='word_1_446' title='bbox 3321 1293 3584 1366; x_wconf 89' lang='lat' dir='ltr'>probatio</span> 
     </span>
    </p>
   </div>
   <div class='ocr_carea' id='block_1_58' title="bbox 1923 1381 3584 1454">
    <p class='ocr_par' dir='ltr' id='par_1_58' title="bbox 1923 1381 3584 1454">
     <span class='ocr_line' id='line_1_58' title="bbox 1923 1381 3584 1454; baseline 0.001 -18"><span class='ocrx_word' id='word_1_447' title='bbox 1923 1398 2057 1436; x_wconf 89' lang='lat' dir='ltr'>vero</span> <span class='ocrx_word' id='word_1_448' title='bbox 2080 1399 2262 1454; x_wconf 90' lang='lat' dir='ltr'>spem,</span> <span class='ocrx_word' id='word_1_449' title='bbox 2289 1399 2422 1453; x_wconf 87' lang='lat' dir='ltr'>spes</span> <span class='ocrx_word' id='word_1_450' title='bbox 2445 1387 2639 1438; x_wconf 88' lang='lat' dir='ltr'>autem</span> <span class='ocrx_word' id='word_1_451' title='bbox 2674 1400 2780 1438; x_wconf 90' lang='lat' dir='ltr'>nos</span> <span class='ocrx_word' id='word_1_452' title='bbox 2806 1383 3132 1454; x_wconf 87' lang='lat' dir='ltr'>confundit,</span> <span class='ocrx_word' id='word_1_453' title='bbox 3161 1382 3301 1454; x_wconf 90' lang='lat' dir='ltr'>quia</span> <span class='ocrx_word' id='word_1_454' title='bbox 3328 1381 3584 1438; x_wconf 88' lang='lat' dir='ltr'>charitas</span> 
     </span>
    </p>
   </div>
   <div class='ocr_carea' id='block_1_59' title="bbox 1925 1470 3585 1543">
    <p class='ocr_par' dir='ltr' id='par_1_59' title="bbox 1925 1470 3585 1543">
     <span class='ocr_line' id='line_1_59' title="bbox 1925 1470 3585 1543; baseline 0.001 -19"><span class='ocrx_word' id='word_1_455' title='bbox 1925 1470 2026 1524; x_wconf 86' lang='lat' dir='ltr'>Dei</span> <span class='ocrx_word' id='word_1_456' title='bbox 2059 1470 2271 1526; x_wconf 83' lang='lat' dir='ltr'>ditfusa</span> <span class='ocrx_word' id='word_1_457' title='bbox 2293 1471 2459 1525; x_wconf 86' lang='lat' dir='ltr'>estin</span> <span class='ocrx_word' id='word_1_458' title='bbox 2483 1471 2758 1525; x_wconf 89' lang='lat' dir='ltr'>cordibus</span> <span class='ocrx_word' id='word_1_459' title='bbox 2781 1471 2996 1526; x_wconf 87' lang='lat' dir='ltr'>nostris</span> <span class='ocrx_word' id='word_1_460' title='bbox 3020 1487 3122 1543; x_wconf 90' lang='lat' dir='ltr'>per</span> <span class='ocrx_word' id='word_1_461' title='bbox 3148 1470 3429 1541; x_wconf 88' lang='lat' dir='ltr'>Spiritum</span> <span class='ocrx_word' id='word_1_462' title='bbox 3454 1487 3585 1526; x_wconf 89' lang='lat' dir='ltr'>san-</span> 
     </span>
    </p>
   </div>
   <div class='ocr_carea' id='block_1_60' title="bbox 1925 1559 3583 1631">
    <p class='ocr_par' dir='ltr' id='par_1_60' title="bbox 1925 1559 3583 1631">
     <span class='ocr_line' id='line_1_60' title="bbox 1925 1559 3583 1631; baseline 0 -17"><span class='ocrx_word' id='word_1_463' title='bbox 1925 1565 2106 1626; x_wconf 89' lang='lat' dir='ltr'>ctum,</span> <span class='ocrx_word' id='word_1_464' title='bbox 2142 1559 2240 1631; x_wconf 88' lang='lat' dir='ltr'>qui</span> <span class='ocrx_word' id='word_1_465' title='bbox 2291 1560 2464 1614; x_wconf 90' lang='lat' dir='ltr'>datus</span> <span class='ocrx_word' id='word_1_466' title='bbox 2517 1564 2606 1614; x_wconf 90' lang='lat' dir='ltr'>est</span> <span class='ocrx_word' id='word_1_467' title='bbox 2660 1559 2826 1614; x_wconf 89' lang='lat' dir='ltr'>nobis</span> <span class='ocrx_word' id='word_1_468' title='bbox 2857 1564 2997 1629; x_wconf 80' lang='lat' dir='ltr'>(Jac.</span> <span class='ocrx_word' id='word_1_469' title='bbox 3034 1578 3073 1628; x_wconf 84' lang='lat'>1;</span> <span class='ocrx_word' id='word_1_470' title='bbox 3108 1565 3261 1615; x_wconf 77' lang='lat' dir='ltr'>Item.</span> <span class='ocrx_word' id='word_1_471' title='bbox 3295 1560 3368 1630; x_wconf 82' lang='lat' dir='ltr'>v).</span> <span class='ocrx_word' id='word_1_472' title='bbox 3406 1582 3433 1608; x_wconf 86' lang='grc'><strong><em>››</em></strong></span> <span class='ocrx_word' id='word_1_473' title='bbox 3464 1560 3583 1626; x_wconf 86' lang='lat' dir='ltr'>Hoc</span> 
     </span>
    </p>
   </div>
   <div class='ocr_carea' id='block_1_61' title="bbox 1927 1648 3588 1721">
    <p class='ocr_par' dir='ltr' id='par_1_61' title="bbox 1927 1648 3588 1721">
     <span class='ocr_line' id='line_1_61' title="bbox 1927 1648 3588 1721; baseline 0.001 -19"><span class='ocrx_word' id='word_1_474' title='bbox 1927 1648 2215 1704; x_wconf 75' lang='lat' dir='ltr'>invisibile</span> <span class='ocrx_word' id='word_1_475' title='bbox 2241 1653 2296 1702; x_wconf 88' lang='lat' dir='ltr'>et</span> <span class='ocrx_word' id='word_1_476' title='bbox 2316 1648 2704 1704; x_wconf 89' lang='lat' dir='ltr'>inenarrabile</span> <span class='ocrx_word' id='word_1_477' title='bbox 2736 1648 3014 1721; x_wconf 85' lang='lat' dir='ltr'>gaudium</span> <span class='ocrx_word' id='word_1_478' title='bbox 3042 1649 3322 1703; x_wconf 83' lang='lat' dir='ltr'>Dominus</span> <span class='ocrx_word' id='word_1_479' title='bbox 3348 1648 3588 1720; x_wconf 77' lang='lat' dir='ltr'>promit-</span> 
     </span>
    </p>
   </div>
   <div class='ocr_carea' id='block_1_62' title="bbox 1924 1736 3582 1810">
    <p class='ocr_par' dir='ltr' id='par_1_62' title="bbox 1924 1736 3582 1810">
     <span class='ocr_line' id='line_1_62' title="bbox 1924 1736 3582 1810; baseline 0 -18"><span class='ocrx_word' id='word_1_480' title='bbox 1924 1737 2084 1792; x_wconf 85' lang='lat' dir='ltr'>tebat</span> <span class='ocrx_word' id='word_1_481' title='bbox 2109 1736 2406 1809; x_wconf 87' lang='lat' dir='ltr'>apostolis,</span> <span class='ocrx_word' id='word_1_482' title='bbox 2443 1755 2576 1792; x_wconf 86' lang='lat' dir='ltr'>cum</span> <span class='ocrx_word' id='word_1_483' title='bbox 2609 1737 2835 1793; x_wconf 88' lang='lat' dir='ltr'>dicebat</span> <span class='ocrx_word' id='word_1_484' title='bbox 2865 1754 2876 1793; x_wconf 91' lang='lat'>:</span> <span class='ocrx_word' id='word_1_485' title='bbox 2924 1761 2951 1787; x_wconf 92' lang='grc'><strong><em>‹‹</em></strong></span> <span class='ocrx_word' id='word_1_486' title='bbox 2986 1737 3166 1793; x_wconf 88' lang='lat' dir='ltr'>Petite</span> <span class='ocrx_word' id='word_1_487' title='bbox 3197 1743 3253 1793; x_wconf 89' lang='lat' dir='ltr'>et</span> <span class='ocrx_word' id='word_1_488' title='bbox 3283 1736 3582 1810; x_wconf 87' lang='lat' dir='ltr'>accipietis</span> 
     </span>
    </p>
   </div>
   <div class='ocr_carea' id='block_1_63' title="bbox 1847 1825 3581 1930">
    <p class='ocr_par' dir='ltr' id='par_1_63' title="bbox 1847 1825 3581 1930">
     <span class='ocr_line' id='line_1_63' title="bbox 1847 1825 3581 1930; baseline -0.001 -49"><span class='ocrx_word' id='word_1_489' title='bbox 1847 1863 1895 1930; x_wconf 71' lang='grc' dir='ltr'><strong>Β</strong></span> <span class='ocrx_word' id='word_1_490' title='bbox 1929 1831 1992 1881; x_wconf 94' lang='lat' dir='ltr'>ut</span> <span class='ocrx_word' id='word_1_491' title='bbox 2021 1826 2301 1899; x_wconf 88' lang='lat' dir='ltr'>gaudium</span> <span class='ocrx_word' id='word_1_492' title='bbox 2328 1842 2524 1880; x_wconf 89' lang='lat' dir='ltr'>meum</span> <span class='ocrx_word' id='word_1_493' title='bbox 2547 1825 2604 1880; x_wconf 87' lang='lat' dir='ltr'>in</span> <span class='ocrx_word' id='word_1_494' title='bbox 2631 1826 2794 1882; x_wconf 89' lang='lat' dir='ltr'>vobis</span> <span class='ocrx_word' id='word_1_495' title='bbox 2816 1825 2913 1891; x_wconf 85' lang='lat' dir='ltr'>sit,</span> <span class='ocrx_word' id='word_1_496' title='bbox 2937 1831 2993 1881; x_wconf 83' lang='lat' dir='ltr'>et</span> <span class='ocrx_word' id='word_1_497' title='bbox 3013 1825 3295 1898; x_wconf 87' lang='lat' dir='ltr'>gaudium</span> <span class='ocrx_word' id='word_1_498' title='bbox 3320 1830 3581 1881; x_wconf 89' lang='lat' dir='ltr'>vestrum</span> 
     </span>
    </p>
   </div>
   <div class='ocr_carea' id='block_1_64' title="bbox 1927 1913 3584 1987">
    <p class='ocr_par' dir='ltr' id='par_1_64' title="bbox 1927 1913 3584 1987">
     <span class='ocr_line' id='line_1_64' title="bbox 1927 1913 3584 1987; baseline 0 -18"><span class='ocrx_word' id='word_1_499' title='bbox 1927 1914 2240 1987; x_wconf 87' lang='lat' dir='ltr'>impleatur</span> <span class='ocrx_word' id='word_1_500' title='bbox 2260 1917 2435 1981; x_wconf 88' lang='lat' dir='ltr'>(Joan.</span> <span class='ocrx_word' id='word_1_501' title='bbox 2462 1914 2572 1985; x_wconf 77' lang='lat' dir='ltr'>xv).</span> <span class='ocrx_word' id='word_1_502' title='bbox 2597 1937 2622 1962; x_wconf 87' lang='grc'>››</span> <span class='ocrx_word' id='word_1_503' title='bbox 2649 1915 2834 1986; x_wconf 88' lang='lat' dir='ltr'>Hujus</span> <span class='ocrx_word' id='word_1_504' title='bbox 2857 1913 3169 1970; x_wconf 83' lang='lat' dir='ltr'>inetfabilis</span> <span class='ocrx_word' id='word_1_505' title='bbox 3187 1915 3407 1987; x_wconf 86' lang='lat' dir='ltr'>gaudii,</span> <span class='ocrx_word' id='word_1_506' title='bbox 3427 1913 3584 1985; x_wconf 89' lang='lat' dir='ltr'>quod</span> 
     </span>
    </p>
   </div>
   <div class='ocr_carea' id='block_1_65' title="bbox 1926 2003 3588 2076">
    <p class='ocr_par' dir='ltr' id='par_1_65' title="bbox 1926 2003 3588 2076">
     <span class='ocr_line' id='line_1_65' title="bbox 1926 2003 3588 2076; baseline -0.001 -18"><span class='ocrx_word' id='word_1_507' title='bbox 1926 2021 2097 2059; x_wconf 90' lang='lat' dir='ltr'>nemo</span> <span class='ocrx_word' id='word_1_508' title='bbox 2129 2004 2200 2059; x_wconf 90' lang='lat' dir='ltr'>ab</span> <span class='ocrx_word' id='word_1_509' title='bbox 2233 2003 2511 2075; x_wconf 90' lang='lat' dir='ltr'>apostolis</span> <span class='ocrx_word' id='word_1_510' title='bbox 2534 2003 2761 2058; x_wconf 86' lang='lat' dir='ltr'>auferre</span> <span class='ocrx_word' id='word_1_511' title='bbox 2793 2003 3000 2076; x_wconf 89' lang='lat' dir='ltr'>potuit,</span> <span class='ocrx_word' id='word_1_512' title='bbox 3035 2003 3376 2075; x_wconf 87' lang='lat' dir='ltr'>participem</span> <span class='ocrx_word' id='word_1_513' title='bbox 3398 2019 3459 2059; x_wconf 89' lang='lat' dir='ltr'>se</span> <span class='ocrx_word' id='word_1_514' title='bbox 3492 2019 3588 2057; x_wconf 89' lang='lat' dir='ltr'>no-</span> 
     </span>
    </p>
   </div>
   <div class='ocr_carea' id='block_1_66' title="bbox 1925 2091 3586 2162">
    <p class='ocr_par' dir='ltr' id='par_1_66' title="bbox 1925 2091 3586 2162">
     <span class='ocr_line' id='line_1_66' title="bbox 1925 2091 3586 2162; baseline 0 -16"><span class='ocrx_word' id='word_1_515' title='bbox 1925 2096 2084 2147; x_wconf 87' lang='lat' dir='ltr'>verat</span> <span class='ocrx_word' id='word_1_516' title='bbox 2113 2109 2240 2148; x_wconf 90' lang='lat' dir='ltr'>esse</span> <span class='ocrx_word' id='word_1_517' title='bbox 2272 2091 2838 2162; x_wconf 75' lang='lat' dir='ltr'>apostolus&#39;Paulus,</span> <span class='ocrx_word' id='word_1_518' title='bbox 2895 2109 3031 2147; x_wconf 91' lang='lat' dir='ltr'>cum</span> <span class='ocrx_word' id='word_1_519' title='bbox 3061 2091 3328 2148; x_wconf 87' lang='lat' dir='ltr'>dicebat:</span> <span class='ocrx_word' id='word_1_520' title='bbox 3385 2113 3413 2141; x_wconf 87' lang='lat'><strong>«</strong></span> <span class='ocrx_word' id='word_1_521' title='bbox 3446 2091 3586 2155; x_wconf 85' lang='lat' dir='ltr'>Quis</span> 
     </span>
    </p>
   </div>
   <div class='ocr_carea' id='block_1_67' title="bbox 1926 2177 3585 2252">
    <p class='ocr_par' dir='ltr' id='par_1_67' title="bbox 1926 2177 3585 2252">
     <span class='ocr_line' id='line_1_67' title="bbox 1926 2177 3585 2252; baseline -0.002 -16"><span class='ocrx_word' id='word_1_522' title='bbox 1926 2199 2034 2236; x_wconf 89' lang='lat' dir='ltr'>nos</span> <span class='ocrx_word' id='word_1_523' title='bbox 2083 2179 2378 2252; x_wconf 86' lang='lat' dir='ltr'>separabit</span> <span class='ocrx_word' id='word_1_524' title='bbox 2407 2197 2442 2235; x_wconf 90' lang='lat' dir='ltr'>a</span> <span class='ocrx_word' id='word_1_525' title='bbox 2471 2180 2753 2236; x_wconf 86' lang='lat' dir='ltr'>charitate</span> <span class='ocrx_word' id='word_1_526' title='bbox 2795 2179 3059 2236; x_wconf 79' lang='lat' dir='ltr'>Christi?</span> <span class='ocrx_word' id='word_1_527' title='bbox 3108 2177 3428 2235; x_wconf 88' lang='lat' dir='ltr'>Tribulatio</span> <span class='ocrx_word' id='word_1_528' title='bbox 3455 2179 3483 2233; x_wconf 69' lang='lat' dir='ltr'>‘I</span> <span class='ocrx_word' id='word_1_529' title='bbox 3512 2195 3585 2234; x_wconf 88' lang='lat' dir='ltr'>an</span> 
     </span>
    </p>
   </div>
   <div class='ocr_carea' id='block_1_68' title="bbox 1926 2267 3588 2341">
    <p class='ocr_par' dir='ltr' id='par_1_68' title="bbox 1926 2267 3588 2341">
     <span class='ocr_line' id='line_1_68' title="bbox 1926 2267 3588 2341; baseline -0.001 -17"><span class='ocrx_word' id='word_1_530' title='bbox 1926 2269 2235 2341; x_wconf 81' lang='lat' dir='ltr'>angustia?</span> <span class='ocrx_word' id='word_1_531' title='bbox 2267 2285 2339 2323; x_wconf 88' lang='lat' dir='ltr'>an</span> <span class='ocrx_word' id='word_1_532' title='bbox 2366 2267 2590 2324; x_wconf 88' lang='lat' dir='ltr'>fames?</span> <span class='ocrx_word' id='word_1_533' title='bbox 2612 2286 2683 2324; x_wconf 90' lang='lat' dir='ltr'>an</span> <span class='ocrx_word' id='word_1_534' title='bbox 2709 2268 3082 2340; x_wconf 82' lang='lat' dir='ltr'>persecutio?</span> <span class='ocrx_word' id='word_1_535' title='bbox 3113 2285 3184 2323; x_wconf 92' lang='lat' dir='ltr'>an</span> <span class='ocrx_word' id='word_1_536' title='bbox 3211 2267 3490 2323; x_wconf 82' lang='lat' dir='ltr'>auditas?</span> <span class='ocrx_word' id='word_1_537' title='bbox 3512 2284 3588 2323; x_wconf 87' lang='lat' dir='ltr'>an</span> 
     </span>
    </p>
   </div>
   <div class='ocr_carea' id='block_1_69' title="bbox 1925 2356 3583 2432">
    <p class='ocr_par' dir='ltr' id='par_1_69' title="bbox 1925 2356 3583 2432">
     <span class='ocr_line' id='line_1_69' title="bbox 1925 2356 3583 2432; baseline -0.001 -20"><span class='ocrx_word' id='word_1_538' title='bbox 1925 2359 2157 2432; x_wconf 82' lang='lat' dir='ltr'>gladius</span> <span class='ocrx_word' id='word_1_539' title='bbox 2181 2358 2208 2412; x_wconf 71' lang='grc' dir='ltr'><strong>Ῥ</strong></span> <span class='ocrx_word' id='word_1_540' title='bbox 2233 2363 2434 2413; x_wconf 78' lang='lat' dir='ltr'>Certus</span> <span class='ocrx_word' id='word_1_541' title='bbox 2464 2375 2596 2413; x_wconf 90' lang='lat' dir='ltr'>sum</span> <span class='ocrx_word' id='word_1_542' title='bbox 2627 2358 2767 2429; x_wconf 91' lang='lat' dir='ltr'>quia</span> <span class='ocrx_word' id='word_1_543' title='bbox 2798 2374 2984 2429; x_wconf 89' lang='lat' dir='ltr'>neque</span> <span class='ocrx_word' id='word_1_544' title='bbox 3017 2374 3195 2424; x_wconf 88' lang='lat' dir='ltr'>mors,</span> <span class='ocrx_word' id='word_1_545' title='bbox 3225 2373 3413 2428; x_wconf 89' lang='lat' dir='ltr'>neque</span> <span class='ocrx_word' id='word_1_546' title='bbox 3445 2356 3583 2423; x_wconf 90' lang='lat' dir='ltr'>vita,</span> 
     </span>
    </p>
   </div>
   <div class='ocr_carea' id='block_1_70' title="bbox 1925 2444 3582 2519">
    <p class='ocr_par' dir='ltr' id='par_1_70' title="bbox 1925 2444 3582 2519">
     <span class='ocr_line' id='line_1_70' title="bbox 1925 2444 3582 2519; baseline -0.001 -17"><span class='ocrx_word' id='word_1_547' title='bbox 1925 2463 2113 2519; x_wconf 89' lang='lat' dir='ltr'>neque</span> <span class='ocrx_word' id='word_1_548' title='bbox 2145 2446 2472 2518; x_wconf 70' lang='lat' dir='ltr'>praesentia,</span> <span class='ocrx_word' id='word_1_549' title='bbox 2509 2463 2697 2518; x_wconf 89' lang='lat' dir='ltr'>neque</span> <span class='ocrx_word' id='word_1_550' title='bbox 2720 2447 2932 2514; x_wconf 86' lang='lat' dir='ltr'>futura,</span> <span class='ocrx_word' id='word_1_551' title='bbox 2970 2461 3154 2517; x_wconf 89' lang='lat' dir='ltr'>neque</span> <span class='ocrx_word' id='word_1_552' title='bbox 3177 2444 3447 2512; x_wconf 88' lang='lat' dir='ltr'>altitudo,</span> <span class='ocrx_word' id='word_1_553' title='bbox 3482 2460 3582 2500; x_wconf 87' lang='lat' dir='ltr'>ne-</span> 
     </span>
    </p>
   </div>
   <div class='ocr_carea' id='block_1_71' title="bbox 1926 2535 3590 2608">
    <p class='ocr_par' dir='ltr' id='par_1_71' title="bbox 1926 2535 3590 2608">
     <span class='ocr_line' id='line_1_71' title="bbox 1926 2535 3590 2608; baseline -0.002 -17"><span class='ocrx_word' id='word_1_554' title='bbox 1926 2553 2036 2608; x_wconf 87' lang='lat' dir='ltr'>que</span> <span class='ocrx_word' id='word_1_555' title='bbox 2071 2537 2446 2607; x_wconf 78' lang='lat' dir='ltr'>profundum,</span> <span class='ocrx_word' id='word_1_556' title='bbox 2483 2553 2668 2607; x_wconf 88' lang='lat' dir='ltr'>neque</span> <span class='ocrx_word' id='word_1_557' title='bbox 2699 2535 2813 2590; x_wconf 76' lang='lat' dir='ltr'>alia</span> <span class='ocrx_word' id='word_1_558' title='bbox 2843 2541 3108 2590; x_wconf 86' lang='lat' dir='ltr'>creatura</span> <span class='ocrx_word' id='word_1_559' title='bbox 3138 2538 3350 2606; x_wconf 78' lang='lat' dir='ltr'>poterit</span> <span class='ocrx_word' id='word_1_560' title='bbox 3376 2550 3479 2590; x_wconf 87' lang='lat' dir='ltr'>nos</span> <span class='ocrx_word' id='word_1_561' title='bbox 3503 2550 3590 2588; x_wconf 88' lang='lat' dir='ltr'>se-</span> 
     </span>
    </p>
   </div>
   <div class='ocr_carea' id='block_1_72' title="bbox 1926 2623 3585 2698">
    <p class='ocr_par' dir='ltr' id='par_1_72' title="bbox 1926 2623 3585 2698">
     <span class='ocr_line' id='line_1_72' title="bbox 1926 2623 3585 2698; baseline -0.001 -18"><span class='ocrx_word' id='word_1_562' title='bbox 1926 2642 2129 2698; x_wconf 87' lang='lat' dir='ltr'>parare</span> <span class='ocrx_word' id='word_1_563' title='bbox 2162 2643 2195 2679; x_wconf 90' lang='lat' dir='ltr'>a</span> <span class='ocrx_word' id='word_1_564' title='bbox 2251 2624 2531 2679; x_wconf 86' lang='lat' dir='ltr'>charitate</span> <span class='ocrx_word' id='word_1_565' title='bbox 2590 2624 2712 2689; x_wconf 89' lang='lat' dir='ltr'>Dei,</span> <span class='ocrx_word' id='word_1_566' title='bbox 2775 2642 2904 2696; x_wconf 69' lang='lat' dir='ltr'>quae</span> <span class='ocrx_word' id='word_1_567' title='bbox 2935 2623 3113 2679; x_wconf 89' lang='lat' dir='ltr'>estin</span> <span class='ocrx_word' id='word_1_568' title='bbox 3169 2623 3400 2680; x_wconf 88' lang='lat' dir='ltr'>Christo</span> <span class='ocrx_word' id='word_1_569' title='bbox 3444 2623 3585 2678; x_wconf 82' lang='lat' dir='ltr'>Jesu</span> 
     </span>
    </p>
   </div>
   <div class='ocr_carea' id='block_1_73' title="bbox 1927 2709 3584 2787">
    <p class='ocr_par' dir='ltr' id='par_1_73' title="bbox 1927 2709 3584 2787">
     <span class='ocr_line' id='line_1_73' title="bbox 1927 2709 3584 2787; baseline -0.002 -18"><span class='ocrx_word' id='word_1_570' title='bbox 1927 2716 2096 2787; x_wconf 82' lang='lat' dir='ltr'>(Rom.</span> <span class='ocrx_word' id='word_1_571' title='bbox 2133 2713 2277 2784; x_wconf 78' lang='lat' dir='ltr'>vui).</span> <span class='ocrx_word' id='word_1_572' title='bbox 2315 2735 2341 2761; x_wconf 87' lang='grc'>››</span> <span class='ocrx_word' id='word_1_573' title='bbox 2396 2714 2465 2767; x_wconf 89' lang='lat' dir='ltr'>Et</span> <span class='ocrx_word' id='word_1_574' title='bbox 2495 2729 2602 2767; x_wconf 90' lang='lat' dir='ltr'>nos</span> <span class='ocrx_word' id='word_1_575' title='bbox 2650 2711 2830 2784; x_wconf 86' lang='lat' dir='ltr'>igitur</span> <span class='ocrx_word' id='word_1_576' title='bbox 2859 2711 2907 2766; x_wconf 92' lang='lat' dir='ltr'>si</span> <span class='ocrx_word' id='word_1_577' title='bbox 2939 2728 3042 2783; x_wconf 89' lang='lat' dir='ltr'>pro</span> <span class='ocrx_word' id='word_1_578' title='bbox 3073 2709 3316 2767; x_wconf 88' lang='lat' dir='ltr'>modulo</span> <span class='ocrx_word' id='word_1_579' title='bbox 3373 2715 3584 2766; x_wconf 70' lang='lat' dir='ltr'>nostras</span> 
     </span>
    </p>
   </div>
   <div class='ocr_carea' id='block_1_74' title="bbox 1925 2798 3587 2875">
    <p class='ocr_par' dir='ltr' id='par_1_74' title="bbox 1925 2798 3587 2875">
     <span class='ocr_line' id='line_1_74' title="bbox 1925 2798 3587 2875; baseline -0.004 -17"><span class='ocrx_word' id='word_1_580' title='bbox 1925 2801 2257 2875; x_wconf 77' lang='lat' dir='ltr'>fragilitatis</span> <span class='ocrx_word' id='word_1_581' title='bbox 2281 2801 2338 2855; x_wconf 92' lang='lat' dir='ltr'>in</span> <span class='ocrx_word' id='word_1_582' title='bbox 2353 2798 2620 2872; x_wconf 69' lang='lat' dir='ltr'>praesenti</span> <span class='ocrx_word' id='word_1_583' title='bbox 2637 2800 2750 2855; x_wconf 90' lang='lat' dir='ltr'>vita</span> <span class='ocrx_word' id='word_1_584' title='bbox 2770 2816 2905 2855; x_wconf 86' lang='lat' dir='ltr'>cum</span> <span class='ocrx_word' id='word_1_585' title='bbox 2918 2799 3199 2871; x_wconf 87' lang='lat' dir='ltr'>apostolis</span> <span class='ocrx_word' id='word_1_586' title='bbox 3217 2799 3587 2875; x_wconf 57' lang='lat' dir='ltr'>constristaig</span> 
     </span>
    </p>
   </div>
   <div class='ocr_carea' id='block_1_75' title="bbox 1927 2871 3585 2962">
    <p class='ocr_par' dir='ltr' id='par_1_75' title="bbox 1927 2871 3585 2962">
     <span class='ocr_line' id='line_1_75' title="bbox 1927 2871 3585 2962; baseline -0.001 -16"><span class='ocrx_word' id='word_1_587' title='bbox 1927 2871 2046 2946; x_wconf 72' lang='lat' dir='ltr'>non</span> <span class='ocrx_word' id='word_1_588' title='bbox 2073 2871 2459 2956; x_wconf 82' lang='lat' dir='ltr'>renuerimus,</span> <span class='ocrx_word' id='word_1_589' title='bbox 2491 2890 2562 2945; x_wconf 86' lang='lat' dir='ltr'>ad</span> <span class='ocrx_word' id='word_1_590' title='bbox 2598 2888 2740 2945; x_wconf 90' lang='lat' dir='ltr'>illud</span> <span class='ocrx_word' id='word_1_591' title='bbox 2773 2888 3064 2944; x_wconf 75' lang='lat' dir='ltr'>ineffabile</span> <span class='ocrx_word' id='word_1_592' title='bbox 3094 2888 3378 2962; x_wconf 87' lang='lat' dir='ltr'>gaudium</span> <span class='ocrx_word' id='word_1_593' title='bbox 3427 2871 3585 2960; x_wconf 75' lang='lat' dir='ltr'>quod</span> 
     </span>
    </p>
   </div>
   <div class='ocr_carea' id='block_1_76' title="bbox 1925 2977 3585 3051">
    <p class='ocr_par' dir='ltr' id='par_1_76' title="bbox 1925 2977 3585 3051">
     <span class='ocr_line' id='line_1_76' title="bbox 1925 2977 3585 3051; baseline -0.001 -17"><span class='ocrx_word' id='word_1_594' title='bbox 1925 2980 2020 3034; x_wconf 91' lang='lat' dir='ltr'>ille</span> <span class='ocrx_word' id='word_1_595' title='bbox 2051 2979 2446 3051; x_wconf 76' lang='lat' dir='ltr'>promittebat,</span> <span class='ocrx_word' id='word_1_596' title='bbox 2483 2979 2780 3050; x_wconf 87' lang='lat' dir='ltr'>pervenire</span> <span class='ocrx_word' id='word_1_597' title='bbox 2810 2977 3184 3044; x_wconf 88' lang='lat' dir='ltr'>merebimur,</span> <span class='ocrx_word' id='word_1_598' title='bbox 3229 2977 3465 3048; x_wconf 88' lang='lat' dir='ltr'>quando</span> <span class='ocrx_word' id='word_1_599' title='bbox 3495 2977 3585 3032; x_wconf 90' lang='lat' dir='ltr'>in-</span> 
     </span>
    </p>
   </div>
   <div class='ocr_carea' id='block_1_77' title="bbox 1926 3065 3581 3138">
    <p class='ocr_par' dir='ltr' id='par_1_77' title="bbox 1926 3065 3581 3138">
     <span class='ocr_line' id='line_1_77' title="bbox 1926 3065 3581 3138; baseline -0.002 -15"><span class='ocrx_word' id='word_1_600' title='bbox 1926 3068 2236 3123; x_wconf 89' lang='lat' dir='ltr'>troibimus</span> <span class='ocrx_word' id='word_1_601' title='bbox 2254 3065 2312 3121; x_wconf 88' lang='lat' dir='ltr'>in</span> <span class='ocrx_word' id='word_1_602' title='bbox 2333 3070 2648 3138; x_wconf 86' lang='lat' dir='ltr'>conspectu</span> <span class='ocrx_word' id='word_1_603' title='bbox 2669 3066 2898 3122; x_wconf 89' lang='lat' dir='ltr'>Domini</span> <span class='ocrx_word' id='word_1_604' title='bbox 2914 3066 2974 3122; x_wconf 91' lang='lat' dir='ltr'>in</span> <span class='ocrx_word' id='word_1_605' title='bbox 2988 3067 3402 3123; x_wconf 79' lang='lat' dir='ltr'>exsultatione:</span> <span class='ocrx_word' id='word_1_606' title='bbox 3424 3065 3581 3138; x_wconf 88' lang='lat' dir='ltr'>quia,</span> 
     </span>
    </p>
   </div>
   <div class='ocr_carea' id='block_1_78' title="bbox 1929 3153 3585 3228">
    <p class='ocr_par' dir='ltr' id='par_1_78' title="bbox 1929 3153 3585 3228">
     <span class='ocr_line' id='line_1_78' title="bbox 1929 3153 3585 3228; baseline -0.001 -18"><span class='ocrx_word' id='word_1_607' title='bbox 1929 3162 1991 3210; x_wconf 92' lang='lat' dir='ltr'>ut</span> <span class='ocrx_word' id='word_1_608' title='bbox 2021 3156 2101 3211; x_wconf 89' lang='lat' dir='ltr'>ait</span> <span class='ocrx_word' id='word_1_609' title='bbox 2122 3155 2454 3228; x_wconf 82' lang='lat' dir='ltr'>Apostolus:</span> <span class='ocrx_word' id='word_1_610' title='bbox 2480 3178 2508 3204; x_wconf 79' lang='grc'>‹‹</span> <span class='ocrx_word' id='word_1_611' title='bbox 2527 3154 2586 3209; x_wconf 87' lang='lat' dir='ltr'>Si</span> <span class='ocrx_word' id='word_1_612' title='bbox 2608 3155 2893 3211; x_wconf 80' lang='lat' dir='ltr'>fuerimus</span> <span class='ocrx_word' id='word_1_613' title='bbox 2918 3155 3059 3211; x_wconf 92' lang='lat' dir='ltr'>socii</span> <span class='ocrx_word' id='word_1_614' title='bbox 3089 3154 3455 3227; x_wconf 88' lang='lat' dir='ltr'>passionum,</span> <span class='ocrx_word' id='word_1_615' title='bbox 3477 3153 3585 3210; x_wconf 86' lang='lat' dir='ltr'>eri-</span> 
     </span>
    </p>
   </div>
   <div class='ocr_carea' id='block_1_79' title="bbox 1929 3243 3582 3316">
    <p class='ocr_par' dir='ltr' id='par_1_79' title="bbox 1929 3243 3582 3316">
     <span class='ocr_line' id='line_1_79' title="bbox 1929 3243 3582 3316; baseline -0.001 -16"><span class='ocrx_word' id='word_1_616' title='bbox 1929 3263 2062 3301; x_wconf 91' lang='lat' dir='ltr'>mus</span> <span class='ocrx_word' id='word_1_617' title='bbox 2093 3250 2150 3300; x_wconf 86' lang='lat' dir='ltr'>ct</span> <span class='ocrx_word' id='word_1_618' title='bbox 2181 3244 2594 3300; x_wconf 90' lang='lat' dir='ltr'>consolationis</span> <span class='ocrx_word' id='word_1_619' title='bbox 2622 3261 2634 3299; x_wconf 92' lang='lat'>:</span> <span class='ocrx_word' id='word_1_620' title='bbox 2668 3248 2725 3299; x_wconf 92' lang='lat' dir='ltr'>et</span> <span class='ocrx_word' id='word_1_621' title='bbox 2755 3243 2804 3298; x_wconf 88' lang='lat' dir='ltr'>si</span> <span class='ocrx_word' id='word_1_622' title='bbox 2844 3245 3259 3316; x_wconf 89' lang='lat' dir='ltr'>compatimur,</span> <span class='ocrx_word' id='word_1_623' title='bbox 3291 3247 3347 3300; x_wconf 88' lang='lat' dir='ltr'>et</span> <span class='ocrx_word' id='word_1_624' title='bbox 3374 3259 3582 3299; x_wconf 88' lang='lat' dir='ltr'>conre-</span> 
     </span>
    </p>
   </div>
   <div class='ocr_carea' id='block_1_80' title="bbox 1928 3331 3578 3407">
    <p class='ocr_par' dir='ltr' id='par_1_80' title="bbox 1928 3331 3578 3407">
     <span class='ocr_line' id='line_1_80' title="bbox 1928 3331 3578 3407; baseline -0.001 -19"><span class='ocrx_word' id='word_1_625' title='bbox 1928 3333 2242 3407; x_wconf 87' lang='lat' dir='ltr'>gnabimus</span> <span class='ocrx_word' id='word_1_626' title='bbox 2299 3333 2342 3406; x_wconf 81' lang='grc' dir='ltr'>(Ι</span> <span class='ocrx_word' id='word_1_627' title='bbox 2372 3334 2491 3389; x_wconf 85' lang='lat' dir='ltr'>Cor.</span> <span class='ocrx_word' id='word_1_628' title='bbox 2527 3350 2575 3400; x_wconf 86' lang='lat'>1;</span> <span class='ocrx_word' id='word_1_629' title='bbox 2635 3334 2786 3388; x_wconf 85' lang='lat' dir='ltr'>Rom.</span> <span class='ocrx_word' id='word_1_630' title='bbox 2816 3334 2963 3404; x_wconf 81' lang='lat' dir='ltr'>vni).</span> <span class='ocrx_word' id='word_1_631' title='bbox 2991 3355 3020 3382; x_wconf 89' lang='grc'>››</span> <span class='ocrx_word' id='word_1_632' title='bbox 3075 3331 3237 3396; x_wconf 89' lang='lat' dir='ltr'>Quod</span> <span class='ocrx_word' id='word_1_633' title='bbox 3295 3331 3578 3404; x_wconf 87' lang='lat' dir='ltr'>gaudium</span> 
     </span>
    </p>
   </div>
   <div class='ocr_carea' id='block_1_81' title="bbox 1929 3419 3585 3493">
    <p class='ocr_par' dir='ltr' id='par_1_81' title="bbox 1929 3419 3585 3493">
     <span class='ocr_line' id='line_1_81' title="bbox 1929 3419 3585 3493; baseline -0.002 -15"><span class='ocrx_word' id='word_1_634' title='bbox 1929 3439 2097 3478; x_wconf 90' lang='lat' dir='ltr'>nemo</span> <span class='ocrx_word' id='word_1_635' title='bbox 2121 3422 2281 3478; x_wconf 89' lang='lat' dir='ltr'>tollet</span> <span class='ocrx_word' id='word_1_636' title='bbox 2311 3439 2345 3477; x_wconf 88' lang='lat' dir='ltr'>a</span> <span class='ocrx_word' id='word_1_637' title='bbox 2365 3421 2547 3491; x_wconf 87' lang='lat' dir='ltr'>vobis,</span> <span class='ocrx_word' id='word_1_638' title='bbox 2582 3419 2721 3493; x_wconf 88' lang='lat' dir='ltr'>quia</span> <span class='ocrx_word' id='word_1_639' title='bbox 2743 3420 2906 3476; x_wconf 89' lang='lat' dir='ltr'>nulla</span> <span class='ocrx_word' id='word_1_640' title='bbox 2928 3421 3198 3487; x_wconf 88' lang='lat' dir='ltr'>varietas,</span> <span class='ocrx_word' id='word_1_641' title='bbox 3221 3419 3386 3476; x_wconf 86' lang='lat' dir='ltr'>nulla</span> <span class='ocrx_word' id='word_1_642' title='bbox 3403 3419 3585 3476; x_wconf 82' lang='lat' dir='ltr'>tristi-</span> 
     </span>
    </p>
   </div>
   <div class='ocr_carea' id='block_1_82' title="bbox 1929 3508 3586 3578">
    <p class='ocr_par' dir='ltr' id='par_1_82' title="bbox 1929 3508 3586 3578">
     <span class='ocr_line' id='line_1_82' title="bbox 1929 3508 3586 3578; baseline -0.002 -12"><span class='ocrx_word' id='word_1_643' title='bbox 1929 3511 2028 3578; x_wconf 91' lang='lat' dir='ltr'>tia,</span> <span class='ocrx_word' id='word_1_644' title='bbox 2063 3509 2261 3566; x_wconf 89' lang='lat' dir='ltr'>nullus</span> <span class='ocrx_word' id='word_1_645' title='bbox 2294 3515 2487 3566; x_wconf 89' lang='lat' dir='ltr'>metus</span> <span class='ocrx_word' id='word_1_646' title='bbox 2518 3510 2724 3567; x_wconf 89' lang='lat' dir='ltr'>mortis</span> <span class='ocrx_word' id='word_1_647' title='bbox 2773 3510 2831 3565; x_wconf 91' lang='lat' dir='ltr'>in</span> <span class='ocrx_word' id='word_1_648' title='bbox 2865 3513 3080 3567; x_wconf 84' lang='lat' dir='ltr'>aeterna</span> <span class='ocrx_word' id='word_1_649' title='bbox 3107 3508 3311 3565; x_wconf 86' lang='lat' dir='ltr'>laetitia</span> <span class='ocrx_word' id='word_1_650' title='bbox 3342 3508 3586 3566; x_wconf 86' lang='lat' dir='ltr'>inveniri</span> 
     </span>
    </p>
   </div>
   <div class='ocr_carea' id='block_1_83' title="bbox 1928 3597 3588 3672">
    <p class='ocr_par' dir='ltr' id='par_1_83' title="bbox 1928 3597 3588 3672">
     <span class='ocr_line' id='line_1_83' title="bbox 1928 3597 3588 3672; baseline -0.002 -16"><span class='ocrx_word' id='word_1_651' title='bbox 1928 3601 2164 3672; x_wconf 88' lang='lat' dir='ltr'>poterit;</span> <span class='ocrx_word' id='word_1_652' title='bbox 2186 3601 2308 3667; x_wconf 88' lang='lat' dir='ltr'>sed,</span> <span class='ocrx_word' id='word_1_653' title='bbox 2331 3599 2482 3654; x_wconf 89' lang='lat' dir='ltr'>sicut</span> <span class='ocrx_word' id='word_1_654' title='bbox 2502 3600 2584 3654; x_wconf 87' lang='lat' dir='ltr'>ait</span> <span class='ocrx_word' id='word_1_655' title='bbox 2605 3599 2924 3671; x_wconf 87' lang='lat' dir='ltr'>Scriptura,</span> <span class='ocrx_word' id='word_1_656' title='bbox 2944 3599 3226 3671; x_wconf 89' lang='lat' dir='ltr'>gaudium</span> <span class='ocrx_word' id='word_1_657' title='bbox 3252 3602 3308 3653; x_wconf 91' lang='lat' dir='ltr'>et</span> <span class='ocrx_word' id='word_1_658' title='bbox 3328 3597 3588 3653; x_wconf 72' lang='lat' dir='ltr'>laetitiam</span> 
     </span>
    </p>
   </div>
   <div class='ocr_carea' id='block_1_84' title="bbox 1927 3687 3585 3760">
    <p class='ocr_par' dir='ltr' id='par_1_84' title="bbox 1927 3687 3585 3760">
     <span class='ocr_line' id='line_1_84' title="bbox 1927 3687 3585 3760; baseline -0.002 -15"><span class='ocrx_word' id='word_1_659' title='bbox 1927 3690 2275 3746; x_wconf 87' lang='lat' dir='ltr'>obtinebunt</span> <span class='ocrx_word' id='word_1_660' title='bbox 2305 3687 2404 3760; x_wconf 91' lang='lat' dir='ltr'>qui</span> <span class='ocrx_word' id='word_1_661' title='bbox 2433 3688 2716 3760; x_wconf 89' lang='lat' dir='ltr'>redempti</span> <span class='ocrx_word' id='word_1_662' title='bbox 2751 3688 2968 3743; x_wconf 82' lang='lat' dir='ltr'>fuerint</span> <span class='ocrx_word' id='word_1_663' title='bbox 2997 3704 3031 3742; x_wconf 86' lang='lat' dir='ltr'>a</span> <span class='ocrx_word' id='word_1_664' title='bbox 3059 3687 3328 3756; x_wconf 90' lang='lat' dir='ltr'>Domino,</span> <span class='ocrx_word' id='word_1_665' title='bbox 3364 3691 3422 3744; x_wconf 84' lang='lat' dir='ltr'>et</span> <span class='ocrx_word' id='word_1_666' title='bbox 3450 3703 3585 3743; x_wconf 89' lang='lat' dir='ltr'>con-</span> 
     </span>
    </p>
   </div>
   <div class='ocr_carea' id='block_1_85' title="bbox 1927 3776 3589 3849">
    <p class='ocr_par' dir='ltr' id='par_1_85' title="bbox 1927 3776 3589 3849">
     <span class='ocr_line' id='line_1_85' title="bbox 1927 3776 3589 3849; baseline -0.003 -14"><span class='ocrx_word' id='word_1_667' title='bbox 1927 3779 2156 3835; x_wconf 89' lang='lat' dir='ltr'>venient</span> <span class='ocrx_word' id='word_1_668' title='bbox 2187 3779 2243 3832; x_wconf 92' lang='lat' dir='ltr'>in</span> <span class='ocrx_word' id='word_1_669' title='bbox 2267 3778 2404 3834; x_wconf 90' lang='lat' dir='ltr'>Sion</span> <span class='ocrx_word' id='word_1_670' title='bbox 2434 3776 2716 3842; x_wconf 71' lang='lat' dir='ltr'>laetantes,</span> <span class='ocrx_word' id='word_1_671' title='bbox 2741 3782 2796 3833; x_wconf 90' lang='lat' dir='ltr'>et</span> <span class='ocrx_word' id='word_1_672' title='bbox 2820 3777 3018 3833; x_wconf 78' lang='lat' dir='ltr'>laetitia</span> <span class='ocrx_word' id='word_1_673' title='bbox 3037 3777 3394 3849; x_wconf 87' lang='lat' dir='ltr'>sempiterna</span> <span class='ocrx_word' id='word_1_674' title='bbox 3411 3793 3589 3849; x_wconf 87' lang='lat' dir='ltr'>super</span> 
     </span>
    </p>
   </div>
   <div class='ocr_carea' id='block_1_86' title="bbox 1927 3869 2372 3940">
    <p class='ocr_par' dir='ltr' id='par_1_86' title="bbox 1927 3869 2372 3940">
     <span class='ocr_line' id='line_1_86' title="bbox 1927 3869 2372 3940; baseline -0.004 -18"><span class='ocrx_word' id='word_1_675' title='bbox 1927 3869 2120 3940; x_wconf 89' lang='lat' dir='ltr'>capita</span> <span class='ocrx_word' id='word_1_676' title='bbox 2149 3883 2372 3922; x_wconf 88' lang='lat' dir='ltr'>eorum.</span> 
     </span>
    </p>
   </div>
   <div class='ocr_carea' id='block_1_87' title="bbox 2442 4007 3067 4064">
    <p class='ocr_par' dir='ltr' id='par_1_87' title="bbox 2442 4007 3067 4064">
     <span class='ocr_line' id='line_1_87' title="bbox 2442 4007 3067 4064; baseline 0 -2"><span class='ocrx_word' id='word_1_677' title='bbox 2442 4007 2747 4064; x_wconf 82' lang='lat' dir='ltr'>HOMILIA</span> <span class='ocrx_word' id='word_1_678' title='bbox 2790 4008 3067 4063; x_wconf 75' lang='lat' dir='ltr'>LXXXVI.</span> 
     </span>
    </p>
   </div>
   <div class='ocr_carea' id='block_1_88' title="bbox 2105 4098 3407 4164">
    <p class='ocr_par' dir='ltr' id='par_1_88' title="bbox 2105 4098 3407 4164">
     <span class='ocr_line' id='line_1_88' title="bbox 2105 4098 3407 4164; baseline -0.003 -10"><span class='ocrx_word' id='word_1_679' title='bbox 2105 4115 2379 4154; x_wconf 73' lang='lat' dir='ltr'>DXMINICA</span> <span class='ocrx_word' id='word_1_680' title='bbox 2419 4113 2645 4160; x_wconf 69' lang='lat' dir='ltr'>omnm</span> <span class='ocrx_word' id='word_1_681' title='bbox 2684 4114 2822 4152; x_wconf 70' lang='lat' dir='ltr'>eos&#39;r</span> <span class='ocrx_word' id='word_1_682' title='bbox 2864 4113 3097 4164; x_wconf 57' lang='lat' dir='ltr'>pascua,</span> <span class='ocrx_word' id='word_1_683' title='bbox 3154 4098 3407 4152; x_wconf 74' lang='lat' dir='ltr'>Cuntatc.</span> 
     </span>
    </p>
   </div>
   <div class='ocr_carea' id='block_1_89' title="bbox 1996 4219 3588 4294">
    <p class='ocr_par' dir='ltr' id='par_1_89' title="bbox 1996 4219 3588 4294">
     <span class='ocr_line' id='line_1_89' title="bbox 1996 4219 3588 4294; baseline -0.004 -15"><span class='ocrx_word' id='word_1_684' title='bbox 1996 4225 2136 4292; x_wconf 77' lang='lat' dir='ltr'>(JAC.</span> <span class='ocrx_word' id='word_1_685' title='bbox 2167 4223 2231 4294; x_wconf 87' lang='grc' dir='ltr'>ι.)</span> <span class='ocrx_word' id='word_1_686' title='bbox 2256 4245 2282 4271; x_wconf 87' lang='grc'><em>‹‹</em></span> <span class='ocrx_word' id='word_1_687' title='bbox 2319 4219 2684 4285; x_wconf 89' lang='lat' dir='ltr'>Charissimi,</span> <span class='ocrx_word' id='word_1_688' title='bbox 2717 4237 2889 4275; x_wconf 88' lang='lat' dir='ltr'>omne</span> <span class='ocrx_word' id='word_1_689' title='bbox 2919 4221 3124 4275; x_wconf 90' lang='lat' dir='ltr'>datum</span> <span class='ocrx_word' id='word_1_690' title='bbox 3164 4219 3478 4290; x_wconf 88' lang='lat' dir='ltr'>optimum,</span> <span class='ocrx_word' id='word_1_691' title='bbox 3531 4221 3588 4274; x_wconf 91' lang='lat' dir='ltr'>et</span> 
     </span>
    </p>
   </div>
   <div class='ocr_carea' id='block_1_90' title="bbox 1925 4305 3587 4381">
    <p class='ocr_par' dir='ltr' id='par_1_90' title="bbox 1925 4305 3587 4381">
     <span class='ocr_line' id='line_1_90' title="bbox 1925 4305 3587 4381; baseline 0 -19"><span class='ocrx_word' id='word_1_692' title='bbox 1925 4336 1953 4362; x_wconf 84' lang='grc'>‹‹</span> <span class='ocrx_word' id='word_1_693' title='bbox 1987 4329 2158 4368; x_wconf 89' lang='lat' dir='ltr'>omne</span> <span class='ocrx_word' id='word_1_694' title='bbox 2191 4311 2408 4366; x_wconf 89' lang='lat' dir='ltr'>donum</span> <span class='ocrx_word' id='word_1_695' title='bbox 2443 4309 2764 4381; x_wconf 84' lang='lat' dir='ltr'>perfectum</span> <span class='ocrx_word' id='word_1_696' title='bbox 2799 4309 3110 4364; x_wconf 90' lang='lat' dir='ltr'>desursum</span> <span class='ocrx_word' id='word_1_697' title='bbox 3145 4312 3256 4362; x_wconf 89' lang='lat' dir='ltr'>est.</span> <span class='ocrx_word' id='word_1_698' title='bbox 3282 4330 3310 4358; x_wconf 85' lang='lat'>»</span> <span class='ocrx_word' id='word_1_699' title='bbox 3345 4308 3413 4362; x_wconf 83' lang='lat' dir='ltr'>Et</span> <span class='ocrx_word' id='word_1_700' title='bbox 3453 4305 3587 4362; x_wconf 85' lang='lat' dir='ltr'>reli-</span> 
     </span>
    </p>
   </div>
   <div class='ocr_carea' id='block_1_91' title="bbox 1928 4395 3587 4474">
    <p class='ocr_par' dir='ltr' id='par_1_91' title="bbox 1928 4395 3587 4474">
     <span class='ocr_line' id='line_1_91' title="bbox 1928 4395 3587 4474; baseline -0.002 -18"><span class='ocrx_word' id='word_1_701' title='bbox 1928 4419 2062 4474; x_wconf 91' lang='lat' dir='ltr'>qua.</span> <span class='ocrx_word' id='word_1_702' title='bbox 2097 4402 2164 4456; x_wconf 86' lang='lat' dir='ltr'>Et</span> <span class='ocrx_word' id='word_1_703' title='bbox 2190 4398 2536 4473; x_wconf 89' lang='lat' dir='ltr'>generaliter</span> <span class='ocrx_word' id='word_1_704' title='bbox 2566 4398 2637 4453; x_wconf 90' lang='lat' dir='ltr'>de</span> <span class='ocrx_word' id='word_1_705' title='bbox 2669 4397 2964 4465; x_wconf 88' lang='lat' dir='ltr'>omnibus,</span> <span class='ocrx_word' id='word_1_706' title='bbox 3019 4401 3078 4453; x_wconf 89' lang='lat' dir='ltr'>et</span> <span class='ocrx_word' id='word_1_707' title='bbox 3133 4395 3468 4468; x_wconf 76' lang='lat' dir='ltr'>specialiter</span> <span class='ocrx_word' id='word_1_708' title='bbox 3517 4395 3587 4452; x_wconf 88' lang='lat' dir='ltr'>de</span> 
     </span>
    </p>
   </div>
   <div class='ocr_carea' id='block_1_92' title="bbox 1928 4485 3588 4562">
    <p class='ocr_par' dir='ltr' id='par_1_92' title="bbox 1928 4485 3588 4562">
     <span class='ocr_line' id='line_1_92' title="bbox 1928 4485 3588 4562; baseline -0.004 -16"><span class='ocrx_word' id='word_1_709' title='bbox 1928 4504 2282 4562; x_wconf 87' lang='lat' dir='ltr'>unaquaque</span> <span class='ocrx_word' id='word_1_710' title='bbox 2316 4506 2349 4543; x_wconf 89' lang='lat' dir='ltr'>a</span> <span class='ocrx_word' id='word_1_711' title='bbox 2375 4487 2490 4543; x_wconf 89' lang='lat' dir='ltr'>Deo</span> <span class='ocrx_word' id='word_1_712' title='bbox 2524 4487 2658 4543; x_wconf 88' lang='lat' dir='ltr'>data</span> <span class='ocrx_word' id='word_1_713' title='bbox 2703 4486 2913 4543; x_wconf 89' lang='lat' dir='ltr'>virtute</span> <span class='ocrx_word' id='word_1_714' title='bbox 2964 4485 3345 4559; x_wconf 87' lang='lat' dir='ltr'>intelligitur;</span> <span class='ocrx_word' id='word_1_715' title='bbox 3397 4487 3588 4557; x_wconf 87' lang='lat' dir='ltr'>potest</span> 
     </span>
    </p>
   </div>
   <div class='ocr_carea' id='block_1_93' title="bbox 171 4567 3587 4661">
    <p class='ocr_par' dir='ltr' id='par_1_93' title="bbox 171 4567 3587 4661">
     <span class='ocr_line' id='line_1_93' title="bbox 171 4567 3587 4661; baseline 0.002 -40"><span class='ocrx_word' id='word_1_716' title='bbox 171 4567 549 4661; x_wconf 27' lang='lat' dir='ltr'>Quo-dantem</span> <span class='ocrx_word' id='word_1_717' title='bbox 584 4572 696 4628; x_wconf 88' lang='lat' dir='ltr'>ait:</span> <span class='ocrx_word' id='word_1_718' title='bbox 721 4595 749 4623; x_wconf 80' lang='grc' dir='ltr'><strong>κ</strong></span> <span class='ocrx_word' id='word_1_719' title='bbox 776 4574 844 4628; x_wconf 87' lang='lat' dir='ltr'>Et</span> <span class='ocrx_word' id='word_1_720' title='bbox 873 4573 1152 4646; x_wconf 88' lang='lat' dir='ltr'>gaudebit</span> <span class='ocrx_word' id='word_1_721' title='bbox 1176 4590 1275 4630; x_wconf 93' lang='lat' dir='ltr'>cor</span> <span class='ocrx_word' id='word_1_722' title='bbox 1304 4577 1560 4630; x_wconf 90' lang='lat' dir='ltr'>vestrum</span> <span class='ocrx_word' id='word_1_723' title='bbox 1585 4598 1613 4623; x_wconf 86' lang='lat'><em>»</em></span> <span class='ocrx_word' id='word_1_724' title='bbox 1644 4576 1818 4630; x_wconf 90' lang='lat' dir='ltr'>datur</span> <span class='ocrx_word' id='word_1_725' title='bbox 1846 4598 1892 4661; x_wconf 70' lang='grc' dir='ltr'>Β</span> <span class='ocrx_word' id='word_1_726' title='bbox 1925 4585 2118 4635; x_wconf 86' lang='lat' dir='ltr'>autem</span> <span class='ocrx_word' id='word_1_727' title='bbox 2149 4583 2205 4634; x_wconf 88' lang='lat' dir='ltr'>et</span> <span class='ocrx_word' id='word_1_728' title='bbox 2234 4576 2562 4650; x_wconf 83' lang='lat' dir='ltr'>specialiter</span> <span class='ocrx_word' id='word_1_729' title='bbox 2582 4577 2787 4631; x_wconf 90' lang='lat' dir='ltr'>datum</span> <span class='ocrx_word' id='word_1_730' title='bbox 2809 4575 3096 4649; x_wconf 83' lang='lat' dir='ltr'>Optimum</span> <span class='ocrx_word' id='word_1_731' title='bbox 3129 4576 3200 4631; x_wconf 90' lang='lat' dir='ltr'>de</span> <span class='ocrx_word' id='word_1_732' title='bbox 3229 4573 3587 4631; x_wconf 88' lang='lat' dir='ltr'>continentia</span> 
     </span>
    </p>
   </div>
   <div class='ocr_carea' id='block_1_94' title="bbox 170 4653 1814 4735">
    <p class='ocr_par' dir='ltr' id='par_1_94' title="bbox 170 4653 1814 4735">
     <span class='ocr_line' id='line_1_94' title="bbox 170 4653 1814 4735; baseline 0.007 -27"><span class='ocrx_word' id='word_1_733' title='bbox 170 4653 422 4733; x_wconf 85' lang='lat' dir='ltr'>intelligi,</span> <span class='ocrx_word' id='word_1_734' title='bbox 455 4661 598 4734; x_wconf 90' lang='lat' dir='ltr'>quia</span> <span class='ocrx_word' id='word_1_735' title='bbox 627 4662 894 4734; x_wconf 82' lang='lat' dir='ltr'>gavisam</span> <span class='ocrx_word' id='word_1_736' title='bbox 935 4667 1023 4718; x_wconf 88' lang='lat' dir='ltr'>est</span> <span class='ocrx_word' id='word_1_737' title='bbox 1052 4679 1152 4718; x_wconf 92' lang='lat' dir='ltr'>cor</span> <span class='ocrx_word' id='word_1_738' title='bbox 1181 4662 1626 4735; x_wconf 87' lang='lat' dir='ltr'>discipulorum,</span> <span class='ocrx_word' id='word_1_739' title='bbox 1660 4664 1814 4735; x_wconf 89' lang='lat' dir='ltr'>quod</span> 
     </span>
    </p>
   </div>
   <div class='ocr_carea' id='block_1_95' title="bbox 170 4742 1816 4824">
    <p class='ocr_par' dir='ltr' id='par_1_95' title="bbox 170 4742 1816 4824">
     <span class='ocr_line' id='line_1_95' title="bbox 170 4742 1816 4824; baseline 0.007 -26"><span class='ocrx_word' id='word_1_740' title='bbox 170 4742 229 4798; x_wconf 87' lang='lat' dir='ltr'>de</span> <span class='ocrx_word' id='word_1_741' title='bbox 256 4748 378 4815; x_wconf 87' lang='lat' dir='ltr'>ejus</span> <span class='ocrx_word' id='word_1_742' title='bbox 407 4749 688 4822; x_wconf 81' lang='lat' dir='ltr'>passione</span> <span class='ocrx_word' id='word_1_743' title='bbox 711 4751 897 4808; x_wconf 86' lang='lat' dir='ltr'>fuerat</span> <span class='ocrx_word' id='word_1_744' title='bbox 917 4750 1348 4821; x_wconf 89' lang='lat' dir='ltr'>contristatum,</span> <span class='ocrx_word' id='word_1_745' title='bbox 1374 4752 1608 4824; x_wconf 90' lang='lat' dir='ltr'>quando</span> <span class='ocrx_word' id='word_1_746' title='bbox 1631 4769 1766 4808; x_wconf 90' lang='lat' dir='ltr'>eum</span> <span class='ocrx_word' id='word_1_747' title='bbox 1783 4770 1816 4809; x_wconf 86' lang='lat' dir='ltr'>a</span> 
     </span>
    </p>
   </div>
   <div class='ocr_carea' id='block_1_96' title="bbox 170 4837 1814 4914">
    <p class='ocr_par' dir='ltr' id='par_1_96' title="bbox 170 4837 1814 4914">
     <span class='ocr_line' id='line_1_96' title="bbox 170 4837 1814 4914; baseline 0.005 -26"><span class='ocrx_word' id='word_1_748' title='bbox 170 4837 396 4892; x_wconf 87' lang='lat' dir='ltr'>mortuis</span> <span class='ocrx_word' id='word_1_749' title='bbox 412 4839 802 4895; x_wconf 82' lang='lat' dir='ltr'>resurrexisse</span> <span class='ocrx_word' id='word_1_750' title='bbox 817 4839 1180 4895; x_wconf 89' lang='lat' dir='ltr'>viderunt.Et</span> <span class='ocrx_word' id='word_1_751' title='bbox 1193 4839 1384 4896; x_wconf 86' lang='lat' dir='ltr'>adhuc</span> <span class='ocrx_word' id='word_1_752' title='bbox 1398 4840 1648 4896; x_wconf 89' lang='lat' dir='ltr'>uberiori</span> <span class='ocrx_word' id='word_1_753' title='bbox 1670 4858 1814 4914; x_wconf 85' lang='lat' dir='ltr'>gau-</span> 
     </span>
    </p>
   </div>
   <div class='ocr_carea' id='block_1_97' title="bbox 171 4919 1814 5000">
    <p class='ocr_par' dir='ltr' id='par_1_97' title="bbox 171 4919 1814 5000">
     <span class='ocr_line' id='line_1_97' title="bbox 171 4919 1814 5000; baseline 0.009 -29"><span class='ocrx_word' id='word_1_754' title='bbox 171 4919 255 4975; x_wconf 90' lang='lat' dir='ltr'>dio</span> <span class='ocrx_word' id='word_1_755' title='bbox 282 4931 418 4980; x_wconf 87' lang='lat' dir='ltr'>sunt</span> <span class='ocrx_word' id='word_1_756' title='bbox 432 4927 775 4998; x_wconf 86' lang='lat' dir='ltr'>jucundati,</span> <span class='ocrx_word' id='word_1_757' title='bbox 807 4927 1042 5000; x_wconf 88' lang='lat' dir='ltr'>quando</span> <span class='ocrx_word' id='word_1_758' title='bbox 1076 4928 1374 4984; x_wconf 89' lang='lat' dir='ltr'>hominem</span> <span class='ocrx_word' id='word_1_759' title='bbox 1406 4929 1523 4985; x_wconf 91' lang='lat' dir='ltr'>Deo</span> <span class='ocrx_word' id='word_1_760' title='bbox 1571 4931 1814 5000; x_wconf 88' lang='lat' dir='ltr'>conjun-</span> 
     </span>
    </p>
   </div>
   <div class='ocr_carea' id='block_1_98' title="bbox 171 5014 1816 5090">
    <p class='ocr_par' dir='ltr' id='par_1_98' title="bbox 171 5014 1816 5090">
     <span class='ocr_line' id='line_1_98' title="bbox 171 5014 1816 5090; baseline 0.009 -29"><span class='ocrx_word' id='word_1_761' title='bbox 171 5014 333 5080; x_wconf 88' lang='lat' dir='ltr'>ctnm,</span> <span class='ocrx_word' id='word_1_762' title='bbox 367 5015 846 5072; x_wconf 88' lang='lat' dir='ltr'>collaudantibus</span> <span class='ocrx_word' id='word_1_763' title='bbox 877 5015 1122 5090; x_wconf 88' lang='lat' dir='ltr'>angelis,</span> <span class='ocrx_word' id='word_1_764' title='bbox 1157 5017 1215 5071; x_wconf 90' lang='lat' dir='ltr'>in</span> <span class='ocrx_word' id='word_1_765' title='bbox 1253 5017 1430 5074; x_wconf 75' lang='lat' dir='ltr'>caelos</span> <span class='ocrx_word' id='word_1_766' title='bbox 1479 5019 1816 5075; x_wconf 87' lang='lat' dir='ltr'>ascendisse</span> 
     </span>
    </p>
   </div>
   <div class='ocr_carea' id='block_1_99' title="bbox 171 5105 1814 5180">
    <p class='ocr_par' dir='ltr' id='par_1_99' title="bbox 171 5105 1814 5180">
     <span class='ocr_line' id='line_1_99' title="bbox 171 5105 1814 5180; baseline 0.006 -28"><span class='ocrx_word' id='word_1_767' title='bbox 171 5109 604 5174; x_wconf 76' lang='lat' dir='ltr'>conspexerunt,</span> <span class='ocrx_word' id='word_1_768' title='bbox 639 5105 791 5161; x_wconf 82' lang='lat' dir='ltr'>sicut</span> <span class='ocrx_word' id='word_1_769' title='bbox 821 5105 1006 5162; x_wconf 88' lang='lat' dir='ltr'>Lucas</span> <span class='ocrx_word' id='word_1_770' title='bbox 1035 5105 1390 5178; x_wconf 83' lang='lat' dir='ltr'>evangelista</span> <span class='ocrx_word' id='word_1_771' title='bbox 1418 5107 1531 5162; x_wconf 88' lang='lat' dir='ltr'>ait:</span> <span class='ocrx_word' id='word_1_772' title='bbox 1571 5131 1590 5156; x_wconf 77' lang='grc' dir='ltr'><strong><em>α</em></strong></span> <span class='ocrx_word' id='word_1_773' title='bbox 1612 5107 1680 5161; x_wconf 88' lang='lat' dir='ltr'>Et</span> <span class='ocrx_word' id='word_1_774' title='bbox 1700 5107 1814 5180; x_wconf 89' lang='lat' dir='ltr'>ipsi</span> 
     </span>
    </p>
   </div>
   <div class='ocr_carea' id='block_1_100' title="bbox 170 5183 1815 5269">
    <p class='ocr_par' dir='ltr' id='par_1_100' title="bbox 170 5183 1815 5269">
     <span class='ocr_line' id='line_1_100' title="bbox 170 5183 1815 5269; baseline 0.007 -29"><span class='ocrx_word' id='word_1_775' title='bbox 170 5183 467 5248; x_wconf 76' lang='lat' dir='ltr'>adorantes</span> <span class='ocrx_word' id='word_1_776' title='bbox 529 5193 776 5266; x_wconf 89' lang='lat' dir='ltr'>regressi</span> <span class='ocrx_word' id='word_1_777' title='bbox 807 5197 946 5250; x_wconf 89' lang='lat' dir='ltr'>sunt</span> <span class='ocrx_word' id='word_1_778' title='bbox 977 5194 1036 5249; x_wconf 87' lang='lat' dir='ltr'>in</span> <span class='ocrx_word' id='word_1_779' title='bbox 1067 5194 1391 5250; x_wconf 88' lang='lat' dir='ltr'>Jerusalem</span> <span class='ocrx_word' id='word_1_780' title='bbox 1424 5212 1558 5250; x_wconf 91' lang='lat' dir='ltr'>cum</span> <span class='ocrx_word' id='word_1_781' title='bbox 1602 5197 1815 5269; x_wconf 88' lang='lat' dir='ltr'>gaudio</span> 
     </span>
    </p>
   </div>
   <div class='ocr_carea' id='block_1_101' title="bbox 172 5281 1817 5355">
    <p class='ocr_par' dir='ltr' id='par_1_101' title="bbox 172 5281 1817 5355">
     <span class='ocr_line' id='line_1_101' title="bbox 172 5281 1817 5355; baseline 0.007 -26"><span class='ocrx_word' id='word_1_782' title='bbox 172 5288 388 5348; x_wconf 78' lang='lat' dir='ltr'>magno,</span> <span class='ocrx_word' id='word_1_783' title='bbox 423 5285 482 5336; x_wconf 89' lang='lat' dir='ltr'>et</span> <span class='ocrx_word' id='word_1_784' title='bbox 513 5284 678 5338; x_wconf 87' lang='lat' dir='ltr'>erant</span> <span class='ocrx_word' id='word_1_785' title='bbox 705 5298 940 5355; x_wconf 87' lang='lat' dir='ltr'>semper</span> <span class='ocrx_word' id='word_1_786' title='bbox 971 5283 1030 5338; x_wconf 92' lang='lat' dir='ltr'>in</span> <span class='ocrx_word' id='word_1_787' title='bbox 1061 5281 1278 5354; x_wconf 87' lang='lat' dir='ltr'>templo</span> <span class='ocrx_word' id='word_1_788' title='bbox 1298 5281 1606 5340; x_wconf 85' lang='lat' dir='ltr'>laudantes</span> <span class='ocrx_word' id='word_1_789' title='bbox 1636 5289 1693 5340; x_wconf 88' lang='lat' dir='ltr'>et</span> <span class='ocrx_word' id='word_1_790' title='bbox 1724 5286 1817 5341; x_wconf 88' lang='lat' dir='ltr'>be-</span> 
     </span>
    </p>
   </div>
   <div class='ocr_carea' id='block_1_102' title="bbox 169 5363 1815 5443">
    <p class='ocr_par' dir='ltr' id='par_1_102' title="bbox 169 5363 1815 5443">
     <span class='ocr_line' id='line_1_102' title="bbox 169 5363 1815 5443; baseline 0.009 -27"><span class='ocrx_word' id='word_1_791' title='bbox 169 5363 496 5424; x_wconf 81' lang='lat' dir='ltr'>nedicentes</span> <span class='ocrx_word' id='word_1_792' title='bbox 546 5369 738 5426; x_wconf 79' lang='lat' dir='ltr'>Deum</span> <span class='ocrx_word' id='word_1_793' title='bbox 764 5386 767 5388; x_wconf 91' lang='grc'>·</span> <span class='ocrx_word' id='word_1_794' title='bbox 798 5375 949 5440; x_wconf 85' lang='lat' dir='ltr'>(Luc.</span> <span class='ocrx_word' id='word_1_795' title='bbox 983 5371 1156 5443; x_wconf 64' lang='lat' dir='ltr'>mw).</span> <span class='ocrx_word' id='word_1_796' title='bbox 1190 5394 1211 5421; x_wconf 74' lang='grc' dir='ltr'><strong><em>ι</em></strong></span> <span class='ocrx_word' id='word_1_797' title='bbox 1273 5371 1559 5435; x_wconf 68' lang='lat' dir='ltr'>Quaeritur</span> <span class='ocrx_word' id='word_1_798' title='bbox 1617 5378 1815 5430; x_wconf 87' lang='lat' dir='ltr'>autem</span> 
     </span>
    </p>
   </div>
   <div class='ocr_carea' id='block_1_103' title="bbox 170 5457 1816 5536">
    <p class='ocr_par' dir='ltr' id='par_1_103' title="bbox 170 5457 1816 5536">
     <span class='ocr_line' id='line_1_103' title="bbox 170 5457 1816 5536; baseline 0.007 -29"><span class='ocrx_word' id='word_1_799' title='bbox 170 5465 334 5536; x_wconf 82' lang='lat' dir='ltr'>quare</span> <span class='ocrx_word' id='word_1_800' title='bbox 364 5457 559 5512; x_wconf 81' lang='lat' dir='ltr'>dicat:</span> <span class='ocrx_word' id='word_1_801' title='bbox 598 5481 626 5509; x_wconf 76' lang='grc' dir='ltr'>κ</span> <span class='ocrx_word' id='word_1_802' title='bbox 661 5460 730 5514; x_wconf 85' lang='lat' dir='ltr'>Et</span> <span class='ocrx_word' id='word_1_803' title='bbox 759 5459 1041 5532; x_wconf 82' lang='lat' dir='ltr'>gaudium</span> <span class='ocrx_word' id='word_1_804' title='bbox 1071 5464 1330 5516; x_wconf 77' lang='lat' dir='ltr'>vestrum</span> <span class='ocrx_word' id='word_1_805' title='bbox 1364 5477 1534 5516; x_wconf 90' lang='lat' dir='ltr'>nemo</span> <span class='ocrx_word' id='word_1_806' title='bbox 1591 5462 1752 5518; x_wconf 88' lang='lat' dir='ltr'>tollet</span> <span class='ocrx_word' id='word_1_807' title='bbox 1783 5481 1816 5518; x_wconf 91' lang='lat' dir='ltr'>a</span> 
     </span>
    </p>
   </div>
   <div class='ocr_carea' id='block_1_104' title="bbox 169 5539 1817 5622">
    <p class='ocr_par' dir='ltr' id='par_1_104' title="bbox 169 5539 1817 5622">
     <span class='ocr_line' id='line_1_104' title="bbox 169 5539 1817 5622; baseline 0.008 -26"><span class='ocrx_word' id='word_1_808' title='bbox 169 5539 339 5614; x_wconf 75' lang='lat' dir='ltr'>vobis,</span> <span class='ocrx_word' id='word_1_809' title='bbox 367 5569 395 5593; x_wconf 78' lang='grc' dir='ltr'>›ι</span> <span class='ocrx_word' id='word_1_810' title='bbox 419 5562 553 5602; x_wconf 87' lang='lat' dir='ltr'>cum</span> <span class='ocrx_word' id='word_1_811' title='bbox 582 5554 714 5622; x_wconf 86' lang='lat' dir='ltr'>post</span> <span class='ocrx_word' id='word_1_812' title='bbox 743 5551 872 5622; x_wconf 83' lang='lat' dir='ltr'>ejus</span> <span class='ocrx_word' id='word_1_813' title='bbox 903 5548 1306 5606; x_wconf 86' lang='lat' dir='ltr'>ascensionem</span> <span class='ocrx_word' id='word_1_814' title='bbox 1337 5568 1452 5606; x_wconf 89' lang='lat' dir='ltr'>non</span> <span class='ocrx_word' id='word_1_815' title='bbox 1484 5548 1676 5608; x_wconf 89' lang='lat' dir='ltr'>solum</span> <span class='ocrx_word' id='word_1_816' title='bbox 1711 5552 1817 5609; x_wconf 89' lang='lat' dir='ltr'>fre-</span> 
     </span>
    </p>
   </div>
   <div class='ocr_carea' id='block_1_105' title="bbox 171 5628 1815 5713">
    <p class='ocr_par' dir='ltr' id='par_1_105' title="bbox 171 5628 1815 5713">
     <span class='ocr_line' id='line_1_105' title="bbox 171 5628 1815 5713; baseline 0.011 -29"><span class='ocrx_word' id='word_1_817' title='bbox 171 5636 404 5703; x_wconf 78' lang='lat' dir='ltr'>quenter</span> <span class='ocrx_word' id='word_1_818' title='bbox 432 5628 586 5713; x_wconf 67' lang='lat' dir='ltr'>caci,</span> <span class='ocrx_word' id='word_1_819' title='bbox 617 5638 718 5697; x_wconf 86' lang='lat' dir='ltr'>sed</span> <span class='ocrx_word' id='word_1_820' title='bbox 741 5637 914 5697; x_wconf 85' lang='lat' dir='ltr'>etiam</span> <span class='ocrx_word' id='word_1_821' title='bbox 933 5637 1181 5698; x_wconf 91' lang='lat' dir='ltr'>vinculis</span> <span class='ocrx_word' id='word_1_822' title='bbox 1203 5638 1392 5698; x_wconf 87' lang='lat' dir='ltr'>stricti</span> <span class='ocrx_word' id='word_1_823' title='bbox 1409 5643 1466 5698; x_wconf 89' lang='lat' dir='ltr'>et</span> <span class='ocrx_word' id='word_1_824' title='bbox 1481 5643 1815 5702; x_wconf 85' lang='lat' dir='ltr'>carceribus</span> 
     </span>
    </p>
   </div>
   <div class='ocr_carea' id='block_1_106' title="bbox 1929 4662 3584 4738">
    <p class='ocr_par' dir='ltr' id='par_1_106' title="bbox 1929 4662 3584 4738">
     <span class='ocr_line' id='line_1_106' title="bbox 1929 4662 3584 4738; baseline -0.005 -14"><span class='ocrx_word' id='word_1_825' title='bbox 1929 4667 2308 4731; x_wconf 86' lang='lat' dir='ltr'>matrimonii,</span> <span class='ocrx_word' id='word_1_826' title='bbox 2340 4670 2396 4721; x_wconf 92' lang='lat' dir='ltr'>et</span> <span class='ocrx_word' id='word_1_827' title='bbox 2427 4666 2645 4721; x_wconf 90' lang='lat' dir='ltr'>donum</span> <span class='ocrx_word' id='word_1_828' title='bbox 2684 4666 3001 4738; x_wconf 84' lang='lat' dir='ltr'>perfectum</span> <span class='ocrx_word' id='word_1_829' title='bbox 3033 4665 3104 4720; x_wconf 87' lang='lat' dir='ltr'>de</span> <span class='ocrx_word' id='word_1_830' title='bbox 3135 4662 3466 4735; x_wconf 86' lang='lat' dir='ltr'>virginitate</span> <span class='ocrx_word' id='word_1_831' title='bbox 3496 4662 3584 4716; x_wconf 85' lang='lat' dir='ltr'>in-</span> 
     </span>
    </p>
   </div>
   <div class='ocr_carea' id='block_1_107' title="bbox 1923 4749 3583 4828">
    <p class='ocr_par' dir='ltr' id='par_1_107' title="bbox 1923 4749 3583 4828">
     <span class='ocr_line' id='line_1_107' title="bbox 1923 4749 3583 4828; baseline -0.004 -17"><span class='ocrx_word' id='word_1_832' title='bbox 1923 4756 2124 4828; x_wconf 88' lang='lat' dir='ltr'>telligi.</span> <span class='ocrx_word' id='word_1_833' title='bbox 2161 4781 2186 4806; x_wconf 90' lang='grc'><strong>‹‹</strong></span> <span class='ocrx_word' id='word_1_834' title='bbox 2215 4755 2578 4810; x_wconf 85' lang='lat' dir='ltr'>Descendens</span> <span class='ocrx_word' id='word_1_835' title='bbox 2603 4771 2636 4810; x_wconf 92' lang='lat' dir='ltr'>a</span> <span class='ocrx_word' id='word_1_836' title='bbox 2661 4755 2827 4809; x_wconf 87' lang='lat' dir='ltr'>Patre</span> <span class='ocrx_word' id='word_1_837' title='bbox 2848 4753 3162 4808; x_wconf 89' lang='lat' dir='ltr'>luminum.</span> <span class='ocrx_word' id='word_1_838' title='bbox 3191 4774 3220 4801; x_wconf 84' lang='grc'>››</span> <span class='ocrx_word' id='word_1_839' title='bbox 3247 4751 3413 4806; x_wconf 89' lang='lat' dir='ltr'>Pater</span> <span class='ocrx_word' id='word_1_840' title='bbox 3435 4749 3583 4806; x_wconf 90' lang='lat' dir='ltr'>lumi</span> 
     </span>
    </p>
   </div>
   <div class='ocr_carea' id='block_1_108' title="bbox 1925 4837 3585 4915">
    <p class='ocr_par' dir='ltr' id='par_1_108' title="bbox 1925 4837 3585 4915">
     <span class='ocr_line' id='line_1_108' title="bbox 1925 4837 3585 4915; baseline -0.006 -13"><span class='ocrx_word' id='word_1_841' title='bbox 1925 4863 2065 4902; x_wconf 91' lang='lat' dir='ltr'>num</span> <span class='ocrx_word' id='word_1_842' title='bbox 2093 4844 2310 4900; x_wconf 89' lang='lat' dir='ltr'>dicitur</span> <span class='ocrx_word' id='word_1_843' title='bbox 2339 4847 2508 4912; x_wconf 90' lang='lat' dir='ltr'>Deus,</span> <span class='ocrx_word' id='word_1_844' title='bbox 2535 4844 2674 4915; x_wconf 87' lang='lat' dir='ltr'>quia</span> <span class='ocrx_word' id='word_1_845' title='bbox 2695 4843 2766 4898; x_wconf 89' lang='lat' dir='ltr'>ab</span> <span class='ocrx_word' id='word_1_846' title='bbox 2794 4843 2919 4914; x_wconf 88' lang='lat' dir='ltr'>ipso</span> <span class='ocrx_word' id='word_1_847' title='bbox 2942 4841 3060 4897; x_wconf 89' lang='lat' dir='ltr'>sive</span> <span class='ocrx_word' id='word_1_848' title='bbox 3087 4838 3470 4895; x_wconf 84' lang='lat' dir='ltr'>invisibilium</span> <span class='ocrx_word' id='word_1_849' title='bbox 3499 4837 3585 4893; x_wconf 91' lang='lat' dir='ltr'>lu-</span> 
     </span>
    </p>
   </div>
   <div class='ocr_carea' id='block_1_109' title="bbox 1925 4927 3586 5005">
    <p class='ocr_par' dir='ltr' id='par_1_109' title="bbox 1925 4927 3586 5005">
     <span class='ocr_line' id='line_1_109' title="bbox 1925 4927 3586 5005; baseline -0.005 -15"><span class='ocrx_word' id='word_1_850' title='bbox 1925 4935 2174 5005; x_wconf 88' lang='lat' dir='ltr'>minum,</span> <span class='ocrx_word' id='word_1_851' title='bbox 2213 4939 2275 4989; x_wconf 88' lang='lat' dir='ltr'>ut</span> <span class='ocrx_word' id='word_1_852' title='bbox 2301 4938 2440 4989; x_wconf 87' lang='lat' dir='ltr'>sunt</span> <span class='ocrx_word' id='word_1_853' title='bbox 2469 4931 2681 5004; x_wconf 89' lang='lat' dir='ltr'>angeli,</span> <span class='ocrx_word' id='word_1_854' title='bbox 2707 4931 2778 4986; x_wconf 90' lang='lat' dir='ltr'>de</span> <span class='ocrx_word' id='word_1_855' title='bbox 2807 4930 3022 5002; x_wconf 87' lang='lat' dir='ltr'>quibus</span> <span class='ocrx_word' id='word_1_856' title='bbox 3045 4929 3104 4984; x_wconf 91' lang='lat' dir='ltr'>in</span> <span class='ocrx_word' id='word_1_857' title='bbox 3131 4927 3415 5001; x_wconf 90' lang='lat' dir='ltr'>principio</span> <span class='ocrx_word' id='word_1_858' title='bbox 3441 4927 3586 4982; x_wconf 79' lang='lat' dir='ltr'>dixit</span> 
     </span>
    </p>
   </div>
   <div class='ocr_carea' id='block_1_110' title="bbox 1923 5015 3578 5089">
    <p class='ocr_par' dir='ltr' id='par_1_110' title="bbox 1923 5015 3578 5089">
     <span class='ocr_line' id='line_1_110' title="bbox 1923 5015 3578 5089; baseline -0.004 -10"><span class='ocrx_word' id='word_1_859' title='bbox 1923 5029 2076 5079; x_wconf 86' lang='lat' dir='ltr'>Deus</span> <span class='ocrx_word' id='word_1_860' title='bbox 2102 5041 2114 5077; x_wconf 92' lang='lat'>:</span> <span class='ocrx_word' id='word_1_861' title='bbox 2149 5046 2175 5071; x_wconf 84' lang='grc'><strong>‹‹</strong></span> <span class='ocrx_word' id='word_1_862' title='bbox 2213 5022 2337 5078; x_wconf 87' lang='lat' dir='ltr'>Fiat</span> <span class='ocrx_word' id='word_1_863' title='bbox 2367 5019 2466 5075; x_wconf 84' lang='lat' dir='ltr'>lux</span> <span class='ocrx_word' id='word_1_864' title='bbox 2489 5020 2640 5082; x_wconf 83' lang='lat' dir='ltr'>(Gen.</span> <span class='ocrx_word' id='word_1_865' title='bbox 2667 5021 2782 5089; x_wconf 79' lang='lat'>1),»</span> <span class='ocrx_word' id='word_1_866' title='bbox 2817 5019 2937 5074; x_wconf 86' lang='lat' dir='ltr'>sive</span> <span class='ocrx_word' id='word_1_867' title='bbox 2957 5017 3290 5074; x_wconf 84' lang='lat' dir='ltr'>animarum</span> <span class='ocrx_word' id='word_1_868' title='bbox 3321 5015 3578 5086; x_wconf 89' lang='lat' dir='ltr'>illarum,</span> 
     </span>
    </p>
   </div>
   <div class='ocr_carea' id='block_1_111' title="bbox 1927 5107 3576 5185">
    <p class='ocr_par' dir='ltr' id='par_1_111' title="bbox 1927 5107 3576 5185">
     <span class='ocr_line' id='line_1_111' title="bbox 1927 5107 3576 5185; baseline -0.005 -18"><span class='ocrx_word' id='word_1_869' title='bbox 1927 5112 2143 5185; x_wconf 91' lang='lat' dir='ltr'>quibus</span> <span class='ocrx_word' id='word_1_870' title='bbox 2174 5111 2255 5167; x_wconf 88' lang='lat' dir='ltr'>ait</span> <span class='ocrx_word' id='word_1_871' title='bbox 2279 5109 2479 5166; x_wconf 88' lang='lat' dir='ltr'>Jesus:</span> <span class='ocrx_word' id='word_1_872' title='bbox 2518 5129 2540 5157; x_wconf 76' lang='grc' dir='ltr'>ι</span> <span class='ocrx_word' id='word_1_873' title='bbox 2565 5109 2678 5164; x_wconf 85' lang='lat' dir='ltr'>Vos</span> <span class='ocrx_word' id='word_1_874' title='bbox 2707 5108 2850 5163; x_wconf 89' lang='lat' dir='ltr'>estis</span> <span class='ocrx_word' id='word_1_875' title='bbox 2870 5107 2972 5163; x_wconf 84' lang='lat' dir='ltr'>lux</span> <span class='ocrx_word' id='word_1_876' title='bbox 2995 5107 3198 5163; x_wconf 88' lang='lat' dir='ltr'>mundi</span> <span class='ocrx_word' id='word_1_877' title='bbox 3233 5107 3437 5181; x_wconf 73' lang='lat' dir='ltr'>(Matth.</span> <span class='ocrx_word' id='word_1_878' title='bbox 3463 5107 3576 5180; x_wconf 82' lang='lat' dir='ltr'>v),»</span> 
     </span>
    </p>
   </div>
   <div class='ocr_carea' id='block_1_112' title="bbox 1926 5195 3587 5270">
    <p class='ocr_par' dir='ltr' id='par_1_112' title="bbox 1926 5195 3587 5270">
     <span class='ocr_line' id='line_1_112' title="bbox 1926 5195 3587 5270; baseline -0.004 -13"><span class='ocrx_word' id='word_1_879' title='bbox 1926 5219 2029 5257; x_wconf 92' lang='lat' dir='ltr'>seu</span> <span class='ocrx_word' id='word_1_880' title='bbox 2051 5199 2392 5265; x_wconf 89' lang='lat' dir='ltr'>visibilium,</span> <span class='ocrx_word' id='word_1_881' title='bbox 2418 5197 2559 5254; x_wconf 78' lang='lat' dir='ltr'>sol-is</span> <span class='ocrx_word' id='word_1_882' title='bbox 2577 5202 2635 5252; x_wconf 88' lang='lat' dir='ltr'>et</span> <span class='ocrx_word' id='word_1_883' title='bbox 2653 5195 2805 5252; x_wconf 65' lang='lat' dir='ltr'>luna:</span> <span class='ocrx_word' id='word_1_884' title='bbox 2824 5201 2882 5253; x_wconf 88' lang='lat' dir='ltr'>ct</span> <span class='ocrx_word' id='word_1_885' title='bbox 2897 5195 3225 5264; x_wconf 87' lang='lat' dir='ltr'>stellarum,</span> <span class='ocrx_word' id='word_1_886' title='bbox 3239 5196 3587 5270; x_wconf 84' lang='lat' dir='ltr'>generaliter</span> 
     </span>
    </p>
   </div>
   <div class='ocr_carea' id='block_1_113' title="bbox 1926 5286 3586 5357">
    <p class='ocr_par' dir='ltr' id='par_1_113' title="bbox 1926 5286 3586 5357">
     <span class='ocr_line' id='line_1_113' title="bbox 1926 5286 3586 5357; baseline -0.003 -12"><span class='ocrx_word' id='word_1_887' title='bbox 1926 5288 2125 5345; x_wconf 91' lang='lat' dir='ltr'>omnia</span> <span class='ocrx_word' id='word_1_888' title='bbox 2156 5289 2306 5344; x_wconf 87' lang='lat' dir='ltr'>facta</span> <span class='ocrx_word' id='word_1_889' title='bbox 2336 5290 2493 5343; x_wconf 88' lang='lat' dir='ltr'>sunt.</span> <span class='ocrx_word' id='word_1_890' title='bbox 2528 5309 2554 5335; x_wconf 75' lang='grc' dir='ltr'>α</span> <span class='ocrx_word' id='word_1_891' title='bbox 2583 5286 2750 5357; x_wconf 87' lang='lat' dir='ltr'>Apud</span> <span class='ocrx_word' id='word_1_892' title='bbox 2779 5302 2954 5357; x_wconf 89' lang='lat' dir='ltr'>quem</span> <span class='ocrx_word' id='word_1_893' title='bbox 2978 5303 3094 5342; x_wconf 88' lang='lat' dir='ltr'>non</span> <span class='ocrx_word' id='word_1_894' title='bbox 3122 5290 3212 5342; x_wconf 89' lang='lat' dir='ltr'>est</span> <span class='ocrx_word' id='word_1_895' title='bbox 3233 5287 3586 5342; x_wconf 81' lang='lat' dir='ltr'>transmuta-</span> 
     </span>
    </p>
   </div>
   <div class='ocr_carea' id='block_1_114' title="bbox 1927 5375 3582 5448">
    <p class='ocr_par' dir='ltr' id='par_1_114' title="bbox 1927 5375 3582 5448">
     <span class='ocr_line' id='line_1_114' title="bbox 1927 5375 3582 5448; baseline -0.003 -15"><span class='ocrx_word' id='word_1_896' title='bbox 1927 5403 1953 5428; x_wconf 88' lang='grc'>‹‹</span> <span class='ocrx_word' id='word_1_897' title='bbox 1979 5379 2078 5433; x_wconf 91' lang='lat' dir='ltr'>tio.</span> <span class='ocrx_word' id='word_1_898' title='bbox 2112 5400 2139 5428; x_wconf 72' lang='grc' dir='ltr'><strong>η</strong></span> <span class='ocrx_word' id='word_1_899' title='bbox 2175 5378 2297 5432; x_wconf 88' lang='lat' dir='ltr'>Non</span> <span class='ocrx_word' id='word_1_900' title='bbox 2327 5375 2483 5431; x_wconf 89' lang='lat' dir='ltr'>enim</span> <span class='ocrx_word' id='word_1_901' title='bbox 2516 5375 2858 5443; x_wconf 89' lang='lat' dir='ltr'>mutabitur,</span> <span class='ocrx_word' id='word_1_902' title='bbox 2889 5376 2992 5448; x_wconf 90' lang='lat' dir='ltr'>qui</span> <span class='ocrx_word' id='word_1_903' title='bbox 3025 5375 3208 5432; x_wconf 74' lang='lat' dir='ltr'>dixit:</span> <span class='ocrx_word' id='word_1_904' title='bbox 3245 5399 3273 5425; x_wconf 77' lang='grc' dir='ltr'>ι‹</span> <span class='ocrx_word' id='word_1_905' title='bbox 3303 5375 3418 5446; x_wconf 85' lang='lat' dir='ltr'>Ego</span> <span class='ocrx_word' id='word_1_906' title='bbox 3448 5389 3582 5430; x_wconf 82' lang='lat' dir='ltr'>sum</span> 
     </span>
    </p>
   </div>
   <div class='ocr_carea' id='block_1_115' title="bbox 1925 5463 3581 5540">
    <p class='ocr_par' dir='ltr' id='par_1_115' title="bbox 1925 5463 3581 5540">
     <span class='ocr_line' id='line_1_115' title="bbox 1925 5463 3581 5540; baseline -0.003 -18"><span class='ocrx_word' id='word_1_907' title='bbox 1925 5469 2024 5540; x_wconf 89' lang='lat' dir='ltr'>qui</span> <span class='ocrx_word' id='word_1_908' title='bbox 2054 5484 2186 5522; x_wconf 90' lang='lat' dir='ltr'>sum</span> <span class='ocrx_word' id='word_1_909' title='bbox 2220 5465 2411 5536; x_wconf 77' lang='lat' dir='ltr'>(Exod.</span> <span class='ocrx_word' id='word_1_910' title='bbox 2449 5468 2550 5535; x_wconf 79' lang='lat' dir='ltr'>lli).</span> <span class='ocrx_word' id='word_1_911' title='bbox 2583 5487 2610 5513; x_wconf 87' lang='grc'>››</span> <span class='ocrx_word' id='word_1_912' title='bbox 2646 5463 2838 5520; x_wconf 88' lang='lat' dir='ltr'>Motus</span> <span class='ocrx_word' id='word_1_913' title='bbox 2870 5471 2926 5521; x_wconf 80' lang='lat' dir='ltr'>et</span> <span class='ocrx_word' id='word_1_914' title='bbox 2956 5471 3212 5539; x_wconf 87' lang='lat' dir='ltr'>tempus,</span> <span class='ocrx_word' id='word_1_915' title='bbox 3255 5463 3581 5520; x_wconf 88' lang='lat' dir='ltr'>incremen-</span> 
     </span>
    </p>
   </div>
   <div class='ocr_carea' id='block_1_116' title="bbox 1927 5553 3577 5626">
    <p class='ocr_par' dir='ltr' id='par_1_116' title="bbox 1927 5553 3577 5626">
     <span class='ocr_line' id='line_1_116' title="bbox 1927 5553 3577 5626; baseline -0.005 -14"><span class='ocrx_word' id='word_1_916' title='bbox 1927 5562 2049 5612; x_wconf 89' lang='lat' dir='ltr'>tum</span> <span class='ocrx_word' id='word_1_917' title='bbox 2080 5560 2137 5611; x_wconf 85' lang='lat' dir='ltr'>et</span> <span class='ocrx_word' id='word_1_918' title='bbox 2167 5555 2446 5619; x_wconf 84' lang='lat' dir='ltr'>defectus,</span> <span class='ocrx_word' id='word_1_919' title='bbox 2480 5554 2720 5611; x_wconf 88' lang='lat' dir='ltr'>omnino</span> <span class='ocrx_word' id='word_1_920' title='bbox 2743 5555 2939 5612; x_wconf 85' lang='lat' dir='ltr'>divina</span> <span class='ocrx_word' id='word_1_921' title='bbox 2965 5572 3079 5612; x_wconf 86' lang='lat' dir='ltr'>non</span> <span class='ocrx_word' id='word_1_922' title='bbox 3105 5553 3326 5626; x_wconf 83' lang='lat' dir='ltr'>accepit</span> <span class='ocrx_word' id='word_1_923' title='bbox 3350 5556 3577 5608; x_wconf 87' lang='lat' dir='ltr'>natura.</span> 
     </span>
    </p>
   </div>
   <div class='ocr_carea' id='block_1_117' title="bbox 1927 5638 3580 5704">
    <p class='ocr_par' dir='ltr' id='par_1_117' title="bbox 1927 5638 3580 5704">
     <span class='ocr_line' id='line_1_117' title="bbox 1927 5638 3580 5704; baseline -0.004 -2"><span class='ocrx_word' id='word_1_924' title='bbox 1927 5669 1955 5702; x_wconf 72' lang='grc' dir='ltr'>ιι</span> <span class='ocrx_word' id='word_1_925' title='bbox 1987 5644 2100 5702; x_wconf 84' lang='lat' dir='ltr'>Nec</span> <span class='ocrx_word' id='word_1_926' title='bbox 2127 5642 2550 5704; x_wconf 89' lang='lat' dir='ltr'>vicissitudinis</span> <span class='ocrx_word' id='word_1_927' title='bbox 2583 5645 2978 5704; x_wconf 83' lang='lat' dir='ltr'>obumbratio.</span> <span class='ocrx_word' id='word_1_928' title='bbox 3013 5668 3040 5696; x_wconf 80' lang='grc' dir='ltr'><strong><em>υ</em></strong></span> <span class='ocrx_word' id='word_1_929' title='bbox 3071 5644 3194 5700; x_wconf 89' lang='lat' dir='ltr'>Non</span> <span class='ocrx_word' id='word_1_930' title='bbox 3227 5640 3383 5697; x_wconf 87' lang='lat' dir='ltr'>enim</span> <span class='ocrx_word' id='word_1_931' title='bbox 3423 5638 3580 5696; x_wconf 80' lang='lat' dir='ltr'>Deus</span> 
     </span>
    </p>
   </div>
  </div>
