4050 6174
366 349 480 412 515
923 344 1326 408 HAYMONIS
1371 340 1912 405 llALBERSTAT.
1964 342 2211 405 EPISC.
2259 344 2431 437 OPP.
2478 344 2679 408 PARS
2727 346 2903 409 II.—
2936 346 3205 411 liORilL.‘
3624 355 3724 416 5l6

365 482 652 540 sicutdirs
678 484 808 551 post
828 479 1015 534 lucem
1040 474 1427 533 Filiumbratur
1449 475 1721 536 tenebris.
1752 476 1849 545 qui
1875 493 2020 530 scm-
2054 481 2109 546 Α
2138 482 2505 548 susceptum:
2542 483 2606 532 ut
2625 478 2723 534 ubi
2742 480 3055 534 abundavit
3078 485 3386 552 peccatum,
3409 487 3723 554 superabun-

365 590 470 646 per
496 571 593 625 lux
622 569 790 637 lucis,
823 573 1048 624 creator
1066 567 1256 623 omnis
1288 572 1343 622 et
1372 565 1532 638 origo
1562 567 1652 620 est
1681 564 1947 620 luminis.
2133 567 2229 619 det
2258 568 2465 638 gratia.
2502 568 2777 633 Verbum,
2807 569 3020 641 inquit,
3042 570 3149 625 hoc
3167 573 3253 625 est
3273 573 3493 626 verbum
3515 574 3724 630 creduli~

440 682 467 710 ‹‹
499 656 838 713 Voluntaria
867 654 1023 711 enim
1055 654 1257 729 genuit
1288 671 1413 722 nos,
1451 674 1477 703 ››
1508 669 1612 725 per
1630 651 1880 724 gratiam
1913 651 2023 706 uti-
2132 653 2290 718 tatis,
2320 657 2562 711 verbum
2594 656 2916 729 Evangelii;
2949 661 3256 730 postremo,
3279 660 3503 716 verbum
3519 659 3645 717 illud
3666 664 3726 719 de

367 765 501 821 que,
532 763 645 803 non
676 748 969 800 naturam.
1002 743 1206 800 Solum
1237 742 1394 798 enim
1424 741 1683 797 Verbum
1713 743 1821 808 est,
1865 739 2021 812 quod
2131 758 2247 814 quo
2275 744 2531 801 Joannes
2587 744 2667 800 ait
2695 761 2708 799 :
2766 766 2795 796 ‹‹
2827 746 2887 801 In
2922 746 3205 819 principio
3252 751 3372 803 erat
3405 748 3655 817 Verbum,
3681 756 3728 808 et

368 833 833 894 substantialiter
853 850 919 888 ac
948 831 1181 905 proprie
1211 830 1423 887 dicitur
1444 828 1625 885 Filius
1656 828 1753 884 Dei
1780 844 1793 882 :
1833 827 2023 883 castori
2129 831 2385 888 Verbum
2438 837 2559 890 erat
2617 834 2770 906 apud
2832 833 3036 901 Deum,
3069 839 3123 891 et
3154 839 3300 891 Deus
3352 841 3469 892 erat
3505 838 3727 896 vei-bum

2132 921 2308 992 (Joan.
2342 925 2403 990 ι).
2441 946 2468 972 ››
2501 922 2606 986 Qui
2640 929 2695 978 et
2728 922 2992 979 Salvator
3020 923 3250 990 dicitur,
3277 926 3408 997 quia
3436 930 3608 998 potest
3632 927 3730 983 sal-

2128 1027 2260 1066 vare
2292 1010 2519 1066 animas
2548 1015 2792 1067 vestras.

2624 1153 2927 1210 HOMILIA
2975 1153 3282 1209 LXXXVII.

2306 1258 2579 1298 DOMINICA
2621 1258 2841 1304 omam
2882 1260 3021 1298 pos'r
3059 1259 3290 1309 PASCHA,
3348 1247 3579 1300 Cantate.

368 930 564 982 autem
586 927 866 998 potestate
884 922 955 977 ab
976 920 1075 977 illo
1099 924 1354 993 accepta,
1372 922 1654 975 vocantur
1671 916 1797 972 ﬁlii.
1816 918 2023 982 «Quot-

366 1018 510 1087 quot
539 1016 730 1070 autem
754 1013 1095 1084 receperunt
1116 1025 1274 1073 eum,
1304 1008 1415 1064 nait
1432 1005 1839 1080 evangelista,»
1862 1004 2023 1060 dedit

366 1105 451 1159 eis
470 1103 836 1176 ,potestatem
884 1098 1040 1155 filios
1068 1098 1170 1154 Dei
1202 1097 1323 1154 ﬁeri
1377 1098 1567 1167 (Joan.
1598 1100 1662 1163 l.)
1692 1118 1718 1144 ››
1770 1118 1798 1145 ‹‹
1828 1094 2019 1150 Verbo

367 1216 393 1242 ‹‹
426 1189 703 1247 veritatis.
740 1211 768 1238 ››
801 1188 1029 1244 Veritas
1059 1188 1214 1243 Deus
1236 1186 1423 1253 Pater,
1447 1185 1705 1241 Verbum
1730 1182 1910 1239 Filius
1931 1186 2021 1239 cst

364 1282 523 1353 ejus;
559 1278 677 1334 sive
698 1278 909 1333 veritas
929 1276 1228 1333 Christus:
1252 1276 1509 1330 Verbum
1527 1271 1809 1337 veritatis,
1831 1272 2018 1326 Evan-

363 1369 579 1444 gelium
609 1371 697 1422 est
725 1367 875 1438 eius.
905 1390 932 1415 ‹‹
957 1367 1066 1420 Per
1090 1363 1537 1437 Evangelium,»
1565 1362 1755 1434 inquit
1775 1359 2016 1427 Paulus,

363 1482 389 1509 α
420 1475 525 1532 ego
553 1474 653 1513 V08
683 1456 859 1529 8000i
892 1458 937 1521 (Ι
965 1456 1085 1511 εον.
1120 1454 1212 1526 ιν).
1242 1476 1269 1502 υ
1292 1476 1318 1503 α
1345 1453 1420 1509 Ut
1449 1452 1638 1507 Simus
1658 1449 1889 1506 initium
1915 1447 2019 1503 ali-
2127 1476 2155 1504 «
2179 1453 2334 1527 pulis
2356 1454 2511 1509 suis:
2546 1454 2708 1509 Vado
2730 1455 2799 1509 ad
2824 1471 2957 1509 eum
2983 1455 3081 1526 qui
3113 1454 3273 1509 misit
3296 1470 3406 1520 me,
3426 1459 3482 1509 et
3508 1472 3659 1510 nemo
3680 1472 3734 1510 ex

362 1572 388 1597 ‹‹
416 1547 571 1621 quod
602 1538 876 1601 creaturae
903 1545 1049 1615 rjus.
1076 1567 1102 1593 ››
1130 1542 1366 1598 Initium
1393 1545 1667 1597 creaturae
1689 1536 2013 1606 rationalis,
2129 1566 2156 1593 ‹‹
2187 1543 2353 1597 vobis
2382 1543 2699 1616 interrogat
2730 1559 2856 1598 me;
2885 1542 3008 1607 Quo
3031 1543 3196 1598 vadis
3218 1544 3278 1597 ig,
3303 1544 3369 1597 Et
3390 1542 3611 1615 reliqua,
3634 1544 3736 1598 pm.

362 1635 548 1711 angeli
582 1635 640 1691 ἱῐι
675 1633 834 1695 “Pin.
870 1633 1113 1690 inter"!
1140 1632 1345 1696 Adam,
1380 1630 1438 1684 ἱη
1485 1626 1738 1684 Εϐθῖθείθο
1789 1625 2016 1681 Veteris
2125 1636 2372 1704 quenter
2401 1632 2473 1685 ab
2504 1631 2671 1686 initio
2702 1648 2819 1686 sua:
2856 1631 3284 1703 praedicationis
3310 1631 3575 1685 Dominus
3594 1630 3737 1687 disci-

360 1723 711 1781 Testamenti
738 1721 1096 1794 patriarchas,
1125 1720 1184 1775 in
1219 1718 1473 1774 Ecclesia
1492 1716 1706 1773 Christi
1728 1714 2015 1787 sanguine
2124 1719 2294 1792 pulos
2325 1737 2388 1776 se
2419 1720 2657 1792 diligere
2688 1720 2963 1787 ostendit,
2998 1720 3247 1776 maxime
3269 1724 3454 1775 tamen
3481 1724 3607 1774 tunc
3626 1720 3737 1775 age.

312 1871 323 1879 .
361 1812 642 1885 redempti
666 1808 916 1884 apostoli
940 1811 1097 1864 sunt.
1122 1807 1265 1863 Nam
1291 1807 1388 1862 uni
1412 1822 1612 1861 eorum
1636 1804 1868 1860 dicitur:
1891 1804 2012 1858 «Tu
2046 1844 2094 1909 Β
2124 1812 2281 1864 ctum
2332 1807 2660 1865 dilectionis
2715 1809 2770 1864 in
2805 1808 2890 1865 eis
2921 1808 3211 1875 exhibuit,
3240 1824 3371 1864 cum
3433 1808 3738 1863 imminente

362 1916 423 1959 es
443 1903 668 1967 Petrus,
693 1903 751 1955 et
770 1914 945 1970 super
962 1896 1113 1952 hanc
1136 1900 1358 1969 petram
1379 1893 1675 1949 aedificabo
1698 1890 2013 1948 Ecclesiam
2046 1890 2094 1909 "
2122 1898 2413 1971 passionis
2445 1896 2710 1963 articulo,
2744 1914 2848 1969 per
2897 1896 3256 1970 corporaiem
3290 1898 3633 1970 ριιεεεεηιίαπι
3673 1897 3733 1952 αι)

361 2006 551 2046 meam
613 1988 815 2062 (Matth.
860 1988 997 2054 XVI).
1027 2008 1055 2036 ››
1117 1986 1302 2051 Quam
1356 1981 1673 2039 Ecclesium
1716 1978 2013 2053 apostolus

2124 1985 2240 2042 illis
2268 2002 2607 2042 recessurus
2656 1989 2800 2054 erat,
2852 1984 3005 2042 sicut
3032 1985 3189 2041 idem
3247 1986 3371 2057 ipse
3424 1983 3736 2058 evangelista

360 2078 576 2135 Paulus
609 2093 815 2133 novam
848 2079 1176 2131 creaturam
1208 2071 1481 2146 appellat
2123 2075 2261 2131 alibi
2295 2074 2652 2139 manifestat,
2683 2091 2818 2130 cum
2860 2074 3036 2130 dicit:
3102 2098 3131 2125 ‹‹
3158 2075 3358 2130 Sciens
3410 2074 3571 2129 Jesus
3625 2073 3739 2144 quia

432 2191 459 2218 α
482 2168 568 2223 Sit
597 2170 793 2222 autem
817 2163 1009 2218 omnis
1035 2162 1210 2217 homo
1231 2160 1393 2217 velox
1423 2160 1489 2214 ad
1517 2157 2017 2224 audiendum,tar-

363 2278 390 2307 ‹‹
422 2258 534 2312 dus
555 2258 749 2311 autem
783 2252 857 2307 ad
883 2250 1263 2323 loquendum.
1299 2272 1328 2299 »
1357 2248 1589 2304 Sciebat
1610 2246 1768 2303 enim
1793 2248 2017 2317 aposto-

2201 1365 2384 1436 (loau.
2416 1364 2552 1436 XVI).
2587 1387 2617 1415 ‹‹
2650 1366 2711 1421 In
2744 1364 2843 1420 illo
2873 1369 3165 1438 tempore:
3221 1365 3371 1421 Dixit
3394 1366 3555 1421 Jesus
3582 1365 3732 1421 disci-

2122 2164 2279 2219 vcnit
2308 2164 2450 2219 hora
2478 2165 2607 2236 ejus
2656 2168 2720 2219 ut
2773 2168 3035 2219 transeat
3073 2181 3145 2218 ex
3175 2164 3284 2221 hoc
3318 2163 3527 2218 mundo
3557 2161 3616 2217 ad
3647 2162 3739 2215 Pa-

2122 2260 2292 2325 trem,
2328 2271 2460 2309 cum
2509 2253 2806 2309 dilexisset
2846 2271 2985 2309 suos
3026 2255 3125 2326 qui
3161 2258 3326 2310 erant
3355 2253 3411 2308 in
3447 2252 3664 2315 mundo,
3692 2251 3739 2304 in

358 2345 450 2401 lus
472 2361 571 2400 eos
600 2344 672 2399 ad
705 2359 852 2415 quos
881 2340 1160 2413 epistolas
1184 2338 1471 2403 mittebat,
1504 2336 1822 2408 primatum
1855 2332 2012 2387 verbi

359 2433 611 2490 voluisse
640 2437 856 2492 tenere,
888 2434 946 2484 et
993 2429 1199 2484 docere
1242 2426 1553 2499 plusquam
1603 2423 1835 2479 doceri:
1885 2422 2014 2476 ideo

359 2524 635 2579 admonet
674 2536 775 2576 eos
806 2517 1196 2573 humilitatem
1233 2531 1482 2571 servare.
1518 2512 1808 2568 Velocitas
1855 2510 2012 2566 enim

359 2609 630 2667 audiendi
665 2607 801 2663 facit
828 2606 1127 2661 hominem
1162 2603 1468 2659 docibilem
1500 2619 1513 2657 :
1548 2601 1794 2658 tarditas
1817 2603 2013 2655 autem

357 2699 630 2772 loquendi
664 2698 1059 2753 mansuetum.
1094 2717 1120 2743 «
1148 2693 1375 2749 Tardus
1398 2692 1466 2747 ad
1492 2691 1661 2746 iram.
1688 2713 1714 2739 ››
1736 2689 1896 2752 Quod
1920 2705 2015 2743 na-

358 2787 625 2849 turaliter
652 2784 883 2853 accidit,
918 2783 1153 2856 penitus
1170 2786 1366 2845 vetare
1383 2797 1497 2836 non
1523 2778 1729 2852 potuit.
1754 2775 2015 2833 Tardita—

359 2882 474 2933 tem
499 2875 728 2943 indixit,
752 2873 893 2947 quia
912 2873 1000 2927 ira
1018 2870 1201 2927 dilata
1222 2868 1521 2925 decrescit.
1554 2867 1764 2923 Aliter:
1787 2865 2013 2921 Tardus

356 2967 427 3022 ad
449 2964 681 3031 iram,id
695 2961 1011 3019 estsecund
1022 2977 1120 3016 um
1135 2959 1320 3032 legem
1331 2956 1555 3013 Veteris
1569 2952 1926 3012 Testamenti
1939 2953 2011 3008 ad

356 3054 693 3110 vindictam.
729 3075 757 3102 ι(
791 3051 903 3107 Lex
934 3048 1111 3116 enim,
1144 3048 1338 3120 inquit
1355 3044 1690 3120 Apostolus,
1712 3044 1859 3099 iram
1882 3058 2013 3114 ope-

242 3155 267 3173 '
357 3148 521 3199 ratur
549 3144 723 3212 (Rom.
748 3144 849 3210 tv).
884 3162 911 3190 n
945 3138 1004 3195 id
1036 3143 1125 3194 est
1154 3135 1388 3194 oculum
1422 3153 1525 3209 pro
1556 3133 1744 3200 oculo,
1777 3133 2009 3188 dentem

355 3250 461 3306 pro
487 3232 678 3288 dente.

429 3345 456 3371 «
485 3322 575 3377 Ira
603 3320 758 3378 enim
778 3318 887 3374 viri
908 3316 1201 3390 justitiam
1229 3314 1331 3370 Dei
1353 3330 1466 3369 non
1493 3315 1785 3383 operatur.
1814 3309 2011 3363 nlram

357 3409 512 3466 enim
534 3409 639 3464 viri
664 3409 809 3463 dicit
829 3408 978 3462 iram
998 3402 1276 3469 hominis,
1302 3419 1451 3474 quas,
1470 3399 1792 3455 secundum
1817 3398 2013 3452 Testa-

359 3498 542 3553 menti
571 3494 795 3551 Veteris
826 3508 1024 3558 usum,
1059 3507 1291 3562 semper
1337 3488 1501 3560 cupit
1531 3502 1792 3542 exercere
1820 3483 2008 3539 vindi-

356 3590 533 3653 ctam,
592 3584 740 3639 etin
772 3582 928 3637 Nevo
977 3581 1350 3636 Testamento
1381 3575 1479 3632 ubi
1538 3574 1822 3644 scriptum
1881 3575 2007 3627 est:

357 3695 384 3725 «ι
417 3671 604 3727 Nolite
635 3671 905 3726 resistere
946 3666 1100 3723 malo
1132 3667 1345 3738 (Matth.
1378 3665 1455 3734 v),
1493 3686 1519 3711 ι»
1569 3679 1686 3717 non
1740 3664 2014 3733 operatur

346 3760 665 3833 justitiam.
694 3757 902 3814 Aliter:
938 3761 1028 3811 Ira
1053 3756 1157 3810 viri
1181 3754 1474 3825 justitiam
1500 3756 1792 3824 operatur,
1814 3749 2012 3805 subin-

353 3847 640 3922 telligitur
671 3847 758 3903 ira
788 3845 910 3912 Dei,
938 3862 1065 3917 quae
1092 3843 1351 3898 humano
1374 3841 1587 3896 dicitur
1607 3841 1811 3895 affectu
1832 3837 2011 3910 justi-

355 3938 498 3993 tiam
531 3936 778 4010 operari,
819 3939 882 3991 ut
918 3934 976 3989 in
1009 3931 1300 3999 Sodomis,
1334 3931 1392 3985 in
1427 3927 1813 3997 Pharaone,in
1844 3928 2009 4000 Egy-

356 4030 477 4099 pte,
500 4026 558 4080 in
583 4026 731 4081 mari
774 4024 991 4089 Rubro,
1019 4027 1075 4077 et
1103 4022 1161 4077 in
1193 4019 1319 4093 ipso
1349 4018 1666 4075 Israelitico
1704 4016 1919 4090 populo
1951 4016 2009 4071 in

356 4116 606 4171 deserto.
630 4114 794 4171 Unde
817 4109 1313 4184 Psalmographus
1345 4108 1531 4164 canit:
1555 4129 1583 4158 «
1605 4107 1794 4161 Iratus
1814 4108 1903 4161 est
1921 4106 2010 4160 fu-

357 4221 483 4261 rore
540 4203 821 4262 Dominus
853 4202 911 4257 in
970 4198 1252 4273 pepulum
1313 4214 1485 4253 suum
1548 4196 1716 4268 (Psal.
1751 4197 1861 4263 cv),
1899 4216 1925 4243 »
1957 4197 2013 4249 et

355 4292 559 4349 multis
588 4292 648 4348 in
680 4291 823 4348 locis
868 4289 1141 4362 legimus,
1176 4288 1276 4343 ubi
1309 4286 1396 4342 ira
1442 4285 1563 4354 Dei,
1609 4302 1734 4357 qua:
1782 4300 2015 4355 semper

349 4381 685 4453 justissimo
718 4382 781 4436 lit
810 4378 1097 4443 examine,
1131 4376 1520 4433 rectissimam
1551 4378 1827 4446 operatur
1838 4371 2013 4444 justi-

355 4470 521 4525 tiam.

427 4582 456 4607 «
485 4559 725 4630 Propter
747 4557 899 4630 quod
915 4555 1159 4628 abjicien
1172 4560 1256 4610 tes
1269 4550 2009 4627 omnemimmunditiam.»

355 4643 463 4699 Alii
499 4644 559 4699 in
590 4644 699 4699 hoc
729 4643 854 4699 loco
905 4642 1343 4697 immunditiam
1397 4639 1725 4712 specialiter
1771 4638 2010 4694 idolola-

359 4732 529 4789 triam
573 4732 897 4805 intelligere
927 4731 1270 4797 voluerunt;
1303 4728 1399 4784 alii
1432 4727 1871 4784 fornicationem
1903 4728 2012 4783 im-

360 4821 733 4887 munditiam,
768 4838 895 4894 quae
919 4821 984 4875 ﬁt
1004 4836 1139 4875 cum
1162 4817 1531 4883 mulieribus,
1554 4833 1687 4873 cum
1712 4815 2013 4882 masculis,

360 4925 493 4964 cum
526 4911 872 4982 pecudibus,
896 4914 952 4966 et
972 4909 1066 4965 his
1085 4906 1321 4965 similia.
1345 4910 1666 4972 Postremo,
1690 4910 1754 4960 ut
1774 4921 2014 4978 genera-

360 4996 491 5053 liter
519 4998 591 5053 de
620 4999 779 5054 omni
811 4998 1166 5071 intelligeres
1188 4995 1433 5065 malitia,
1468 4995 1690 5051 addidit
1715 5014 1728 5051 :

434 5109 459 5133 ‹‹
485 5084 551 5139 Et
580 5085 1002 5142 abundantiam
1034 5086 1290 5142 malitiae.
1328 5108 1355 5135 ››
1382 5084 1546 5145 Sicut
1565 5083 1721 5139 enim
1746 5082 1911 5138 radix
1938 5083 2016 5138 vi-

364 5188 499 5229 rens
528 5171 587 5227 in
609 5178 765 5229 terra
784 5173 1037 5245 virgulta
1057 5175 1367 5247 germinat,
1393 5173 1477 5229 sic
1499 5171 1725 5229 malitia
1746 5170 1934 5228 latens
1954 5171 2014 5227 in

362 5260 535 5317 corde
564 5258 703 5317 vitia
729 5265 983 5333 generat.
1019 5284 1048 5311 «
1071 5263 1134 5317 In
1167 5261 1617 5318 mansuetudine
1634 5260 1914 5334 suscipite
1932 5260 2017 5315 iu-

366 5371 394 5401 ι(
426 5348 603 5406 situm
635 5348 913 5417 Verbum,
945 5350 1098 5422 quod
1160 5354 1351 5422 potest
1386 5349 1609 5406 salvare
1658 5350 1887 5406 animas
1915 5365 2015 5405 ve-

367 5460 390 5487 α
426 5440 598 5494 stras.
626 5461 652 5487 υ
687 5440 752 5492 In
780 5438 1367 5506 mansuetudine,hoc
1395 5442 1483 5493 est
1504 5438 1733 5494 sineira
1754 5444 1812 5496 et
1833 5438 2017 5494 disce-

363 5525 620 5601 ptatione
650 5524 929 5600 suscipite
958 5542 1062 5600 per
1090 5526 1262 5582 fidem
1297 5530 1516 5584 rectam
1547 5527 1607 5583 in
1629 5533 1825 5584 mente
1845 5542 2011 5600 pura.

362 5617 635 5689 tacitum,
667 5633 701 5676 a
757 5614 873 5678 Deo
932 5616 1203 5689 missum,
1253 5615 1401 5677 etin
1460 5616 1755 5680 mentibus
1797 5615 2015 5677 nostris

2124 2343 2299 2398 finem
2352 2342 2553 2398 dilexit
2594 2359 2694 2399 eos
2725 2343 2901 2415 (Joan.
2933 2346 3079 2411 xm).
3120 2366 3148 2393 »
3181 2343 3345 2398 Sicut
3374 2342 3519 2398 enim
3568 2341 3741 2395 doctus

2123 2430 2565 2504 paterfamilias,
2614 2448 2749 2487 cum
2783 2432 2843 2487 in
2887 2430 3274 2504 longinquam
3309 2429 3587 2503 regionem
3634 2443 3742 2499 pro-

2124 2520 2309 2576 fectus
2351 2524 2456 2589 est,
2490 2524 2630 2574 tunc
2662 2520 2912 2575 maxime
2943 2519 3054 2575 sibi
3087 2520 3408 2591 subjectos,
3437 2516 3667 2587 qualiter
3692 2529 3743 2569 se

2123 2609 2425 2682 providere
2453 2609 2721 2673 debeant,
2759 2611 3127 2664 commonet:
3162 2608 3244 2663 ita
3289 2605 3564 2663 Dominus
3597 2604 3745 2659 Jesus

2123 2696 2390 2753 Christus
2422 2697 2494 2752 ab
2527 2695 2806 2768 apostolis
2841 2695 3225 2768 corporaliter
3261 2710 3603 2756 recessurus,
3633 2705 3741 2763 spe-

2123 2785 2347 2842 cialiter
2376 2786 2668 2858 quomodo
2691 2786 2747 2839 in
2772 2785 2994 2841 mundo
3017 2785 3347 2841 conversari
3373 2784 3648 2845 deberent,
3672 2779 3742 2835 eis

2123 2874 2428 2929 ostendere
2462 2873 2737 2947 dignatus
2759 2878 2865 2941 est,
2887 2873 3115 2929 dicens:
3142 2896 3170 2923 ‹‹
3205 2874 3267 2929 In
3302 2873 3408 2929 hoc
3431 2872 3743 2944 cognoscent

2122 2979 2327 3018 omnes
2357 2962 2496 3035 quia
2520 2961 2632 3017 mei
2656 2962 2929 3034 discipuli
2952 2963 3116 3029 estis,
3146 2963 3194 3018 si
3217 2960 3575 3017 dilectionem
3594 2957 3659 3014 ad
3676 2956 3746 3010 in.

2121 3052 2302 3107 vicem
2335 3050 2659 3107 habueritis
2694 3050 2900 3124 (Ibid);
2937 3072 2964 3100 »
2996 3055 3053 3106 et
3082 3050 3297 3106 iterum
3324 3066 3337 3105 :
3380 3077 3408 3099 «ι
3441 3047 3742 3104 Mandatum

2122 3157 2335 3195 novum
2361 3140 2434 3195 do
2456 3139 2620 3195 vobis
2638 3142 2703 3195 ut
2731 3137 2991 3211 diligatis
3013 3138 3259 3195 invicem
3294 3136 3495 3209 (Ibid),
3525 3157 3552 3185 ››
3580 3137 3631 3189 et
3655 3147 3745 3187 ca!-

2041 3208 2084 3276 C
2123 3234 2248 3285 tera
2277 3228 2370 3283 his
2403 3227 2640 3283 similia.
2684 3208 3019 3299 Eademque
3052 3231 3222 3283 nocte
3270 3208 3387 3299 qua
3416 3242 3449 3281 a
3493 3218 3744 3293 discipulo

2121 3317 2445 3373 tradendus
2460 3319 2603 3383 erat,
2628 3332 2743 3370 non
2763 3315 2954 3371 solum
2979 3315 3156 3387 pedes
3172 3312 3588 3386 discipulorum
3608 3307 3746 3371 lavit,

2121 3405 2222 3460 sed
2254 3404 2427 3459 etiam
2469 3403 2814 3476 mysterium
2851 3404 3108 3476 corporis
3136 3408 3200 3459 et
3230 3401 3529 3475 sanguinis
3556 3398 3636 3455 sui
3679 3395 3750 3451 eis

2119 3492 2381 3549 tradidit.
2405 3493 2630 3548 Etcum
2656 3492 2969 3565 multiplici
2994 3509 3271 3549 sermone
3291 3493 3363 3548 de
3382 3508 3486 3548 sua
3507 3506 3569 3545 ac
3590 3484 3748 3542 Patris

2120 3580 2422 3637 divinitate
2442 3579 2526 3637 eis
2547 3580 2902 3654 loqueretur,
2922 3598 3036 3636 non
3056 3581 3253 3636 solum
3278 3576 3748 3639 resurrectionem,

2122 3670 2221 3726 sed
2254 3670 2427 3725 etiam
2461 3687 2630 3727 suam
2676 3671 3079 3726 ascensionem
3110 3670 3427 3742 praedicere
3458 3665 3643 3728 voluit,
3671 3661 3749 3716 di-

2122 3775 2256 3814 cens
2284 3776 2297 3815 :
2333 3783 2359 3809 «
2393 3760 2551 3815 Vado
2580 3760 2649 3815 ad
2684 3776 2817 3815 eum
2850 3760 2950 3831 qui
2983 3759 3144 3814 misit
3175 3775 3295 3814 me.
3333 3780 3361 3807 »
3393 3756 3494 3813 Ubi
3527 3766 3750 3827 queren-

2120 3848 2261 3903 dum
2293 3852 2382 3903 est
2411 3863 2588 3919 quare
2612 3847 2800 3903 dicat:
2827 3869 2854 3897 «
2880 3847 3041 3902 Vade
3064 3847 3135 3902 ad
3159 3863 3296 3902 eum
3317 3847 3414 3919 qui
3447 3843 3596 3899 misit
3614 3856 3747 3903 me,»

2120 3953 2252 3992 cum
2284 3935 2421 3991 alibi
2450 3935 2755 4009 discipulis
2787 3936 3005 3991 dixisse
3035 3935 3268 4009 legatur
3293 3954 3306 3990 :
3344 3920 3371 3983 «ἒ
3392 3935 3525 3989 Ecce
3553 3946 3649 4004 ego
3671 3943 3748 3982 vo-

2119 4026 2348 4081 biscum
2367 4042 2497 4080 sum
2513 4024 2789 4080 omnibus
2805 4024 3013 4080 diebus
3032 4041 3222 4096 usque
3240 4024 3311 4081 ad
3332 4017 3748 4079 consummatio-

2121 4131 2253 4171 nem
2287 4113 2532 4170 saeculi?
2562 4135 2588 4161 ››
2612 4113 2814 4185 (Matth.
2845 4114 3079 4185 xxvm).~
3100 4113 3211 4168 Sed
3248 4113 3369 4168 haec
3420 4108 3649 4183 quaestio
3678 4104 3746 4159 fa—

2122 4201 2231 4257 cile
2263 4219 2467 4257 eorum
2515 4201 2813 4257 mentibus
2844 4205 3021 4274 patet,
3057 4200 3157 4273 qui
3188 4200 3251 4256 in
3309 4217 3424 4256 uno
3470 4197 3749 4254 Mediatore

2122 4290 2219 4346 Dei
2240 4294 2297 4346 et
2315 4290 2624 4346 hominum
2638 4293 2950 4362 utramque
2972 4294 3243 4346 naturam
3256 4332 3270 4355 ,
3286 4288 3505 4345 scilicet
3522 4283 3748 4340 divinam

2122 4383 2180 4435 et
2200 4379 2544 4444 humanam,
2568 4378 2941 4434 conﬁtentur.
2958 4378 3154 4433 Manet
3169 4394 3308 4452 ergo
3325 4393 3460 4433 cum
3478 4367 3750 4445 discipulis

2123 4484 2225 4540 per
2254 4466 2638 4532 divinitatem,
2678 4470 2736 4522 et
2760 4467 2920 4523 vadit
2950 4468 3021 4523 ad
3052 4467 3284 4523 Patrem
3318 4481 3423 4540 per
3449 4458 3750 4520 humanita-

2044 4575 2091 4639 Ι)
2122 4561 2262 4624 tem,
2297 4572 2462 4628 aquo
2496 4572 2797 4627 nunquam
2822 4554 3601 4627 discessitperdivinitatem,
3622 4547 3751 4603 sicut

2124 4646 2247 4718 ipse
2278 4644 2455 4700 dicit:
2493 4667 2521 4696 «
2555 4645 2670 4717 Ego
2701 4647 2758 4699 et
2788 4644 2957 4701 Pater
2986 4660 3170 4699 unum
3203 4659 3415 4700 sumus
3445 4644 3617 4715 (Joan.
3641 4635 3708 4705 κ).
3727 4653 3749 4679 »

2122 4734 2331 4790 Venire
2363 4737 2421 4789 et
2451 4732 2610 4788 abire
2640 4732 3029 4788 humanitatis
3057 4737 3186 4800 est;
3238 4747 3477 4788 manere
3515 4730 3601 4783 est
3640 4734 3751 4778 esse

2125 4822 2482 4878 divinitatis:
2511 4826 2568 4878 et
2596 4822 2724 4877 ideo
2745 4838 2877 4876 cum
2909 4820 3217 4895 discipulis
3256 4818 3477 4876 mansit
3523 4831 3621 4888 per
3657 4811 3750 4866 hoc

2124 4913 2278 4983 quod
2296 4936 2320 4961 ‹‹
2336 4910 2396 4966 in
2422 4909 2706 4983 principio
2719 4909 3463 4978 eratVerbum,etVerbum
3482 4908 3599 4962 erat
3613 4895 3749 4973 apud

2124 5000 2329 5067 Deum,
2353 5004 2412 5055 et
2444 5003 2593 5055 Deus
2613 5002 2738 5054 erat
2770 4998 3048 5054 Verbum.
3080 5021 3107 5048 »
3128 4997 3304 5053 Vadit
3322 4997 3398 5053 ad
3426 4995 3643 5050 Patrem
3665 5000 3751 5059 per

2125 5088 2234 5145 hoc
2260 5088 2413 5161 quod
2437 5110 2466 5139 «
2490 5088 2748 5143 Verbum
2778 5104 2911 5144 caro
2942 5089 3159 5143 factum
3191 5089 3301 5153 est,
3332 5089 3391 5140 et
3419 5074 3749 5139 habitavitin

2124 5176 2363 5255 nobis“)
2395 5176 2550 5232 sicut
2569 5175 2693 5247 ipse
2714 5174 2852 5230 alibi
2876 5176 2958 5230 ait
2980 5192 2993 5230 :
3021 5197 3049 5226 «
3070 5174 3229 5232 Exivi
3249 5190 3284 5229 a
3305 5166 3471 5229 Patre
3491 5163 3679 5227 etveni
3696 5162 3750 5217 in

2125 5246 2435 5332 mundum,
2467 5267 2525 5319 et
2554 5246 2767 5318 iterum
2798 5262 3065 5336 relinquo
3096 5261 3409 5327 mundum,
3442 5261 3500 5314 et
3523 5254 3660 5311 vado
3686 5246 3750 5305 ad

2124 5355 2349 5411 Patrem
2398 5352 2577 5424 (Joan.
2610 5354 2748 5421 xv1);
2785 5375 2812 5401 ››
2837 5355 2894 5409 et
2925 5351 3178 5407 iterum:
3232 5372 3260 5401 «
3286 5350 3469 5406 Nemo
3515 5337 3753 5424 ascendit

2122 5440 2181 5497 in
2205 5422 2436 5508 caelum,
2461 5440 2573 5495 nisi
2596 5439 2696 5512 qui
2719 5439 3019 5496 descendit
3039 5440 3111 5496 de
3131 5438 3292 5505 caelo,
3318 5435 3500 5492 Filius
3518 5422 3753 5512 hominis

2124 5530 2225 5604 qui
2256 5534 2343 5587 est
2373 5529 2431 5585 in
2465 5511 2824 5602 caelat/orm.
2859 5527 2965 5601 in).
2991 5551 3019 5578 »
3051 5527 3212 5594 Quod
3243 5527 3441 5582 autem
3469 5511 3753 5604 subjungit

2125 5600 2160 5675 «—
2177 5620 2245 5679 Et
2261 5635 2431 5679 nemo
2449 5635 2518 5676 ex
2539 5600 2700 5676 vobis
2722 5617 3036 5696 interroget
3056 5633 3171 5677 me:
3194 5614 3358 5691 Quod
3383 5607 3630 5673 vadis?»
3652 5600 3752 5681 id?
