4050 6174
220 360 321 420 517

1396 327 1752 418 nouum:
1792 350 1897 414 DE
1941 344 2335 415 TEMPORE.

3456 360 3575 421 548

218 498 293 549 est
319 507 377 546 ac
405 489 447 544 si
479 489 681 545 diceret
713 507 725 545 :
761 491 905 547 Tam
937 490 1135 547 lucida
1183 495 1238 545 et
1289 490 1561 561 prmclara
1593 489 1700 544 erit
1731 506 1816 542 :is-
1848 486 2176 555 Adicitur:
2204 512 2226 534 ‹‹
2256 486 2361 571 Ubi
2385 492 2472 542 est
2495 485 2806 543 thesaurus
2832 489 3191 555 tuus,‘ibiest
3212 497 3265 545 et
3288 509 3384 548 cor
3408 499 3574 551 tuum

218 580 387 637 censio
415 596 556 643 mea,
588 583 647 633 ut
678 578 876 635 nullus
904 586 1165 636 vestrum
1206 580 1468 653 indigeat
1513 596 1607 633 me
1638 579 1822 633 inter-

217 684 394 742 rogare
424 683 531 739 quo
558 666 783 735 vadam,
815 668 1150 725 videntibus
1176 668 1405 724 cunctis
1434 669 1584 740 quod
1612 666 1819 721 cmlum

217 756 516 813 ascendam.
537 755 675 810 Nam
703 771 839 811 cum
872 756 1141 828 superius
1167 757 1387 811 iturum
1420 772 1482 811 se
1502 756 1571 811 ad
1607 754 1825 827 passio-

215 862 328 901 nem
356 842 694 916 prmdiceret,
729 844 930 899 dicens
959 861 971 899 :
1008 868 1037 894 ‹‹
1070 844 1276 911 Filioli,
1304 845 1497 900 adhuc
1527 844 1821 899 modicum

210 933 478 988 vobiscum
513 948 640 988 sum
666 932 867 1005 (Ibid),
900 956 929 983 ››
950 937 1006 989 et
1028 932 1179 989 sicut
1206 932 1424 990 Judzeis
1454 932 1633 987 dixit:
1657 931 1825 995 «Quo

210 1039 299 1096 ego
320 1021 474 1085 vado,
505 1037 602 1076 vos
626 1037 739 1075 non
769 1022 1013 1093 potestis
1059 1022 1257 1077 venire
1289 1025 1465 1090 (Joan.
1498 1026 1641 1090 vm),
1677 1042 1706 1070 »
1737 1020 1826 1075 in-

210 1110 492 1182 terrogavit
517 1126 649 1164 eum
680 1110 907 1179 Petrus,
943 1110 1141 1168 dicens
1177 1129 1190 1167 :
1225 1133 1252 1160 «
1288 1110 1550 1176 Domine,
1584 1126 1700 1182 quo
1726 1126 1824 1165 va-

210 1198 329 1252 dis?
357 1219 383 1246 »
412 1198 585 1267 (Joan.
620 1200 767 1270 xm.)
799 1198 940 1256 Visa
989 1204 1183 1255 autem
1216 1198 1576 1256 ascensionis
1620 1198 1826 1271 gloria,

211 1302 306 1342 non
338 1302 562 1342 necesse
593 1285 930 1343 habuerunt
964 1286 1327 1361 interrogare
1379 1305 1494 1361 quo
1543 1290 1824 1360 pergeret,

212 1375 345 1445 quia,
376 1372 521 1429 sicut
551 1374 736 1429 Lucas
785 1380 985 1431 narrat
1033 1376 1091 1431 in
1121 1377 1363 1433 Actibus
1405 1376 1827 1449 apostolorum,

210 1462 505 1517 videntibus
535 1464 766 1519 cunctis
796 1463 1056 1520 elevatus
1086 1471 1192 1531 est,
1229 1469 1285 1521 et
1338 1467 1525 1521 nubes
1574 1464 1831 1536 suscepit

210 1567 320 1606 eum
354 1552 421 1606 ab
441 1550 624 1606 oculis
652 1568 877 1608 eorum.
895 1553 965 1607 Et
985 1569 1119 1609 cum
1150 1554 1518 1609 intuerentur
1537 1554 1593 1609 in
1617 1551 1827 1609 coelum

210 1644 411 1695 euntem
443 1638 632 1708 illum,
662 1642 942 1697 continuo
991 1643 1109 1698 duo
1156 1642 1260 1698 viri
1309 1643 1621 1700 astiterunt
1663 1644 1832 1713 juxta

210 1728 319 1784 illos
348 1728 403 1783 in
440 1728 700 1785 vestibus
734 1729 903 1796 albis,
939 1731 1039 1804 qui
1073 1737 1131 1786 et
1160 1730 1429 1787 dixerunt
1459 1748 1474 1786 :
1510 1755 1537 1781 «
1568 1731 1690 1785 Viri
1721 1730 1829 1786 Ga-

208 1816 336 1881 lilsei,
368 1815 500 1889 quid
534 1816 709 1873 statis
738 1819 1086 1890 aspicientes
1133 1820 1193 1875 in
1238 1819 1448 1875 ccelum
1471 1820 1498 1874 ‘?
1527 1820 1630 1875 Hic
1657 1820 1832 1875 Jesus

207 1906 288 1977 qui
317 1910 656 1978 assumptus
699 1911 789 1962 est
838 1924 871 1962 a
913 1908 1077 1963 vobis
1124 1908 1183 1962 in
1229 1909 1463 1976 cmlum,
1512 1909 1595 1964 sic
1646 1907 1831 1964 veniet

209 1994 678 2065 quemadmodum
709 1994 936 2051 vidistis
962 2012 1096 2051 eum
1120 2001 1353 2052 euntem
1376 1997 1433 2051 in
1459 1997 1664 2052 caelum
1689 1997 1827 2069 (Act.

208 2088 257 2150 1).
284 2106 309 2132 »
339 2083 400 2138 Et
429 2082 563 2156 quia
606 2089 845 2139 noverat
873 2084 1158 2141 Dominus
1187 2087 1339 2157 quod
1372 2086 1491 2140 haec
1522 2102 1628 2141 sua
1659 2086 1834 2140 verba

208 2176 344 2228 tanto
372 2173 658 2244 majorem
686 2173 990 2229 tristitiam
1035 2173 1092 2229 in
1128 2175 1398 2231 cordibus
1437 2173 1831 2245 apostolorum

207 2266 537 2334 generarent.
572 2267 797 2334 quanto
828 2278 890 2318 se
918 2262 1169 2319 vicinius
1211 2263 1285 2319 ab
1329 2264 1414 2320 eis
1463 2280 1830 2320 recessurum

208 2350 542 2422 pradicebat,
568 2352 861 2423 adjunxit,
894 2351 1112 2409 dicens.

266 2464 288 2488 α
321 2440 421 2495 Sed
454 2440 595 2511 quia
628 2440 746 2495 haec
777 2440 1008 2496 locutus
1038 2458 1168 2497 sum
1222 2442 1406 2512 vobis,
1438 2441 1673 2497 tristitia
1717 2442 1831 2497 im-

214 2551 230 2575 α
251 2528 408 2600 plevit
423 2545 519 2585 cor
535 2535 824 2585 vestrum.
844 2553 872 2579 »
884 2530 998 2586 Nec
1011 2531 1165 2585 enim
1180 2531 1402 2603 absque
1417 2531 1574 2604 gravi
1592 2548 1833 2586 maerore

210 2619 316 2688 ejus
343 2619 669 2674 absentiam
704 2618 1060 2690 corporalem
1114 2619 1314 2675 audire
1346 2624 1631 2691 poterant,
1664 2621 1834 2692 cujus

211 2707 371 2779 gratia
392 2708 460 2762 de
477 2708 704 2763 mundo
726 2707 889 2763 electi
914 2709 1286 2779 erant,eujus
1308 2709 1837 2764 doctrinainstrue-

213 2795 417 2861 bantur,
431 2797 611 2870 cujus
631 2796 1004 2852 sermonibus
1025 2796 1516 2865 informabantur,
1540 2799 1709 2868 cujus
1732 2797 1835 2852 mi-

213 2883 399 2939 raculis
420 2884 929 2955 jucundabantur.
957 2886 1023 2940 Et
1042 2902 1214 2957 quem
1242 2885 1464 2942 obicem
1490 2890 1547 2943 et
1571 2887 1835 2943 defenso-

215 2988 315 3027 rem
346 2973 401 3028 in
429 2973 712 3030 omnibus
743 2973 1093 3039 sentiebant,
1127 2974 1254 3029 sine
1293 2990 1506 3047 magno
1537 2974 1734 3031 dolore
1764 2975 1836 3029 ab

213 3078 267 3116 eo
293 3063 535 3135 separari
567 3079 691 3118 non
723 3066 1007 3135 poterant.
1057 3062 1221 3119 Unde
1252 3079 1383 3118 cum
1414 3079 1583 3119 suam
1615 3063 1836 3135 passio-

216 3166 326 3205 nem
353 3150 481 3206 alibi
507 3151 872 3224 przediceret,
889 3151 1195 3223 prohibere
1221 3150 1424 3207 volens
1455 3168 1586 3207 eum
1610 3152 1836 3219 Petrus,

1933 576 2144 642 (Matth.
2171 579 2284 643 v1);
2322 598 2349 624 ››
2381 580 2437 631 ct
2466 577 2691 632 iterum"
2723 594 2736 632 :
2775 600 2803 627 ‹‹
2835 578 2941 633 Ubi
2976 579 3148 633 fuerit
3176 598 3408 651 corpus,
3439 582 3578 639 illuc

1932 663 2444 736 congregabantur
2472 669 2531 721 et
2561 663 2768 738 aquila;
2802 665 2950 738 (Luc.
2972 673 3088 732 vu).
3115 690 3142 717 »
3177 670 3243 722 Et
3269 668 3396 724 ideo
3419 674 3580 727 tanto

1932 752 2244 824 perfectius
2264 753 2552 826 Spiritum
2572 759 2840 810 sanctum
2860 760 2993 827 post
3013 758 3414 814 ascensionem
3437 761 3589 815 accio

1933 857 2067 912 pere
2097 840 2405 896 visibiliter
2435 847 2796 908 meruerunt,
2830 847 3050 914 quanto
3102 844 3161 897 in
3213 846 3342 914 ejus
3388 862 3584 902 amore

1932 929 2188 1001 amplius
2218 934 2563 986 exarserunt
2594 946 2607 985 :
2641 935 2700 985 et
2728 931 2836 986 hoc
2882 936 2974 986 est
3002 932 3156 1006 quod
3190 933 3290 989 ait.
3322 956 3351 983 «
3384 933 3442 990 Si
3477 950 3582 1007 ego

1934 1035 2050 1073 non
2082 1018 2299 1082 abiero,
2318 1018 2651 1074 Paracletus
2666 1034 2787 1074 non
2806 1020 3085 1076 venietad
3108 1038 3229 1077 vos.
3258 1044 3286 1070 ››
3310 1023 3461 1078 Bene
3486 1040 3586 1079 au-

1934 1112 2051 1161 tem
2082 1106 2336 1178 Spiritus
2358 1106 2687 1179 paracletus
2708 1108 3393 1183 nominatum-impexum;
3425 1114 3581 1170 enim

1935 1196 2149 1261 Graece,
2174 1195 2373 1252 Latine
2393 1198 2700 1252 consolator
2717 1197 2838 1253 sive
2861 1198 3151 1255 advocatus
3174 1200 3408 1256 dicitur.
3433 1202 3585 1258 Bene

1936 1283 2267 1340 consolator
2296 1284 2530 1352 dicitur,
2551 1285 2650 1357 qui
2683 1303 2795 1341 non
2826 1286 3017 1342 solum
3049 1292 3188 1343 tunc
3219 1289 3392 1344 corda
3415 1306 3585 1362 apos-

1935 1372 2185 1428 tolorum
2222 1374 2291 1428 de
2322 1374 2551 1429 Domini
2580 1375 2849 1430 absentia
2872 1376 3174 1433 mmrentia
3195 1376 3484 1433 consolari
3505 1378 3589 1434 di-

1937 1465 2150 1533 gnatus
2173 1466 2281 1525 est,
2299 1462 2396 1516 sed
2421 1461 2595 1517 etiam
2624 1463 2885 1533 quotidie
2914 1481 3017 1536 pro
3049 1466 3263 1537 peccati
3299 1471 3589 1538 perpetra-

1937 1549 2094 1604 tione
2161 1549 2519 1622 lugentibus,
2578 1552 2717 1605 dum
2792 1568 2956 1625 spem
3029 1555 3319 1625 promittit
3384 1556 3584 1624 venite,

1939 1638 2253 1693 maximam
2271 1638 2724 1695 consolationem
2741 1641 2963 1696 tribuit.
2981 1642 3160 1714 Cujus
3173 1644 3587 1702 consolationis

1940 1743 2045 1798 ope
2076 1743 2138 1782 se
2169 1726 2538 1782 sublevatum
2572 1734 2826 1796 noverat,
2848 1730 2946 1802 qui
2968 1731 3199 1787 dicebat
3224 1748 3237 1786 :
3267 1756 3295 1783 ‹‹
3320 1734 3590 1791 Consola-

1941 1815 2129 1870 tiones
2158 1820 2293 1883 tuae,
2327 1815 2592 1881 Domine,
2626 1816 3061 1886 laetiﬁcaverunt
3094 1821 3349 1885 animam
3395 1839 3588 1880 meam

1938 1906 2112 1973 (Psal.
2146 1910 2321 1972 xcm).
2358 1927 2385 1952 »
2418 1905 2526 1961 Pro
2556 1921 2672 1977 quo
2717 1906 2778 1961 in
2821 1907 3017 1963 Greco
3060 1907 3274 1981 legitur
3305 1927 3318 1964 :
3352 1919 3411 1968 At
3436 1936 3592 1985 παρα-

1939 2001 2134 2062 κλήαεις
2166 2018 2251 2050 σου
2282 2002 2499 2066 εὔφρααν
2527 2004 2620 2061 τὴν
2648 2003 2816 2068 ψυχήν
2846 2020 2956 2066 μου.
2992 1996 3063 2051 Et
3109 1997 3320 2053 iterum
3358 2017 3370 2054 ζ
3407 2023 3435 2050 ‹‹
3469 2001 3591 2056 Me-

1940 2098 2070 2137 mor
2100 2083 2181 2136 fui
2208 2082 2570 2153 judiciorum
2615 2088 2876 2150 tuorum,
2912 2086 3176 2155 nomine,
3207 2103 3242 2141 a
3271 2088 3503 2156 saeculo,
3536 2093 3594 2146 et

1941 2170 2274 2226 consolatus
2305 2188 2438 2226 sum
2488 2172 2661 2239 (Psal.
2716 2173 2928 2243 cxvm).
2965 2196 2992 2223 »
3028 2174 3199 2229 Recte
3216 2177 3404 2233 .etiam
3436 2177 3591 2234 idem

1941 2260 2194 2332 Spiritus
2219 2260 2532 2315 advocatus
2562 2261 2796 2331 dicitur,
2821 2263 2959 2333 quia
2980 2280 3082 2335 pro
3108 2266 3324 2322 nostris
3349 2268 3596 2323 excessi-

1942 2349 2053 2403 bus
2071 2348 2330 2421 quotidie
2354 2349 2580 2405 Patrem
2600 2348 2950 2422 interpellat,
2970 2351 3125 2407 sicut
3145 2356 3225 2408 ait
3245 2355 3589 2426 Apostolus:

1943 2462 1967 2485 α
1989 2438 2132 2492 Nam
2155 2438 2310 2510 quod
2333 2454 2589 2504 oremus,
2610 2438 2761 2494 sicut
2781 2444 3007 2512 oportet
3025 2441 3449 2507 nescimus,sed
3468 2445 3593 2518 ipse

1942 2528 2196 2600 Spiritus
2225 2527 2486 2598 postulat
2513 2544 2617 2599 pro
2648 2529 2820 2584 nobis
2850 2530 3167 2599 gemitibus
3191 2531 3603 2615 inenarrabili.

1942 2618 2051 2672 bus
2086 2617 2257 2688 (Rom.
2290 2620 2431 2684 vm).
2459 2638 2486 2666 ››
2510 2616 2805 2680 Quantum
2835 2623 3029 2673 autem
3062 2620 3133 2673 de
3164 2621 3428 2690 ejusdem
3462 2624 3595 2696 Spi-

1945 2706 2092 2761 ritus
2122 2705 2274 2759 dono
2304 2704 2549 2775 apostoli
2583 2706 2897 2777 profecturi
2931 2713 3146 2780 essent,
3184 2709 3597 2769 manifestatur

1943 2810 2075 2849 cum
2108 2792 2383 2849 subditur
2415 2810 2428 2847 :
3201 2793 3205 2797 ’

2017 2904 2044 2931 ‹‹
2083 2882 2149 2936 Et
2180 2897 2314 2935 cum
2343 2881 2565 2936 venerit
2590 2881 2707 2948 ille,
2727 2886 2934 2954 arguet
2959 2885 3246 2940 mundum
3269 2886 3340 2941 de
3362 2892 3595 2959 peccato

1954 2991 1981 3021 α
2009 2974 2067 3024 et
2096 2970 2166 3024 de
2188 2967 2422 3040 justitia
2451 2972 2508 3024 et
2537 2969 2608 3025 de
2630 2971 2878 3040 judicio.
2914 2992 2942 3021 »
2970 2971 3343 3030 Manifestum
3370 2982 3460 3030 est
3490 2993 3597 3033 au-

1944 3063 2063 3113 tem
2097 3057 2250 3130 quod
2284 3057 2570 3113 Dominus
2593 3059 2764 3113 JeSus
2793 3058 3063 3116 Christus
3087 3078 3188 3133 per
3212 3064 3595 3138 semetipsum

1949 3146 2259 3211 mundum,
2289 3146 2346 3200 id
2378 3148 2467 3200 est
2495 3149 2784 3202 amatores
2816 3149 3041 3215 mundi,
3068 3149 3138 3205 de
3164 3156 3418 3223 peccato,
3438 3158 3499 3211 et
3525 3155 3597 3210 de

212 3239 405 3295 aiebat:
431 3264 459 3290 ‹‹
482 3239 780 3312 Propitius
801 3245 926 3297 esto
945 3240 1072 3307 tibi,
1092 3240 1494 3313 Domine,lnon
1523 3239 1623 3295 ﬁat
1639 3240 1791 3295 istud
1822 3258 1835 3307 ;
1868 3224 1912 3290 C
1944 3233 2197 3305 justitia,
2213 3239 2270 3289 et
2286 3234 2358 3288 de
2371 3233 2594 3305 judicio
2617 3235 2930 3308 redarguit.
2950 3238 3024 3292 De
3046 3244 3280 3308 peccato
3302 3241 3601 3314 redarguit

213 3344 309 3382 non
327 3329 474 3383 enim
496 3328 670 3385 decet
689 3333 753 3383 ut
780 3328 958 3384 Filius
991 3328 1089 3385 Dei
1112 3333 1307 3401 gustet
1341 3334 1587 3401 mortem
1631 3329 1837 3402 (Matth.

214 3421 328 3485 m).
355 3439 379 3465 ι»
399 3417 626 3473 Etcum
657 3416 717 3471 in
759 3415 971 3473 ultima
1002 3433 1166 3473 coena
1201 3418 1550 3474 recumbens
1585 3418 1837 3474 diceret:

220 3527 237 3552 ι
262 3504 408 3561 Unus
426 3511 688 3561 vestrum
711 3522 805 3562 me
826 3506 1149 3562 traditurus
1178 3513 1284 3572 est,
1305 3506 1629 3563 contristati
1652 3506 1840 3574 valde,

218 3599 486 3667 coeperunt
504 3594 703 3651 dicere
733 3594 951 3668 singuli
976 3611 988 3649 :
1014 3595 1289 3667 Nunquid
1311 3611 1415 3668 ego
1438 3595 1843 3663 sum,Domine

219 3683 396 3752 (Matth.
417 3685 590 3757 xxvx).
617 3704 646 3734 »
679 3684 791 3740 Sed
824 3700 1026 3739 eorum
1054 3683 1206 3740 hanc
1234 3684 1533 3740 tristitiam
1565 3684 1696 3757 pius
1728 3685 1843 3741 Ma-

218 3772 374 3843 gister
399 3774 656 3846 benigna
685 3771 1082 3828 consolatione
1110 3773 1293 3829 lenire
1344 3774 1585 3840 curavit,
1619 3773 1837 3830 dicens.

280 3883 303 3909 ‹‹
333 3863 442 3935 Ego
468 3861 775 3918 veritatem
813 3861 943 3917 dico
971 3861 1158 3931 vobis,
1193 3861 1425 3935 expedit
1451 3862 1613 3918 vobis
1643 3866 1707 3917 ut
1737 3879 1843 3936 ego

222 3970 243 3995 ‹‹
270 3949 478 4005 vadem.
499 3972 527 3999 η
550 3952 635 4005 Ac
657 3950 705 4005 si
729 3949 945 4005 diceret
968 3967 980 4005 :
1008 3951 1122 4025 Ego
1153 3950 1253 4022 qui
1285 3950 1507 4006 veritas
1526 3967 1681 4014 sum,
1703 3951 1845 4006 veri-

221 4040 373 4094 tatem
400 4039 561 4095 vobis
597 4038 749 4094 dico.
783 4039 1030 4095 Necesse
1077 4045 1165 4095 est
1194 4043 1259 4094 ut
1290 4039 1409 4095 btec
1439 4040 1627 4095 forma
1671 4039 1840 4108 servi,

220 4140 371 4195 quam
400 4127 456 4182 in
488 4144 584 4184 me
618 4127 1066 4200 cernitis,quam
1098 4128 1327 4185 sincero
1356 4145 1551 4184 amore
1575 4126 1842 4199 diligitis,

216 4228 244 4265 a
266 4215 453 4271 vestris
480 4214 898 4288 conspectibus
922 4215 1348 4289 temporalibus
1369 4216 1845 4284 subtrahatur,ut

218 4301 435 4360 formam
455 4304 787 4362 divinitatis
810 4305 866 4360 in
895 4322 986 4362 me
1010 4306 1323 4378 perfectius
1344 4305 1558 4361 intueri
1580 4304 1844 4377 valeatis,

220 4389 348 4448 sicut
373 4392 494 4466 ipse
525 4392 670 4450 alibi
702 4393 845 4449 dicit
871 4411 884 4449 :
909 4417 937 4443 «
963 4395 1021 4451 Si
1046 4394 1365 4467 diligeretis
1388 4411 1500 4460 me,
1519 4394 1657 4467 quia
1680 4394 1846 4450 Pater

223 4481 385 4551 major
410 4499 502 4539 me
533 4486 627 4539 est
676 4483 851 4554 (Joan.
887 4486 1017 4550 xw).
1053 4506 1080 4533 ››
1112 4483 1273 4539 Unde
1322 4487 1474 4540 recte
1521 4484 1795 4539 subditur
1828 4499 1841 4537 :

225 4589 247 4616 ιι
271 4568 322 4623 Si
351 4576 540 4628 autem
593 4588 710 4627 non
761 4571 978 4638 abiero,
1012 4572 1345 4628 Paracletus
1392 4589 1505 4628 non
1552 4571 1742 4629 veniet
1772 4573 1840 4628 ad

225 4676 247 4702 «
273 4673 362 4714 vos
386 4676 400 4714 :
423 4661 471 4715 si
503 4664 701 4717 autem
734 4660 949 4729 abiero,
984 4658 1213 4716 mittam
1240 4676 1373 4717 eum
1397 4661 1468 4717 ad
1495 4678 1616 4717 vos.
1647 4684 1673 4708 ιι
1694 4660 1851 4716 Nun-

222 4745 339 4814 quid
370 4753 591 4819 poterat
623 4749 760 4804 dare
789 4749 1072 4820 Spiritum
1105 4752 1375 4805 sanctum
1408 4749 1467 4804 in
1500 4750 1694 4817 terris,
1712 4767 1847 4806 cum

224 4836 507 4893 manifeste
548 4837 779 4909 legatur
828 4841 960 4909 post
1006 4838 1513 4907 resurrectionem,
1569 4840 1846 4911 quoniam

225 4917 519 4979 insuﬂlavit
547 4929 605 4981 et
653 4925 798 4981 dixit
833 4942 846 4981 :
881 4949 907 4975 ‹‹
938 4926 1192 4998 Accipite
1239 4926 1523 4999 Spiritum
1577 4933 1846 4983 sanctum

229 5008 382 5079 (Joan.
414 5015 524 5085 xx).
563 5037 590 5063 »
622 5014 853 5070 Poterat
881 5015 1101 5088 utique.
1135 5015 1247 5071 Sed
1293 5016 1552 5087 quandiu
1601 5017 1847 5089 apostoli

230 5094 390 5154 Deum
419 5099 715 5159 hominem
761 5120 958 5160 secum
1009 5108 1472 5171 conversantem,
1504 5120 1847 5162 convescen-

229 5188 349 5253 tem,
379 5188 799 5263 colloquentem
845 5192 1156 5259 habebant,
1188 5194 1317 5264 ejus
1356 5194 1666 5264 praesentia
1695 5194 1851 5251 dele-

229 5276 368 5342 ctati,
388 5278 581 5334 minus
605 5280 674 5336 ad
709 5280 1007 5337 sciendam
1029 5280 1391 5338 divinitatem
1415 5281 1616 5338 oculos
1637 5283 1850 5339 mentis

229 5360 525 5435 erigebant.
562 5367 873 5441 Postquam
905 5374 1102 5425 autem
1133 5370 1505 5427 Dominicum
1538 5386 1748 5443 corpus
1778 5371 1849 5426 ad

232 5447 399 5507 Patris
444 5455 735 5514 dexteram
786 5457 1130 5517 collocatum
1175 5462 1479 5527 noverunt,
1521 5458 1620 5515 illo
1664 5463 1849 5516 totum

231 5552 388 5597 suum
416 5542 767 5603 desiderium
797 5547 1243 5615 transtulerunt,
1270 5564 1385 5621 quo
1418 5552 1591 5621 caput
1612 5565 1853 5622 praeces-

233 5625 365 5689 sisse
392 5642 797 5715 cognoverunt,
809 5639 979 5716 juxta
1007 5637 1151 5698 illud
1186 5638 1341 5719 quod
1372 5637 1508 5701 alibi
1541 5656 1576 5702 ει
1605 5639 1851 5702 Domino

1949 3340 2070 3394 eos,
2104 3321 2242 3394 quia
2271 3322 2328 3376 in
2360 3338 2493 3378 eum
2519 3324 2753 3379 credere
2776 3323 3106 3395 noluerunt,
3125 3327 3197 3383 de
3216 3328 3435 3400 quibus
3458 3329 3598 3386 alibi

1951 3412 2033 3468 ait
2058 3429 2071 3466 :
2106 3433 2134 3462 ‹‹
2167 3410 2227 3467 Si
2259 3428 2373 3466 non
2402 3412 2692 3467 venissem
2723 3416 2780 3468 et
2802 3412 3034 3469 locutus
3065 3415 3306 3474 fuissem
3341 3418 3446 3486 eis,
3467 3435 3599 3492 pec-

1951 3505 2149 3556 catum
2181 3517 2296 3555 non
2329 3500 2627 3556 haberent.
2646 3501 2810 3556 Nunc
2841 3507 3035 3559 autem
3067 3506 3500 3563 excusationem
3528 3509 3601 3565 de

1949 3593 2187 3663 peccato
2217 3607 2324 3645 suo
2354 3605 2469 3645 non
2500 3590 2737 3657 habent,
2769 3591 2908 3663 quia
2937 3592 3208 3650 viderunt
3237 3611 3352 3664 me,
3380 3600 3438 3652 et
3466 3597 3599 3654 odio

1949 3679 2283 3735 habuerunt
2310 3695 2403 3734 me
2434 3679 2618 3752 gratis
2650 3680 2824 3751 (Joan.
2850 3684 2961 3749 xv).
2988 3703 3016 3730 »
3039 3681 3117 3737 De
3134 3684 3373 3754 justitia
3403 3686 3599 3742 redar-

1951 3768 2078 3841 guit
2093 3767 2357 3840 eos,quia
2363 3768 2658 3839 justitiam
2676 3773 2733 3825 et
2749 3769 3186 3842 simplicitatem
3204 3774 3600 3845 apostolorum

1952 3855 2171 3911 imitari
2191 3856 2525 3912 noluerunt.
2541 3858 2625 3913 Ad
2649 3874 2897 3930 quorum
2921 3862 3422 3932 comparationem
3444 3868 3600 3920 recte

1945 3944 2251 4016 judicandi
2283 3949 2441 4012 sunt,
2460 3946 2675 4017 quibus
2705 3947 2830 4020 ipse
2861 3948 2979 4004 ait:
3009 3973 3036 3999 ‹‹
3062 3949 3123 4005 Si
3153 3966 3260 4024 ego
3289 3952 3349 4007 in
3381 3951 3605 4009 Beelze-

1952 4034 2070 4089 bub
2102 4032 2269 4104 ejicio
2298 4034 2605 4105 daemonia,
2626 4035 2728 4089 ﬁlii
2751 4036 2927 4092 vestri
2944 4038 3002 4092 in
3028 4055 3143 4110 quo
3163 4041 3213 4110 ej
3223 4040 3405 4096 iciunt
3420 4041 3448 4095 Ἰ
3469 4043 3602 4099 Ideo

1953 4122 2063 4194 ipsi
2085 4121 2316 4194 judices
2348 4123 2522 4178 vestri
2548 4131 2719 4179 erunt
2751 4126 2900 4197 (Luc.
2932 4129 3032 4194 x1).
3070 4149 3098 4175 ››
3129 4128 3211 4184 De
3250 4130 3476 4199 judicio
3507 4147 3603 4187 re-
3706 4160 3721 4165 -

1953 4210 2188 4283 darguit
2218 4228 2338 4280 eos,
2369 4210 2588 4283 quibus
2618 4229 2753 4267 cum
2785 4213 3084 4269 diabolum
3116 4215 3243 4286 jam
3268 4212 3601 4286 judicatum

1953 4300 2323 4368 ostendisset,
2337 4299 2569 4356 dicens:
2590 4322 2618 4349 «
2638 4301 2917 4357 Videbam
2936 4302 3212 4359 Satanam
3237 4303 3391 4361 sicut
3406 4305 3605 4380 fulgur

1954 4391 2024 4446 de
2042 4389 2184 4445 ctelo
2197 4391 2497 4446 cadentem
2516 4392 2665 4456 (Luc.
2679 4392 2757 4457 x),
2778 4412 2805 4439 ››
2820 4391 3007 4464 magis
3019 4392 3130 4448 sub
3142 4393 3605 4461 ejusdurissima

1954 4480 2233 4536 servitute
2251 4494 2487 4534 manere
2506 4477 2834 4548 voluerunt,
2850 4496 3026 4551 quam
3045 4481 3117 4535 ad
3134 4480 3464 4539 liberatoris
3483 4483 3604 4540 leve

1877 4593 1925 4659 Ι)
1948 4570 2161 4642 jugum
2184 4567 2591 4659 transire._Sed
2614 4569 2768 4659 quod
2793 4568 3078 4659 Dominus
3100 4587 3204 4643 per
3222 4571 3604 4645 semetipsum

1957 4659 2017 4713 in
2040 4674 2158 4713 una
2178 4661 2349 4729 gente
2366 4657 2697 4712 Iudaeorum
2721 4657 2878 4725 fecit,
2897 4658 3003 4713 hoc
3028 4659 3310 4732 Spiritum
3334 4666 3605 4717 sanctum

1958 4746 2246 4819 promittit
2267 4748 2556 4802 facturum
2581 4746 2638 4801 in
2663 4747 2964 4803 universas
2985 4764 3091 4820 gen
3102 4752 3189 4803 tes
3208 4764 3312 4821 per
3334 4749 3608 4822 pradica-

1958 4836 2173 4891 tionem
2209 4834 2628 4908 apostolorum.
2661 4836 2978 4909 Redarguit
3007 4839 3162 4892 enim
3194 4837 3450 4910 Spiritus
3475 4854 3608 4895 san-

1958 4930 2087 4980 ctus
2117 4925 2427 4989 mundum,
2446 4923 2504 4978 id
2527 4929 2618 4979 est
2638 4925 2842 4980 mundi
2865 4930 3174 4997 amatores,
3189 4943 3293 4998 per
3313 4925 3606 5000 apostolos

1958 5015 2030 5069 de
2061 5018 2313 5085 peccato,
2348 5014 2582 5084 quando
2612 5012 3077 5069 incredulitatem
3108 5015 3437 5071 infidelium
3467 5032 3606 5073 con-

1959 5102 2275 5170 demnavit,
2309 5102 2459 5157 sicut
2488 5118 2590 5173 per
2618 5101 2909 5174 apostolos
2940 5103 3193 5175 Spiritus
3218 5110 3461 5162 sanctus
3490 5122 3608 5164 non

1960 5191 2331 5248 credentibus
2357 5190 2498 5245 dicit
2526 5208 2538 5245 :
2577 5213 2605 5241 ‹‹
2634 5191 2812 5247 Vobis
2843 5192 3081 5264 quidem
3125 5200 3461 5267 oportuerat
3488 5197 3627 5271 pri-a

1960 5297 2124 5336 mum
2157 5280 2315 5352 loqui
2346 5280 2603 5336 Verbum
2637 5281 2873 5350 Dei,se.d
2899 5282 3039 5355 quia
3061 5284 3340 5358 repellitis
3371 5284 3537 5352 illud,
3552 5291 3609 5344 et
3712 5314 3719 5320 -

1959 5370 2236 5444 indignos
2250 5387 2352 5426 vos
2360 5369 2643 5441 judicatis
2659 5374 2885 5429 aeterna:
2907 5372 3056 5442 vitae,
3072 5390 3201 5430 ecce
3216 5375 3611 5444 convertimur

1961 5460 2032 5515 ad
2066 5464 2267 5532 gentes
2298 5460 2431 5527 (Act.
2462 5464 2605 5528 xm).
2637 5482 2664 5510 »
2696 5461 2763 5516 Et
2786 5461 3029 5534 pulchre
3056 5463 3115 5519 in
3147 5463 3466 5536 primordio
3497 5469 3608 5520 Do-

1961 5550 2159 5605 minus
2189 5554 2490 5622 peccatum
2522 5548 2973 5620 incredulitatis,
3026 5551 3478 5625 quasi-speciale
3503 5568 3609 5625 po-

1963 5640 2081 5697 suit
2113 5655 2126 5696 :
2161 5638 2301 5716 quia
2328 5638 2480 5703 sicut
2511 5638 2656 5699 fides
2687 5639 2847 5717 origo
2886 5644 2975 5697 est
3003 5640 3269 5699 omnium
3299 5638 3604 5712 virtutum,
