4050 6174
516 350 635 412 519

1082 349 1488 409 llAYMUNlS
1535 346 2085 408 IlALBEllS'l‘A'l‘.
2129 344 2372 407 EPlSC.
2420 347 2591 405 UPl’.
2639 345 2838 404 PARS
2887 345 3062 404 ll.—
3092 341 3357 404 HOMIL.

3769 345 3867 403 520

515 483 600 539 sic
628 481 1009 539 incredulitas
1052 482 1503 538 fundamentum
1549 478 1814 536 omnium
1846 478 2116 535 vitiorum
2145 479 2250 548 LA
2279 475 2366 535 bit
2389 493 2490 533 vos
2520 492 2752 533 omnem
2785 474 3108 543 veritatem,
3128 494 3156 525 »
3187 475 3244 530 id
3276 477 3382 542 cst,
3405 472 3742 529 diﬁ‘undetiu
3763 490 3865 531 cor-

514 574 574 627 et
603 570 758 627 sicut
778 570 981 642 justus
1011 586 1079 626 ex
1111 571 1226 627 ﬁde
1253 569 1409 638 vivit,
1443 569 1528 626 sic
1558 568 1658 640 qui
1690 584 1805 624 non
1835 568 2019 624 credit
2040 567 2165 639 jam

507 658 814 732 judicatus
838 663 947 717 est.
1350 658 1357 665 ’

587 771 616 799 ‹‹
651 748 733 805 De
752 747 992 820 justitia
1019 764 1174 816 vero,
1207 747 1348 821 quia
1378 749 1450 804 ad
1481 747 1710 804 Patrem
1740 746 1909 814 vado,
1960 748 2015 801 et
2037 745 2164 817 jam

516 861 544 889 ‹‹
579 852 695 894 non
724 836 995 893 videbitis
1026 854 1139 893 me.
1169 859 1198 888 »
1229 836 1389 893 Sicut
1410 835 1648 909 justitia
1675 833 2071 908 apostolorum
2104 833 2163 889 in

515 942 582 983 eo
613 924 866 982 maxime
898 925 1274 1000 comprobata
1291 928 1399 991 est,
1418 925 1576 997 quod
1605 940 1740 980 eum
1768 940 1944 996 quem
1975 921 2167 978 humi-

512 1013 629 1071 lem
658 1013 961 1071 hominem
988 1013 1281 1081 viderunt,
1315 1013 1630 1070 sublimem
1672 1012 1855 1069 Deum
1900 1010 2163 1067 credide-

512 1107 650 1159 runt
673 1118 687 1158 :
711 1102 798 1159 sic
818 1106 875 1158 et
891 1102 1127 1175 justitia
1155 1107 1496 1160 ceterorum
1526 1100 1789 1158 ﬁdelium
1817 1100 1878 1156 in
1900 1100 2009 1156 hoc
2035 1098 2163 1156 lau-

509 1190 720 1247 dabilis
749 1196 1009 1264 apparet,
1043 1193 1199 1264 quod
1224 1208 1360 1249 eum
1413 1208 1589 1264 quem
1640 1188 2017 1263 corporaliter
2043 1205 2160 1245 non

508 1280 726 1350 vident,
742 1284 935 1336 mente
952 1280 1278 1354 diliguntet
1292 1282 1555 1337 credunt.
1576 1280 1739 1337 Unde
1759 1280 1903 1335 bene
1920 1278 2157 1334 dicitur.

508 1391 537 1421 «
568 1369 649 1424 De
663 1368 898 1439 justitia
917 1386 1070 1437 vero,
1105 1369 1246 1441 quia
1270 1370 1340 1425 ad
1365 1370 1595 1426 Patrem
1614 1369 1782 1435 vado,
1815 1372 1873 1422 et
1884 1368 2011 1439 jam
2044 1384 2158 1422 non

507 1456 779 1514 videbitis
809 1473 922 1513 me.
956 1481 982 1507 ››
1019 1460 1181 1524 Quod
1215 1463 1304 1514 est
1332 1458 1522 1514 dicere
1554 1475 1567 1513 :
1602 1458 1728 1512 Non
1762 1473 1855 1512 me
1888 1455 2160 1511 videbitis

508 1545 837 1614 mortalem,
885 1546 1344 1618 corruptibilem,
1403 1545 1780 1613 esurientem,
1839 1535 2155 1614 sitientem,

507 1635 740 1707 qualem
771 1650 866 1690 me
890 1635 1083 1691 videre
1103 1635 1295 1691 adhuc
1317 1640 1566 1708 possunt
1585 1633 1814 1707 reprobi
1839 1652 1852 1701 ;
1877 1634 1978 1691 sed
2001 1632 2156 1689 vide-

447 1789 451 1794 ,
504 1723 646 1779 bitis
680 1739 773 1778 me
804 1722 1221 1792 immortalem,
1247 1723 1768 1795 incorruptibilem,
1802 1722 2035 1794 qualem
2063 1737 2157 1776 me

2276 566 2451 623 dibus
2482 564 2745 623 ﬁdelium
2777 564 3098 632 veritatem,
3121 563 3208 619 vel
3237 561 3575 630 charitatem
3605 578 3696 633 per
3719 579 3868 635 quam

2276 654 2478 727 doceat
2509 672 2706 717 amare
2734 670 2970 710 omnem
3014 652 3335 717 veritatem,
3367 654 3424 706 et
3459 649 3797 723 quiaPalris,
3818 656 3868 727 et

2275 743 2423 815 Filii,
2442 743 2824 817 ejusdemque
2850 741 3106 816 Spiritus
3128 739 3312 799 sancti
3343 756 3459 795 una
3484 742 3568 795 est
3585 738 3868 803 substantia

2273 836 2332 889 et
2362 850 2479 890 una
2509 832 2801 898 divinitas,
2836 834 2990 888 recte
3019 830 3294 887 subditur
3325 846 3338 885 :
3834 869 3841 873 «

2344 944 2372 973 ‹‹
2403 922 2530 978 Non
2555 921 2713 978 enim
2741 921 3012 993 loquetur
3031 937 3065 976 a
3088 917 3420 992 semetipso.
3445 939 3474 967 »
3493 916 3612 973 Non
3640 915 3867 991 loquetur

2272 1010 2526 1083 Spiritus
2556 1014 2797 1067 sanctus
2828 1028 2863 1065 a
2894 1009 3107 1082 seipse,
3126 1008 3266 1082 quia
3285 1024 3321 1063 a
3345 1007 3509 1062 Patre
3528 1008 3581 1062 et
3608 1005 3736 1061 Filio
3754 1023 3864 1078 pro-

2272 1098 2442 1167 cedit,
2461 1103 2518 1156 et
2547 1099 2771 1172 quibus.
2790 1102 2887 1156 est
2912 1115 3030 1155 una
3058 1096 3316 1161 essentia
3344 1099 3515 1168 atque
3545 1111 3657 1159 una
3674 1100 3859 1161 natura,

2271 1206 2385 1245 non
2406 1192 2655 1262 possunt
2669 1187 2874 1259 dividi,
2890 1192 2953 1243 ut
2970 1204 3122 1243 unus
3143 1186 3269 1243 sine
3286 1185 3464 1242 altero
3486 1183 3762 1256 loquatur:
3783 1186 3860 1240 sed

2271 1278 2425 1349 quod
2455 1275 2717 1350 loquitur
2747 1276 2933 1347 Pater,
2953 1275 3216 1348 loquitur
3239 1271 3863 1345 Filius,loquitur8piri-

2266 1370 2364 1423 tus
2407 1371 2668 1422 sanctus.
2703 1364 2866 1421 Unde
2907 1370 2967 1420 et
3009 1365 3279 1438 sequitur
3311 1381 3324 1420 :
3360 1386 3387 1413 ι(
3419 1362 3527 1418 Sed
3555 1377 3860 1433 quaecunque

2269 1455 2489 1523 audiet,
2513 1454 2804 1527 loquetur.
2829 1476 2857 1506 ››
2891 1453 3101 1510 Audiet
3129 1453 3353 1508 scilicet
3379 1468 3413 1507 a
3434 1451 3620 1521 Patre,
3634 1467 3671 1511 a
3686 1456 3860 1522 quoest

2269 1562 2384 1600 non
2418 1542 2837 1617 temporaliter,
2883 1543 2984 1599 sed
3017 1541 3402 1601 aeternaliter:
3447 1555 3558 1595 non
3588 1538 3860 1603 visibiliter.

2267 1633 2368 1688 sed
2392 1631 2780 1688 invisibiliter.
2810 1631 2992 1703 Loqui
3016 1630 3173 1686 enim
3205 1628 3449 1701 Spiritui
3474 1631 3664 1683 sancto
3690 1630 3765 1681 est
3788 1643 3860 1681 oc-

2266 1720 2424 1777 culta
2441 1720 2819 1793 inspiratione
2837 1724 3062 1776 mentes
3087 1724 3319 1775 nostras
3339 1718 3561 1788 docere,
3571 1716 3723 1788 juxta
3737 1714 3861 1787 quod

503 1812 695 1869 videre
727 1816 968 1884 potuere
999 1811 1107 1867 soli
1141 1811 1292 1867 oculi
1317 1814 1639 1884 justorum.
1663 1811 1743 1867 De
1757 1810 1994 1881 justitia
2020 1826 2156 1882 ergo
2192 1855 2234 1884 η
2270 1809 2549 1866 Dominus
2566 1807 2705 1867 alibi
2722 1809 2833 1864 ait:
2857 1831 2885 1860 ‹‹
2906 1807 3156 1881 Spiritus
3175 1807 3273 1863 ubi
3293 1805 3416 1863 vult
3440 1805 3690 1878 spirat,et
3703 1820 3859 1860 vocem

503 1900 801 1973 redarguit
818 1899 948 1956 illos
967 1900 1220 1974 Spiritus
1235 1905 1499 1969 sanctus,
1514 1900 1669 1973 quod
1684 1900 1985 1971 justorum
2006 1899 2160 1954 bona
2188 1892 2236 1921 ”
2268 1898 2397 1969 ejus
2419 1897 2675 1965 audis,et
2694 1897 2889 1953 neseis
2910 1896 3062 1953 unde
3083 1896 3280 1954 veniat
3298 1898 3400 1952 aut
3418 1911 3533 1967 quo
3550 1892 3858 1961 vadat(loun.

504 2005 681 2060 opera
726 1988 943 2045 imitari
990 1989 1168 2062 piget,
1206 1989 1307 2062 qui
1356 2004 1492 2047 cum
1537 1989 1721 2044 Deum
1769 2004 2010 2061 corpore
2040 2004 2157 2045 non

503 2076 722 2146 vident,
747 2095 882 2134 eum
916 2083 1112 2135 tamen
1138 2096 1202 2136 se
1221 2080 1395 2135 bonis
1412 2079 1686 2152 operibus
1708 2077 1949 2151 diligere
1969 2083 2161 2134 osten-

504 2167 670 2225 dunt

577 2277 606 2305 α
640 2255 719 2312 De
737 2255 962 2327 judicio
1012 2261 1230 2324 autem,
1263 2256 1403 2329 quia
1443 2257 1712 2330 princeps
1741 2255 1947 2311 mundi
1977 2255 2155 2327 hujus

504 2368 532 2396 κ
558 2345 683 2416 jam
706 2345 1008 2416 judicatus
1038 2351 1147 2401 est.
1189 2368 1218 2395 »
1256 2345 1585 2418 Principem
1617 2345 1823 2401 mundi
1853 2343 2153 2401 diabolum

502 2433 665 2501 dicit,
688 2433 793 2505 qui
823 2434 1122 2505 quondam
1147 2434 1544 2507 principatum
1574 2435 1634 2490 in
1656 2451 1858 2489 eorum
1880 2432 2155 2489 cordibus

464 2522 616 2600 ,sibi
631 2522 1100 2595 vendicabat,qui
1121 2523 1309 2595 magis
1321 2524 1503 2579 mund
1513 2540 1609 2579 um
1627 2540 1805 2596 quam
1821 2523 2152 2579 Creatorem

500 2616 685 2670 Deum
715 2610 927 2684 diligit,
962 2612 1033 2667 de
1063 2628 1180 2683 quo
1224 2612 1508 2668 Dominus
1556 2612 1680 2668 ait:
1716 2635 1744 2662 «
1778 2611 1950 2668 Venit
1995 2610 2152 2666 enim

501 2700 771 2773 princeps
787 2699 966 2772 hujus
983 2700 1210 2766 mundi,
1223 2705 1281 2757 et
1301 2701 1362 2757 in
1379 2718 1477 2757 me
1497 2719 1614 2758 non
1634 2700 1810 2757 habet
1829 2700 2150 2773 quidquam

502 2791 687 2863 (Joan.
722 2793 856 2862 xw).
893 2812 922 2839 ››
953 2790 1228 2863 Princeps
1280 2807 1416 2864 ergo
1460 2790 1666 2847 mundi
1700 2791 1827 2862 jam
1851 2788 2153 2861 judicatus

502 2884 611 2948 est,
657 2878 796 2952 quia
841 2895 946 2951 per
989 2878 1089 2935 Dei
1119 2879 1487 2952 praesentiam
1521 2897 1549 2935 a
1583 2880 1859 2935 cordibus
1887 2877 2151 2933 ﬁdelium

499 2969 628 3040 ejus
649 2971 907 3040 potestas
928 2968 1171 3040 expulsa
1188 2973 1295 3033 est,
1311 2968 1463 3031 sicut
1481 2967 1762 3024 Dominus
1787 2967 1869 3023 ait
1893 2983 1907 3024 :
1932 2989 1961 3018 «
1984 2966 2152 3021 Nunc

501 3056 650 3114 hora
677 3061 768 3112 est
800 3061 861 3112 ut
892 3056 1162 3128 princeps
1210 3056 1393 3128 hujus
1435 3056 1641 3112 mundi
1689 3056 1960 3128 ejiciatur
1995 3056 2150 3111 foras

498 3148 683 3216 (Joan.
707 3144 825 3216 xu).
848 3167 876 3195 »
903 3145 1221 3218 Redarguit
1248 3162 1385 3218 ergo
1415 3145 1666 3217 Spiritus
1694 3150 1933 3201 sanctus
1955 3160 2053 3200 eos
2078 3144 2150 3199 de

2264 1990 2372 2055 ιιι).
2399 2009 2423 2034 ι)
2446 1986 2609 2052 Quod
2632 1988 2827 2042 autem
2857 1984 3166 2058 subjungit
3190 2002 3203 2040 :
3225 2006 3254 2034 ‹‹
3281 1985 3350 2040 Et
3367 2000 3494 2055 qua:
3511 1987 3733 2039 ventura
3752 1985 3883 2037 sunt.

2265 2073 2640 2132 annuntiabit
2670 2074 2853 2141 vobis,
2884 2098 2912 2123 ››
2944 2074 3109 2131 Patet
3130 2074 3305 2144 juxta
3333 2070 3602 2139 litteram,
3635 2068 3757 2142 quia
3772 2068 3859 2127 fre-

2263 2169 2510 2237 quenter
2538 2163 2811 2220 ﬁdelibus
2836 2163 3090 2236 Spiritus
3119 2166 3365 2220 sanctus
3396 2162 3584 2218 futura
3598 2158 3858 2234 annuntia-

2262 2254 2366 2319 vit,
2391 2253 2608 2324 quibus
2641 2251 2984 2326 mysterium
3019 2250 3409 2325 prophetandi
3439 2248 3713 2306 dedit.Sed
3736 2247 3856 2320 quod

2263 2341 2488 2397 cunctis
2520 2340 2792 2398 ﬁdelibus
2821 2340 3170 2415 generaliter
3198 2340 3489 2403 convenit,
3509 2337 3736 2410 Spiritus
3752 2352 3856 2391 san-

2263 2436 2395 2487 ctus
2425 2431 2621 2486 futura
2647 2429 2961 2486 annuntiat
2980 2446 2993 2485 :
3012 2429 3152 2501 quia
3173 2445 3384 2485 omnes
3415 2444 3559 2500 quos
3587 2425 3856 2499 repleverit,

2262 2519 2333 2574 ad
2366 2519 2680 2575 amandum
2702 2517 2879 2575 vitam
2907 2522 3180 2579 retentam
3206 2534 3338 2590 quae
3360 2517 3551 2572 futura
3573 2514 3855 2570 estinllam-

2264 2612 2404 2665 mat.
2439 2613 2516 2663 De
2547 2624 2661 2679 quo
2694 2606 2886 2663 adhuc
2915 2607 3191 2663 subditur
3221 2623 3236 2662 :

2334 2719 2362 2748 ‹‹
2382 2697 2402 2753 ι
2411 2695 2485 2752 lle
2503 2712 2596 2752 me
2613 2695 2976 2754 clarificabit.
2993 2720 3021 2747 ››
3037 2695 3389 2752 Clariﬁcavit
3404 2694 3645 2767 Spiritus
3661 2695 3853 2748 sanctus

2260 2785 2494 2851 Filium,
2516 2785 2753 2857 quando
2772 2801 3007 2841 omnem
3030 2784 3305 2845 timorem
3331 2801 3366 2840 a
3384 2784 3646 2840 cordibus
3673 2784 3855 2853 aposto-

2258 2872 2451 2931 lorum
2477 2874 2720 2947 expulit,
2743 2878 2801 2930 et
2824 2874 2896 2929 ad
2930 2872 3308 2947 unigenitum
3339 2872 3445 2931 Dei~
3463 2870 3662 2928 Filium
3689 2866 3851 2942 pradi-

2260 2963 2514 3019 candum
2546 2962 2787 3019 idoneos
2818 2961 3089 3029 reddidit,
3110 2961 3264 3018 sicut
3298 2960 3580 3033 scriptum
3607 2962 3687 3015 est
3705 2957 3753 3011 in
3770 2958 3851 3010 Ao-

2259 3051 2420 3108 tibus
2450 3050 2849 3123 apostolorum
2883 3067 2895 3106 :
2933 3073 2961 3102 «
2992 3050 3218 3124 Repleti
3267 3056 3410 3107 sunt
3457 3066 3649 3107 omnes
3677 3044 3850 3119 Spiritu

2257 3145 2551 3207 saucto,et
2569 3140 2960 3213 loquebantur
2984 3140 3226 3196 verbum
3249 3139 3353 3196 Dei
3375 3157 3508 3196 cum
3540 3135 3730 3194 ﬁducia
3748 3135 3849 3204 (Att.

490 3233 734 3306 judicio,
768 3251 918 3306 quos
961 3232 1227 3306 exemplo
1276 3234 1541 3290 damnati
1590 3232 1802 3306 angeli,
1828 3250 1900 3289 ne
1947 3236 2150 3289 contra
2178 3221 2221 3287 C
2261 3233 2360 3297 IV).
2396 3252 2424 3277 ››
2469 3228 2815 3286 Clariﬁcavit
2864 3229 3041 3291 etiam
3094 3228 3353 3300 Spiritus
3398 3230 3627 3285 sanctus
3663 3222 3849 3287 Filium,

496 3327 681 3380 Deum
712 3322 1014 3395 superbire
1034 3324 1308 3389 audeant,
1330 3328 1527 3391 terret,
1545 3323 1697 3379 sicut
1713 3323 1897 3379 Judas
1923 3325 2152 3394 aposto-

495 3411 591 3469 lus
612 3411 722 3468 ait:
747 3433 776 3467 ς(
796 3410 1070 3483 Angelos,
1084 3412 1185 3483 qui
1210 3428 1323 3467 non
1347 3413 1721 3468 servaverunt
1741 3427 1917 3466 suum
1939 3409 2154 3482 princi-

498 3504 723 3572 patum,
746 3500 847 3555 sed
865 3499 1303 3570 dereliquerunt
1322 3516 1496 3555 suum
1512 3497 1897 3566 domicilium,
1918 3498 1976 3552 in
1991 3498 2152 3569 judi-

500 3586 588 3642 cio
615 3585 811 3658 magni
840 3587 937 3641 Dei
960 3587 1317 3658 judicandos
1349 3586 1679 3643 reservavit.
1717 3609 1746 3636 ››
1769 3587 1879 3642 Sed
1909 3585 2049 3657 quia
2075 3586 2149 3643 ad

502 3673 972 3747 redarguendum
1004 3674 1075 3731 de
1105 3679 1361 3748 peccato,
1381 3679 1440 3730 et
1468 3675 1540 3730 de
1562 3673 1815 3746 justitia,
1834 3678 1891 3730 et
1908 3674 2151 3745 dejudi-

499 3763 608 3832 cio,
633 3768 868 3818 noverat
888 3761 1172 3819 Dominus
1192 3763 1368 3819 corda
1388 3762 1787 3835 apostolorum
1811 3762 2004 3818 adhuc
2022 3780 2152 3819 esse

501 3849 752 3923 fragilia,
786 3868 887 3923 per
928 3850 1184 3923 Spiritus
1232 3851 1419 3908 sancti
1465 3852 1780 3908 adventum
1824 3852 2153 3909 roboranda

501 3938 812 4011 promittit,
845 3938 1165 4011 subjiciens
1198 3955 1213 3995 :

573 4049 601 4077 «
630 4026 840 4084 Adhuc
869 4027 1054 4095 habeo
1086 4028 1276 4084 multa
1302 4029 1466 4085 vobis
1497 4027 1711 4098 dicere,
1729 4030 1829 4087 sed
1853 4045 1966 4085 non
1991 4033 2150 4103 pote-

501 4138 530 4165 «
556 4114 664 4173 stis
682 4120 911 4189 portare
934 4116 1125 4172 modo.
1148 4116 1294 4173 Cum
1317 4122 1512 4174 autem
1535 4118 1758 4174 venerit
1778 4117 1874 4174 ille
1898 4118 2151 4190 Spiritus

503 4226 530 4255 «
564 4203 846 4263 veritatis.
870 4228 900 4255 ››
924 4205 1179 4276 Spiritus
1207 4205 1467 4263 veritatis
1498 4206 1732 4276 dicitur,
1764 4207 1903 4280 quia
1923 4224 1957 4263 a
1985 4207 2152 4263 Patre

501 4293 764 4351 veritatis
792 4294 1068 4367 procedit.
1091 4295 1256 4361 Quod
1276 4299 1474 4351 autem
1497 4295 1805 4369 subjungit
1827 4314 1840 4352 :
1866 4319 1893 4347 α
1919 4295 2155 4352 Docebit

505 4404 533 4433 ‹‹
567 4399 669 4439 vos
687 4400 923 4439 omnem
943 4384 1265 4451 veritatem,
1288 4406 1315 4433 ››
1342 4401 1456 4441 non
1474 4385 1666 4441 solum
1689 4386 1759 4441 ad
1782 4390 2152 4458 praesentem,

504 4471 608 4528 sed
637 4472 814 4528 etiam
846 4473 918 4529 ad
951 4474 1209 4530 futuram
1242 4473 1419 4529 vitam
1471 4474 1741 4546 pertinet.
1792 4472 2003 4531 Nullus
2031 4479 2151 4530 tam

505 4559 799 4651 perfectus
828 4560 887 4617 in
917 4561 1187 4651 praesenti
1218 4562 1336 4619 vita
1357 4578 1488 4651 esse
1507 4566 1699 4634 potest
1718 4565 1782 4618 ut
1803 4579 2038 4651 omnem
2059 4580 2151 4619 ve-
2181 4584 2231 4651 D

505 4648 739 4705 ritatein
769 4665 976 4721 capere
1006 4650 1211 4722 possit,
1231 4650 1484 4707 maxime
1506 4667 1645 4707 cum
1674 4649 1974 4723 apostolus
2006 4652 2153 4708 Pau-

505 4734 619 4805 lus,
641 4737 742 4809 qui
775 4740 977 4811 raptus
1010 4755 1198 4810 usque
1228 4739 1302 4795 ad
1333 4738 1569 4795 tertium
1601 4737 1813 4795 cmlum
1843 4740 2155 4809 fuerat,di-

504 4833 625 4883 cat:
644 4848 672 4877 ι(
684 4826 765 4885 Ex
783 4832 946 4899 parte
962 4826 1119 4883 enim
1135 4826 1628 4900 cognoscimus,et
1640 4844 1708 4883 ex
1724 4832 1887 4900 parte
1906 4828 2154 4902 prophe-

506 4919 699 4971 tamus
731 4917 779 4988 (1
810 4918 939 4974 Cor.
971 4916 1093 4989 xm)
1114 4934 1127 4985 ;
1152 4938 1180 4967 »
1213 4923 1272 4973 et
1301 4915 1644 4973 Psalmista:
1678 4939 1706 4968 ‹‹
1736 4916 2156 4975 Existimabam

505 5008 571 5061 ut
590 5020 1001 5077 cognoscerem
1025 5005 1325 5076 hoc,labor
1343 5009 1433 5063 est
1453 5009 1588 5062 ante
1612 5007 1916 5074 me,donec
1941 5006 2155 5065 intrem

503 5090 567 5147 in
593 5094 992 5154 sanctuarium
1025 5095 1144 5163 Dei,
1176 5099 1234 5151 et
1263 5093 1589 5168 intelligam
1620 5095 1681 5151 in
1712 5094 2047 5153 novissimis
2067 5113 2158 5153 eo-

505 5194 639 5235 rum
680 5181 851 5249 (Psat.
888 5184 1079 5254 Lxxu).
1115 5207 1143 5236 ››
1175 5183 1415 5241 Docebit
1440 5199 1543 5240 vos
1573 5200 1709 5257 ergo
1738 5200 1973 5243 omnem
2005 5185 2156 5243 veri-

506 5269 708 5334 tatem,
728 5268 867 5339 quia
887 5272 1042 5342 quod
1060 5272 1258 5328 minus
1275 5272 1527 5345 quisque
1547 5271 1740 5329 ﬁdelis
1761 5274 1833 5330 de
1853 5280 1968 5331 Deo
1988 5274 2157 5331 intel-

506 5352 654 5427 ligit,
680 5355 740 5413 in
768 5358 967 5415 futura
985 5360 1103 5417 vita
1126 5360 1438 5433 perfectius
1456 5360 1710 5434 Spiritus
1725 5368 1967 5421 sanctus
1989 5363 2160 5421 intel-

507 5440 690 5515 ligere
748 5444 939 5515 faciet,
985 5446 1143 5519 quia,
1190 5449 1344 5505 sicut
1393 5448 1474 5507 ait
1520 5450 1879 5523 Apostolus:
1917 5473 1946 5504 «
1995 5453 2160 5509 Nunc

506 5529 776 5595 videmus
796 5550 902 5608 per
918 5535 1221 5609 speculum
1238 5536 1298 5594 in
1317 5538 1788 5613 aenigmate,tunc
1807 5546 2002 5599 autem
2020 5541 2161 5600 facie

509 5620 581 5691 ad
616 5620 822 5685 faciem
848 5625 898 5701 (1
918 5625 1044 5688 Cor.
1068 5629 1211 5702 xui).
1234 5648 1263 5679 »
1292 5624 1397 5688 Vel
1426 5631 1578 5688 certe
1605 5629 1759 5704 quod
1791 5630 1906 5689 ait:
1931 5654 1959 5688 ς(
1990 5637 2163 5692 Doce-

2259 3317 2493 3389 qu‘ando
2523 3317 2597 3372 ab
2644 3334 2712 3374 eo
2760 3317 3001 3386 missus,
3035 3316 3189 3377 sicut
3218 3317 3413 3375 fuerat
3439 3314 3757 3391 promisSUS,
3781 3309 3850 3364 die

2259 3406 2618 3472 Pentecoste,
2636 3405 2941 3463 scientiam
2970 3406 3236 3462 omnium
3270 3405 3601 3480 linguarum
3620 3396 3850 3475 apostolis

2260 3492 2482 3555 tribuit.
2518 3493 2680 3550 Unde
2710 3494 2771 3549 in
2800 3494 3043 3551 Actibus
3067 3495 3469 3567 apostolorum
3497 3494 3727 3566 legitur:
3753 3509 3775 3537 «
3801 3485 3853 3541 Et

2260 3582 2463 3655 repleti
2487 3588 2627 3640 sunt
2647 3601 2850 3641 omnes
2871 3583 3091 3657 Spiritu
3115 3587 3341 3653 sancto,
3365 3588 3423 3640 et
3440 3583 3716 3656 cceperunt
3727 3571 3852 3647 loqui

2258 3672 2439 3729 variis
2464 3672 2706 3747 linguis,
2740 3676 2912 3745 prout
2939 3673 3197 3745 Spiritus
3228 3677 3470 3731 sanctus
3511 3671 3674 3733 dabat
3697 3660 3853 3741 eloqui
3948 3674 3949 3681 ‘

2259 3760 2377 3818 illis
2398 3763 2529 3835 (Act.
2553 3767 2654 3833 Vl).
2682 3784 2711 3813 ››
2737 3761 3084 3819 Clariﬁcavit
3104 3761 3278 3818 etiam
3302 3760 3536 3829 Filium,
3552 3774 3675 3815 cum
3694 3749 3855 3828 praedi-

2260 3854 2484 3908 catores
2511 3851 2639 3908 Filii
2669 3850 2850 3908 tantis
2880 3866 2946 3907 ac
2976 3849 3196 3907 talibus
3235 3849 3548 3907 virtutibus
3588 3840 3852 3903 adornavit.

2261 3943 2325 3996 ut
2341 3940 2651 3997 universus
2667 3939 2827 3996 orbis
2849 3939 2920 3996 ad
2942 3940 2992 4011 ej
3001 3957 3071 4023 us
3091 3938 3501 3996 credulitatem
3520 3931 3852 3993 concurreret.

2260 4029 2422 4093 Quod
2453 4033 2650 4086 autem
2679 4028 2762 4086 ait
2786 4044 2799 4083 :
2827 4051 2856 4079 ‹‹
2882 4027 3028 4095 Quia
3056 4029 3129 4083 de
3159 4043 3289 4084 meo
3321 4025 3581 4099 accipiet,
3602 4026 3655 4079 et
3672 4032 3853 4077 annun-

2262 4140 2291 4168 «
2321 4118 2491 4174 tiabit
2520 4118 2704 4185 vobis,
2740 4140 2768 4167 ››
2799 4116 3276 4173 subaudiendum
3319 4121 3429 4185 est,
3463 4115 3532 4171 de
3561 4126 3678 4168 meo
3705 4108 3851 4162 Patre.

2261 4206 2371 4274 Qui
2401 4205 2558 4264 enim
2589 4208 2660 4262 de
2707 4204 2868 4262 nullo
2909 4206 2996 4276 ﬁt,
3029 4205 3101 4261 de
3132 4203 3293 4263 nullo
3324 4202 3596 4278 procedit,
3624 4197 3763 4256 solus
3785 4194 3853 4250 est

2260 4298 2449 4352 Pater.
2484 4294 2664 4351 Filius
2695 4298 2892 4351 autem
2922 4311 2957 4350 a
2985 4294 3177 4367 seipse
3212 4309 3328 4349 non
3349 4309 3477 4352 esse
3506 4289 3719 4355 dicitur,
3745 4279 3851 4355 quia

2261 4400 2295 4439 a
2323 4383 2492 4439 Patre
2523 4386 2695 4438 natus
2725 4386 2835 4439 est.
2859 4382 3112 4454 Spiritus
3143 4387 3383 4438 sanctus
3414 4398 3449 4436 a
3467 4381 3624 4437 Patre
3641 4373 3851 4442 accipere

2261 4470 2497 4541 dicitur,
2519 4470 2658 4544 quia
2688 4488 2722 4528 a
2743 4471 2912 4528 Patre
2937 4476 2994 4527 et
3014 4471 3159 4527 Filio
3181 4468 3606 4529 indivisibiliter
3623 4458 3848 4539 procedit.

2265 4559 2427 4618 Unde
2456 4563 2513 4616 et
2541 4560 2810 4633 sequitur
2839 4577 2852 4617 :

2335 4672 2364 4700 «
2398 4647 2609 4706 Omnia
2625 4631 2755 4721 quae
2779 4648 2957 4709 habet
2980 4649 3166 4720 Pater,
3185 4665 3317 4705 mea
3334 4651 3492 4704 sunt.
3513 4645 3574 4707 Et
3592 4643 3704 4699 ideo
3728 4631 3849 4721 ἀίκίξ

2265 4760 2293 4787 ‹‹
2326 4736 2472 4801 Quia
2503 4737 2573 4792 de
2605 4718 2737 4794 meo
2763 4736 3025 4808 accipiet,
3059 4742 3117 4795 et
3146 4718 3537 4797 rannuntiabit
3576 4728 3734 4788 vobis.
3758 4718 3850 4773 »Ιά
3948 4796 3949 4799 η

2263 4831 2354 4881 est
2384 4829 2523 4881 nota
2548 4842 2617 4881 ea
2645 4825 2811 4881 vobis
2840 4825 3029 4882 faciet.

2755 4967 3056 5025 HOMILIA
3096 4968 3427 5027 LXXXVIII.
3710 5045 3739 5047 μ
3794 5037 3816 5047 ν,

2266 5073 2543 5113 DOMINICA
2582 5073 2792 5120 eumn
2844 5073 2983 5114 posr
3022 5074 3256 5128 pascua,
3306 5059 3484 5115 Vocem
3517 5045 3846 5127 jucunditatis.

2337 5181 2481 5253 (Jac.
2515 5184 2630 5250 1.)«
2655 5179 3022 5249 Charissimi,
3044 5185 3225 5239 estote
3246 5185 3443 5239 autem
3462 5178 3690 5235 factores
3707 5160 3846 5224 Verbi:

2269 5294 2296 5322 ‹‹
2331 5273 2389 5326 et
2418 5287 2535 5327 non
2565 5269 2861 5327 auditores
2890 5272 3146 5341 tantum,
3164 5268 3433 5333 fallente:
3454 5257 3842 5341 vosmetipmﬂ

2268 5360 2338 5416 Et
2353 5357 2791 5432 reliqua.Verba
2805 5357 3002 5415 divina
3017 5339 3185 5416 factis
3203 5375 3318 5417 non
3334 5357 3553 5431 oportet
3564 5339 3845 5432 ammplam

2270 5447 2321 5505 si
2352 5447 2425 5503 ad
2467 5426 2727 5505 cocleatia
2773 5463 2952 5519 regna
2998 5444 3273 5511 volumus
3319 5426 3620 5519 pervenire.
3648 5426 3847 5519 Jaeolius

2273 5535 2576 5611 apostolus
2598 5552 2705 5592 nos
2722 5534 2779 5593 in
2798 5515 3071 5608 praesenti
3088 5515 3354 5602 lectione,
3367 5536 3430 5589 ut
3450 5515 3846 5611 audistmhom‘

2274 5608 2390 5699 tur,
2423 5625 2625 5683 dicens
2659 5640 2672 5682 :
2712 5646 2735 5677 ει
2769 5623 2962 5709 Estote,
2990 5628 3187 5685 autem
3230 5612 3664 5707 factoresverbi.
3686 5608 3740 5669 et
3762 5611 3844 5669 ιιρη
