4050 6174
208 320 323 396 θερί

1316 322 1321 327 “
1430 335 1783 398 HOMILI/E
1822 334 1923 395 DE
1967 336 2364 398 rumpens.

3484 342 3599 402 522

234 466 487 523 auditores
523 464 777 522 tantum.
813 490 842 518 ››
880 469 1148 524 Factores
1177 467 1334 524 verbi
1356 472 1515 539 sunt,
1539 468 1639 538 qui
1663 472 1849 523 custo-
1876 470 1930 535 Α
1962 467 2136 524 homo
2167 468 2265 541 qui
2296 467 2419 524 vult
2446 466 2647 537 vitam,
2681 472 2739 525 et
2769 467 3159 541 cupit'videre
3206 469 3330 526 dies
3378 470 3600 527 bonos?

206 556 367 613 diunt
392 559 744 629 praeceptum
777 556 1007 612 Domini
1024 572 1037 611 :
1054 550 1079 606 (ἑ
1100 555 1386 612 Fal‘lentes
1398 557 1841 628 vosmetipsos.»

202 645 481 703 :Falldutes
510 649 707 701 autem
738 650 897 713 sunt,
932 645 1032 717 qui
1064 649 1374 701 versantur
1402 646 1463 700 in
1496 642 1626 700 aliis
1645 640 1840 712 rebus,

198 733 589 791 -’desiderautes
616 733 994 808 Evangelium
1025 723 1250 801 audire,
1282 734 1385 791 sed
1419 751 1533 790 non
1574 733 1839 806 implere,

221 824 324 880 sive
340 822 442 895 'qui
469 823 775 879 abscondit
786 824 1133 879 asacerdote
1146 823 1342 879 divino
1356 823 1582 879 medico
1595 839 1840 879 suorum

214 912 433 969 vulnera
464 917 854 985 peccatorum,
888 928 993 969 nec
1023 930 1092 969 ea
1120 913 1199 969 'ad
1234 929 1403 969 suam
1445 912 1573 969 vult
1616 911 1841 987 aperire

217 1003 466 1059 salutem.
499 1002 616 1058 Nec
654 1002 1033 1075 scripturam,
1085 1010 1273 1075 neque
1319 1003 1701 1068 sacerdotem,
1736 1002 1837 1058 sed

216 1091 575 1163 semetipsum
606 1089 776 1147 fallit.
804 1091 946 1146 dum
964 1104 1080 1148 non
1094 1092 1214 1158 Dei,
1230 1092 1332 1149 sed
1344 1090 1561 1149 diaboli
1574 1091 1841 1164 sequitur

214 1181 569 1250 voluntatem,
603 1181 673 1237 de
698 1180 914 1254 quibus
944 1181 1246 1237 subditur:
1334 1252 1339 1255 μ

282 1294 299 1321 α
330 1270 434 1334 Qui
464 1269 513 1326 si
542 1266 679 1342 quis
707 1269 941 1326 auditor
971 1274 1061 1325 est
1089 1269 1248 1325 Verbi
1279 1274 1336 1325 et
1366 1287 1482 1326 non
1512 1271 1711 1336 factor,
1741 1264 1837 1325 hic

208 1370 241 1411 'u
268 1358 694 1432 comparabitur
715 1359 839 1415 viro
870 1359 1501 1415 censiderantivultum
1517 1359 1836 1416 nativitatis

216 1474 239 1497 ‹‹
266 1447 464 1504 θυεείιι
496 1446 755 1519 speculo.
788 1447 1190 1503 Cousideravit
1220 1447 1373 1503 enim
1408 1466 1469 1504 se
1498 1454 1555 1504 et
1586 1448 1748 1514 abiit,
1783 1453 1839 1503 et

211 1563 237 1588 ‹‹
266 1537 456 1594 statim
485 1535 1587 1608 oblitusestqualisfuerit.nMulierum
1612 1554 1738 1593 mos
1751 1542 1841 1593 est

210 1628 259 1682 in
276 1625 505 1699 speculo
517 1641 579 1681 se
592 1623 1366 1692 considerare,utsevaleant
1378 1627 1839 1698 adornare,qua-

144 1769 148 1773 ,
205 1714 328 1771 liter
343 1715 484 1771 viris
514 1714 641 1770 suis
672 1714 899 1787 placere
926 1715 1174 1787 possint.
1211 1716 1294 1771 Ita
1336 1716 1566 1773 animas
1607 1720 1839 1772 nostras

202 1808 418 1878 oportet
429 1821 537 1859 nos
549 1802 793 1860 sollicite
806 1803 1174 1859 considerare
1188 1804 1244 1859 in
1261 1789 1498 1875 speculo
1522 1802 1837 1877 Evangelii,

201 1898 251 1950 et
279 1892 796 1966 ejus'perpen‘de’re
827 1893 1002 1960 dicta,
1035 1893 1172 1964 quid
1206 1891 1411 1948 exinde
1441 1891 1841 1948 ornamentiiu

198 1981 612 2055 adimpletione
625 1986 1128 2038 sacramentorum
1143 1983 1271 2052 ejus
1285 1981 1630 2048 habeamus,
1650 1982 1845 2037 utviro

200 2078 393 2129 nostro
423 2071 656 2127 Christo
688 2070 934 2127 Domino
989 2069 1219 2143 placere
1250 2070 1568 2127 valeamus.
1624 2071 1683 2127 Si
1716 2087 1849 2126 vero

197 2161 517 2233 quominus
548 2159 878 2216 ornamenti
908 2159 1221 2216 animabus
1252 2159 1469 2215 nostris
1509 2159 1847 2233 imperfecto

198 2249 697 2323 cpere'Evaugelii
730 2248 1538 2320 habeamuSadeptum,omni
1561 2246 1848 2303 sollicitu-

194 2341 330 2395 dine
370 2340 646 2395 festinare
675 2343 921 2411 oportet,
954 2337 1149 2410 ipsum
1196 2330 1635 2408 nobismetipsis
1679 2352 1847 2392 orna-

193 2431 465 2485 mentum
497 2427 769 2484 exhibere
799 2427 857 2482 in
889 2420 1165 2499 cperibus
1184 2426 1850 2496 sanctis,necumspon-

190 2536 295 2573 sus
327 2522 530 2573 noster
557 2516 848 2582 Christus,
879 2515 1153 2587 horaqua
1167 2532 1281 2570 non
1296 2521 1596 2587 putamus,
1625 2513 1846 2569 venerit

186 2612 244 2663 et
273 2606 499 2662 vocarit
528 2622 656 2671 uos,
678 2605 822 2660 forte
852 2609 1173 2677 imparatos
1205 2604 1526 2670 inveniens,
1569 2602 1843 2658 excluda-

187 2713 327 2751 mur
360 2713 401 2752 a
426 2693 647 2767 nuptiis
679 2690 1200 2766 regni'cazlestis.et
1212 2707 1507 2765 postremo
1521 2707 1654 2746 cum
1671 2689 1845 2745 fatuis

182 2785 527 2857 virginibus
546 2784 767 2840 frustra
786 2780 1188 2853 'antejanuam
1207 2782 1556 2854 incipiemus
1571 2780 1844 2847 clamare,

185 2878 242 2928 et
275 2874 508 2929 aditum
540 2871 873 2928 introeundi
904 2887 1186 2943 quaerere,
1220 2888 1355 2927 cum
1378 2887 1494 2927 non
1528 2886 1847 2942 possumus

183 2962 476 3018 invenire.
500 2960 625 3016 Non
653 2976 789 3033 ergo
819 2956 1234 3016 obliviscamur
1262 2962 1683 3032 praeceptorum
1735 2957 1846 3013 Do-

185 3050 364 3116 mini,
400 3067 526 3123 quaa
558 3054 700 3106 sunt
727 3049 1061 3105 animarum
1098 3053 1442 3105 ornamenta
1489 3052 1845 3113 nostrarum,

183 3140 291 3195 sed
324 3140 646 3196 servientes
675 3137 955 3194 voluntati
984 3138 1137 3208 ejus,
1169 3138 1522 3194 adornemus
1535 3153 1641 3193 nos
1655 3135 1848 3208 dignis

184 3231 467 3287 muribus
496 3234 555 3287 et
586 3233 789 3285 sancta
816 3229 1271 3293 conversatione,
1308 3231 1372 3283 ut
1402 3244 1536 3283 cum
1583 3224 1850 3282 Christus
1879 3211 1922 3278 C

186 3322 457 3390 sponsus
482 3325 681 3375 noster
717 3335 826 3374 uos
869 3314 1181 3374 vocaturus
1230 3316 1470 3385 venerit,
1519 3331 1850 3371 mereamur

187 3423 332 3463 cum
367 3425 439 3464 eo
467 3409 539 3464 ad
567 3407 785 3481 gaudia
812 3408 1027 3462 aeterna
1053 3404 1370 3479 pervenire.
1402 3404 1705 3479 Sequitur:

267 3519 299 3549 κ
333 3498 447 3564 Qui
477 3502 674 3554 autem
706 3494 1063 3569 perspexerit
1089 3495 1146 3549 in
1178 3494 1303 3567 lege
1324 3494 1586 3566 perfectae
1618 3493 1851 3549 liberta-

186 3587 362 3658 «τῖε,
396 3590 454 3643 et
480 3585 871 3660 permanserit
896 3585 955 3639 in
986 3600 1076 3652 ea,
1109 3600 1224 3639 non
1258 3583 1489 3639 auditor
1533 3581 1854 3638 obliviosus

192 3694 217 3723 ι
256 3675 479 3739 factus.
512 3676 616 3733 sed
648 3675 838 3730 factor
860 3673 1078 3747 operis,
1111 3671 1204 3727 hic
1231 3671 1437 3727 beatus
1468 3670 1525 3725 in
1559 3671 1708 3725 facto
1747 3685 1854 3724 suo

194 3786 223 3811 α
236 3766 243 3785 ⁵
256 3762 400 3821 erit.
439 3790 460 3818 ι
498 3764 707 3838 Legem
737 3762 1029 3819 libertatis
1060 3760 1404 3817 charitatem
1447 3759 1609 3824 dicit,
1642 3759 1713 3813 de
1742 3773 1860 3829 qua

195 3852 430 3910 Paulus
458 3853 566 3910 ait:
601 3876 631 3903 ‹‹
668 3853 730 3909 ln
762 3851 1029 3908 libertate
1060 3849 1362 3905 charitatis
1410 3846 1625 3903 Christi
1673 3845 1857 3902 vocati

197 3942 350 3998 estis
379 3944 519 4012 (Gal.
552 3944 631 4015 v).
669 3965 698 3991 »
730 3942 797 3997 Et
826 3941 1072 3996 iterum:
1108 3962 1135 3990 «
1169 3938 1358 3994 Onera
1386 3942 1576 3993 vestra
1610 3935 1859 3991 invicem

201 4036 509 4100 portantes
553 4049 690 4088 cum
720 4030 1003 4087 charitate
1053 4028 1255 4101 (Ibid.).
1290 4049 1319 4078 η
1359 4027 1505 4083 Nam
1538 4026 1587 4081 si
1636 4024 1770 4097 quis
1802 4023 1861 4079 in

206 4119 494 4178 charitate
524 4120 778 4194 perfecta
806 4135 869 4175 se
885 4118 1181 4176 custodire
1196 4114 1490 4189 sategerit,
1511 4119 1690 4171 Deum
1714 4114 1866 4169 vide-

210 4206 352 4264 licet
374 4227 444 4266 ex
467 4214 590 4267 toto
622 4206 814 4274 corde,
848 4212 970 4264 tota
998 4207 1216 4275 anima,
1250 4210 1371 4261 tota
1409 4203 1703 4285 diligendo
1751 4202 1863 4257 vir-

214 4301 370 4366 tute,
385 4304 444 4354 et
460 4299 796 4372 proximum
824 4312 1000 4354 suum
1032 4297 1185 4352 sicut
1215 4295 1472 4368 seipsum
1489 4311 1503 4349 :
1520 4292 1613 4349 hic
1626 4310 1741 4349 non
1763 4309 1866 4348 au-

223 4384 376 4442 ditor
402 4387 725 4444 Obliviosus
758 4387 966 4453 factus,
999 4385 1099 4441 sed
1130 4385 1313 4442 factor
1333 4383 1524 4456 operis
1553 4380 1869 4455 evangelici

225 4478 656 4549 comprobatur.
688 4477 759 4532 Et
787 4475 921 4531 siin
954 4475 1161 4530 eadem
1213 4470 1611 4545 speculatione
1662 4472 1869 4527 divina.-

1954 556 2233 614 Cohibeat
2261 558 2523 629 linguam
2557 575 2726 613 suam
2758 576 2793 614 a
2823 557 2997 626 malo,
3035 556 3401 635 etlabiaejus
3433 576 3504 617 ne
3522 559 3605 616 lc-

1950 651 2208 719 quantur
2237 648 2456 703 dodum
2490 649 2659 719 (Ρδαι.
2693 650 2911 717 xxxm).
2947 670 2974 698 »
2991 648 3137 703 Nam
3152 634 3601 705 subditurzched

1950 758 1978 787 «
2012 736 2300 793 seducens
2333 753 2432 792 cor
2452 753 2648 806 suum,
2665 734 3006 809 bujusvana
3029 736 3356 811 estreligio,
3379 752 3601 809 »quan-

1948 826 2049 881 diu
2083 825 2352 882 consistit
2382 842 2480 881 cor
2509 843 2683 882 suum
2715 826 2776 880 in
2805 815 3083 898 superbia
3114 843 3243 883 sua.

2020 938 2049 966 «
2084 913 2303 988 Religio
2336 915 2557 971 munda
2573 919 2630 971 et
2646 908 3022 995 immaculata
3043 902 3198 995 apud
3215 920 3393 987 Deum
3419 919 3477 973 et
3490 916 3599 972 Pa-

1947 1027 1976 1054 «
2010 1008 2159 1060 trem
2192 1004 2311 1058 haec
2340 1008 2457 1060 est:
2489 1002 2740 1075 Visitare
2770 992 3028 1077 pupillos
3056 1009 3112 1061 et
3138 992 3344 1082 viduas
3390 1004 3451 1060 in
3492 1004 3598 1060 tri-

1949 1117 1978 1145 ‹‹
2008 1094 2307 1150 bulatione
2337 1110 2560 1150 eorum.
2596 1115 2624 1141 »
2651 1092 3171 1167 Curapupillorum
3191 1110 3256 1150 ac
3286 1094 3597 1150 viduarum

1945 1183 2213 1239 Ecclesiae
2272 1182 2735 1251 commendatur,
2795 1186 2854 1238 et
2882 1182 3286 1239 sacerdotibus
3315 1199 3596 1257 magnum

1945 1271 2273 1346 periculum
2305 1272 2719 1339 comminatur,
2754 1270 2801 1327 si
2821 1270 3355 1327 contradicentibus
3370 1271 3599 1345 veritati

1947 1361 2221 1417 resistere
2251 1360 2576 1416 noluerint:
2604 1361 2884 1433 quoniam
2904 1361 3603 1439 quisquispersonampo-

1946 1449 2125 1505 tentis
2156 1450 2386 1521 accipit,
2422 1453 2478 1504 et
2491 1447 3254 1523 veritatemloquipavescit,
3277 1447 3437 1524 gravi
3449 1447 3602 1525 mul-

1944 1542 2106 1595 tatur
2134 1538 2308 1612 culpa
2340 1538 2655 1595 sententiae.
2675 1535 2839 1594 Multi
2853 1539 3007 1594 enim
3022 1537 3302 1611 praesules
3313 1537 3598 1613 Ecclesia-

1947 1646 2101 1693 rum,
2132 1627 2409 1684 timentes
2440 1644 2511 1683 ne
2533 1626 2852 1683 amicitiam
2887 1628 3152 1700 perdant,
3184 1630 3241 1691 et
3266 1626 3601 1683 molestiam

1949 1714 2554 1779 odiorumincurrant,
2584 1719 2893 1788 peccantes
2906 1732 3021 1771 non
3034 1719 3309 1788 arguunt,
3334 1720 3392 1771 et
3420 1715 3599 1771 corri-

1948 1822 2082 1878 pere
2113 1821 2436 1878 pauperum
2470 1806 2846 1879 oppressores
2873 1808 3165 1861 verentur.
3189 1805 3303 1860 Nec
3322 1792 3600 1881 pertime-

1952 1899 2127 1949 scunt
2157 1895 2227 1950 de
2259 1894 2565 1950 severitate
2596 1894 2903 1950 reddendae
2936 1893 3200 1962 rationis,
3232 1909 3335 1965 pro
3365 1892 3602 1967 ecquod

1954 1983 2353 2039 conticescunt
2382 1984 2452 2040 de
2482 1981 2754 2055 plebibus
2782 1983 2894 2039 sibi
2914 1982 3275 2052 commissis,
3306 1982 3542 2055 quando
3573 1997 3608 2036 a

1956 2071 2289 2145 potentibus
2320 2088 2606 2145 pauperes
2618 2072 3053 2145 opprimuntur.
3066 2056 3152 2128 Ad
3164 2071 3496 2145 eripiendos
3508 2086 3608 2126 eos

1956 2161 2093 2216 boni
2118 2162 2461 2233 sacerdotes
2492 2161 2873 2234 protectionis
2921 2160 3206 2219 auxilium
3246 2161 3463 2227 ferunt,
3504 2175 3610 2215 nec

1954 2254 2228 2305 verentur
2258 2252 2610 2323 cujusquam
2657 2249 3101 2309 inimicitiarum
3145 2248 3471 2317 molestias,
3504 2247 3609 2321 sed

1957 2355 2334 2411 Oppresseres
2370 2357 2691 2413 pauperum
2727 2336 2924 2413 palam
2952 2342 3226 2412 arguunt,
3278 2337 3604 2410 increpant,

1957 2428 2487 2496 excommunicant,
2522 2428 2836 2502 minusque
2849 2432 2960 2484 met
2974 2420 3332 2483 uunteorum
3355 2424 3602 2505 nocendi

1955 2515 2223 2585 insidias,
2258 2517 2486 2572 etiamsi
2520 2534 2726 2574 nocere
2753 2518 3004 2574 valeant.
3024 2517 3228 2573 Pastor
3241 2516 3398 2572 enim
3412 2515 3602 2579 bonus

1951 2604 2210 2661 animam
2242 2624 2409 2662 suam
2443 2608 2672 2678 dat'pro
2704 2606 2909 2662 ovibus
2941 2605 3086 2662 suis.
3118 2604 3267 2660 Nam
3314 2604 3468 2660 sicut
3496 2619 3601 2685 per

1950 2693 2179 2767 vigilias
2211 2701 2408 2767 pastor
2433 2700 2634 2750 contra
2664 2695 2884 2751 bestias
2913 2711 3047 2751 oves
3090 2693 3382 2749 custodire
3430 2691 3598 2758 solet,
3702 2710 3717 2717 κ

1953 2782 2036 2839 ita
2065 2788 2123 2839 et
2152 2784 2252 2839 Dei
2284 2785 2553 2839 sacerdos
2585 2800 2761 2855 super
2788 2800 3023 2857 gregem
3055 2780 3268 2859 Christi
3311 2778 3602 2838 sollicitus

1954 2888 2083 2928 esse
2114 2872 2305 2940 debet,
2339 2890 2410 2929 ne
2445 2872 2719 2929 inimicus
2749 2876 2954 2940 vastet,
2990 2889 3061 2928 ne
3091 2860 3430 2946 persecutor
3456 2867 3603 2941 infe-

1956 2964 2086 3028 stet,
2122 2978 2192 3016 ne
2223 2960 3358 3034 potentioriscujusquecupiditasvitam
3386 2973 3605 3031 paupe-

1956 3067 2087 3105 rum
2123 3050 2426 3122 inquietet,
2460 3050 2561 3107 sed
2596 3068 2704 3107 sua
2732 3051 2930 3124 potius
2960 3048 3355 3106 sollicitudine
3380 3052 3439 3105 et
3466 3063 3610 3103 cura

1956 3137 2219 3210 diligenti
2248 3139 2429 3195 vitam
2460 3144 2519 3196 et
2548 3138 2797 3197 salutem
2828 3142 3165 3197 mereantur
3191 3142 3490 3199 eternam.

2468 3273 2772 3331 HOMILlA
2810 3272 3087 3359 Lxxx1x.

1958 3378 2233 3420 DOMINICA
2272 3378 2477 3426 QVINTA
2516 3381 2653 3420 POST
2701 3376 2936 3435 PASCHA,
2992 3364 3175 3419 Vocem
3213 3360 3605 3435 jucunditaﬁs.

2031 3497 2221 3567 (Jom.
2258 3498 2392 3571 xvr.)
2425 3522 2453 3550 ‹‹
2487 3498 2553 3555 In
2582 3498 2679 3555 illo
2710 3503 2994 3573 tempore,
3035 3497 3181 3554 dixit
3207 3496 3381 3557 Jesus
3432 3495 3609 3552 disci-

1963 3609 1991 3638 ‹‹
2019 3587 2175 3660 pulis
2207 3588 2359 3644 suis:
2392 3589 2578 3644 Amen
2610 3588 2740 3645 dico
2770 3590 2954 3657 vobis,
2985 3586 3033 3644 si
3055 3587 3196 3661 quid
3210 3585 3493 3659 petieritis
3511 3584 3613 3641 Pa-

1965 3698 1993 3727 ‹‹
2027 3682 2177 3732 trem
2206 3677 2263 3731 in
2298 3678 2534 3733 nomine
2564 3694 2714 3745 meo,
2758 3676 2921 3733 dabit
2970 3678 3155 3732 vobis.
3190 3698 3217 3725 ››
3244 3676 3315 3732 Et
3363 3672 3610 3745 reliqua.

1967 3765 2234 3838 Largitor
2263 3765 2542 3821 virtutum
2555 3766 3397 3831 etremuneratormeritorum,
3426 3760 3618 3817 Domi-

1969 3871 2080 3908 nus
2109 3851 2281 3909 Jesus
2312 3853 2600 3921 Christus,
2633 3854 2825 3910 sciens
2850 3854 3170 3911 humanam
3186 3857 3457 3910 naturam
3471 3848 3617 3906 nihil

1970 3943 2107 3998 boni
2140 3942 2352 3997 habere
2383 3960 2555 4015 posse
2585 3943 2699 3998 nisi
2727 3960 2829 4016 per
2857 3945 2985 4015 ejus
3040 3942 3314 4016 gratiam,
3345 3940 3449 4013 qui
3503 3939 3614 3996 ait:

1973 4055 2001 4082 κ
2035 4031 2171 4089 Sine
2204 4048 2295 4086 me
2327 4030 2471 4085 nihil
2505 4033 2749 4103 potestis
2781 4033 2970 4089 facere
3002 4034 3178 4097 (Joan.
3209 4030 3322 4102 xv),
3363 4052 3383 4079 η
3420 4029 3493 4085 ad
3525 4027 3620 4083 in-

1973 4118 2250 4177 stantiam
2282 4119 2484 4174 orandi
2512 4124 2569 4174 et
2597 4120 3101 4192 importunitatem
3116 4115 3623 4192 petendiuosalibi

1974 4209 2242 4265 hortatur
2262 4212 2319 4264 et
2337 4208 2632 4275 admonet,
2665 4207 2895 4265 dicens:
2925 4232 2952 4259 ‹‹
2987 4207 3253 4276 Petite,et
3269 4204 3619 4278 accipietisi;

1979 4298 2237 4370 quaerite,
2269 4302 2326 4353 et
2356 4295 2692 4365 invenietis;
2734 4296 2980 4370 pulsate,
3015 4302 3072 4353 et
3121 4295 3414 4370 aperietur
3462 4292 3625 4350 vobis

1980 4388 2180 4461 (Μαιιὴ.
2213 4390 2338 4457 v11).
2374 4409 2403 4436 »
2430 4386 2499 4441 Et
2528 4403 2600 4442 ne
2632 4385 2847 4459 aliquis
2875 4385 3185 4459 impetrare
3214 4381 3626 4459 sepossequod

1981 4474 2237 4548 postulat
2269 4474 2581 4543 dubitaret,
2615 4475 2666 4530 si
2695 4479 2891 4530 tamen
2922 4473 2984 4529 in
3016 4474 3276 4531 oratione
3320 4488 3436 4529 non
3485 4470 3627 4543 defi-

232 4560 376 4636 legis
406 4566 701 4639 operando
735 4563 1141 4637 permanserit,
1173 4562 1267 4617 hic
1281 4578 1409 4618 vere
1429 4562 1636 4617 beatus
1667 4560 1796 4627 erit,
1816 4566 1872 4616 et
1906 4583 1951 4648 Ι)
1983 4564 2117 4630 ciat,
2149 4580 2422 4636 magnam
2454 4563 2730 4618 fiduciam
2759 4562 3173 4635 parentibusin
3187 4560 3419 4619 exordio
3449 4558 3631 4648 hujus

233 4653 303 4707 ad
324 4654 745 4712 beatitudinem
772 4652 1064 4726 perveniet
1093 4650 1532 4724 sempiternam.

307 4764 333 4792 α
365 4744 425 4798 Si
454 4745 589 4817 quis
621 4747 818 4798 autem
848 4736 1017 4815 putat
1047 4758 1111 4797 se
1142 4740 1482 4813 religiosum
1496 4756 1775 4815 esse,non
1792 4758 1879 4797 re-

240 4850 266 4875 α
300 4829 531 4886 frenans
561 4830 829 4903 linguam
862 4844 1054 4896 suam,
1088 4852 1116 4879 »
1148 4828 1443 4884 laudando
1476 4828 1881 4901 semetipsum,

242 4921 295 4970 et
325 4935 422 4989 pro
452 4920 624 4976 nobis
652 4934 780 4991 quae
810 4917 1033 4985 fecerit,
1067 4916 1391 4990 glorificare
1404 4933 1464 4972 se
1478 4934 1670 4973 coram
1702 4917 1886 4974 homi-

244 5006 411 5083 nibus
439 5006 758 5080 quasierit,
786 5010 853 5062 ut
880 5005 1210 5061 Pharisaeus
1256 5009 1420 5061 stans
1451 5005 1509 5061 in
1560 5007 1799 5080 templo,
1831 5012 1889 5063 et

248 5101 585 5168 computans
616 5096 772 5152 bona
800 5112 931 5163 sua,
965 5111 1082 5150 non
1116 5112 1175 5151 se
1198 5095 1351 5150 sicut
1367 5094 1744 5168 publicanum
1760 5114 1888 5153 esse

248 5184 620 5252 proﬁtebatur
646 5186 799 5258 (Luc.
830 5183 1018 5256 XVIII),
1050 5206 1078 5234 ‹‹
1113 5201 1227 5239 non
1277 5183 1578 5239 refrenans
1626 5184 1890 5260 linguam

254 5280 431 5331 Suam.
467 5300 490 5330 ι
528 5275 587 5331 id
618 5276 729 5345 est,
760 5277 1049 5331 corsuum
1063 5274 1134 5329 ab
1147 5273 1393 5330 elatione
1422 5272 1511 5330 vel
1524 5290 1683 5330 vanae
1696 5262 1891 5348 gloriae

257 5356 523 5441 appetitu,
555 5363 647 5422 vel
678 5364 857 5421 etiam
888 5362 1095 5437 lingua
1124 5380 1292 5418 suam
1324 5362 1704 5419 custodiendo
1737 5381 1770 5420 a
1800 5364 1895 5420 de-

259 5453 526 5511 tractione
556 5453 645 5511 vei
676 5448 1078 5527 blasphemia:
1113 5452 1253 5525 quia
1280 5452 1534 5529 otiosum
1566 5458 1654 5508 est
1686 5469 1720 5508 a
1759 5452 1895 5525 qui-

262 5540 495 5600 busdam
522 5560 589 5599 se
615 5543 774 5599 vitiis
803 5540 1118 5608 abstinere,
1152 5541 1199 5595 si
1234 5557 1350 5596 non
1381 5541 1755 5597 refrenaverit
1784 5542 1893 5598 lin~

1984 4652 2250 4710 lectionis
2279 4651 2562 4721 exhibuit,
2591 4653 2821 4708 dicens:
2850 4674 2877 4703 ‹‹
2896 4653 3284 4731 Amen,ameu
3298 4650 3428 4706 dico
3446 4647 3631 4712 vobis,

1992 4743 2041 4800 si
2068 4742 2207 4815 quid
2239 4742 2526 4813 petieritis
2555 4742 2786 4798 Patrem
2818 4742 2875 4796 in
2908 4742 3144 4798 nomine
3174 4756 3325 4807 meo,
3349 4736 3513 4793 dabit
3542 4752 3639 4791 vo-

1992 4834 2104 4888 bis.
2142 4856 2168 4881 »
2199 4831 2309 4887 Ubi
2355 4832 2677 4887 notandum
2711 4832 2849 4904 quia
2898 4848 3030 4887 cum
3064 4847 3171 4886 nos
3217 4829 3289 4893 ad
3322 4826 3639 4901 petendum

1995 4923 2286 4992 hortatur,
2318 4938 2427 4976 sua
2454 4919 3381 4994 gratuitadona,nostravultesse
3410 4914 3639 4971 merita:

1998 5016 2054 5067 et
2085 5012 2212 5089 ideo
2245 5010 2515 5083 quamvis
2547 5010 2697 5066 sciat
2722 5008 2863 5081 quid
2898 5008 3066 5064 nobis
3096 5024 3334 5064 necesse
3366 5005 3444 5089 sit
3481 5007 3646 5060 ante-

2000 5084 2178 5174 quam
2209 5104 2481 5174 petamus
2511 5116 2668 5166 eum,
2704 5097 3036 5155 utinvcniat
3067 5084 3648 5169 inuobisquodjuste

2003 5193 2356 5257 remuneret,
2420 5189 2491 5244 ad
2559 5189 2873 5260 petendum
2944 5203 3050 5243 nos
3121 5186 3346 5253 invitat,
3416 5184 3648 5249 dicens:

2004 5302 2032 5330 ‹‹
2066 5278 2271 5335 Omnis
2302 5276 2402 5349 qui
2431 5277 2577 5348 petit
2601 5276 2831 5349 accipit,
2862 5282 2922 5333 et
2951 5274 3051 5349 qui
3081 5274 3290 5349 quaerit
3317 5272 3560 5341 invenit,
3596 5275 3653 5327 et

1948 5430 1954 5435 _
2001 5367 2261 5441 pulsanti
2291 5365 2600 5439 aperietur.
2638 5389 2666 5415 »
2699 5366 2809 5421 Sed
2843 5365 2989 5422 forte
3010 5368 3202 5422 movet
3218 5363 3418 5421 minus
3438 5358 3651 5419 intelli-

2003 5460 2224 5530 gentes,
2259 5471 2438 5528 quare
2468 5455 2652 5511 dicat:
2689 5478 2716 5505 ‹‹
2750 5455 2809 5512 Si
2842 5455 2981 5529 quid
3010 5454 3294 5536 petieritis
3325 5455 3386 5509 in
3417 5451 3656 5525 nomine

2006 5563 2157 5614 meo,
2191 5545 2356 5601 dabit
2382 5544 2570 5614 vobis,
2603 5567 2631 5596 »
2665 5561 2799 5601 cum
2827 5543 3205 5620 legimusnon
3219 5539 3658 5614 soluminferio;

262 5638 427 5708 suam
450 5630 846 5692 suam.‘Un‘de
899 5628 1117 5688 dicitur
1160 5630 1220 5688 in
1268 5628 1527 5691 Psalmo:
1560 5653 1588 5683 ‹‹
1637 5632 1776 5700 Quis
1810 5638 1899 5692 est
2007 5651 2120 5708 res,
2154 5634 2255 5695 sed
2283 5634 2462 5694 etiam
2494 5632 2743 5693 Paulum
2775 5633 3126 5712 apostolum,
3161 5633 3658 5710 quisummaeper-

566 5759 832 5825 ΡΑτιιοι.
877 5758 1144 5826 CXVIII.

3260 5757 3337 5829 17
