4050 6174
533 344 654 402 5:23

1101 338 1514 399 HAYMONIS
1565 339 2104 399 llALBEllS'l‘A'l‘.
2156 336 2402 398 EPISC.
2451 339 2623 399 UPP.
2671 338 2870 401 PARS
2915 339 3091 399 lI.—
3125 338 3393 400 HOMIL.
3801 348 3890 406 5-24

534 462 800 530 fectionis
832 471 960 539 fuit,
1012 470 1231 543 aliquid
1286 471 1500 544 petisse
1540 477 1595 527 et
1642 489 1757 527 non
1803 471 2170 544 impetrasse.
2204 473 2259 539 Α
2304 471 2557 527 maxime
2588 488 2721 527 cum
2752 472 2875 544 ipse
2898 472 3081 543 judex
3110 472 3179 528 de
3209 489 3274 528 eo
3292 472 3891 541 testatur,dicens:«Vas

534 564 646 620 Sed
680 567 743 617 ut
772 560 1024 617 veridica
1054 560 1280 615 Domini
1311 560 1623 631 promissio
1658 561 1824 617 nobis
1839 559 2187 617 elariuselu-

538 654 686 718 ceat,
719 650 861 706 libet
890 649 1148 705 diversas
1178 667 1458 722 personas
1514 651 1835 722 petentium
1882 651 2184 723 inspicere,

537 743 593 796 et
623 754 832 796 causas
863 738 1211 812 impetrandi
1228 739 1312 794 vel
1342 739 2186 812 nonimpctrandidiscernere.

536 828 867 902 Aliquando
899 828 1054 885 enim
1116 812 1261 884 solet
1311 831 1665 901 contingere,
1718 834 1783 884 ut
1824 830 1877 883 in
1930 828 2190 885 oratione

537 920 693 975 bona
721 921 1011 991 petantur,
1046 918 1145 974 sed
1178 916 1317 990 quia
1349 918 1485 976 mali
1503 922 1643 974 sunt
1662 918 1760 991 qui
1784 922 2008 992 petunt,
2029 918 2190 973 aDo-

542 998 701 1064 mino
732 1006 1030 1063 exaudirie
1053 1022 1165 1062 non
1198 1008 1828 1080 merentur,Superflue
1856 1024 2108 1080 namque
2131 1024 2192 1063 se

540 1094 803 1154 exaudiri
834 1114 868 1152 a
900 1096 1142 1152 Domino
1174 1099 1382 1169 putant
1414 1096 1474 1151 in
1507 1097 1869 1153 orationibus
1900 1099 2044 1163 suis,
2092 1096 2192 1168 qui

540 1201 673 1241 eum
707 1182 907 1241 audire
939 1189 1322 1241 contemnunt
1352 1186 1409 1241 in
1440 1186 1565 1242 suis
1598 1187 1990 1253 sermonibus,
2032 1187 2195 1243 Salo-

544 1289 715 1330 mone
743 1277 1016 1352 testante,
1054 1273 1151 1346 qui
1184 1275 1291 1330 ait:
1327 1299 1353 1323 ‹‹
1391 1276 1499 1343 Qui
1532 1276 1769 1332 obturat
1791 1294 1991 1331 aurem
2026 1293 2195 1332 suam

542 1378 613 1419 ne
644 1363 845 1419 audiat
875 1360 1083 1437 legem,
1119 1363 1299 1420 oratio
1330 1366 1456 1435 eius
1488 1366 1598 1421 erit
1626 1365 2193 1435 exsecrabilis(Pr0v.

540 1453 757 1522 xxvui).
796 1476 824 1502 ››
854 1453 1185 1526 Aliquando
1219 1472 1352 1511 vero
1386 1455 1650 1512 carnales
1677 1456 1935 1512 carnalia
1970 1460 2194 1529 petunt,

542 1545 599 1598 et
630 1542 760 1598 ideo
790 1559 822 1598 a
856 1541 1104 1599 Domino
1141 1561 1254 1601 non
1288 1545 2196 1618 exaudiuntur,quibusperbea-

544 1635 669 1686 tum
702 1630 986 1687 Jacobum
1021 1632 1351 1705 apostolum
1403 1635 1642 1690 dicitur:
1681 1658 1708 1685 α
1744 1635 1961 1702 Petitis,
1996 1641 2051 1690 et
2082 1653 2197 1691 non

544 1719 827 1792 accipitis,
860 1737 926 1776 eo
954 1723 1108 1793 quod
1134 1721 1528 1794 malepetatis,
1547 1728 1611 1778 ut
1633 1723 1691 1779 in
1707 1724 2198 1796 concupiscentiis

541 1809 754 1865 vestris
806 1811 1199 1883 permaneatis
1261 1812 1393 1883 (Jac.
1447 1813 1540 1883 Iv).
1577 1835 1604 1862 ››
1662 1811 1992 1885 Aliquando
2061 1813 2195 1867 boni
2235 1852 2276 1916 Β

546 1899 699 1954 dona
730 1902 954 1972 petunt,
990 1900 1090 1954 sed
1125 1899 1358 1955 illorum
1389 1901 1539 1956 mala
1573 1902 1781 1956 merita
1830 1920 1932 1974 pro
1981 1903 2197 1974 quibus

546 1992 770 2060 petunt,
804 1987 887 2043 eis
920 1988 1214 2044 obsistunt
1247 1989 1893 2062 neaudiantur:quales
1912 1990 2197 2059 crantilli,

548 2093 654 2149 pro
685 2076 900 2148 quibus
926 2076 1193 2132 Jeremize
1224 2095 1258 2132 a
1284 2077 1531 2134 Domino
1585 2080 1827 2136 dicitur:
1886 2102 1912 2128 ‹‹
1946 2081 2030 2134 'l‘u
2065 2096 2198 2135 vero

548 2163 665 2221 noli
700 2181 865 2221 orare
897 2183 1002 2239 pro
1033 2166 1247 2238 populo
1279 2166 1408 2235 hoc,
1441 2171 1498 2223 et
1528 2186 1640 2223 non
1670 2185 1940 2225 assumas
1974 2186 2075 2241 pro
2113 2169 2198 2223 eis

548 2253 752 2310 laudes
782 2258 839 2310 et
868 2256 1213 2323 orationem,
1267 2256 1407 2328 quia
1454 2275 1569 2313 non
1622 2259 1929 2313 exaudiam
1981 2263 2033 2313 te
2066 2260 2194 2329 (Jcr.

547 2342 669 2416 v11).
708 2366 735 2393 ››
764 2343 834 2399 Et
864 2342 1108 2400 iterum:
1147 2367 1173 2395 ‹‹
1208 2344 1265 2400 Si
1299 2346 1569 2401 steterint
1598 2347 1826 2418 Moyses
1857 2351 1914 2401 et
1962 2346 2197 2402 Samuel

549 2450 747 2489 coram
780 2449 894 2501 me,
930 2450 1045 2488 non
1079 2438 1167 2490 est
1197 2434 1392 2490 enima
1420 2453 1550 2490 mea
1581 2436 1651 2491 ad
1684 2435 1963 2508 populum
2014 2435 2197 2491 istum

546 2524 679 2592 (Jer.
712 2522 825 2595 xv).
860 2545 886 2572 ››
918 2522 1032 2578 Nec
1064 2527 1258 2579 tamen
1290 2525 1615 2597 putandum
1633 2525 1786 2596 quod
1802 2526 2033 2581 afructu
2053 2542 2199 2580 mer-

550 2611 706 2667 cedis
734 2612 1047 2684 privemur,
1080 2613 1328 2685 quoties,
1362 2631 1465 2686 pro
1497 2613 1717 2687 iniquis
1742 2621 1994 2681 orantes,
2020 2633 2199 2670 exau-

551 2698 660 2755 diri
695 2718 809 2756 non
843 2708 1165 2757 meremur:
1199 2702 1356 2774 quia,
1374 2701 1580 2758 etsiilli
1601 2720 1711 2759 non
1731 2704 2202 2777 suntdigniacci-

552 2805 686 2861 pere
718 2806 821 2862 pro
855 2788 1073 2862 quibus
1119 2791 1394 2862 petimus,
1450 2792 1619 2847 nobis
1647 2797 1843 2847 tamen
1894 2810 1997 2865 pro
2047 2793 2201 2848 bona

554 2877 1122 2936 intentisne‘merces
1151 2881 1709 2952 recompensaditur.
1731 2881 1893 2937 Unde
1923 2883 2066 2938 bene
2085 2900 2199 2937 non

555 2967 701 3022 dixit
727 2966 1101 3039 simpliciter:
1138 2993 1163 3018 «
1198 2969 1258 3023 Si
1289 2969 1428 3041 quid
1452 2969 1734 3042 petieritis
1766 2970 2066 3026 Patremin
2099 2989 2201 3027 no-

556 3055 713 3111 mine
744 3071 892 3125 meo,
926 3057 1107 3114 dabit.
1144 3080 1171 3107 ››
1204 3058 1304 3113 sed
1323 3074 1456 3113 cum
1471 3059 1913 3115 additamento<<
1934 3061 2201 3116 dabitvo-

558 3144 670 3201 bis.
706 3167 735 3195 ››
767 3146 927 3210 Quod
959 3151 1047 3202 est
1076 3147 1291 3203 dicere:
1325 3147 1445 3202 Etsi
1479 3146 1559 3202 illi
1593 3164 1707 3204 non
1734 3153 2033 3205 merentur
2062 3149 2205 3205 acci-

2299 559 2604 616 electionis
2637 561 2779 615 mihi
2815 565 2903 616 est
2934 562 3063 628 iste,
3097 565 3161 616 ut
3191 564 3381 634 portet
3398 578 3601 617 nomen
3630 580 3800 621 meum
3816 584 3893 622 co-

2298 668 2422 705 ram
2454 651 2732 724 gentibus
2765 656 2823 706 et
2853 650 3090 724 regibus
3120 654 3176 706 et
3224 649 3364 705 filiis
3414 650 3620 707 Israel?
3661 652 3775 719 (Act.
3813 672 3889 724 1x»,

2299 714 2531 795 Nullus.
2567 741 2635 795 Et
2680 744 2877 795 tamen
2918 714 3199 795 diabolus
3246 738 3433 812 petiit,
3484 744 3541 795 et
3584 714 3891 813 impetravit:

2306 828 2625 901 Apostolus
2656 846 2788 884 vero
2815 827 3000 902 petiit,
3037 832 3093 885 et
3119 845 3235 885 non
3268 828 3610 901 impetravit.
3643 829 3892 888 Petiitdia-

2303 917 2476 973 belus
2512 921 2577 972 ut
2610 917 3004 973 substantiam
3032 918 3140 974 Job
3172 916 3412 981 deleret,
3430 918 3755 974 etaudivitzu
3785 921 3894 977 Ecce

2309 1006 2589 1063 universa
2619 1024 2746 1079 qua:
2777 1007 2973 1075 habet,
3006 1007 3064 1061 in
3114 1024 3296 1063 manu
3329 1011 3430 1062 tua
3464 1011 3610 1061 sunt
3654 1008 3771 1075 (Job.
3796 1012 3843 1069 1).
3870 1032 3891 1058 η

2302 1096 2475 1151 Petiit
2504 1095 2825 1168 Apostolus
2853 1102 2918 1151 ut
2946 1096 3276 1155 auferretur
3290 1097 3364 1151 ab
3393 1112 3458 1152 eo
3471 1095 3728 1153 stimulus
3741 1099 3891 1155 carnis

2304 1203 2442 1251 suae,
2476 1188 2533 1240 et
2564 1202 2680 1240 non
2714 1185 3066 1258 impetravit,
3098 1186 3240 1250 Quis
3269 1201 3409 1258 ergo
3427 1184 3625 1240 horum
3657 1185 3891 1259 magian-

2304 1273 2541 1330 auditus
2571 1274 2697 1330 est?
2728 1274 3108 1341 diabolus,an
3121 1273 3478 1346 Apostolus?
3490 1273 3743 1332 Diabolus
3757 1292 3888 1330 exau-

2305 1363 2463 1419 ditus
2492 1367 2581 1419 est
2611 1364 2684 1418 ad
2715 1363 3099 1433 voluntatem,
3156 1380 3273 1419 non
3320 1367 3515 1419 tamen
3546 1363 3614 1418 ad
3660 1362 3888 1419 salutem:

2305 1452 2447 1525 quia
2477 1452 2608 1508 inde
2623 1452 3245 1519 deteriorett‘ectusest,
3267 1453 3423 1507 unde
3441 1456 3631 1508 sancto
3650 1450 3886 1508 virodam-

2308 1559 2447 1596 num
2480 1541 2692 1597 inferre
2724 1545 2970 1596 conatus
3020 1545 3127 1596 est.
3180 1539 3493 1613 Apostolus
3538 1556 3660 1596 vero
3705 1558 3798 1597 non
3825 1545 3888 1595 est

2307 1631 2616 1687 exauditus
2648 1632 2718 1686 ad
2747 1630 3127 1697 voluntatem,
3163 1630 3267 1686 sed
3284 1630 3357 1685 ad
3390 1628 3886 1701 salutemzquianon

2308 1720 2649 1793 expediebat
2678 1719 2761 1774 illi
2794 1724 2856 1774 ut
2889 1718 3167 1775 stimulus
3197 1719 3393 1775 carnis
3410 1719 3889 1775 suaeabcoauferm-

2309 1813 2425 1875 tur,
2460 1808 2557 1881 qui
2591 1810 2661 1863 ob
2694 1808 3020 1863 custodiam
3055 1807 3416 1863 humilitatis
3445 1808 3495 1862 ei
3525 1808 3684 1863 datus
3728 1807 3885 1872 fuerat,

2309 1898 2461 1954 sicut
2494 1899 2617 1971 ipse
2650 1898 2823 1953 dicit:
2861 1920 2888 1949 «
2920 1899 2987 1953 Et
3021 1914 3091 1952 ne
3141 1897 3488 1970 magnitudo
3537 1895 3887 1951 revelationum

2310 1987 2549 2043 extollat
2580 2004 2708 2055 me;
2742 1988 2918 2042 datus
2946 1992 3035 2041 est
3074 1987 3220 2041 mihi
3273 1985 3549 2041 stimulus
3575 1984 3745 2040 carnis
3766 2000 3887 2049 mete,

2308 2077 2550 2149 angelus
2582 2082 2829 2144 Satanaz,
2879 2081 2941 2131 ut
2975 2093 3068 2132 me
3102 2074 3888 2148 celaphizet,Propterquodter

2308 2166 2620 2220 Dominum
2655 2166 2871 2238 rogavi,
2905 2170 2970 2220 nt
2999 2165 3328 2221 discederet
3357 2182 3390 2219 a
3423 2169 3602 2231 me,et
3626 2160 3886 2217 dixitmihi:

2306 2254 2533 2310 Sufficit
2562 2255 2666 2310 tibi
2698 2255 2893 2327 gratia
2925 2272 3074 2321 mea,
3108 2271 3249 2312 nam
3303 2252 3487 2310 virtus
3517 2253 3574 2308 in
3620 2250 3888 2306 inﬁrmitate

2308 2344 2699 2417 perficiturUl
2727 2348 2854 2401 Cor.
2886 2343 3010 2406 xu).
3049 2368 3076 2393 ››
3132 2343 3480 2416 Quicunque
3516 2358 3643 2414 ergo
3688 2340 3781 2395 ﬁde
3803 2355 3886 2393 non

2309 2434 2587 2489 dubitans
2619 2452 2687 2489 ea
2718 2451 2843 2506 qua:
2877 2434 2950 2489 ad
2981 2433 3229 2490 salutem
3264 2432 3473 2489 anima:
3505 2449 3614 2487 sua:
3640 2428 3884 2502 pertinent,

2311 2527 2745 2595 perseveranter
2776 2523 2940 2595 petit,
2976 2522 3101 2578 sine
3123 2517 3885 2587 dubioexauditurautinpre-

2311 2614 2457 2668 senti
2492 2617 2591 2667 aut
2623 2611 2679 2666 in
2710 2613 2923 2667 futuro.
2958 2611 3121 2666 Unde
3155 2610 3305 2667 bene
3336 2610 3607 2675 dicitur,«
3642 2604 3883 2661 innomine

2311 2719 2459 2757 meo.
2490 2724 2518 2751 ››
2544 2700 2765 2757 Nomen
2798 2717 2929 2756 vero
2957 2703 3104 2773 ejus,
3134 2700 3311 2756 Jesus
3340 2704 3447 2766 est,
3482 2698 3536 2753 id
3566 2701 3648 2753 est
3693 2694 3885 2750 salvator

2312 2790 2430 2846 sive
2462 2789 2754 2846 salutaris.
2788 2789 2889 2846 Ille
2918 2807 3054 2863 ergo
3088 2789 3146 2845 in
3179 2789 3417 2845 nomine
3462 2789 3594 2844 Jesu
3637 2784 3773 2858 petit,
3813 2780 3883 2852 qui

2312 2880 2521 2936 animas
2554 2897 2673 2935 sua:
2707 2878 2961 2934 salutem
2993 2878 3221 2951 quaerit.

2384 2993 2411 3019 ‹‹
2448 2969 2643 3040 Usque
2674 2968 2844 3023 modo
2877 2984 2990 3023 non
3023 2967 3252 3039 petistis
3288 2967 3601 3039 quidquam
3626 2962 3679 3017 in
3705 2958 3885 3015 nomine.

2315 3082 2341 3108 ‹‹
2376 3075 2525 3113 meo.
2565 3080 2591 3106 ››
2624 3055 2900 3129 Nunquid
2926 3073 3041 3111 non
3073 3061 3209 3111 ante
3238 3055 3527 3128 petierant
3554 3048 3785 3125 apostoli,
3821 3045 3882 3099 di-

2314 3151 2509 3203 centes
2542 3148 2724 3210 (Marc.
2766 3144 2908 3216 xw):
2972 3169 2999 3195 ‹‹
3036 3145 3307 3212 Domine,
3359 3145 3452 3200 die
3480 3142 3656 3208 nobis,
3706 3133 3881 3210 quando

555 3250 691 3306 perc
721 3251 825 3307 pro
856 3235 1070 3308 quibus
1117 3236 1337 3308 petitis,
1388 3236 1552 3292 vobis
1601 3240 1794 3292 tamen
1845 3255 1948 3310 pro
1999 3238 2204 3293 affectu
2239 3222 2281 3288 C
2316 3236 2436 3291 haec
2463 3234 2671 3291 erunt?
2704 3258 2730 3284 »
2764 3234 2879 3290 vel:
2916 3257 2942 3285 ‹‹
2976 3234 3137 3298 Quod
3166 3233 3407 3307 signum
3456 3233 3714 3287 adventus
3744 3223 3840 3279 tui?
3864 3244 3881 3265 η

553 3323 854 3379 charitutis
886 3340 1108 3380 merces
1138 3324 1509 3391 retribuetur,
1545 3325 1697 3381 sicut
1728 3325 2040 3381 Psalmista
2089 3327 2195 3381 ait:

552 3435 581 3463 «
617 3414 685 3468 Et
713 3411 899 3469 oratio
931 3429 1061 3469 mea
1091 3413 1148 3467 in
1181 3413 1377 3468 sinum
1413 3430 1608 3469 meum
1635 3419 2002 3469 convertetur
2024 3416 2195 3486 (Psal.

488 3490 495 3495 ’
549 3501 759 3566 xxxiv).
795 3524 823 3549 »
856 3501 1183 3573 Aliquando
1215 3502 1402 3558 sancti
1435 3507 1639 3557 sancta
1670 3506 1893 3574 petunt,
1927 3504 2027 3559 sed
2061 3502 2200 3575 quia

549 3605 753 3644 eorum
785 3590 985 3661 petitio
1015 3590 1074 3644 in
1110 3592 1377 3662 praesenti
1412 3608 1526 3645 non
1548 3591 1842 3662 impletur,
1864 3593 2195 3648 restatutin

550 3676 679 3732 fure
711 3674 1020 3749 repleatur,
1055 3678 1208 3733 sicut
1241 3678 1584 3735 universalis
1628 3680 1884 3735 Ecclesia
1935 3683 2197 3753 quotidie

534 3763 609 3819 in
641 3765 900 3821 oratione
932 3771 1113 3821 Deum
1144 3766 1422 3838 postulat,
1452 3768 1678 3823 dicens:
1715 3792 1741 3817 ‹‹
1774 3770 2054 3825 Adveniat
2102 3788 2197 3826 re-

550 3870 733 3926 gnum
765 3859 931 3909 tuum
954 3855 1163 3927 (Matth.
1181 3856 1274 3927 v1).
1291 3878 1318 3905 ››
1336 3856 1497 3919 Quod
1527 3874 1793 3930 regnum,
1810 3860 1917 3914 etsi
1935 3876 2047 3914 non
2064 3877 2197 3915 mox

549 3940 716 3998 finita
744 3942 1003 3999 oratione
1035 3944 1285 4013 advenit,
1317 3949 1513 4003 tamen
1538 3950 1667 4018 post
1690 3947 2018 4004 universale
2041 3950 2203 4021 judi-

548 4029 706 4088 cium
720 4031 847 4088 sine
861 4031 1036 4090 dubio
1049 4035 1651 4091 crediturventurum.
1675 4036 2202 4108 Aliquandosancti

547 4120 607 4176 in
641 4120 902 4178 oratione
933 4122 1224 4179 contraria
1254 4123 1461 4179 anima:
1485 4142 1603 4181 sua:
1626 4126 2198 4200 ignoranterpetunt,

547 4209 772 4267 occulto
800 4213 997 4268 tamen
1030 4213 1130 4269 Dei
1154 4212 1397 4284 judicio,
1434 4232 1548 4270 non
1581 4215 1653 4271 ad
1685 4215 2061 4281 voluntatem,
2097 4220 2196 4274 sed

545 4300 616 4355 ad
649 4298 902 4357 salutem
933 4301 1347 4358 exaudiuntur.
1382 4303 1563 4359 Multo
1595 4303 1750 4359 enim
1782 4304 2078 4361 salubrius
2108 4311 2198 4362 est

544 4388 805 4445 exaudiri
837 4390 909 4445 ad
943 4390 1212 4459 salutem,
1248 4408 1426 4464 quam
1458 4392 1528 4447 ad
1547 4393 1927 4448 voluntatem.
1949 4395 2110 4460 Quod
2133 4399 2196 4450 ut

545 4476 916 4535 manifestius
948 4478 1327 4552 intelligatur,
1354 4482 1502 4537 duos
1530 4481 1591 4535 in
1609 4482 1865 4557 medium
1882 4499 2190 4554 ponamus,

2309 3329 2366 3381 et
2396 3324 2487 3379 his
2520 3323 2754 3391 similia,
2788 3324 3070 3380 Fecerunt
3099 3322 3328 3395 utique,
3362 3323 3470 3379 Sed
3501 3320 3643 3393 quod
3660 3316 3744 3373 ait:
3769 3337 3789 3363 ‹‹
3813 3310 3885 3364 [ἔδυ

2310 3431 2424 3485 que
2456 3414 2629 3469 modo
2659 3430 2775 3468 non
2806 3412 3034 3485 petistis
3064 3412 3418 3485 quidquam,
3456 3435 3480 3461 ››
3511 3409 3717 3465 duobus
3745 3399 3883 3458 modis
3952 3404 3953 3409 “

2310 3502 2553 3576 intelligi
2585 3505 2793 3574 potest.
2828 3502 2954 3558 Sive
2972 3519 3087 3558 non
3106 3501 3340 3574 petistis
3356 3501 3679 3574 quidquam,
3697 3491 3807 3565 quia
3818 3502 3882 3543 me

2307 3591 2589 3664 aequalem
2624 3592 2775 3647 Patri
2808 3609 2922 3648 non
2953 3591 3310 3659 credidistis,
3347 3596 3409 3646 ut
3440 3591 3495 3645 in
3547 3585 3751 3643 nomine
3790 3591 3881 3664 meo

2307 3662 2611 3752 peteretis:
2646 3682 2764 3737 sive
2796 3686 2949 3737 certe
2978 3698 3091 3737 non
3113 3680 3347 3752 petistis
3370 3678 3692 3752 quidquam,
3715 3662 3878 3760 qni???

2308 3771 2802 3844 comparationem
2835 3787 3035 3827 eorum
3070 3787 3198 3842 qua:
3232 3774 3428 3842 petere
3456 3762 3734 3829 debuistis,
3771 3749 3878 3844 nillil

2307 3840 2459 3915 sunt
2474 3878 2601 3932 quas
2617 3859 2864 3933 petistis.
2883 3840 3138 3932 Fragiles
3158 3840 3414 3931 namque
3437 3858 3644 3911 mentes
3660 3840 3879 3922 apostolo-
3952 3912 3953 3929 ξ

2315 3966 2445 4003 rum
2473 3953 2605 4004 ante
2636 3947 2967 4020 passionem
3003 3947 3165 4020 prius
3187 3951 3419 4003 terrena
3435 3949 3489 4001 et
3513 3934 3878 4003 transitoriape-
3952 3980 3953 3983 η

2313 4042 2432 4093 tere
2450 4042 2749 4107 noverant,
2766 4036 2915 4093 sicut
2929 4037 2999 4092 de
3015 4036 3252 4092 duobus
3268 4023 3875 4109 ﬁliisZebedmilegimuS.

2313 4127 2411 4199 qui
2444 4130 2862 4199 persuaserunt
2893 4126 3065 4181 matri
3098 4130 3164 4180 ut
3186 4128 3410 4198 peteret
3456 4124 3524 4178 ab
3554 4138 3632 4185 eo,
3676 4118 3730 4171 ut
3768 4122 3877 4165 unus

2309 4218 2535 4272 sederet
2564 4233 2598 4270 a
2631 4215 2850 4271 dextris
2880 4222 2935 4270 ct
2969 4215 3112 4271 alter
3142 4233 3176 4272 a
3207 4214 3462 4271 sinistris
3491 4213 3545 4267 in
3576 4222 3730 4279 regna
3767 4200 3875 4270 ejus.
3952 4228 3953 4273 ξ

2308 4304 2417 4359 Sed
2433 4322 2466 4376 q
2477 4304 2654 4359 uiaad
2668 4303 3164 4376 comparationem
3179 4320 3383 4361 eorum
3397 4319 3518 4375 qua
3530 4301 3702 4371 petere
3715 4289 3878 4376 debuo-
3952 4304 3953 4367 ξ

2306 4375 2458 4459 rant,
2493 4392 2637 4447 nihil
2668 4375 2977 4465 eratiquod
3010 4394 3261 4465 petebat,
3295 4391 3556 4464 protinus
3597 4375 3872 4442 audierunt:

2307 4506 2334 4533 «
2368 4482 2615 4537 Nescitis
2647 4482 2786 4553 quid
2819 4482 3050 4554 petatis.
3086 4504 3113 4532 ››
3137 4483 3395 4537 Terrena
3415 4491 3652 4548 namque
3667 4475 3713 4527 et
3732 4473 3874 4554 trans-
3952 4468 3953 4521 ξ

543 4582 726 4621 unum
761 4566 1006 4637 malum,
1040 4572 1097 4623 et
1127 4546 1376 4624 alterum
1411 4546 2190 4638 bonumzitatam-enmtbo;
2227 4596 2269 4658 Β
2303 4571 2489 4637 itoria,
2525 4546 2750 4625 aeternas
2785 4546 3045 4625 felicitati
3080 4574 3437 4642 ecmparata,
3470 4546 3604 4658 nihil
3634 4546 3871 4658 summa“:
3952 4614 3953 4658 ξ

543 4671 654 4710 nus
686 4655 921 4728 petiisse
945 4654 1173 4730 legatur
1200 4662 1258 4713 et
1270 4658 1762 4731 nonimpetrasse,
1781 4660 1971 4715 malus
1993 4664 2188 4715 autem

541 4744 779 4816 petiisse
808 4751 865 4800 et
894 4745 1258 4819 impetrasse.
1295 4747 1405 4803 Sed
1440 4764 1511 4803 ne
1562 4746 1777 4820 aliquis
1827 4748 2006 4804 tacita
2052 4766 2186 4804 con-

541 4833 785 4890 scientia
813 4834 987 4903 dicat,
1022 4835 1147 4891 fieri
1183 4853 1296 4891 non
1318 4831 1699 4907 posse,'illum
1728 4841 1862 4893 ante
1876 4837 2075 4893 oculos
2090 4838 2189 4893 Dei

538 4922 827 4992 injustum
859 4941 986 4980 esse
1017 4924 1438 4997 quiexauditus
1452 4925 2047 4997 est,etillumjustum
2064 4944 2190 4983 esse

540 5012 638 5082 qui
674 5030 787 5067 non
820 5015 1152 5069 exauditur:
1180 5013 1383 5070 talisin
1404 5014 1556 5069 male
1576 5016 2000 5087 ponendusest,
2021 5017 2190 5086 cujus

540 5097 823 5154 malitiam
858 5100 1055 5157 nullus
1088 5103 1338 5173 ignoret:
1375 5108 1431 5157 et
1461 5102 1594 5158 talis
1624 5104 1683 5157 in
1719 5105 1886 5170 bono,
1920 5104 1989 5159 de
2022 5106 2189 5176 cujus

541 5187 849 5243 sanctitate
876 5189 1075 5245 nullus
1095 5191 1338 5257 dubitet,
1361 5193 1574 5247 Paulus
1587 5192 1808 5247 scilicet
1821 5192 2119 5264 apostolus
2132 5197 2189 5250 et

539 5272 829 5331 diabolus.
863 5277 1003 5343 Quis
1016 5279 1170 5333 enim
1187 5280 1484 5336 diabolum
1501 5286 1796 5337 auctorem
1811 5281 2043 5336 malitiae
2060 5299 2187 5339 esse

539 5368 729 5436 neget,
764 5366 1017 5421 maxime
1047 5383 1181 5421 cum
1214 5385 1317 5440 per
1348 5370 1582 5425 beatum
1615 5370 1722 5424 Job
1755 5370 1825 5425 de
1856 5388 1922 5426 eo
1939 5370 2183 5426 dicatur:

539 5473 567 5501 «
596 5450 781 5509 Omne
810 5450 1062 5510 sublime
1086 5454 1262 5524 videt,
1294 5463 1351 5512 et
1381 5458 1506 5530 ipse
1538 5463 1625 5514 est
1659 5476 1755 5513 rex
1787 5476 1962 5531 super
1984 5477 2188 5515 omnes

535 5539 689 5598 filios
720 5540 1046 5616 superbiae?
1078 5565 1105 5593 »
1140 5544 1270 5616 (Job.
1304 5548 1438 5620 XLI.)
1471 5548 1611 5613 Quis
1642 5565 1772 5603 vero
1787 5547 2029 5603 Paulum
2050 5565 2185 5623 apo-

534 5627 751 5697 stolum
784 5635 917 5714 post
945 5633 1381 5699 conversionem
1413 5640 1682 5694 sanetum
1716 5636 1897 5699 fuisse
1928 5637 2173 5712 dubitet,

2300 4660 2535 4714 manda.
2566 4659 2674 4714 Sed
2709 4658 2847 4731 quia
2876 4658 3161 4715 hactenus
3190 4640 3261 4714 ad
3288 4675 3356 4715 ea
3387 4673 3512 4729 quae
3541 4656 3730 4708 aaterna
3755 4640 3869 4698 sunt,

2299 4749 2549 4820 petenda
2581 4747 2727 4821 pigri
2762 4748 3011 4815 fuerant,
3032 4748 3263 4804 Domini
3286 4732 3872 4822 sermonibusadpeten-
3952 4764 3953 4773 η

2300 4838 2442 4893 dum
2473 4837 2809 4903 incitantur,
2844 4853 2979 4891 cum
3010 4836 3252 4892 dicitur:
3310 4859 3337 4887 ‹‹
3372 4833 3564 4890 Petita.
3602 4851 3625 4876 ››
3653 4825 3710 4881 Et
3751 4833 3806 4873 ne
3828 4826 3870 4908 se

2300 4931 2641 4998 accepturos
2673 4925 3029 4994 dubitarent,
3066 4930 3219 4981 recte
3238 4921 3673 4996 subjungitur:«
3695 4910 3751 4966 Et
3766 4916 3870 4998 acci-
3952 4926 3953 4985 ἰ

2300 4992 2493 5088 pictis.
2527 5038 2554 5066 »
2590 5014 2737 5081 Quid
2769 5018 2966 5069 autem
2998 4992 3400 5086 principaliter
3428 4992 3610 5083 petere
3636 4992 3866 5056 deberent.
3952 5068 3953 5073 γ

2301 5087 2867 5172 manit'estatur,eum
2882 5102 3379 5159 subinfertur:«Ut
3391 5096 3654 5174 gaudium
3668 5087 3865 5181 Ϊθξξῗυτξ

2298 5194 2374 5248 sit
2405 5192 2664 5265 plenum.
2702 5165 2728 5241 ›;
2764 5192 2870 5248 Ubi
2903 5192 3043 5248 ordo
3073 5165 3866 5265 verborumtalisestzPetiteul

2296 5264 2579 5355 gaudium
2604 5286 2862 5337 vestrum
2894 5282 2971 5336 sit
3002 5282 3263 5355 plenum,
3297 5285 3353 5336 et
3382 5271 3673 5349 accipietis.
3704 5264 3753 5319 In
3952 5348 3953 5359 χ

2296 5354 2421 5427 loco
2454 5371 2801 5438 ostenditur,
2837 5369 2974 5442 quia
3005 5354 3065 5426 in
3099 5370 3355 5427 oratione
3386 5385 3497 5425 non
3536 5370 3739 5453 aurutni
3779 5354 3860 5453 “ill

2298 5464 2625 5534 argentum,
2660 5477 2773 5515 non
2800 5462 3061 5515 terrenas
3105 5459 3335 5515 divitias
3383 5459 3566 5529 petere
3615 5444 3858 5534 debemus}:

2296 5526 2409 5606 noii
2447 5548 2750 5622 praesentis
2780 5548 2909 5605 vitae
2939 5547 3386 5623 longitudinem,
3418 5544 3515 5601 sed
3545 5539 3720 5631 vitam.

2299 5611 2465 5711 nam;
2492 5643 2542 5696 θέ
2576 5655 2642 5696 θα
2674 5654 2800 5716 qua:
2832 5638 2904 5703 ad
2938 5611 3101 5698 illam
3134 5611 3444 5716 pertinent,
3494 5631 3547 5689 id
3577 5629 3653 5688 cst
3677 5611 3860 5675 virtuteﬁ
