3908 6172
182 376 277 434 525

1342 367 1697 431 HOMILl/E
1740 368 1840 430 DE
1885 370 2282 433 'l‘EMPOltE.

3401 380 3522 442 326

178 501 598 562 animae.Plenum
627 516 762 574 ergo
793 505 849 555 et
867 502 1188 572 perfectum
1208 501 1492 573 gaudium
1507 518 1635 558 esse
1649 519 1765 557 non
1793 504 1847 570 Α
1881 502 2093 576 ligetis.
2128 506 2197 560 Et
2224 505 2364 577 quia
2393 504 2663 561 Christus
2688 504 2771 562 ita
2801 505 2975 562 homo
3008 508 3294 579 apparuit,
3314 515 3525 583 utper-

172 597 354 667 potest,
384 590 474 646 ubi
507 588 785 662 fragilitas
826 588 1241 645 mutabilitatis
1273 590 1356 645 ita
1386 591 1660 657 variatur,
1696 595 1762 646 ut

168 685 245 739 vix
266 681 418 737 unius
432 679 576 735 horae
592 677 780 750 spatio
796 678 1075 751 gaudium
1098 678 1403 735 nobiscum
1417 697 1759 751 permanere

162 770 337 845 possit.
376 768 565 825 Subito
610 768 766 823 enim
816 767 1018 823 lzetitia
1049 785 1083 823 a
1112 768 1351 823 tristitia
1391 768 1755 837 absorbetur,

165 858 410 933 gaudium
430 857 485 913 in
507 855 760 913 dolorem
781 856 1049 923 vertitur,
1065 856 1288 913 sanitas
1309 857 1652 913 infirmitate
1671 856 1761 912 lae-

158 950 309 1016 ditur,
324 945 507 1019 ampla
531 946 823 1019 possessio
850 949 1192 1018 paupertate
1214 950 1759 1019 tenuatur,prospe—

157 1040 274 1092 ritas
304 1036 634 1091 adversitate
666 1034 1074 1107 prosternitur,
1082 1036 1363 1106 juventus
1394 1036 1465 1090 ad
1499 1039 1760 1091 senectu-

152 1131 265 1193 tem,
281 1124 385 1179 vita
411 1123 588 1179 currit
614 1123 687 1178 ad
721 1127 991 1178 mortem.
1010 1122 1155 1178 Cum
1185 1139 1322 1196 ergo
1344 1122 1516 1179 dicit:
1534 1147 1560 1175 ‹‹
1578 1124 1757 1181 Petite

149 1240 170 1263 «
199 1218 246 1271 et
271 1211 570 1285 accipietis,
602 1216 668 1267 ut
697 1211 981 1285 gaudium
1012 1217 1273 1268 vestrum
1304 1213 1382 1267 sit
1426 1211 1688 1285 plenum,
1727 1237 1755 1263 »

147 1302 280 1358 illam
308 1300 657 1374 singularem
680 1316 746 1355 ac
768 1301 1001 1356 beatam
1015 1300 1196 1356 vitam
1211 1318 1324 1357 non
1344 1307 1538 1374 petere
1551 1302 1755 1357 admo-

143 1396 239 1456 net,
258 1390 345 1447 ubi
374 1394 464 1446 est
492 1388 695 1446 laetitia
717 1389 845 1445 sine
877 1389 1138 1457 tristitia,
1171 1391 1455 1462 gaudium
1496 1389 1622 1446 sine
1652 1392 1753 1447 do-

143 1479 256 1545 lore,
286 1477 557 1534 securitas
586 1477 717 1535 sine
746 1477 979 1545 timore,
1008 1477 1129 1533 vita
1166 1477 1293 1534 sine
1333 1483 1540 1534 morte.
1567 1481 1753 1545 Quam

139 1568 218 1639 qui
247 1567 425 1639 adepti
459 1566 698 1633 fuerint,
713 1567 999 1640 gaudium
1020 1572 1078 1623 et
1097 1565 1356 1622 laetitiam
1380 1567 1751 1638 obtinebunt,

140 1664 183 1711 et
205 1655 370 1728 fugiet
392 1655 465 1711 ab
499 1653 585 1712 eis
616 1655 812 1711 omnis
834 1654 1001 1711 dolor
1021 1659 1079 1712 et
1099 1655 1375 1726 gemitus,
1392 1656 1627 1727 quando
1642 1655 1751 1711 im-

134 1743 358 1815 plebitur
384 1744 543 1815 Quod
563 1743 852 1800 Dominus
869 1743 1005 1799 alibi
1025 1743 1549 1817 promittit,dicens
1570 1761 1582 1799 :
1601 1768 1628 1794 «
1650 1745 1750 1800 Ite-

136 1850 242 1887 rum
270 1833 466 1889 videbo
479 1848 606 1899 vos,
624 1837 681 1889 et
696 1832 1083 1905 gaudebitcor
1100 1838 1381 1903 vestrum,
1396 1839 1453 1888 et
1468 1834 1751 1905 gaudium

127 1928 352 1978 vestrum
400 1939 578 1978 nemo
629 1922 792 1977 tollet
841 1939 873 1977 a
908 1921 1073 1977 vobis
1119 1926 1304 1991 (Joan.
1357 1921 1492 1994 xw).
1532 1945 1559 1971 »
1591 1923 1750 1979 Hanc

127 2013 335 2068 devotus
363 2011 458 2068 ille
474 2011 843 2084 supplicator
862 2010 1595 2083 specialiterconcupierat,
1613 2029 1747 2067 cum

124 2100 320 2157 dicebat
347 2103 519 2171 (Psal.
552 2102 711 2171 xxvr)
747 2117 760 2156 :
797 2123 823 2149 ‹‹
858 2100 1045 2155 Unam
1077 2100 1217 2172 petii
1251 2116 1285 2155 a
1318 2099 1749 2168 Domino,banc

124 2190 405 2261 requiram,
432 2194 498 2246 ut
529 2189 862 2245 inhabitem
893 2187 951 2244 in
994 2189 1167 2245 domo
1208 2188 1440 2244 Domini
1475 2189 1751 2247 omnibus

121 2279 301 2335 diebus
315 2279 440 2334 vita:
463 2283 711 2343 meae,et
732 2278 963 2333 videam
979 2277 1341 2350 voluptatem
1368 2277 1665 2333 Domini.»
1684 2278 1753 2334 Et

122 2367 333 2423 iterum:
357 2392 382 2418 ››
406 2370 595 2425 Credo
622 2368 819 2424 videre
853 2369 1005 2423 bona
1034 2366 1266 2422 Domini
1299 2367 1359 2421 in
1391 2368 1753 2423 terraviven-

123 2456 265 2513 tium.
300 2480 327 2507 »

177 2560 199 2588 α
232 2546 353 2601 Haec
401 2548 459 2601 in
506 2546 841 2619 proverbiis
884 2546 1115 2601 locutus
1164 2563 1297 2601 sum
1345 2546 1529 2601 vobis.
1582 2545 1755 2599 Venit

126 2656 147 2683 ‹‹
176 2633 321 2691 hora.
354 2660 382 2684 »
414 2636 589 2691 Hanc
619 2635 1017 2702 horam,diem
1031 2635 1399 2690 Pentecssten
1432 2634 1755 2705 intelligere

124 2740 431 2792 possumus.
448 2748 475 2775 «
491 2727 648 2791 Cum
658 2722 858 2794 jamin
882 2722 1201 2794 proverbiis
1215 2739 1328 2778 non
1349 2722 1752 2792 loquarvobis,

126 2812 251 2866 «sed
278 2812 473 2885 palam
507 2814 591 2869 da
622 2813 790 2867 Patre
823 2810 1186 2867 annuntiabo
1202 2810 1386 2867 vobis.
1409 2835 1428 2860 ι»
1448 2811 1757 2866 Proverbia

121 2902 356 2970 quadam
378 2901 816 2959 similitudines
842 2901 1139 2967 dicuntur,
1156 2916 1284 2972 quae
1300 2900 1371 2956 ad
1389 2900 1756 2956 obscuriores

122 3004 351 3063 quasque
361 2990 700 3047 sententias
712 2988 1123 3062 intelligendas
1137 2989 1474 3055 necessariae
1487 2989 1760 3044 abaucto-

119 3077 255 3133 ribus
282 3080 757 3148 adhibentur,nt
787 3077 996 3133 saltem
1027 3093 1132 3150 per
1158 3076 1412 3133 visibilia
1440 3077 1759 3133 invisibilia

120 3181 435 3239 cognoscere
467 3173 723 3241 queant.
756 3166 920 3222 Unde
946 3165 1096 3222 liber
1139 3165 1470 3222 Salomonis
1518 3166 1759 3221 Prover-

115 3253 315 3312 biorum
329 3275 548 3314 nomen
563 3256 819 3328 accepit,
834 3272 900 3310 eo
912 3256 1068 3327 quod
1087 3254 1458 3326 parvulorum
1476 3254 1753 3327 ignoran-
1784 3241 1826 3308 C

117 3343 233 3399 tiam
260 3362 358 3418 per
386 3348 699 3419 quasdam
736 3345 1025 3417 imagines
1072 3344 1159 3399 vel
1203 3343 1643 3411 similitudines,
1679 3344 1750 3398 ad

113 3434 431 3504 sapientiam
485 3435 847 3491 discendam
896 3434 1159 3489 suadeat.
1197 3433 1478 3487 Locutum
1518 3448 1654 3504 ergo
1695 3448 1757 3488 se

114 3521 230 3577 dicit
259 3525 547 3580 Dominus
582 3523 650 3578 in
683 3521 1024 3595 proverbiis,
1050 3521 1194 3593 quia
1238 3520 1403 3592 prius
1460 3519 1758 3593 fragilitati

112 3609 512 3685 discipulorum
538 3610 787 3669 facilius
799 3626 1033 3682 carpere
1052 3614 1309 3681 possent,
1326 3609 1382 3663 in
1400 3609 1523 3665 suis
1543 3626 1760 3665 sermo-

113 3699 260 3755 nibus
314 3699 760 3758 similitudines
810 3698 1098 3766 adhibuit,
1133 3697 1284 3754 sicut
1330 3697 1411 3753 ait
1448 3698 1760 3754 'Matthaeus

110 3789 517 3862 evangelistam
546 3786 1120 3859 LoquebaturJesus
1152 3804 1285 3842 cum
1316 3786 1760 3858 discipulissuis

111 3876 156 3929 in
182 3880 572 3948 parabolis,et
596 3877 726 3933 sine
757 3875 1053 3948 parabolis
1082 3893 1198 3932 non
1230 3874 1579 3947 loquebatur
1607 3875 1712 3931 eis.
1730 3899 1758 3925 ››

110 3961 199 4019 Sed
230 3983 359 4023 cum
389 3966 712 4041 promittit
744 3982 807 4020 se
839 3980 955 4020 non
985 3964 1044 4019 in
1069 3962 1757 4036 proverbiislocuturum,

110 4054 191 4108 sed
218 4056 408 4127 palam
435 4058 515 4114 de
527 4057 715 4113 Patre
735 4053 1245 4121 annuntiaturum,
1261 4053 1333 4108 ad
1347 4056 1567 4108 tantam
1584 4054 1763 4125 perfe-

110 4139 298 4199 lionem
330 4162 439 4218 per
470 4142 747 4217 Spiritus
780 4141 968 4199 sancti
1011 4141 1324 4197 adventum
1354 4141 1611 4197 ostendit
1663 4158 1761 4197 eos

105 4236 376 4303 venturos,
412 4235 657 4308 quibus
688 4249 802 4288 non
835 4247 1073 4287 necesse
1094 4230 1170 4286 sit
1190 4230 1317 4301 jam
1351 4231 1411 4284 in
1443 4230 1761 4302 proverbiis

112 4321 254 4389 quasi
282 4324 564 4396 parvulis
602 4320 935 4393 loqui,cum
968 4319 1027 4375 id
1058 4318 1312 4392 Spiritus
1329 4324 1571 4376 sanctus
1591 4320 1763 4376 adve-

111 4408 500 4484 niens,palam
537 4412 619 4467 de
648 4411 817 4466 Patre
846 4408 1247 4476 annuntiet,id
1277 4412 1385 4477 est,
1413 4410 1662 4481 perfecte
1674 4426 1764 4465 eo-

109 4512 364 4566 gnoscere
412 4500 610 4556 faciat
641 4496 893 4570 qualiter
920 4496 1087 4552 Pater
1114 4495 1171 4551 in
1201 4495 1343 4552 Filio
1374 4500 1430 4552 et
1476 4497 1655 4553 Filius
1686 4498 1765 4553 sit

104 4583 154 4675 in
183 4587 368 4646 Patre.
405 4590 480 4645 Et
513 4602 891 4662 quaecunque
921 4588 1115 4675 potest
1146 4585 1333 4675 Pater,
1374 4590 1565 4658 potest
1594 4586 1761 4642 simi-
1794 4611 1840 4675 Β

104 4670 218 4729 liter
243 4684 299 4732 et
318 4678 548 4745 Filius,
568 4675 900 4733 secundum
925 4675 1078 4746 quod
1105 4673 1227 4746 ipse
1249 4674 1360 4731 ait:
1374 4698 1400 4724 «
1417 4675 1765 4746 Omniaquze

101 4759 259 4822 habet
288 4767 490 4835 Pater,
529 4782 676 4823 mea
705 4770 843 4821 sunt
869 4764 1045 4827 (Joan.
1078 4769 1219 4833 XVI).
1240 4787 1267 4814 ››
1291 4764 1452 4821 Unde
1483 4769 1539 4821 et
1571 4765 1765 4821 subdi-

103 4855 186 4907 tur
215 4872 228 4909 :

159 4968 181 4993 ‹‹
218 4944 318 5002 Illo
351 4947 457 5003 die
496 4946 565 5002 in
608 4944 843 5001 nomine
875 4959 1005 5000 meo
1037 4944 1267 5017 petetis.
1308 4968 1328 4992 ι
1365 4944 1525 5009 Quod
1557 4948 1647 5001 est
1676 4944 1763 4999 di-

98 5033 362 5090 cerezlllo
396 5037 505 5091 die
540 5050 687 5090 cum
707 5034 1215 5106 Spiritussanctus
1230 5032 1766 5105 advenienscogno-

96 5136 241 5178 scere
262 5139 365 5180 vos
403 5123 637 5181 fecerit
663 5122 802 5195 quia
831 5139 938 5196 ego
971 5126 1029 5178 et
1059 5122 1227 5177 Pater
1248 5139 1430 5178 unum
1463 5123 1766 5190 sumus,in

96 5212 320 5268 nomine
352 5230 499 5269 meo
534 5212 763 5284 petetis'
803 5212 942 5283 quia
986 5209 1268 5284 aequalem
1326 5212 1480 5267 Patri
1511 5229 1604 5267 me
1647 5229 1775 5268 esse

97 5303 485 5372 cognoscetis,
506 5305 575 5357 et
610 5299 806 5355 omnia
837 5317 931 5356 me
963 5301 1102 5356 dare
1134 5317 1305 5373 posse
1325 5317 1457 5355 cum
1483 5301 1647 5357 Patre
1660 5318 1779 5357 cre-

95 5385 256 5445 detis.
280 5391 425 5447 Sive
481 5389 661 5462 quod
711 5389 812 5455 ait,
848 5413 875 5440 «
912 5389 973 5445 In
1018 5390 1254 5445 nomine
1304 5406 1432 5446 meo
1480 5390 1714 5463 petetis,
1749 5412 1775 5440 υ

93 5474 198 5533 tale
219 5484 311 5537 est
333 5497 409 5537 ac
427 5479 483 5535 si
506 5478 765 5535 diceret:
785 5478 931 5534 Cum
944 5478 1199 5551 Spiritus
1211 5482 1451 5536 sanctus
1466 5479 1778 5536 adveniens

92 5568 322 5625 terrena
348 5586 466 5624 vos
499 5566 766 5641 perfecte
788 5572 1161 5623 contemnere
1179 5568 1395 5637 fecerit,
1412 5567 1780 5626 solummodo

90 5668 213 5736 qua
243 5658 320 5718 ad
357 5655 650 5718 salutem
683 5656 1013 5715 animarum
1026 5657 1344 5735 pertinent,
1355 5657 1784 5736 peteudaintel-

1875 593 2063 648 fectus
2093 598 2250 649 esset
2281 599 2452 663 Deus,
2488 599 2643 650 recte
2664 595 3075 668 subjungitur:
3109 597 3215 651 «Et
3245 614 3359 653 non
3394 599 3523 655 dico

1874 707 1900 730 ‹‹
1936 681 2100 738 vobis
2132 684 2269 755 quia
2299 701 2404 757 ego
2443 685 2659 755 rogabo
2704 684 2933 739 Patrem
2983 685 3054 739 de
3103 685 3289 740 vobis.
3318 708 3345 734 n
3377 686 3525 750 Quia

1869 770 2024 826 enim
2056 770 2231 827 homo
2256 776 2363 837 est,
2383 771 2520 827 alibi
2554 772 2780 828 Patrem
2813 790 2917 846 pro
2950 771 3255 845 discipulis
3284 789 3522 847 rogasse

1866 858 2314 933 legitur,dicens
2339 879 2351 916 :
2381 882 2409 911 «
2439 862 2610 916 Pater
2638 866 2858 929 sancte,
2877 879 3041 918 serva
3062 877 3161 917 eos
3192 861 3252 918 in
3284 863 3523 919 nomine

1867 952 1989 1015 tuo,
2024 966 2172 1021 quos
2217 950 2430 1005 dedisti
2479 949 2624 1005 mihi
2675 952 2848 1013 (Joan.
2885 950 3042 1021 xvu).
3079 973 3107 1001 »
3138 951 3209 1006 Et
3255 951 3468 1008 iterum
3504 970 3516 1008 :

1868 1060 1897 1087 «
1931 1038 2269 1103 Pater,cum
2301 1056 2493 1095 essem
2525 1056 2658 1094 cum
2683 1038 2908 1113 eis,ego
2930 1038 3233 1094 servabam
3259 1055 3359 1096 eos
3372 1056 3520 1113 quos

1868 1126 2079 1182 dedisti
2128 1126 2305 1195 mihi;
2341 1145 2499 1183 nunc
2543 1131 2739 1183 autem
2782 1145 2885 1200 pro
2923 1127 3007 1182 eis
3062 1143 3221 1200 rogo,
3248 1145 3364 1184 non
3414 1145 3519 1201 pro

1866 1216 2107 1271 mundo.
2142 1217 2212 1271 Et
2244 1233 2357 1272 non
2391 1233 2530 1289 rogo
2560 1221 2627 1272 ut
2657 1215 2828 1272 tollas
2858 1232 2957 1271 eos
2987 1215 3059 1271 de
3081 1208 3440 1283 mundo,sed
3455 1220 3521 1271 ut

1866 1319 2058 1360 serves
2106 1320 2206 1360 eos
2237 1322 2270 1359 a
2300 1304 2456 1360 malo
2487 1305 2694 1374 (Ibid).
2729 1326 2757 1354 »
2787 1305 2858 1359 Et
2900 1302 3038 1360 alibi
3087 1304 3254 1360 Petro
3290 1321 3302 1358 :
3337 1327 3365 1352 «
3398 1304 3518 1377 Ego

1864 1409 1968 1464 pro
1999 1396 2055 1447 te
2078 1393 2495 1466 rogavi,Petre,
2514 1397 2578 1448 ut
2609 1410 2722 1447 non
2745 1392 2975 1448 deﬁciat
3004 1392 3148 1447 ﬁdes
3176 1396 3281 1447 tua
3308 1392 3517 1461 (Ibid).

1864 1481 2031 1537 Nunc
2053 1485 2247 1537 autem
2271 1498 2385 1537 non
2410 1486 2751 1555 rogaturum
2765 1497 2827 1537 se
2847 1481 3077 1537 Patrem
3093 1498 3195 1554 pro
3209 1480 3517 1553 discipulis

1863 1568 2021 1637 dicit,
2039 1570 2177 1642 quia
2206 1570 2578 1643 omnipotens
2608 1574 2697 1625 est
2725 1569 2783 1624 in
2818 1569 3122 1625 divinitate
3160 1586 3295 1625 cum
3325 1570 3512 1626 Patre.

1865 1658 2050 1731 Rogat
2078 1675 2214 1731 ergo
2246 1660 2476 1715 Patrem
2512 1676 2614 1731 per
2659 1658 3108 1725 humanitatem,
3143 1658 3282 1730 quia
3317 1656 3518 1714 omnia

1862 1747 2165 1818 postulata
2188 1749 2289 1803 dat
2318 1765 2450 1803 cum
2474 1765 2541 1803 eo
2565 1764 2667 1820 per
2696 1747 3090 1802 Divinitatem.
3107 1745 3237 1803 Sive
3250 1751 3517 1818 certeper

1863 1834 1972 1891 hoc
2002 1837 2156 1908 quod
2191 1836 2309 1892 ait:
2346 1860 2373 1887 ‹‹
2406 1838 2476 1892 Et
2506 1853 2621 1891 non
2654 1835 2781 1891 dico
2809 1835 2974 1890 vobis
3005 1834 3144 1906 quia
3167 1851 3273 1907 ego
3301 1836 3515 1907 rogabo

1862 1925 2088 1980 Patrem
2122 1926 2190 1980 de
2222 1925 2407 1993 vobis,
2436 1948 2463 1975 ››
2489 1926 2561 1980 ad
2592 1929 2819 1981 tantam
2844 1923 3263 1979 beatitudinem
3279 1928 3515 1979 sanctos

1857 2014 2114 2069 ostendit
2143 2031 2270 2070 esse
2298 2018 2575 2070 venturos
2607 2015 2664 2069 in
2698 2018 2913 2069 aeterna
2933 2011 3071 2080 vita,
3089 2016 3152 2068 ut
3174 2011 3516 2069 nulliusau-

1858 2102 1998 2159 xilio
2027 2102 2113 2157 vel
2148 2120 2317 2178 prece
2347 2104 2652 2175 indigeant
2680 2119 2692 2158 :
2731 2102 2871 2174 quia
2908 2105 3123 2157 aeterna
3152 2100 3515 2158 beatitudine

1860 2190 2258 2263 replebuntur,
2292 2191 2446 2246 sicut
2477 2191 2761 2247 Dominus
2793 2206 2897 2262 per
2926 2187 3240 2246 Jeremiam
3254 2189 3513 2262 prophe-

1861 2283 1980 2335 tam
2005 2280 2330 2352 pollicetur,
2347 2280 2576 2336 dicens:
2596 2302 2623 2330 (ι
2647 2280 2709 2334 In
2732 2279 2940 2335 diebus
2960 2277 3081 2334 illis
3102 2280 3157 2334 et
3178 2278 3238 2332 in
3255 2282 3515 2350 tempore

1861 2368 1960 2426 illo
1992 2386 2108 2425 non
2140 2369 2369 2425 docebit
2396 2368 2486 2425 vir
2508 2369 2746 2425 fratrem
2761 2384 3162 2440 suum,neque
3179 2367 3512 2439 proximum

1863 2476 2037 2515 suum
2069 2459 2269 2514 dicens
2305 2475 2316 2513 :
2352 2460 2645 2531 Cognosce
2677 2458 3112 2525 Deum;omnes
3139 2455 3514 2530 enimcegno-

1862 2552 2026 2603 scent
2055 2564 2169 2613 me,
2194 2547 2335 2602 dicit
2363 2547 2722 2613 Dominus,a
2744 2546 2989 2601 minimo
3022 2561 3210 2618 usque
3242 2547 3311 2600 ad
3329 2544 3511 2601 maxi-

1864 2652 2027 2691 mum
2058 2638 2186 2705 (Jer.
2218 2636 2395 2700 xxxx),
2428 2656 2455 2685 »
2490 2634 2559 2689 Et
2593 2634 2721 2689 ideo
2754 2651 2870 2689 non
2901 2633 3046 2688 dixit
3099 2634 3171 2688 de
3217 2633 3510 2705 preesenti,

1863 2741 2004 2797 rogo
2021 2742 2034 2793 ;
2049 2726 2148 2779 sed
2173 2725 2243 2781 de
2266 2726 2485 2789 futuro,
2500 2745 2526 2772 «
2546 2723 2801 2794 Rogabo.
2821 2722 3023 2786 nQuod
3046 2726 3242 2776 autem
3265 2721 3511 2792 subjun-

1865 2813 1977 2885 git:
1994 2818 2168 2885 «Ipse
2194 2812 2350 2869 enim
2380 2813 2550 2867 Pater
2573 2815 2735 2867 amat
2752 2828 2872 2879 vos,
2888 2811 3029 2883 quia
3040 2827 3141 2866 vos
3154 2826 3248 2866 me
3269 2809 3514 2865 amastis

1867 2926 1895 2953 ‹‹
1929 2906 1985 2957 et
2015 2901 2345 2958 credidistis
2374 2900 2514 2974 quia
2543 2917 2577 2956 a
2600 2899 2715 2955 Deo
2742 2899 2906 2971 exivi,
2943 2922 2971 2950 ››
2994 2917 3110 2955 non
3141 2897 3517 2972 itaaccipien-

1866 2992 2008 3046 dum
2039 2995 2146 3058 est,
2181 2990 2350 3063 quasi
2380 3007 2545 3045 amor
2573 2987 2997 3061 discipulorum
3032 2988 3413 3061 praecesserit,
3445 2991 3511 3043 ut

1868 3079 2101 3152 proprio
2133 3079 2338 3135 merito
2371 3096 2404 3135 a
2433 3080 2598 3135 Patre
2628 3078 2812 3133 amari
2842 3081 3229 3145 mererentur,
3250 3077 3351 3133 sed
3382 3092 3519 3149 gra-

1867 3169 2013 3224 tuito
2043 3168 2195 3224 dono
2229 3166 2485 3241 primum
2516 3185 2549 3223 a
2574 3167 2740 3222 Patre
2769 3165 2978 3221 delecti
3015 3170 3174 3233 sunt,
3205 3170 3269 3221 ut
3299 3164 3511 3221 Filium

1864 3257 2096 3313 credere
2117 3261 2173 3312 et
2192 3272 2388 3312 amare
2418 3255 2765 3328 potuissent.
2779 3253 3037 3327 Denique
3051 3271 3151 3326 per
3166 3253 3509 3326 prophetam

1865 3347 1989 3418 ipse
2021 3344 2163 3399 dicit
2196 3361 2209 3398 :
2250 3367 2271 3395 ι
2308 3343 2561 3416 Diligam
2591 3359 2690 3399 eos
2721 3347 3040 3415 spontanee
3069 3343 3211 3413 (Ose.
3245 3341 3426 3410 x1v).»
3442 3340 3511 3395 Et

1865 3434 1927 3488 in
1952 3431 2263 3505 Evangelio
2297 3448 2309 3486 :
2340 3454 2367 3481 ‹‹
2398 3432 2523 3487 Non
2552 3448 2653 3488 vos
2684 3447 2777 3486 me
2807 3429 3204 3503 elegistis,sed
3234 3445 3339 3502 ego
3360 3428 3510 3502 elegi

1864 3540 1968 3578 vos
1994 3524 2171 3591 (Joan.
2198 3521 2312 3593 xv).
2352 3544 2373 3571 ιι
2411 3520 2555 3576 Hinc
2584 3520 2840 3577 Jacobus
2870 3517 3171 3591 apostolus
3202 3517 3323 3573 ait:
3351 3516 3510 3572 «Vo-

1868 3610 2119 3666 luntaria
2148 3609 2350 3682 genuit
2380 3626 2486 3664 nos
2513 3610 2687 3665 verbo
2717 3608 2975 3664 veritatis
2998 3608 3130 3679 (Jac.
3149 3608 3209 3679 ι).
3245 3630 3264 3655 η
3303 3605 3514 3661 Eadem

1868 3700 2024 3755 enim
2058 3698 2245 3773 gratia
2273 3715 2401 3771 quae
2420 3698 2803 3769 subsequitur
2818 3696 3117 3752 hominem
3138 3700 3204 3751 ut
3224 3695 3371 3751 bene
3386 3710 3519 3767 pos-

1869 3788 2393 3861 sit,ipsapraecedit
2421 3791 2486 3842 ut
2516 3787 2664 3842 bene
2689 3786 2840 3843 velit.
2858 3785 2981 3841 Nisi
3013 3785 3169 3841 enim
3200 3784 3523 3840 humanam

1867 3876 2224 3933 voluntatem
2257 3876 2444 3948 gratia
2474 3875 2574 3931 Dei
2608 3874 2944 3947 praeveniret
2958 3878 3025 3930 ut
3044 3874 3191 3930 bene
3221 3871 3411 3940 vellet,
3428 3887 3524 3927 ne-

1870 3981 2167 4038 quaquam
2198 3963 2513 4020 Psalmista
2536 3964 2754 4019 diceret
2779 3982 2798 4018 :
2820 3986 2847 4013 «
2884 3962 3311 4018 Fortitudinom
3326 3977 3518 4016 meam

1871 4054 1942 4109 ad
1972 4057 2027 4109 te
2059 4052 2404 4119 custodiam,
2438 4052 2579 4123 quia
2605 4052 2759 4107 Deus
2794 4055 3095 4123 susceptor
3126 4066 3330 4119 meus;
3369 4051 3519 4105 Deus

1870 4140 2611 4210 meus,misericordiaejus
2645 4139 2952 4212 praeveniet
2981 4156 3074 4195 me
3106 4137 3466 4211 (Psalmvm).
3489 4158 3518 4186 »

1871 4233 1940 4288 Et
1952 4231 2064 4289 nisi
2081 4230 2346 4287 eamdem
2361 4227 2662 4284 hominem
2680 4229 3138 4300 subsequeretur
3152 4231 3215 4282 ut
3234 4218 3379 4281 bene
3391 4241 3520 4297 pos-

1871 4325 1979 4389 set,
2014 4317 2174 4375 nullo
2206 4317 2378 4373 modo
2405 4316 2559 4372 idem
2591 4316 2904 4372 Psalmista
2934 4316 3150 4372 diceret
3181 4332 3194 4370 :
3232 4336 3259 4365 «
3291 4312 3520 4371 Miseri-

1872 4408 2069 4466 cordia
2097 4408 2224 4479 ejus
2255 4407 2648 4478 subsequetur
2676 4422 2770 4461 me
2808 4405 3084 4462 omnibus
3132 4402 3341 4460 diebus
3389 4401 3520 4458 vitae

1870 4516 2012 4556 mere
2045 4498 2214 4565 (Psal.
2248 4501 2406 4551 xxul.
2441 4518 2469 4547 »

1944 4612 1972 4637 ‹‹
2000 4586 2154 4642 Exivi
2185 4604 2218 4641 a
2250 4586 2416 4641 Patre
2445 4589 2502 4641 et
2528 4586 2657 4642 veni
2690 4586 2750 4641 in
2777 4585 3087 4652 mundum,
3120 4582 3333 4638 iterum
3347 4580 3521 4637 relin-

1879 4700 1907 4730 ‹‹
1939 4694 2053 4750 quo
2087 4676 2375 4732 mundum
2397 4679 2455 4731 et
2490 4674 2630 4731 vado
2663 4674 2735 4730 ad
2770 4668 3523 4730 Patrem.lnhocversiculo

1870 4767 2157 4824 Dominus
2188 4770 2501 4837 utramque
2524 4780 2693 4820 suam
2712 4767 3006 4831 naturam,
3025 4760 3281 4817 divinam
3302 4758 3528 4816 scilicet

1873 4862 1930 4912 et
1958 4857 2302 4924 humanam,
2337 4854 2508 4910 nobis
2539 4851 2986 4910 commendavit.
3010 4850 3156 4915 Quia
3186 4849 3341 4904 enim
3374 4853 3526 4904 Deus

1874 4946 1932 5001 in
1955 4946 2142 5002 forma
2162 4943 2493 5000 Divinitatis
2509 4943 2580 4998 ab
2598 4941 2939 4998 hominibus
2951 4939 3134 4995 videri
3150 4956 3265 4995 non
3280 4941 3527 5012 poterat,

1876 5035 2053 5091 exivit
2085 5054 2118 5090 ει
2149 5034 2315 5089 Patre
2348 5038 2405 5088 et
2435 5032 2592 5087 venit
2622 5031 2681 5086 in
2708 5031 2999 5086 mundum
3039 5049 3052 5099 ;
3086 5028 3224 5101 quia
3254 5032 3319 5083 ut
3346 5027 3529 5083 videri

1877 5128 2076 5199 posset
2109 5122 2165 5177 in
2199 5124 2386 5178 forma
2414 5120 2563 5176 servi
2595 5118 2884 5175 visibilem
2910 5136 2972 5174 se
3003 5118 3223 5174 mundo
3254 5117 3527 5184 ostendit,

1883 5214 2036 5269 sicut
2068 5213 2149 5267 ait
2175 5210 2524 5284 Apostolus:
2561 5209 2705 5264 Cum
2737 5212 2895 5265 esset
2925 5208 2984 5263 in
3032 5208 3219 5264 forma
3257 5206 3380 5275 Dei,
3414 5223 3532 5261 non

1884 5301 2151 5374 rapinam
2183 5298 2502 5354 arbitratus
2532 5302 2621 5353 est
2652 5314 2780 5353 esse
2820 5314 2881 5354 se
2906 5292 3211 5370 aequalem
3258 5296 3395 5364 Deo,
3429 5295 3532 5351 sed

1887 5390 2267 5462 semetipsum
2299 5385 2613 5456 exinanivii
2640 5387 2888 5444 formam
2931 5387 3079 5444 servi
3126 5384 3438 5458 accipiens,
3474 5384 3533 5439 in

1888 5477 2336 5535 similitudinem
2368 5475 2675 5532 hominum
2706 5475 2917 5544 factus,
2949 5480 3007 5533 et
3036 5475 3242 5531 habitu
3264 5474 3535 5529 inventus

1889 5573 1955 5625 ut
1983 5568 2158 5624 homo
2180 5564 2405 5639 (Philip.
2442 5566 2523 5637 Ii).
2556 5588 2585 5615 ››
2619 5564 2835 5622 Iterum
2860 5564 3096 5637 reliquit
3138 5564 3431 5618 mundum
3480 5562 3537 5614 et

1891 5657 1997 5717 ivit
2028 5657 2100 5717 ad
2130 5656 2379 5732 Patrem,
2411 5654 2646 5737 quando
2679 5654 2903 5735 expleto
2938 5648 3357 5714 incarnationis
3415 5660 3532 5709 suae
