3908 6172
171 341 174 343 λ
211 315 309 377 537
1397 308 1751 372 HOMIleE
1797 309 1802 370 ξ

2001 305 2342 370 EMPORE.

3451 305 3571 368 0‘38

270 471 294 497 ‹‹
325 443 474 502 Sicut
501 441 704 500 dedisti
749 441 800 498 ei
829 445 1173 515 potestatem
1202 441 1400 500 omnis
1432 443 1645 499 carnis.
1681 465 1707 493 η
1745 443 1813 498 ῐάι
1840 442 1891 509 Α
1924 443 2345 498 resurrectione
2389 443 2752 497 mortuorum
2787 440 2940 512 apud
2993 441 3245 507 Patrem,
3278 440 3350 496 ad
3397 442 3566 513 cujus

206 541 296 602 est,
310 532 486 590 omnis
507 531 777 600 hominis,
796 549 830 586 a
850 537 1012 604 parte
1034 537 1244 600 totum,
1262 549 1394 589 caro
1417 550 1520 606 pro
1552 533 1808 589 homine.

204 627 314 681 Haec
329 623 422 691 ait,
441 625 502 677 ut
523 622 849 677 ostenderet
876 622 1062 694 magis
1086 640 1152 678 ac
1177 623 1366 695 magis
1388 623 1680 695 quomodo
1703 622 1813 679 cla-

203 715 500 768 riﬁcaturus
529 715 680 765 esset
709 711 958 766 Patrem.
994 711 1155 766 Sicut
1203 727 1338 783 ergo
1391 711 1600 766 dedisti
1651 717 1810 782 pote-

199 806 404 867 statem,
427 800 632 870 inquit,
657 800 848 854 omnis
880 800 1092 866 carnis,
1117 800 1199 854 ita
1219 801 1496 856 clariticet
1521 806 1574 856 te
1607 800 1808 866 Filius,

196 892 246 945 id
273 892 583 955 est,notum
615 892 669 942 te
700 887 869 942 faciat
902 889 1058 942 omni
1091 889 1272 958 carni,
1298 906 1474 960 quam
1500 889 1714 944 dedisti
1736 889 1806 944 ei.

195 979 274 1035 Sic
303 977 446 1045 enim
476 975 688 1031 dedisti
714 993 724 1031 :
753 1000 779 1024 ‹‹
808 977 877 1032 Ut
897 994 1070 1033 omne
1098 979 1252 1049 quod
1286 978 1495 1034 dedisti
1529 978 1705 1048 ei,dct
1727 979 1810 1034 eis

196 1067 405 1120 «vitam
436 1069 727 1120 aeternam.
762 1066 889 1121 Haec
940 1070 1030 1122 est
1076 1072 1271 1122 autem
1319 1067 1436 1122 vita
1479 1071 1712 1132 aeterna,
1746 1072 1812 1122 ut

193 1179 216 1204 α
238 1159 571 1224 cognoscant
586 1158 641 1209 te
659 1154 850 1209 solum
873 1171 1076 1210 verum
1103 1155 1308 1222 Deum,
1323 1159 1380 1210 et
1399 1173 1574 1228 quem
1597 1156 1808 1212 misisti

194 1266 216 1291 ‹‹
243 1245 424 1297 Jesum
457 1243 774 1298 Christum.
811 1266 837 1292 »
870 1245 1022 1300 Ordo
1072 1246 1378 1301 verborum
1427 1250 1535 1312 est,
1570 1249 1634 1300 ut
1667 1251 1722 1301 te
1755 1250 1813 1300 et

193 1348 344 1403 quem
386 1331 594 1386 misisti
643 1332 844 1388 Jesum
877 1333 1195 1400 Christum,
1226 1339 1580 1406 cognoscant
1608 1351 1810 1390 verum

191 1421 352 1488 Deum
383 1420 593 1475 solum.
640 1421 943 1477 Plenitudo
975 1422 1324 1495 cognitionis
1372 1422 1470 1478 Dei
1519 1423 1704 1478 Patris
1756 1429 1813 1478 et

191 1507 298 1563 Filii
319 1514 370 1562 ct
391 1507 641 1580 Spiritus
662 1510 868 1576 sancti,
886 1510 1056 1582 plena
1075 1515 1162 1566 est
1182 1515 1240 1566 et
1258 1513 1512 1582 perfecta
1528 1517 1584 1566 et
1599 1517 1812 1568 aeterna

188 1598 304 1658 vita.
338 1598 590 1652 Perfecta
639 1599 757 1653 vita
801 1604 1016 1655 aeterna
1064 1616 1299 1655 summa
1354 1601 1651 1656 beatitudo
1701 1606 1806 1656 est.

189 1686 406 1740 Summa
436 1686 736 1750 beatitudo
767 1704 882 1743 non
913 1694 1002 1744 est
1033 1688 1147 1745 nisi
1178 1689 1236 1744 in
1271 1690 1390 1745 vita
1418 1693 1652 1745 aeterna.

1921 532 2216 588 dexteram
2250 532 2428 586 sedet.

1991 644 2018 670 ‹‹
2053 620 2416 676 Manifestavi
2449 635 2656 676 nomen
2691 625 2859 678 tuum
2901 618 3264 685 hominibus,
3293 635 3440 691 quos
3469 622 3570 678 de-

1925 731 1951 758 ‹‹
1987 710 2120 764 disti
2155 709 2297 763 mihi
2347 710 2416 764 de
2449 711 2689 764 mundo.
2727 733 2748 762 ι
2788 710 2946 775 Quod
2981 725 3117 780 ergo
3149 709 3411 764 facturus
3449 713 3574 765 erat

1922 815 2022 869 per
2046 799 2310 853 doctores
2341 803 2574 854 sanctos
2604 798 2664 852 in
2696 803 2813 854 toto
2864 799 3002 853 orbe
3044 803 3174 870 post
3203 797 3448 868 gloriam
3484 815 3572 853 re—

1921 887 2299 942 surrectionis
2353 891 2409 941 et
2457 886 2816 943 ascensionis
2863 903 3003 952 suae,
3036 892 3091 941 et
3142 892 3275 958 post
3319 886 3572 958 Spiritus

1921 975 2105 1030 sancti
2129 976 2300 1043 dona,
2320 992 2447 1046 quae
2469 975 2525 1030 in
2549 975 2854 1047 discipulis
2875 976 3070 1031 delata
3091 982 3251 1041 sunt,
3272 976 3380 1032 hoc
3402 975 3571 1046 quasi

1923 1065 2138 1119 factum
2172 1070 2325 1119 esset
2355 1065 2500 1119 dixit
2531 1083 2542 1119 :
2579 1063 2717 1120 Tale
2763 1071 2852 1120 est
2897 1064 3025 1129 hoc,
3078 1063 3250 1135 quale
3300 1068 3357 1119 et
3402 1063 3568 1130 illud,

1921 1154 2076 1224 quod
2111 1153 2284 1224 paulo
2315 1159 2446 1209 ante
2485 1154 2674 1209 dixit:
2713 1176 2738 1204 «
2771 1155 2886 1225 Ego
2934 1158 2988 1208 te
3037 1153 3347 1208 clariﬁcavi
3393 1170 3572 1224 super

1922 1245 2156 1308 terram,
2197 1264 2216 1290 ι»
2250 1260 2353 1313 pro
2381 1248 2641 1314 tempore
2690 1243 2886 1298 futuro
2917 1247 2975 1297 ct
3003 1241 3120 1297 illic
3150 1247 3207 1298 et
3237 1242 3332 1297 hic
3364 1247 3570 1312 praete-

1920 1331 2098 1385 ritum
2133 1347 2355 1402 ponens
2387 1338 2640 1403 tempus,
2671 1333 2823 1388 sicut
2853 1331 2953 1403 qui
2986 1331 3161 1386 sciret
3192 1330 3568 1401 praedestina-

1921 1425 2048 1474 tum
2077 1437 2203 1476 esse
2234 1426 2296 1475 ut
2327 1421 2383 1474 id
2416 1421 2818 1487 ﬁeret,etideo
2849 1421 3055 1476 fecisse
3085 1436 3147 1475 se
3171 1419 3391 1480 dicens.
3411 1420 3566 1490 quod

1921 1513 2044 1564 erat
2073 1509 2197 1564 sine
2230 1508 2352 1564 ulla
2374 1509 2738 1565 dubitatione
2767 1510 3049 1564 facturus.
3071 1509 3349 1580 Sequitur
3373 1525 3386 1563 :
3412 1531 3438 1558 ‹‹
3463 1507 3568 1562 Tui

1922 1620 1948 1646 ‹‹
1982 1603 2165 1664 erant,
2213 1603 2268 1652 et
2321 1598 2465 1653 mihi
2509 1615 2610 1653 eos
2654 1598 2889 1663 dedisti,
2919 1603 2976 1653 et
3025 1613 3352 1653 sermonem
3402 1601 3569 1652 tuum

1922 1710 1949 1736 ‹‹
1985 1692 2378 1743 servaverunt.
2414 1689 2577 1743 Nunc
2607 1691 3018 1760 cognoverunt,
3047 1687 3184 1758 quia
3215 1686 3413 1742 omnia
3443 1704 3569 1757 quas

249 1797 272 1823 «
300 1775 410 1873 Ego
439 1779 492 1830 te
521 1774 833 1831 clariﬁcavi
867 1795 1042 1850 super
1075 1783 1311 1846 terram,
1345 1796 1492 1851 opus
1537 1796 1808 1834 consum-
1840 1817 1886 1880 B
1922 1799 1949 1826 ‹‹
1984 1776 2194 1833 dedisti
2230 1777 2396 1840 mihi,
2421 1778 2526 1832 abs
2556 1781 2611 1832 te
2642 1781 2799 1831 sunt.
2833 1775 2977 1839 Quia
3005 1777 3338 1847 verbaque
3358 1776 3569 1831 dedisti

189 1885 211 1912 ιι
239 1862 374 1917 mavi
421 1865 578 1936 quod
628 1865 838 1921 dedisti
889 1867 1033 1922 mihi
1085 1872 1150 1922 ut
1197 1868 1425 1923 faciam.
1462 1891 1488 1917 ››
1522 1868 1667 1932 Quid
1702 1873 1810 1938 est,

187 1953 316 2022 quod
365 1952 654 2023 praeterito
709 1957 968 2026 tempore
1018 1957 1231 2027 posuit,
1268 1980 1294 2005 «
1346 1956 1657 2012 clariﬁcavi
1695 1981 1721 2005 »
1754 1960 1811 2012 et

187 2063 209 2086 ει
237 2041 646 2106 consummavi,
670 2065 696 2091 ››
720 2044 1038 2116 statimque
1061 2046 1366 2116 subjunxit
1389 2047 1565 2100 futuri
1595 2052 1810 2118 tempo-

184 2127 251 2183 ris
277 2130 527 2196 verbum,
571 2152 596 2182 α
623 2132 853 2198 faciam,
886 2157 911 2180 n
945 2134 1057 2190 nisi
1099 2135 1254 2205 quod
1296 2136 1494 2191 omnia
1525 2135 1640 2190 Deo
1673 2139 1810 2190 sunt

185 2217 484 2288 praesentia,
502 2224 564 2274 et
586 2220 644 2274 in
667 2221 861 2276 divina
884 2223 1388 2293 prtedestinatione
1413 2225 1609 2279 futura
1640 2223 1807 2296 quasi

184 2310 448 2362 transacta
476 2325 612 2364 esse
641 2310 930 2366 credenda
959 2312 1139 2367 sunt?
1161 2314 1319 2376 Quod
1354 2313 1510 2367 enim
1542 2315 1805 2368 futurum

185 2395 275 2448 fuit
298 2403 354 2450 ut
375 2398 556 2464 ﬁeret,
585 2399 693 2454 hoc
724 2399 772 2453 ei
805 2400 971 2471 quasi
1007 2406 1364 2457 transactum
1401 2402 1528 2456 fuit.
1561 2426 1587 2452 ‹‹
1617 2403 1733 2475 Ego
1755 2407 1808 2459 te

183 2483 478 2550 clariﬁcavi.
496 2509 522 2536 ››
552 2487 728 2552 Quasi
753 2488 1019 2544 dixisset:
1041 2491 1158 2562 Ego
1175 2495 1228 2546 te
1250 2491 1580 2547 clariﬁcnbo
1605 2492 1805 2563 praedi-

184 2571 398 2630 cationis
417 2574 630 2647 gloria,
655 2594 832 2648 quam
864 2577 923 2633 in
948 2578 1250 2651 discipulis
1273 2581 1418 2636 meis
1439 2586 1560 2636 toto
1584 2581 1804 2636 mundo

185 2660 468 2731 effundam,
504 2664 655 2720 dum
683 2682 828 2737 opus
861 2669 1282 2724 consummabo
1330 2669 1618 2741 passionis
1665 2687 1805 2725 mea:

184 2755 229 2804 et
254 2753 708 2821 resurrectionis,
742 2756 898 2826 quod
930 2756 1140 2812 dedisti
1173 2757 1317 2814 mihi
1349 2764 1412 2814 ut
1442 2759 1673 2814 faciam.

245 2862 262 2886 ι
296 2840 356 2895 Et
385 2859 536 2897 nunc
578 2859 672 2898 me
702 2844 958 2900 clariﬁca
987 2849 1069 2911 tu,
1089 2846 1273 2902 Pater.
1298 2870 1326 2897 η
1351 2848 1604 2903 Dicendo
1627 2848 1804 2916 enim,

185 2930 230 2981 te
255 2927 552 2986 clariﬁcavi
588 2949 764 3004 super
793 2938 1027 3002 terram,
1062 2952 1124 2990 se
1154 2940 1347 2990 autem
1381 2955 1415 2991 a
1448 2938 1612 2992 Patre
1652 2939 1806 3010 apud

189 3017 426 3074 eumdem
452 3024 692 3078 Patrem
725 3021 982 3093 postulat
1002 3023 1440 3079 clariﬁcandum
1461 3027 1658 3096 modo,
1684 3044 1808 3096 pro.

187 3103 312 3161 fecto
339 3109 652 3180 utriusque
672 3109 1104 3168 clariﬁcationis
1123 3114 1379 3169 ostendit
1398 3113 1664 3185 gloriam.
1683 3116 1810 3187 Ipso

1920 1890 1946 1916 ‹‹
1983 1866 2146 1931 mihi,
2171 1867 2303 1922 dedi
2335 1866 2441 1931 eis,
2475 1871 2531 1920 et
2562 1865 2672 1936 ipsi
2703 1870 3071 1936 acceperunt,
3094 1867 3151 1919 et
3179 1870 3574 1935 cognoverunt

1919 1977 1946 2005 ‹‹
1981 1971 2110 2010 vere
2137 1956 2275 2026 quia
2307 1972 2341 2010 a
2373 1961 2426 2010 te
2455 1955 2622 2021 exivi,
2656 1959 2716 2010 et
2757 1955 3130 2010 crediderunt
3176 1953 3318 2025 quia
3367 1957 3426 2007 tu
3478 1969 3571 2008 me

1919 2067 1946 2093 ‹‹
1981 2044 2215 2100 misisti.
2252 2067 2279 2093 »
2312 2045 2657 2116 Quanquam
2689 2049 2748 2099 et
2777 2043 2898 2098 haec
2928 2043 3127 2098 omnia
3176 2043 3248 2097 de
3295 2043 3573 2098 omni-bus

1918 2132 2133 2188 futuris
2163 2133 2434 2189 ﬁdelibus
2466 2133 2579 2188 dici
2613 2132 2927 2204 potuerint,
2961 2133 3089 2204 ipsa
3139 2132 3391 2202 perfecta
3437 2148 3572 2187 cum

1918 2222 2108 2278 adhuc
2140 2227 2339 2278 essent
2370 2223 2585 2288 futura,
2621 2227 2819 2276 tamen
2853 2226 2909 2276 et
2958 2221 3077 2276 haec
3125 2219 3457 2292 specialiter
3503 2221 3572 2276 de

1917 2311 2225 2383 discipulis
2257 2312 2369 2367 dici
2402 2315 2668 2383 possunt,
2691 2312 2760 2366 ad
2790 2328 2935 2380 quos
2966 2315 3106 2364 tunc
3129 2308 3574 2387 praesentialiter

1917 2398 2284 2472 loquebatur.
2319 2402 2464 2468 Quia
2495 2401 2642 2455 illud
2677 2401 2832 2472 quod
2864 2398 3130 2470 sequitur
3162 2416 3174 2453 :

1994 2513 2018 2538 ‹‹
2056 2490 2197 2545 Cum
2231 2509 2419 2547 essem
2450 2509 2586 2547 cum
2617 2490 2720 2554 eis,
2756 2506 2861 2561 ego
2895 2489 3196 2566 servabam
3247 2505 3346 2544 eos
3378 2487 3436 2543 in
3472 2505 3572 2543 no-

1922 2597 1944 2625 α
1976 2579 2130 2633 mine
2164 2585 2264 2635 tuo
2299 2597 2310 2633 :
2348 2597 2492 2652 quos
2525 2579 2736 2634 dedisti
2771 2578 2937 2642 mihi,
2972 2576 3278 2642 custodivi,
3313 2581 3371 2632 et
3393 2594 3572 2634 nemo

1915 2690 1943 2716 «
1977 2683 2044 2722 ex
2077 2669 2161 2724 eis
2191 2670 2382 2740 periit,
2403 2669 2514 2740 nisi
2548 2666 2705 2723 ﬁlius
2727 2665 3134 2738 perditionis.»
3158 2665 3374 2721 Judam
3397 2665 3580 2740 signi}

1916 2755 2120 2822 ﬁcans,
2154 2738 2252 2829 qui
2285 2738 2525 2816 tradidit
2552 2773 2708 2824 eum,
2743 2755 2844 2827 qui
2877 2772 3030 2810 unus
3077 2755 3186 2810 fuit
3231 2754 3306 2807 de
3352 2738 3572 2809 duode?

1917 2845 2054 2909 cim,
2100 2847 2290 2918 magis
2321 2846 2458 2902 huic
2485 2845 2684 2900 sensui
2721 2844 3005 2907 convenit,
3040 2848 3104 2897 ut
3133 2841 3412 2914 apostolis
3443 2857 3571 2911 spe;

1918 2935 2142 2990 cialiter
2172 2935 2293 2991 haec
2325 2935 2684 3007 loqueretur.
2724 2932 2936 2988 Deinde
2967 2929 3278 3002 subjungit
3307 2946 3320 2985 :

1991 3048 2017 3074 ‹‹
2053 3025 2217 3078 Νοηο
2248 3030 2442 3080 autem
2477 3024 2548 3078 ad
2595 3028 2650 3076 te
2697 3020 2884 3076 venio.
2922 3043 2948 3068 ››
2994 3021 3138 3075 Cum
3189 3015 3566 3072 manifestum

1921 3116 2008 3167 est
2040 3129 2173 3167 eum
2207 3114 2277 3168 de
2308 3111 2591 3183 corporali
2625 3128 2733 3165 sua
2761 3110 2976 3165 dixisse
3006 3106 3336 3179 praesentia.
3357 3130 3389 3156 α
3423 3109 3566 3162 Cum

188 3194 370 3266 quippe
402 3198 636 3253 Patrem
657 3197 995 3254 clariﬁcavit
1014 3218 1192 3272 super
1212 3206 1448 3270 terram,
1469 3219 1601 3260 eum
1626 3203 1809 3276 genti-
1840 3189 1883 3254 C
1923 3218 2108 3256 essem
2141 3219 2276 3255 cum
2309 3201 2413 3265 eis,
2437 3217 2542 3273 ego
2573 3199 2874 3255 servabam
2905 3214 3025 3264 eos,
3053 3219 3080 3245 ››
3102 3195 3259 3251 velut
3278 3197 3404 3266 jam
3431 3211 3565 3250 cum

185 3281 275 3338 bus
304 3287 672 3355 praedicando
705 3306 718 3343 :
752 3289 920 3344 Pater
960 3307 1113 3357 vero,
1147 3290 1342 3362 ipsum
1391 3294 1545 3364 apud
1591 3297 1810 3348 semet-

185 3367 348 3440 ipsum
377 3376 446 3430 ad
477 3392 657 3432 suam
703 3377 995 3433 dexteram
1045 3378 1400 3445 collocando,
1455 3382 1760 3452 subjunxit
1793 3399 1806 3438 :

241 3484 262 3507 α
293 3462 570 3520 Claritate
590 3481 768 3536 quam
789 3465 990 3533 habui,
1007 3467 1350 3539 priusquam
1376 3471 1633 3526 mundus
1655 3475 1810 3526 esset

184 3551 361 3622 «apud
393 3557 464 3608 te.
496 3577 523 3603 ››
571 3553 723 3609 Ordo
754 3555 1062 3610 verborum
1093 3561 1202 3621 cst,
1233 3574 1410 3628 quam
1441 3557 1622 3614 habui
1653 3561 1810 3631 apud

182 3641 226 3692 te
253 3641 589 3714 priusquam
623 3644 884 3700 mundus
910 3645 1164 3700 esset.ln
1189 3645 1295 3700 hoc
1326 3645 1476 3701 valet
1507 3648 1660 3718 quod
1693 3649 1804 3703 ait:

189 3727 293 3782 «Et
319 3747 465 3787 nunc
496 3731 906 3797 clariﬁca-me,
943 3756 969 3780 ››
1002 3732 1110 3788 hoc
1141 3739 1250 3801 est,
1285 3733 1440 3789 sicut
1467 3738 1628 3805 tunc,
1652 3735 1732 3791 ita
1752 3742 1810 3792 et

190 3830 316 3870 nunc
349 3835 359 3872 :
389 3819 472 3875 sic
525 3825 672 3875 tunc
729 3822 1258 3892 predestinatione,
1290 3823 1369 3876 ita
1419 3841 1574 3880 nunc
1624 3826 1806 3897 perfe-

190 3902 366 3961 ctione.
418 3909 528 3964 Fac
582 3909 644 3963 in
693 3910 912 3964 mundo
957 3913 1112 3981 quod
1169 3916 1301 3966 ante
1344 3916 1399 3966 te
1443 3913 1632 3968 fuerat
1674 3918 1808 3969 ante

188 3993 614 4054 mundum..Fac
647 3997 705 4063 in
753 4014 862 4055 suo
912 4003 1191 4071 tempore,
1223 4001 1378 4072 quod
1427 4005 1560 4056 ante
1612 4003 1808 4058 omnia

190 4081 418 4153 tempora
443 4085 733 4152 statuisti.
766 4087 1044 4143 Convenit
1090 4105 1195 4144 nos
1243 4087 1564 4160 intelligere
1607 4091 1666 4145 in
1697 4090 1806 4147 hoc

188 4164 288 4226 loco
315 4175 884 4244 praedestinationem
934 4176 1218 4234 claritatis
1257 4177 1548 4246 humanae,
1584 4196 1711 4251 quae
1744 4182 1802 4236 in

188 4255 267 4311 illo
291 4266 395 4328 est,
423 4268 674 4330 naturae,
701 4281 770 4319 ex
815 4266 1046 4322 mortali
1086 4266 1476 4324 immortalem
1510 4270 1664 4340 apud
1698 4270 1804 4325 Pa-

188 4347 309 4402 trem
333 4349 557 4417 futuraa,
595 4353 656 4408 in
687 4353 795 4408 hoc
845 4355 1308 4426 praedestinando
1359 4356 1578 4412 factum
1625 4358 1806 4416 fuisse

187 4441 466 4509 antequam
499 4441 763 4498 mundus
787 4448 960 4511 esset,
981 4445 1135 4515 quod
1171 4445 1231 4500 in
1257 4446 1476 4501 mundo
1494 4446 1676 4503 etiam
1697 4465 1804 4503 suo

1918 3289 2010 3345 eis.
2033 3290 2341 3362 praesentia
2373 3307 2486 3344 non
2517 3292 2688 3344 esset.
2722 3289 2801 3342 Eo
2833 3287 3004 3341 modo
3035 3283 3189 3341 enim
3222 3282 3567 3356 signiﬁcare

1917 3379 2098 3434 voluit
2129 3378 2533 3434 ascensionem
2586 3394 2720 3432 mox
2770 3376 3050 3438 futuram,
3097 3375 3168 3429 de
3219 3389 3335 3444 qua
3381 3370 3562 3428 dicit:

1921 3492 1946 3518 ‹‹
1983 3473 2147 3523 Nunc
2177 3473 2373 3546 autem
2397 3468 2467 3522 ad
2495 3472 2550 3521 te
2579 3465 2764 3520 venio.
2797 3488 2817 3513 ιι
2848 3466 3042 3519 [turus
3064 3462 3266 3534 utique
3287 3461 3358 3517 ad
3382 3461 3572 3516 dexte-

1918 3576 2052 3613 ram.
2077 3558 2284 3622 Patris,
2319 3557 2451 3611 inde
2493 3560 2773 3610 venturus
2815 3558 2904 3609 est
2933 3553 3004 3608 ad
3033 3552 3193 3608 vivos
3222 3555 3280 3606 et
3310 3553 3571 3606 mortuos

1910 3647 2264 3718 judicandos
2294 3644 2606 3717 praesentia
2637 3642 2944 3716 corporali,
2968 3641 3294 3697 secundum
3324 3638 3459 3694 ﬁdei
3488 3656 3574 3693 re-

1918 3735 2138 3808 gulam.
2164 3751 2486 3805 sanamque
2518 3733 2865 3789 doctrinam.
2886 3732 3033 3786 Nam
3069 3729 3378 3803 praesentia
3406 3727 3574 3799 spiri-

1919 3825 2019 3878 tali
2053 3841 2186 3878 cum
2219 3823 2302 3877 eis
2338 3826 2461 3878 erat
2493 3838 2742 3893 semper,
2776 3827 2992 3876 etcum
3022 3821 3145 3873 tota
3177 3815 3434 3873 Ecclesia
3464 3833 3572 3871 sua

1916 3913 1974 3967 in
2006 3912 2114 3968 hoc
2149 3912 2368 3966 mundo
2410 3928 2598 3982 usque
2627 3911 2697 3964 ad
2732 3906 3302 3965 consummationem
3351 3903 3568 3960 saeculi.

1916 4001 2077 4065 Quod
2109 4016 2242 4056 vero
2277 4000 2376 4067 ait,
2412 4000 2483 4054 ad
2530 3997 2834 4070 superiora
2881 3995 3230 4051 redeamus:
3267 4014 3293 4040 ‹‹
3323 3991 3571 4047 Manife-

1916 4090 2062 4145 stavi
2095 4105 2308 4144 nomen
2341 4092 2508 4142 tuum
2539 4085 2898 4151 hominibus,
2925 4099 3073 4154 quos
3095 4079 3316 4136 dedisti
3346 4079 3514 4147 mihi,
3544 4103 3564 4128 υ

1916 4197 2028 4233 non
2049 4177 2189 4232 illud
2215 4193 2426 4231 nomen
2445 4174 2600 4246 quod
2621 4173 2772 4228 Deus
2793 4172 2983 4236 es,sed
3007 4169 3151 4224 illud
3177 4184 3388 4223 nomen
3412 4167 3568 4238 quod

1915 4269 2084 4322 Pater
2114 4283 2280 4322 meus
2311 4283 2394 4332 es,
2426 4263 2579 4335 quod
2628 4258 2990 4316 manifestari
3037 4275 3153 4313 non
3208 4259 3400 4327 potest
3443 4256 3569 4311 sine

1913 4355 2072 4412 illius
2102 4355 2226 4411 Filii
2273 4351 2761 4408 manifestatione.
2799 4350 2960 4412 Nam,
2995 4363 3130 4402 vere
3181 4344 3322 4398 illud
3356 4360 3568 4399 nomen

1915 4446 2067 4517 quod
2102 4445 2253 4500 Deus
2285 4447 2393 4509 est,
2441 4439 2587 4495 nulli
2634 4443 2855 4492 naturae
2899 4432 3170 4491 rationali
3203 4432 3566 4506 incognitum

186 4523 639 4621 tempore._fiere't,
673 4531 827 4586 sicut
881 4532 955 4586 de
1011 4532 1179 4588 nobis
1237 4533 1382 4588 dixit
1415 4534 1753 4606 Apostolus
1787 4555 1799 4591 :
1836 4558 1880 4621 Β
1915 4533 2270 4590 omnimodis
2301 4548 2429 4588 esse
2460 4528 2699 4602 putavit.
2724 4526 2869 4621 llaec
2883 4528 2976 4621 est
3003 4522 3160 4580 enim
3186 4522 3305 4620 vita
3327 4522 3454 4620 ejus
3477 4521 3570 4576 Di-

187 4632 206 4655 α
234 4612 378 4670 Sicut
407 4616 584 4689 elegit
615 4635 721 4674 nos
751 4619 807 4674 in
841 4621 966 4692 ipso
997 4626 1129 4676 ante
1179 4622 1384 4678 mundi
1414 4624 1799 4689 constitutio-

185 4713 294 4754 nem
323 4705 530 4774 (Ep/ws.
566 4707 626 4777 ι).
653 4729 681 4756 ››
705 4708 817 4763 Nec
850 4708 1162 4774 formidare
1191 4710 1474 4767 debemus
1505 4714 1802 4783 pradesti-

186 4791 356 4846 natum
386 4793 578 4852 dicere
609 4795 821 4852 Filium
851 4797 951 4853 Dei
980 4798 1304 4854 secundum
1349 4797 1800 4871 humanitatem,

185 4875 266 4943 qui
293 4877 347 4934 in
375 4885 636 4956 teinpore
667 4901 772 4942 suo
809 4884 964 4942 venit
1005 4885 1062 4942 in
1095 4888 1407 4954 mundum,
1439 4894 1576 4948 ante
1606 4895 1801 4948 tamen

184 4966 355 5052 anin
377 4974 646 5044 tempora
676 4974 1118 5046 praedestinatus
1146 4980 1252 5039 est.
1275 4975 1422 5033 Illud
1441 4983 1638 5036 autem
1663 4997 1803 5052 prae-

187 5049 516 5140 destinatum
546 5061 675 5129 fuit,
709 5064 863 5133 quod
895 5063 1157 5119 nondum
1188 5070 1312 5120 erat
1341 5072 1407 5120 ut
1438 5068 1620 5138 ﬁeret,
1646 5049 1801 5140 quod

186 5135 316 5230 Deus
340 5137 520 5206 voluit
542 5153 816 5218 'ut‘esset,
848 5152 920 5207 de
962 5169 1080 5224 qua
1111 5135 1800 5230 praedestinationedpo-

187 5227 345 5288 stolas
371 5233 450 5291 ait
478 5237 540 5292 in
570 5239 814 5310 epistola
841 5241 910 5295 ad
945 5242 1238 5298 Romanos
1265 5261 1277 5298 :
1311 5268 1336 5293 ‹‹
1367 5245 1471 5310 Qui
1502 5227 1803 5303 factus‘est

187 5313 314 5406 eiex
341 5324 560 5381 semine
591 5328 765 5383 David
799 5331 1410 5401 secundumcarnem,
1446 5335 1545 5406 qui
1577 5337 1798 5406 praede—

185 5404 408 5493 stinatus
436 5419 526 5469 est
556 5415 733 5472 Filius
764 5417 863 5473 Dei
889 5417 946 5473 in
973 5419 1184 5475 virtute
1215 5423 1388 5490 (Rom.
1423 5404 1481 5493 1):
1520 5447 1546 5472 ››
1577 5404 1797 5480 Secun-

186 5489 303 5551 dum
334 5497 479 5557 hanc
511 5505 1073 5574 prsidestinationem
1117 5489 1292 5566 etiam
1326 5489 1679 5569 clariﬁcatus
1710 5519 1799 5571 est

184 5585 474 5656 antequam
502 5595 757 5650 mundus
785 5601 956 5664 esset,
990 5601 1054 5653 ut
1083 5604 1236 5654 esset
1283 5599 1515 5657 claritas
1569 5603 1698 5672 ejus
1730 5621 1798 5661 ex

1911 4623 2189 4688 vinitatis,
2227 4625 2291 4676 ut
2320 4625 2598 4676 creaturae
2630 4614 2898 4672 rationali
2950 4629 3066 4668 non
3115 4612 3357 4668 omnino
3407 4611 3568 4664 inco-

1914 4713 2116 4786 gnitus
2147 4710 2332 4782 possit
2362 4706 2641 4764 abscondi
2693 4703 2947 4774 exceptis
2998 4701 3222 4773 paucis,
3259 4699 3318 4754 in
3351 4699 3567 4770 quibus

1913 4809 2124 4858 natura
2155 4797 2457 4854 rationalis
2489 4793 2738 4850 nimium
2770 4793 3083 4863 depravata
3113 4792 3228 4845 est.
3258 4788 3566 4858 Propemo-

1913 4892 2055 4946 dum
2072 4905 2275 4946 omnes
2297 4890 2497 4960 gentes
2518 4885 2698 4940 Deum
2725 4897 2854 4937 esse
2875 4881 3149 4944 fatentur,
3170 4876 3305 4932 licet
3323 4876 3568 4932 diversis

1911 4977 2206 5035 erroribus
2263 4990 2578 5049 agnoscere
2634 4969 3052 5043 impediantur.
3101 4966 3264 5034 Quod
3317 4982 3448 5021 vero
3506 4965 3567 5021 in

1913 5068 2160 5124 Psalmis
2179 5066 2409 5138 legitur,
2427 5086 2454 5113 ‹‹
2470 5063 2651 5117 Notus
2671 5060 2728 5115 in
2746 5059 2946 5114 Judiea
2961 5056 3117 5111 Deus
3139 5055 3313 5128 (Psal.
3336 5055 3519 5122 Lxxv),
3534 5076 3562 5104 ››

1909 5157 2220 5220 indicatur,
2254 5152 2393 5226 quia
2421 5149 2680 5224 legitimo
2729 5146 2889 5203 cultu
2922 5144 3336 5201 tantummodo
3382 5144 3566 5199 Judaei

1909 5247 2092 5302 Deum
2123 5261 2323 5300 verum
2356 5241 2750 5314 cognoverunt
2777 5240 2832 5291 et
2854 5234 3182 5291 coluerunt.
3211 5232 3273 5286 In
3298 5232 3409 5287 hoc
3430 5250 3563 5289 vero

1910 5335 2064 5406 quod
2094 5334 2261 5388 Pater
2291 5329 2526 5396 Christi,
2564 5344 2665 5400 per
2693 5341 2868 5397 quem
2901 5322 3055 5379 tollit
3078 5325 3313 5396 peccata
3336 5321 3562 5390 mundi,

1908 5425 2144 5498 ignotus
2176 5422 2285 5476 fuit
2315 5423 2629 5490 antequam
2663 5416 2914 5470 venisset
2940 5413 3210 5468 Christus
3236 5411 3294 5465 in
3317 5411 3561 5476 mundo,

1910 5515 2021 5570 nisi
2048 5519 2274 5569 tantum
2298 5509 2514 5582 quibus
2535 5509 2688 5564 Deus
2711 5522 2811 5578 per
2833 5502 3118 5576 Spiritum
3142 5505 3412 5557 sanctum
3439 5517 3562 5572 pro-

1909 5604 2113 5677 phetiae
2147 5600 2415 5658 revelavit
2434 5598 2542 5654 hoc
2568 5595 2909 5672 mysterium
2931 5608 3212 5663 magnum
3236 5595 3292 5647 et
3311 5591 3555 5649 abscon-
