4050 6174
301 324 418 383 5539

298 555 425 607 tum
456 556 546 609 est
574 554 866 626 gentibus,
900 557 1184 613 creditum
1216 562 1302 614 est
1347 558 1403 613 in
1439 559 1544 614 hoc
1576 561 1817 626 mundo,
1850 577 1944 615 as-

298 650 602 715 sumptum
636 644 692 699 in
727 645 930 718 gloria.
963 648 1122 712 Quod
1155 665 1287 704 vero
1319 649 1562 715 addidit,
1603 673 1622 699 οι
1658 666 1806 722 quos
1839 652 1942 706 de-

298 733 432 791 disti
468 734 631 803 mihi,
658 760 684 786 ››
707 735 816 792 hoc
846 742 935 793 est
964 740 1115 811 quod
1149 739 1323 811 paulo
1345 743 1477 796 ante
1498 740 1679 795 dixit:
1707 765 1734 790 «
1761 742 1942 797 Nemo

298 828 489 897 potest
520 826 713 882 venire
736 828 807 882 ad
841 829 1081 897 me,nisi
1110 830 1272 885 Pater
1293 831 1391 902 qui
1425 847 1517 885 me
1548 830 1727 900 misit,
1756 835 1942 887 traxe-

298 914 375 970 rit
393 931 528 971 eum
550 918 725 983 (Joan.
746 918 844 985 v1).
867 943 888 971 ι
919 941 946 967 ‹‹
974 921 1126 985 Quos
1150 920 1357 976 dedisti
1386 921 1528 975 mihi
1551 922 1619 975 de
1642 921 1882 990 mundo,
1914 945 1939 971 u

297 1004 408 1059 hoc
438 1009 544 1071 est,
569 1004 783 1076 quibus
813 1008 1000 1078 gratia
1026 1026 1126 1080 per
1156 1009 1650 1080 regenerationem
1674 1011 1782 1066 hoe
1806 1028 1944 1083 prie-

299 1094 466 1159 stitit,
501 1112 613 1161 non
654 1095 869 1166 quibus
915 1103 1122 1152 natura
1153 1116 1253 1169 per
1284 1100 1643 1155 nativitatem
1678 1100 1941 1155 contulit.

297 1186 444 1249 Quid
476 1190 565 1240 est
596 1187 746 1257 quod
789 1187 1074 1258 sequitur,
1108 1212 1133 1235 ‹‹
1171 1188 1273 1243 'l‘ui
1320 1194 1504 1253 erant,
1554 1194 1607 1243 et
1657 1190 1798 1245 mihi
1844 1208 1944 1246 eos

298 1274 550 1330 dedisti?
568 1300 587 1322 -
609 1275 664 1329 in
680 1276 1043 1332 humanitate
1056 1278 1203 1332 hanc
1221 1282 1563 1349 potestatem
1578 1296 1638 1333 se
1652 1280 1945 1352 accepisse

298 1380 332 1418 a
362 1365 528 1419 Patre
558 1364 716 1420 dicit.
752 1369 815 1417 ut
846 1383 942 1420 eos
988 1366 1229 1422 haberet
1276 1384 1424 1438 quos
1474 1368 1640 1423 Pater
1688 1369 1860 1440 elegit
1889 1374 1945 1425 et

300 1454 731 1523 praedestinavit
760 1461 892 1507 ante
925 1456 1397 1512 constitutionem
1440 1457 1667 1521 mundi,
1698 1476 1812 1513 non
1846 1476 1942 1513 so-

297 1540 417 1597 lum
450 1543 636 1606 Pater,
671 1544 769 1598 sed
821 1543 1000 1599 Filius
1048 1549 1104 1601 et
1148 1546 1400 1617 Spiritus
1451 1551 1708 1611 sanctus,
1761 1552 1825 1602 ut
1870 1548 1947 1604 sit

296 1647 480 1686 unum
512 1647 660 1702 opus
692 1637 903 1687 sanctae
928 1634 1231 1690 Trinitatis
1253 1634 1661 1708 inseparabilis
1681 1640 1737 1691 et
1761 1637 1946 1692 omni-

296 1720 469 1775 modo
500 1720 761 1791 aequalis.
796 1721 1101 1794 Sequitur:
1128 1747 1153 1773 ‹‹
1179 1725 1248 1779 Et
1269 1741 1597 1780 sermonem
1630 1729 1797 1781 tuum
1822 1742 1943 1782 ser-

293 1811 763 1866 vaverunt.Nunc
783 1819 1202 1882 cognoverunt,
1216 1814 1356 1886 quia
1372 1815 1570 1870 omnia
1587 1830 1712 1887 quae
1731 1814 1941 1871 dedisti

295 1898 462 1967 mihi,
517 1900 622 1954 abs
670 1904 726 1954 te
756 1904 913 1956 sunt.
942 1923 971 1950 »
1007 1901 1069 1956 Id
1100 1906 1206 1969 est,
1238 1902 1566 1958 didicerunt
1596 1903 1749 1976 quod
1799 1902 1943 1958 nihil

295 1987 554 2044 alienum
585 1992 674 2043 est
704 1990 761 2043 in
797 2007 889 2046 me
920 1995 1080 2046 extra
1112 1994 1186 2058 te,
1207 1995 1262 2046 et
1284 1993 1439 2063 quod
1463 2009 1823 2065 quaecunque
1849 1994 1947 2048 do-

295 2093 413 2142 ceo,
444 2080 545 2132 tua
577 2082 734 2132 sunt.
768 2077 955 2133 Simul
982 2080 1139 2135 enim
1171 2080 1340 2135 Pater
1369 2081 1528 2136 dedit
1556 2082 1775 2148 omnia,
1809 2098 1944 2137 eum

295 2166 516 2238 genuit,
538 2166 675 2239 quia
694 2166 869 2223 habet
889 2172 945 2222 et
964 2168 1181 2235 omnia,
1198 2170 1349 2225 sicut
1367 2169 1425 2224 in
1454 2170 1743 2241 prioribus
1764 2172 1943 2241 hujus

296 2254 590 2328 Evangelii
624 2256 747 2327 ipse
778 2256 1064 2312 Dominus
1093 2257 1236 2313 dicit
1265 2276 1277 2313 :
1315 2282 1342 2309 «
1374 2259 1533 2314 Sicut
1573 2259 1728 2315 enim
1779 2260 1945 2317 Pater

296 2341 472 2399 habet
494 2343 673 2399 vitam
697 2349 968 2401 aeternam
992 2346 1051 2401 in
1078 2348 1414 2420 semetipso,
1440 2348 1524 2404 sie
1546 2349 1705 2405 dedit
1724 2354 1780 2405 et
1801 2349 1943 2405 Filio

292 2431 474 2488 vitam
506 2432 717 2490 habere
745 2433 802 2488 in
834 2436 1149 2507 semetipso
1173 2439 1352 2504 (Joan.
1380 2438 1456 2509 v),
1480 2461 1507 2487 »
1530 2438 1588 2494 id
1610 2443 1717 2505 est,
1742 2438 1946 2511 genuit

296 2521 507 2581 Filium
538 2523 716 2578 vitam
748 2522 1058 2579 habentem
1084 2524 1144 2580 in
1174 2526 1507 2599 semetipso.
1533 2550 1561 2577 ‹‹
1595 2528 1739 2594 Quia
1768 2526 1945 2582 verba

296 2626 422 2682 qua;
453 2610 666 2666 dedisti
700 2611 867 2678 mihi,
898 2612 1030 2667 dedi
1060 2614 1167 2685 eis,
1199 2618 1255 2670 et
1284 2614 1394 2687 ipsi
1428 2619 1794 2687 acceperunt,
1824 2639 1850 2665 ››
1884 2616 1939 2670 id

295 2703 401 2765 est’,
435 2699 844 2756 intellexerunt
869 2704 1044 2773 atque
1074 2706 1403 2758 tenuerunt.
1437 2708 1489 2759 Di
1513 2704 1600 2759 dit
1629 2704 1713 2760 eis
1742 2705 1937 2773 verba,

296 2788 447 2845 sicut
475 2788 638 2855 dixit,
662 2807 792 2862 quae
821 2790 980 2846 dedit
1008 2791 1058 2846 ei
1088 2791 1273 2859 Pater,
1297 2794 1395 2848 sed
1431 2795 1665 2865 quando
1696 2792 1797 2849 illa
1826 2812 1942 2850 non

295 2877 434 2933 foris
466 2879 523 2933 in
570 2879 832 2946 auribus,
868 2881 966 2936 sed
1019 2880 1358 2953 spiritaliter
1399 2887 1769 2955 acceperunt,
1800 2886 1943 2940 tunc

291 2982 421 3022 vere
451 2971 819 3045 acceperunt,
851 2967 989 3039 quia
1020 2972 1160 3024 tunc
1188 2987 1319 3025 vere
1350 2975 1762 3042 cognoverunt.
1796 2971 1942 3027 Vere

292 3058 485 3110 autem
516 3060 927 3127 cognoverunt,
953 3056 1092 3129 quia
1115 3075 1245 3115 vere
1275 3058 1666 3115 crediderunt.
1684 3061 1795 3116 Sed
1820 3060 1940 3117 haec

293 3144 485 3210 verba,
518 3160 644 3216 qua
693 3143 834 3199 dicit
863 3144 1042 3201 Filius
1072 3146 1301 3203 dedisse
1330 3146 1443 3203 sibi
1472 3148 1721 3213 Patrem,
1754 3148 1837 3205 sic
1867 3150 1937 3204 ad

859 324 1268 389 HAYMONIS
1316 325 1857 391 EIALBERSTAT.
1904 328 2148 391 EPISC.
2198 329 2370 393 OPP.
2419 330 2619 395 PARS
2665 331 3142 397 lI.-—HOMIL.

299 458 640 529 ditum,hoc
671 466 805 536 post
831 465 1144 524 adventum
1176 467 1303 539 ejus
1333 467 1391 523 in
1424 468 1644 524 mundo
1668 469 1944 542 przediea-
1973 464 2027 529 A

3584 337 3702 402 540

2130 487 2159 515 «
2192 464 2262 521 Et
2283 465 2411 537 jam
2457 483 2573 523 non
2623 483 2755 524 sum
2803 464 3038 542 (inquit)
3086 468 3145 525 in
3195 467 3435 538 mundo,
3467 475 3523 528 et
3549 469 3611 528 hi
3641 470 3698 528 in

2057 576 2084 603 «
2116 558 2335 612 mundo
2380 562 2537 613 sunt.
2576 580 2602 607 »
2637 559 2939 633 Signiﬁcat
2967 560 3171 616 horam
3204 577 3320 633 qua
3348 562 3700 618 transiturus

2054 649 2179 700 erat
2209 662 2277 701 ex
2308 645 2416 703 hoe
2467 648 2708 714 mundo,
2742 654 2800 705 et
2847 650 3021 705 verbo
3068 649 3372 722 prmsentis
3424 652 3700 723 temporis

2053 748 2200 789 usus
2231 739 2317 790 est
2346 754 2447 808 pro
2482 738 2700 806 futuro,
2732 738 2872 810 quia
2919 739 3074 810 quod
3119 738 3232 793 cito
3261 742 3385 794 erat
3414 739 3698 806 futurum,

2054 824 2219 892 quasi
2258 825 2475 882 factum
2507 831 2680 894 esset,
2710 826 2872 882 dixit.
2894 828 3052 894 Quod
3087 831 3281 884 autem
3304 827 3403 893 ait,
3427 852 3453 877 ‹‹
3479 832 3537 884 et
3560 828 3619 883 hi
3641 828 3700 883 iu

2056 914 2274 969 mundo
2305 921 2461 982 sunt,
2506 939 2533 965 »
2564 915 2858 988 significat
2899 933 3017 981 eos,
3050 917 3122 972 ad
3155 933 3303 989 quos
3332 916 3699 989 loquebatur.

2054 1002 2279 1058 tardius
2311 1005 2560 1061 transire
2585 1023 2652 1061 ex
2681 1005 2790 1060 hoc
2822 1005 3324 1062 mundo.Neeesse
3345 1010 3434 1061 est
3463 1007 3618 1062 enim
3645 1010 3706 1062 ut

2056 1091 2136 1145 illi
2166 1100 2550 1159 remanerent,
2582 1112 2684 1166 per
2712 1112 2859 1167 quos
2894 1096 3302 1167 prmdicaretur
3333 1113 3543 1151 nomen
3577 1097 3705 1167 ejus

2056 1186 2323 1237 sanctum
2357 1181 2415 1238 in
2451 1184 2690 1239 mundo.
2743 1184 3178 1255 Prasvidensque
3223 1186 3377 1255 quod
3426 1202 3527 1240 eos
3579 1203 3703 1240 mo-

2052 1288 2183 1325 vere
2215 1272 2418 1344 possit,
2454 1273 2551 1345 qui
2606 1274 2876 1329 audirent
2920 1272 3041 1328 haec
3092 1291 3216 1345 qua:
3264 1274 3565 1346 eligerent,
3602 1274 3704 1329 ad-

2046 1360 2190 1430 jecit
2224 1378 2236 1415 :

2127 1473 2155 1498 «
2190 1450 2354 1505 Nune
2386 1455 2580 1506 autem
2611 1452 2683 1506 ad
2714 1456 2766 1507 te
2814 1454 2979 1518 vado,
3014 1475 3040 1501 »
3088 1451 3448 1508 ascensionis
3495 1451 3702 1523 gloria,

2054 1555 2158 1610 per
2173 1554 2345 1610 quam
2370 1540 2627 1595 elevatus
2647 1543 2736 1596 est
2754 1540 2927 1597 homo
2950 1558 3126 1613 super
3146 1540 3515 1597 altitudinem
3542 1539 3707 1595 caelo-

2054 1643 2186 1681 rum
2205 1630 2261 1681 et
2281 1628 2543 1683 omnium
2565 1628 2960 1701 angelicarum
2984 1634 3338 1702 potestatum
3361 1629 3702 1701 dignitates,

2053 1714 2133 1770 ita
2166 1721 2228 1770 ut
2262 1716 2318 1771 in
2351 1718 2585 1773 dextera
2618 1718 2708 1774 Dei
2745 1718 2930 1773 Patris
2960 1717 3359 1774 collocaretur.

2626 1860 2926 1917 HOMILIA
2965 1862 3123 1917 XCV.

2320 1966 2379 2005 IN
2420 1967 2512 2005 DIE
2552 1967 2761 2006 SANCTO
2798 1968 3163 2007 ASCENSIONIS
3203 1967 3424 2006 DOMINI.

2126 2077 2277 2145 (Ae'r.
2314 2080 2379 2143 ι.)
2414 2099 2441 2126 ‹‹
2494 2075 2754 2131 Primum
2804 2075 3044 2147 quidem
3094 2092 3422 2131 sermonem
3473 2074 3581 2130 feci
3633 2076 3705 2130 de

2054 2187 2081 2213 ‹‹
2115 2164 2410 2231 omnibus,
2444 2183 2477 2220 o
2508 2164 2848 2237 Theophila,
2873 2182 2998 2237 quae
3030 2165 3203 2237 coepit
3230 2164 3404 2219 Jesus
3433 2165 3621 2219 facere
3651 2168 3708 2219 et

2054 2277 2081 2304 ι(
2116 2254 2342 2310 docere.
2377 2276 2404 2303 ››
2458 2255 2525 2309 Et
2572 2254 2816 2325 reliqua.
2851 2255 3035 2309 Lucas
3084 2252 3457 2326 evangelista,
3493 2253 3706 2308 fratres

2052 2342 2404 2409 charissimi,
2420 2343 2517 2415 qui
2539 2360 2718 2399 unum
2738 2361 2805 2399 ex
2822 2348 3074 2415 quatuor
3091 2341 3419 2415 Evangeliis
3444 2342 3703 2413 scripsit,

2049 2431 2175 2504 ipse
2207 2433 2381 2488 etiam
2404 2432 2622 2488 libram
2644 2435 2893 2488 Actuum
2917 2431 3338 2504 apostolorum,
3365 2430 3521 2486 unde
3546 2448 3706 2485 nunc

2051 2538 2308 2594 praesens
2337 2520 2505 2577 lectio
2538 2528 2727 2588 sonat,
2747 2521 2965 2577 edidit:
2995 2522 3092 2577 ubi
3124 2524 3183 2577 et
3211 2520 3489 2592 primitus
3520 2520 3591 2574 de
3614 2518 3708 2573 ul-

2050 2610 2195 2666 timo
2225 2610 2483 2666 convivio
2514 2611 2669 2683 quod
2704 2611 2983 2668 Dominus
3031 2613 3164 2683 post
3209 2609 3701 2665 resurrectionem

2052 2717 2223 2755 suam
2245 2718 2379 2756 cum
2403 2699 2709 2773 discipulis
2732 2700 2857 2755 suis
2877 2699 3103 2761 habuit.
3126 2697 3303 2755 simul
3329 2702 3385 2753 et
3404 2699 3477 2753 de
3505 2713 3707 2752 ascen—

2053 2788 2214 2845 sione
2237 2790 2363 2861 ejus
2386 2790 2455 2844 ad
2480 2789 2712 2855 ecelum,
2738 2805 2915 2861 quam
2949 2787 3118 2844 hodie
3147 2788 3703 2851 eelebramus,men-

2051 2878 2270 2934 tionem
2325 2879 2475 2935 fecit.
2509 2878 2822 2934 Exordium
2870 2876 3025 2934 enim
3068 2877 3257 2949 ipsius
3288 2876 3420 2930 libri
3449 2876 3534 2930 ita
3562 2878 3650 2930 est
3684 2891 3697 2929 :

2053 2989 2081 3018 «
2115 2967 2377 3023 Primum
2410 2967 2645 3040 quidem
2679 2982 3009 3024 sermonem
3044 2966 3169 3033 feci,
3194 2986 3220 3019 ι»
3246 2965 3305 3020 id
3334 2968 3423 3020 est
3453 2963 3701 3035 Evange-

2050 3055 2218 3124 lium,
2241 3079 2268 3106 «
2288 3056 2358 3113 de
2375 3057 2669 3124 omnibus,
2686 3072 2720 3111 ο
2735 3054 3061 3129 Theophila
3075 3077 3102 3107 ιι
3125 3053 3522 3127 episeope,qui
3545 3052 3697 3107 hunc
3761 3060 3765 3067 '

2052 3162 2146 3201 me
2160 3145 2376 3201 librum
2395 3148 2644 3202 Aetuum
2662 3145 3059 3217 apostolorum
3080 3144 3334 3200 scribere
3349 3142 3698 3215 eogis,«quze

294 3214 615 3289 divinitatis
632 3233 1746 3309 unitatemintelligunturpertinere.Eo
1770 3238 1940 3292 modo
1972 3214 2014 3281 (ἶ
2054 3257 2082 3283 ‹‹
2111 3234 2284 3307 coepit
2321 3236 2516 3301 Jesus,
2548 3254 2575 3286 ιι
2612 3214 2801 3307 primo
2851 3234 3021 3307 signa
3068 3214 3468 3295 monstrando,
3500 3229 3590 3287 vel
3635 3246 3700 3286 ea

294 3320 454 3377 dedit
480 3322 656 3378 verba
686 3323 853 3378 Pater
882 3322 1043 3392 Filio,
1069 3340 1184 3395 quo
1210 3325 1411 3397 genuit
1430 3325 1684 3380 Verbum
1708 3329 1943 3380 coaeter-

296 3427 438 3466 num
471 3410 601 3466 sibi.
637 3411 915 3483 Sequitur
945 3429 958 3467 :

365 3521 393 3547 «
426 3500 544 3571 Ego
576 3517 677 3571 pro
709 3500 794 3555 eis
824 3518 983 3572 rogo,
1010 3518 1123 3556 non
1157 3518 1258 3572 pro
1288 3503 1509 3557 mundo
1540 3502 1814 3575 rogo,sed
1840 3518 1943 3573 pro

296 3611 321 3635 ‹‹
358 3587 451 3641 his
482 3604 628 3659 quos
661 3587 869 3642 dedisti
894 3588 1057 3643 mihi.
1084 3612 1109 3638 ››
1132 3589 1260 3644 Haec
1281 3589 1434 3645 enim
1465 3590 1610 3644 dixit
1632 3590 1783 3645 inter
1808 3590 1940 3656 alia,

294 3676 436 3730 dum
469 3680 677 3741 oraret,
713 3692 816 3747 pro
846 3676 930 3732 eis
960 3693 1107 3748 quos
1138 3677 1298 3732 dedit
1326 3678 1376 3732 ei
1424 3678 1608 3734 Pater.
1658 3679 1942 3734 Mundam

292 3765 420 3821 vult
452 3765 621 3819 modo
652 3763 919 3838 intelligi,
953 3766 1053 3837 qui
1086 3765 1285 3821 vivunt
1314 3768 1639 3822 secundum
1672 3768 1943 3841 concupi-

296 3854 579 3910 scentiam
617 3853 839 3921 mundi,
873 3856 929 3908 et
959 3871 1073 3910 non
1100 3859 1237 3910 sunt
1267 3855 1326 3911 in
1357 3873 1424 3911 ea
1457 3856 1640 3912 sortiti
1672 3858 1940 3931 gratiam,

296 3945 362 3995 ut
391 3941 463 3996 ab
497 3939 594 3995 illo
620 3940 913 4013 eligantur
931 3959 999 3997 ex
1021 3944 1241 4000 mundo
1278 3945 1402 4000 Non
1428 3944 1623 4017 itaque
1645 3963 1748 4018 pro
1774 3962 1941 4001 mun-

296 4030 392 4097 do,
426 4030 525 4084 sed
562 4046 663 4102 pro
695 4029 778 4085 eis
828 4048 975 4103 quos
1024 4033 1192 4089 Pater
1242 4033 1418 4101 dedit,
1452 4051 1656 4107 rogare
1688 4052 1749 4091 se
1781 4036 1940 4090 dicit.

297 4118 403 4173 Per
431 4118 539 4173 hoc
568 4119 745 4185 enim,
767 4122 919 4192 quod
944 4138 1042 4176 eos
1075 4121 1159 4176 illi
1191 4122 1361 4178 Pater
1380 4123 1942 4194 jam‘deditJactum

295 4210 385 4261 est
415 4209 477 4261 ut
499 4224 610 4262 non
646 4209 977 4280 pertineant
998 4211 1067 4265 ad
1093 4224 1227 4266 eum
1260 4212 1547 4267 mundum
1569 4228 1672 4285 pro
1694 4228 1810 4284 quo
1828 4228 1943 4267 non

295 4300 477 4367 rogat.
508 4296 723 4352 Deinde
753 4298 1061 4370 subjungit
1093 4316 1105 4353 :
1143 4322 1169 4349 ‹‹
1204 4300 1347 4364 Quia
1374 4300 1471 4355 tui
1492 4305 1651 4357 sunt.
1694 4302 1945 4372 n‘Neque

294 4384 450 4440 enim
485 4384 622 4458 quia
653 4385 822 4441 Pater
851 4386 992 4442 Filio
1023 4388 1204 4454 dedit,
1225 4389 1421 4445 amisit
1440 4390 1566 4461 ipse
1593 4406 1741 4461 quos
1764 4389 1940 4455 dedit,

295 4488 429 4528 eum
464 4473 655 4529 adhuc
689 4473 869 4549 Filius
901 4480 1187 4563 sequatur
1207 4493 1273 4532 ae
1304 4478 1458 4532 dicat
1492 4494 1504 4531 :

2052 3341 2179 3396 qua:
2204 3324 2274 3379 ad
2296 3325 2561 3397 exempla
2576 3324 2702 3380 vitae
2721 3322 3106 3397 pertinebant,
3121 3345 3149 3372 «
3172 3323 3358 3378 facere
3374 3324 3432 3376 et
3466 3342 3478 3369 ›
3502 3324 3700 3391 postea

2052 3435 2079 3462 «
2114 3413 2340 3483 docere,
2364 3436 2385 3462 ι
2412 3413 2552 3485 quia
2579 3414 2752 3469 Jesus
2784 3413 3004 3468 bonum
3036 3412 3333 3467 doctorem
3358 3407 3696 3473 instituens,

2050 3501 2212 3557 nulla
2244 3502 2353 3557 nisi
2410 3520 2537 3575 qua:
2589 3501 2786 3557 docuit
2832 3501 2987 3558 fecit.
3021 3523 3050 3550 «
3083 3500 3280 3572 Usque
3310 3498 3369 3553 in
3401 3494 3554 3554 diem
3586 3513 3698 3568 qua

2059 3610 2081 3638 ι
2114 3591 2455 3663 praecipiens
2487 3591 2766 3663 apostolis
2799 3608 2901 3663 per
2930 3588 3215 3663 Spiritum
3248 3580 3519 3643 sanetum
3554 3602 3698 3657 quos

2054 3704 2081 3730 ‹‹
2110 3680 2301 3753 elegit,
2336 3687 2677 3753 assumptus
2707 3686 2814 3737 est.
2852 3704 2879 3731 »
2913 3685 3065 3735 Dans
3118 3680 3413 3750 preceptat
3443 3680 3577 3732 ante
3606 3692 3692 3729 as-

2052 3767 2448 3842 sumptionem
2477 3770 2783 3825 observare
2812 3773 2871 3824 et
2891 3767 3230 3839 adimplere,
3256 3783 3382 3838 qua;
3404 3764 3491 3820 vel
3514 3764 3573 3820 in
3598 3764 3702 3818 hoc

2053 3857 2201 3915 libre
2231 3858 2320 3915 vel
2354 3858 2678 3931 Evangeliis
2708 3858 3003 3931 leguntur.

2125 3971 2152 3996 «
2187 3949 2410 4014 Quibus
2441 3953 2499 4003 et
2529 3948 2774 4020 praebuit
2805 3946 3067 4018 seipsum
3088 3946 3282 4000 vivum
3307 3945 3363 3998 in
3389 3942 3592 3999 multis
3615 3958 3702 3998 ar-

2054 4061 2080 4087 ‹‹
2116 4037 2431 4111 gumentis,
2459 4042 2585 4109 post
2614 4035 2947 4107 passionem
2980 4032 3149 4089 suam
3180 4048 3284 4106 per
3305 4032 3431 4087 dies
3453 4031 3702 4103 quadra-

2054 4150 2082 4175 ‹‹
2115 4125 2278 4197 ginta
2307 4141 2593 4197 apparens
2623 4124 2802 4192 eis,et
2828 4123 3077 4194 loquens
3109 4123 3180 4177 de
3201 4136 3380 4201 regno
3402 4121 3574 4176 Dei.»
3602 4120 3705 4174 Per

2052 4215 2204 4270 hanc
2237 4213 2626 4286 quadraginta
2657 4211 2882 4268 dierum
2920 4226 3053 4267 eum
3077 4209 3386 4283 discipulis
3408 4222 3707 4264 conversa-

2054 4303 2272 4359 tionem
2304 4301 2596 4374 signiﬁcat
2626 4300 2825 4356 omnia
2844 4303 2916 4356 'se
2944 4300 3064 4355 tam
3098 4304 3298 4371 aperta
3318 4295 3709 4370 quamioecul-

2052 4395 2131 4460 ta,
2165 4408 2293 4463 quae
2325 4378 2690 4461 promiserat,
2740 4386 3146 4461 impleturum,
3192 4387 3358 4469 utde
3389 4384 3594 4441 multis
3624 4383 3702 4440 vel

2054 4496 2237 4536 unum
2268 4478 2555 4551 dicamus,
2574 4479 2730 4551 quod
2764 4478 2845 4533 ait
2869 4494 2880 4533 :
2911 4500 2939 4529 ‹‹
2963 4478 3104 4533 Ecce
3122 4491 3228 4549 ego
3248 4474 3553 4530 vobiscum
3576 4488 3701 4528 sum

372 4586 392 4609 ι
429 4562 496 4616 Et
527 4580 655 4618 mea
686 4564 885 4619 omnia
912 4569 1013 4619 tua
1044 4550 1202 4633 sunt,
1227 4570 1283 4621 et
1312 4569 1413 4622 tua
1440 4581 1588 4622 mea.
1618 4590 1645 4615 »
1673 4567 1780 4623 Ubi
1803 4568 1946 4623 satis
1979 4584 2022 4649 θ
2054 4550 2329 4626 omnibus
2359 4568 2568 4624 diebus
2591 4550 2780 4640 usque
2810 4567 2882 4622 ad
2913 4564 3487 4622 consummatiOnem
3511 4560 3701 4619 saeculi

295 4656 538 4723 apparet
580 4654 873 4722 quomodo
923 4654 1205 4726 unigeniti
1256 4654 1379 4710 Filii
1424 4659 1564 4711 sunt
1590 4656 1789 4711 omnia
1816 4673 1944 4728 qua:

296 4740 502 4796 Patris.
532 4740 689 4797 Patet
712 4741 821 4797 hoc
839 4743 1041 4814 utique
1064 4744 1215 4815 quod
1245 4744 1420 4800 etiam
1444 4744 1568 4816 ipse
1588 4750 1739 4799 Deus
1762 4750 1869 4811 est,
1888 4750 1947 4800 et

294 4829 365 4883 de
402 4829 565 4885 Patre
596 4830 747 4886 Patri
780 4837 869 4886 est
899 4836 1073 4887 natus
1104 4832 1363 4905 arqualis.
1384 4833 1505 4889 Hoc
1535 4834 1691 4889 enim
1723 4833 1942 4889 dictum

295 4921 381 4970 est
412 4922 467 4971 et
496 4918 764 4975 rationali
793 4918 1091 4988 creatura,
1127 4934 1303 4993 quam
1336 4910 1509 4993 elegit
1539 4926 1708 4987 Deus,
1734 4928 1789 4978 et
1818 4938 1944 4996 qua:

296 5004 532 5059 subdita
561 5012 649 5061 est
675 5008 841 5063 Patri
860 5015 916 5064 et
944 5007 1111 5079 Filio,
1130 5014 1195 5064 ut
1214 5010 1514 5082 aequaliter
1541 5012 1660 5068 sint
1676 5011 1868 5068 Patris
1890 5017 1947 5067 et

297 5091 445 5147 Filii.
486 5115 506 5141 ι
543 5094 608 5148 Et
639 5094 991 5153 elariﬁcatus
1036 5100 1167 5155 sum
1218 5099 1455 5172 (inquit)
1488 5101 1548 5157 in
1578 5102 1683 5157 eis.
1720 5126 1741 5154 ι
1780 5102 1945 5157 Nunc

239 5232 256 5248 ,
298 5196 467 5236 suam
499 5180 994 5253 elarificationem,
1014 5192 1297 5261 tanquam
1330 5190 1483 5245 facta
1514 5190 1607 5261 sit,
1630 5190 1789 5259 dicit,
1810 5207 1944 5246 eum

297 5269 489 5326 adhuc
518 5277 673 5327 esset
701 5273 917 5329 futura.
958 5296 979 5325 α
1013 5274 1376 5334 Clariﬁcatus
1432 5295 1563 5334 sum
1596 5279 1652 5334 in
1684 5279 1788 5344 eis,
1827 5302 1854 5329 ››
1885 5280 1942 5336 id

298 5364 407 5424 est,
422 5374 523 5430 per
537 5376 736 5416 eorum
753 5360 1220 5432 praedicationem
1234 5366 1587 5423 elariﬁcatus
1602 5386 1667 5423 su
1680 5369 1807 5423 min
1825 5354 1946 5424 toto

299 5449 538 5505 mundo.
562 5448 629 5504 Et
648 5450 786 5521 quia
807 5451 1284 5522 praedestinatum
1307 5459 1393 5510 est
1418 5461 1481 5511 ut
1514 5458 1690 5523 fieret,
1719 5461 1943 5513 eertum

298 5538 481 5595 voluit
522 5556 649 5595 esse
697 5540 851 5611 quod
906 5540 1169 5597 futurum
1203 5548 1344 5611 erat,
1379 5545 1625 5618 ideoque
1673 5547 1943 5618 preteriti

300 5628 583 5703 temporis
612 5630 801 5688 verbis
833 5646 978 5686 usus
1008 5634 1114 5686 est.

2054 4660 2277 4728 (Matth.
2311 4660 2534 4725 xxvm).
2571 4676 2599 4706 ››

2127 4769 2155 4797 ‹‹
2190 4746 2259 4801 Et
2310 4760 2660 4801 conveseens
2708 4732 2983 4817 praecepit
3025 4746 3132 4821 eis,
3173 4743 3245 4821 ab
3296 4741 3704 4813 Hierosolymis

2053 4858 2085 4886 «
2119 4852 2190 4891 ne
2240 4834 2625 4901 discederent,
2659 4832 2760 4888 sed
2807 4820 3704 4911 exspectarenttpmmissi’onem

2056 4947 2083 4972 «
2118 4921 2324 4978 Patris.
2362 4943 2391 4970 ιο
2421 4921 2586 4987 Quod
2619 4918 2781 4975 cibos
2810 4926 2944 4974 eum
2976 4915 3284 4990 discipulis
3315 4910 3706 4997 sumpsit,hoc

2028 5012 2186 5068 ideo
2220 5010 2371 5077 fecit,
2402 5014 2467 5065 ut
2495 5004 2763 5065 eamdem
2814 5024 2991 5080 quam
3026 4998 3294 5062 mortuus
3324 4998 3711 5062 suscitaverat

2054 5116 2310 5167 carnem,
2332 5098 2621 5172 palpando
2654 5102 2827 5170 atque
2856 5084 3395 5161 tractando,veram
3423 5090 3711 5150 monstra-

2055 5194 2142 5247 ret
2170 5192 2321 5259 (Luc.
2350 5193 2526 5255 xxtv).
2562 5187 2878 5259 Sequitur:
2914 5207 2944 5235 «
2976 5182 3171 5252 Quam‘
3194 5180 3707 5265 audistis_(inquit)

2055 5303 2082 5329 ‹‹
2100 5296 2199 5350 per
2212 5294 2276 5334 os
2290 5292 2420 5333 men
2431 5294 2484 5332 m
2495 5321 2508 5345 ,
2524 5276 2931 5348 quia‘Joannes
2947 5271 3519 5355 quidembaptizavit
3533 5276 3707 5343 aqua,

2056 5392 2083 5418 ‹‹
2115 5384 2216 5423 vos
2236 5370 2433 5422 autem
2460 5363 2917 5437 baptizabimini'
2934 5363 3158 5434 Spiritu
3186 5352 3415 5427 saneto,
3434 5372 3555 5416 non
3578 5362 3711 5433 post

2056 5480 2081 5507 ‹‹
2101 5456 2317 5511 multos
2329 5455 2435 5511 hos
2448 5454 2593 5509 dies.
2613 5475 2640 5501 »
2659 5451 2917 5508 Fuerunt
2934 5455 3127 5507 autem
3139 5453 3265 5521 jam
3288 5446 3541 5523 apostoli
3559 5442 3710 5521 aqua

2055 5544 2355 5617 baptizati,
2371 5543 2471 5600 sed
2490 5544 2644 5599 nond
2654 5559 2751 5597 um
2770 5542 2985 5614 Spiritu
3005 5538 3208 5597 sancto
3227 5537 3603 5612 pleniter,qui
3627 5536 3709 5591 eis

2056 5622 2413 5707 promittitur
2445 5636 2576 5705 post
2606 5630 3007 5689 ascensionem
3037 5629 3199 5687 illam
3228 5629 3487 5685 iuturus.
3510 5628 3707 5698 Neque
