3908 6172
176 332 267 397 541
1338 327 1694 391 HOMlLl/E

2044 329 2283 394 PORE.
3393 328 3512 391 542
3580 348 3587 357 ·

167 466 328 521 autem
357 458 457 532 ipsi
486 456 743 532 apostoli,
778 474 967 532 neque
998 475 1367 516 successores
1397 476 1599 517 eorum
1629 459 1743 516 hu-
1775 462 1829 529 Α
1854 481 1992 535 pore
2023 468 2242 533 nostro,
2296 468 2360 520 ut
2409 463 2479 521 ad
2531 480 2599 520 ea
2639 480 2767 537 quas
2802 461 3074 520 ﬁdelibus
3104 464 3243 519 sunt
3271 464 3510 536 praemia
3560 482 3567 487 ‘

168 568 352 624 cusque
373 550 425 605 in
456 547 696 604 Ecclesia
725 547 892 604 aliter
918 566 1094 622 quam
1124 550 1378 606 Joannes
1408 550 1751 623 Baptista,id
1864 559 2208 627 praeparata,
2242 555 2540 627 pervenire
2573 570 2924 610 mereamur.
3310 574 3317 581 ο

165 647 235 697 est
259 642 310 696 in
337 655 476 712 aqua
502 637 786 709 baptizare
815 637 1085 694 volebant
1108 656 1121 694 :
1144 640 1243 695 sed
1272 645 1465 695 tamen
1490 640 1752 696 invocato
2422 644 2728 700 HOMILIA
2766 642 2950 699 XCVI.

163 729 360 786 nomine
386 726 669 792 Christi,id
690 731 778 783 est
800 726 1038 783 interior
1059 728 1244 784 virtus
1265 729 1518 801 Spiritus
1542 730 1748 797 sancti,
2132 754 2191 791 1x
2233 753 2325 792 me
2364 751 2574 790 suam
2614 750 2976 789 ASCENSIONIS
3017 746 3243 788 DOMINI.

161 836 263 890 qua:
290 815 503 872 homine
524 815 577 870 in
602 832 754 887 aqua
774 820 1073 889 mergente
1094 817 1272 873 simul
1296 819 1525 875 animas
1545 823 1602 874 et
1630 836 1751 875 cor—
1934 827 2140 895 (Μίκκα.
2173 829 2312 892 χνι.)
2335 849 2361 874 ‹‹
2390 825 2452 880 In
2484 823 2582 880 illo
2606 828 2887 895 tempore,
2909 820 3387 878 recumbentibns
3411 837 3514 876 un-

159 924 273 980 pora
286 905 704 977 puriﬁcct,quod
724 904 781 959 in
799 905 1044 961 Joannis
1057 907 1410 978 baptismate
1424 925 1536 962 non
1555 908 1745 963 fiebat.
1860 942 1886 967 «
1922 916 2111 972 decim
2142 914 2466 986 discipulis,
2483 912 2755 985 apparuit
2774 912 2892 967 illis
2911 912 3083 967 Jesus
3104 915 3161 966 et
3177 910 3514 983 exprobavit

210 1021 232 1043 «ι
263 994 444 1067 Igitur.
475 993 572 1065 qui
603 1000 990 1050 convenerant
1019 995 1456 1068 interrogabant
1488 1015 1644 1067 eum,
1671 998 1753 1052 di-
1858 1031 1883 1055 ‹‹
1906 1004 2369 1060 incredulitatem
2390 1002 2642 1058 illorum.
2666 1026 2694 1050 ››
2718 1003 2787 1056 Et
2807 1000 3428 1072 reliqua.Ascensurus
3451 999 3511 1055 in

155 1082 1069 1157 «centes:Domine,siintempore
1086 1084 1193 1139 hoc
1212 1086 1485 1141 restitues
1504 1104 1746 1158 regnum
1858 1094 2068 1149 coelum
2103 1094 2406 1157 Dominus,
2439 1096 2496 1147 et
2528 1108 2629 1163 per
2681 1088 3039 1162 corporalem
3075 1089 3444 1161 praesentiam
3477 1106 3513 1144 a

153 1198 171 1222 ‹‹
192 1171 422 1227 Israel?»
441 1172 870 1244 Consequenter
893 1174 964 1229 de
991 1191 1169 1247 regno
1194 1174 1289 1230 Dei
1312 1180 1745 1246 percontantur,
1856 1183 2161 1256 discipulis
2192 1198 2549 1247 recessurus,
2584 1179 2860 1234 duritiam
2893 1176 3085 1233 cordis
3113 1180 3170 1233 et
3194 1176 3508 1232 increduli-

154 1266 314 1316 Ult’nm
342 1260 597 1317 Videlicet
628 1278 758 1317 mox
789 1263 1129 1319 adveniente
1159 1263 1377 1337 Spiritu
1428 1269 1629 1319 sancto
1688 1265 1743 1319 in
1854 1277 2032 1329 tatem
2056 1272 2289 1329 illorum
2311 1270 2659 1342 exprobrare
2684 1268 2886 1333 voluit,
2911 1272 2976 1321 ut
2997 1266 3261 1321 maculas
3283 1266 3511 1321 dubita-
3584 1282 3587 1283 '

149 1348 372 1421 Ρτᾶὶεθηίί
402 1354 549 1405 esset
580 1350 1030 1420 restituendum,
1065 1370 1138 1407 an
1183 1353 1240 1408 in
1278 1353 1472 1409 ΓυιιιῐῸ
1523 1356 1744 1411 sanctis
1852 1363 2031 1418 tionis
2054 1379 2246 1417 sermo
2270 1361 2579 1416 mundaret
2596 1356 3303 1429 correptionis.lmmerito
3323 1354 3509 1410 novis-

154 1439 519 1495 τθεθτνᾶηάυω
548 1441 778 1496 credere
809 1441 1103 1498 deberent
1853 1451 2020 1517 sime,
2043 1469 2158 1507 non
2190 1451 2344 1522 quod
2379 1450 2571 1504 adhuc
2592 1447 2650 1502 in
2675 1445 3081 1502 incredulitate
3105 1444 3504 1517 persisterent,

199 1550 221 1577 ‹‹
250 1527 386 1582 Dixit
412 1532 604 1583 autem
638 1530 725 1584 eis
757 1546 770 1584 :
805 1530 929 1586 Non
980 1535 1069 1587 est
1096 1537 1354 1588 vestrum
1390 1551 1561 1589 nosse
1595 1539 1739 1591 tem-
1853 1542 1951 1597 sed
1987 1540 2141 1612 quod
2176 1538 2435 1611 primum
2467 1554 2582 1592 non
2611 1537 2982 1591 crediderunt
3011 1533 3209 1589 citius.
3235 1532 3507 1605 Legimus

146 1640 165 1663 ‹‹
192 1632 309 1686 pora
332 1615 414 1671 vel
444 1623 764 1685 momenta,
787 1636 915 1691 quae
940 1621 1106 1677 Pater
1124 1623 1320 1693 posuit
1339 1621 1399 1678 in
1423 1640 1531 1680 sua
1554 1623 1743 1697 ipsius
1851 1632 2005 1687 enim
2038 1630 2098 1685 in
2128 1627 2439 1700 Evangelia
2470 1627 2792 1683 secundum
2828 1624 3225 1696 Lucam,quia
3252 1640 3388 1678 cum
3410 1624 3509 1679 de"

146 1725 165 1751 «
183 1708 452 1775 potestate.
475 1729 503 1755 »
529 1706 797 1763 Ostendit
823 1709 963 1781 quia
984 1726 1099 1765 non
1121 1711 1354 1783 expedit
1379 1729 1549 1769 nosse
1571 1714 1741 1770 nobis
1848 1726 1992 1777 vota:
2023 1719 2300 1775 mulieres
2327 1717 2494 1773 valde
2514 1715 2773 1771 diluculo
2804 1715 2874 1770 ad
2909 1712 3245 1786 sepulcrum
3274 1711 3506 1768 Domini

141 1793 438 1849 mortalibus
468 1795 623 1851 diem
656 1797 975 1854 vocationis
1006 1802 1239 1866 nostra:
1271 1805 1357 1870 ut.
1389 1818 1620 1874 semper
1647 1804 1737 1857 in-
1773 1839 1821 1904 Β
1851 1810 2171 1874 venientes,
2198 1808 2480 1863 visionem
2513 1805 2854 1878 angelorum
2882 1803 3187 1870 vidissent,
3222 1802 3323 1875 qui
3355 1801 3507 1858 dice-

142 1881 246 1904 ---ιῖ
280 1882 335 1904 Δ-
370 1883 606 1904 -J---_A,,
648 1885 842 1904 S,,j',!,
916 1887 949 1904 ’ί
1094 1886 1152 1904 11⁸
1197 1888 1229 1904 ⁸1
1424 1889 1522 1904 ιιι·
1630 1892 1640 1902 ι
2217 1898 2229 1904 -
2625 1899 2633 1904 .
2861 1894 2894 1904 ,ι
3128 1896 3137 1904 .
3189 1891 3227 1904 ε·
3306 1892 3317 1902 υ
3409 1890 3444 1904 I-

139 1881 249 1936 οθτίί
276 1882 340 1938 de
366 1883 611 1940 adventu
636 1885 879 1955 indiCiS,
914 1887 996 1942 ita
1025 1886 1270 1944 SOllicite
1301 1889 1560 1961 quotidie
1587 1892 1743 1947 νῖνα·
1774 1881 1821 1904 υ
1855 1904 1985 1956 rent
2013 1915 2148 1954 eum
2177 1898 2707 1966 vivere,currentes
2729 1894 3147 1949 nuntiaverunt
3174 1890 3502 1963 discipulis.

136 1973 412 2043 mus,quasi
437 1972 663 2029 diealia
681 1975 753 2029 ad
761 1975 1055 2047 judicium
1075 1994 1386 2049 properare
1404 1979 1741 2035 debeamus.
1853 1992 1925 2045 At
1956 1989 2039 2045 illi
2069 2006 2187 2045 non
2231 1986 2604 2043 crediderunt
2650 1984 2754 2054 eis,
2805 1984 2905 2039 sed
2949 1982 3075 2038 visa
3120 1984 3261 2037 sunt
3302 1997 3504 2037 earum

188 2082 210 2107 α
238 2059 332 2152 Sed
363 2061 660 2134 accipietis
696 2063 935 2136 (inquit)
964 2066 1242 2122 virtutem
1277 2069 1731 2139 supervenientis

1964 2082 2027 2135 ba
2047 2078 2214 2152 quasi
2237 2075 2619 2133 deliramenta
2643 2091 2840 2129 coram
2864 2066 2980 2128 illis
2996 2072 3146 2143 (Luc.
3166 2069 3338 2141 xxw).
3359 2068 3507 2125 Tho-

134 2171 153 2195 ‹‹
180 2147 396 2220 Spiritus
426 2153 614 2208 sancti
649 2154 709 2208 in
740 2171 861 2222 vos,
894 2159 952 2210 et
977 2155 1141 2212 eritis
1174 2156 1319 2211 mihi
1354 2161 1533 2214 testes
1560 2159 1619 2213 in
1649 2160 1746 2215 Je-
1854 2186 1984 2225 mas
2012 2147 2206 2224 autem
2230 2184 2386 2222 unus
2406 2166 2478 2220 de
2499 2161 2942 2234 duodecim,qui
2962 2160 3177 2216 dicitur
3197 2159 3503 2232 Didymus,

134 2258 154 2284 ιι
180 2238 422 2306 rusalem,
451 2246 507 2296 et
537 2242 597 2297 in
634 2243 793 2299 omni
826 2243 1030 2300 Judaea
1060 2249 1119 2300 et
1150 2245 1437 2313 Samaria.
1470 2251 1527 2303 et
1556 2265 1745 2319 usque
1856 2257 1989 2314 aliis
2021 2255 2328 2328 discipulis
2359 2253 2690 2310 dicentibus
2713 2271 2731 2306 :
2758 2250 3079 2306 «Vidimus
3110 2248 3448 2315 Dominum,
3475 2271 3502 2298 ››

132 2348 153 2373 ιι
177 2326 232 2381 ad
262 2327 516 2385 ultimum
550 2336 743 2388 terrae.
776 2355 803 2382 »
832 2334 911 2388 Ac
943 2334 991 2389 si
1024 2334 1280 2391 diceret:
1307 2336 1432 2391 Non
1460 2338 1616 2392 enim
1642 2356 1748 2410 pu-
1855 2364 1971 2402 non
2004 2326 2268 2412 credidit,
2301 2345 2539 2400 dicens:
2566 2341 2739 2398 «Nisi
2769 2341 2963 2397 videro
2989 2340 3049 2395 in
3081 2339 3357 2395 manibus
3376 2339 3503 2409 ejus

133 2417 227 2470 tare
251 2417 457 2473 debetis
484 2420 760 2476 veniente
789 2421 1009 2495 Spiritu
1060 2428 1263 2480 sancto
1296 2426 1352 2480 in
1384 2444 1507 2497 vos,
1542 2429 1743 2484 statim
1856 2437 2073 2491 ἥκω-δε
2098 2434 2416 2499 clavorum,
2436 2437 2494 2488 et,
2513 2432 2747 2487 mittam
2772 2446 3013 2485 manum
3046 2445 3237 2485 meam
3268 2428 3328 2482 in
3350 2426 3506 2484 latus

131 2501 273 2574 hujus
301 2509 494 2564 mundi
528 2509 658 2565 fieri
691 2511 1284 2579 consummationem,
1305 2516 1404 2571 sed
1435 2517 1599 2573 vobis
1622 2522 1747 2573 tan-
1853 2526 2001 2596 ejus,
2036 2542 2149 2581 non
2203 2524 2435 2579 credam
2476 2523 2639 2593 (Joan
2668 2521 2781 2591 xx).
2812 2539 2838 2570 π
2895 2520 2964 2574 Et
3011 2517 3139 2573 ideo
3188 2515 3505 2573 novissime

133 2596 515 2686 tum_,Virt“t°m
546 2600 626 2655 de
660 2616 753 2654 me
782 2600 1135 2656 teStiﬁcandi
1166 2603 1442 2673 Praebere.
1852 2613 2247 2686 increpantur,
2280 2628 2462 2684 quare
2508 2610 2768 2682 primum
2817 2608 2889 2663 ad
2939 2606 3297 2663 credendum
3350 2605 3503 2661 tardi

185 2704 207 2732 α
234 2684 292 2739 Et
318 2702 444 2742 cum
474 2686 599 2743 haec
632 2688 899 2759 dixisset,
947 2689 1282 2746 videntibus
1316 2692 1454 2761 illis,
1486 2694 1744 2753 elevatus
1851 2702 1940 2758 vel
1973 2684 2105 2757 duri
2136 2701 2369 2758 fuerint.
2400 2700 2526 2755 Non
2579 2697 2736 2754 enim
2785 2698 2855 2752 de
2906 2696 3036 2766 ejus
3081 2693 3504 2765 resurrectione

138 2793 157 2861 γ
184 2776 272 2839 est,
300 2779 352 2833 et
380 2777 565 2833 nubes
612 2778 878 2849 suscepit
923 2795 1058 2834 eum
1106 2780 1180 2835 ab
1223 2781 1410 2839 oculis
1455 2801 1677 2840 eorum.
1713 2808 1742 2836 ››
1853 2792 2119 2848 dubitare
2139 2792 2482 2855 debuerant,
2505 2804 2681 2861 quem
2701 2804 2837 2843 cum
2859 2782 3126 2840 mortalis
3145 2786 3321 2849 esset,
3344 2792 3500 2838 mor-

136 2857 315 2934 Ubique
339 2870 605 2922 creatura
638 2867 893 2922 Creatori
938 2884 1045 2923 suo
1084 2874 1323 2940 praestat
1370 2874 1740 2946 obsequium-
1853 2887 1987 2938 tuos
2019 2880 2399 2937 suscitantem
2438 2857 2717 2940 viderant,
2757 2874 3009 2930 maxime
3039 2889 3175 2929 cum
3206 2869 3500 2944 passionis

129 2950 263 3043 Αὲίῖδ
289 2953 541 3011 indicant
570 2960 940 3022 nascentem:
968 2958 1284 3029 Ριηίθηίθῖη
1316 2961 1747 3031 οδῑιιὼυηι›ι·(>’
1852 2983 1910 3027 et
1936 2970 2140 3027 mortis
2170 2984 2355 3043 genus
2376 2968 2459 3023 ita
2477 2968 2707 3023 venisse
2727 2966 3128 3031 cernerent,ut
3147 2962 3219 3018 ab
3238 2960 3340 3016 illo
3362 2977 3502 3033 pra:-

132 3036 312 3110 CiPiunt
331 3044 511 3101 ηυδθε
533 3046 979 3114 ascendentem,
1001 3049 1338 3105 redeuntem
1361 3052 1430 3107 ad
1448 3054 1742 3123 judicium
1854 3060 2076 3116 dictum
2104 3036 2451 3115 recolebant.
2475 3057 2606 3112 Sive
2635 3059 2788 3110 certe
2818 3053 2891 3108 ab
2922 3052 3007 3108 eis
3036 3066 3394 3116 recessurus,
3410 3050 3496 3105 in-

131 3128 533 3189 comitabuntur.

1954 3148 2255 3204 dulitatem
2276 3150 2334 3203 et
2354 3145 2629 3201 duritiam
2648 3144 2841 3200 cordis
2857 3139 3277 3214 discipulorum
3294 3155 3497 3211 expro-

181 3239 201 3265 α
228 3222 466 3293 Cumque
498 3224 874 3280 intuerentur
920 3226 979 3280 in
1030 3226 1243 3283 ccelum
1274 3233 1511 3287 euntem
1543 3231 1733 3302 illum,
1767 3208 1808 3275 Ο
1849 3239 2018 3294 brare
2041 3237 2243 3303 voluit,
2278 3240 2342 3292 ut
2369 3235 2690 3292 novissima
2714 3234 2844 3305 ejus
2882 3231 3058 3287 verba
3086 3233 3249 3286 tanto
3280 3228 3498 3284 arctius

129 3322 279 3399 “
304 3310 415 3366 duo
443 3312 550 3368 Viri
609 3313 932 3370 astiterunt
968 3316 1140 3387 juxta
1191 3317 1323 3373 illos
1374 3319 1432 3374 in
1478 3320 1738 3379 vestibus
1847 3344 2049 3384 eorum
2102 3325 2433 3399 pectoribus
2472 3324 2841 3388 inhaererent,
2873 3323 3093 3393 quanto
3139 3317 3346 3374 durius
3396 3333 3499 3389 per

129 3414 148 3437 «
173 3394 324 3491 albi-s,
342 3399 438 3470 qui
470 3405 531 3491 et
573 3401 857 3491 dixerunt
887 3422 900 3459 :
935 3403 1057 3461 Viri
1107 3406 1347 3475 Galilaai,
1382 3410 1523 3482 quid
1567 3413 1739 3469 statis
1848 3394 2308 3491 increpationem
2341 3414 2591 3470 fuissent
2638 3411 2881 3485 prolata.
2931 3410 3098 3467 Sicut
3135 3407 3299 3464 enim
3341 3406 3499 3463 mala
3560 3429 3564 3433 ’

133 3485 488 3556 «aspicientes
518 3490 581 3546 in
615 3490 880 3547 caelum?
910 3493 1012 3549 Hic
1056 3495 1227 3552 Jesus
1267 3497 1365 3569 qui
1397 3505 1739 3573 assumptus
1849 3485 2029 3562 mens
2046 3505 2361 3577 aliquando
2388 3519 2490 3576 per
2516 3500 2974 3573 increpationem
3016 3496 3269 3555 deterior
3295 3496 3381 3563 ﬁt,
3414 3495 3499 3552 sic

133 3592 151 3617 ιι
176 3578 247 3627 est
271 3592 301 3629 a
322 3578 482 3635 vobis
509 3579 572 3637 in
604 3579 842 3647 coelum,
873 3582 959 3639 sic
1002 3585 1197 3641 veniet
1237 3588 1737 3658 quemadmodum
1847 3596 2004 3651 bona
2045 3613 2112 3650 ex
2144 3594 2506 3666 correptione
2535 3608 2769 3663 semper
2797 3589 3044 3663 proficit,
3076 3587 3304 3643 dicente
3335 3583 3497 3641 Salo-

131 3663 374 3755 :«vidistis
400 3685 539 3725 eum
586 3674 832 3727 euntem
866 3673 925 3727 in
973 3672 1203 3729 omium.
1241 3697 1267 3723 ››
1311 3677 1373 3731 Id
1422 3682 1512 3733 est
1561 3678 1617 3733 in
1670 3697 1738 3735 ea
1848 3701 2020 3739 mone
2054 3701 2066 3739 :
2102 3663 2392 3755 «Corripe
2436 3681 2781 3755 sapientem,
2834 3681 2892 3734 et
2933 3675 3156 3733 amabit
3202 3679 3302 3729 te:
3357 3674 3498 3729 doce

130 3746 278 3807 forma
302 3759 486 3814 carnis
518 3764 701 3831 atque
732 3761 1065 3817 substantia
1092 3763 1250 3818 venit
1270 3764 1649 3835 judicandus,
1674 3769 1734 3824 in
1837 3775 2093 3845 justum,
2129 3777 2187 3828 et
2230 3746 2525 3828 festinabit
2563 3770 2823 3841 accipere
2851 3769 3032 3836 (Prov.
3067 3764 3166 3836 Ix).
3201 3787 3229 3813 »
3260 3764 3331 3819 Et
3358 3761 3499 3834 quia

127 3852 215 3906 qua
238 3844 409 3900 veniet
428 3848 838 3917 judicaturus.
874 3850 997 3905 Non
1045 3866 1183 3924 ergo
1230 3851 1424 3926 dignis
1472 3855 1735 3912 moribus
1844 3844 3495 3927 solemuscharissimismoﬁentibussiveinlonginquam

127 3940 385 4023 minam
416 3935 472 3990 in
507 3936 727 3991 malum
761 3937 932 3994 Ποδίε
963 3956 1379 4011 Ρνωρθτθωυε,
1409 3947 1463 3997 et
1486 3945 1738 4016 peregri-
1845 3951 2141 4023 regionem
2174 3948 2699 4021 proﬁciscentibus,
2730 3962 2934 4001 eorum
2977 3943 3294 3999 novissima
3321 3940 3498 3996 verba

128 4016 219 4109 nari
245 4035 340 4076 nos
368 4020 429 4078 in
461 4024 572 4080 hoc
602 4026 829 4082 mundo
858 4025 1022 4083 valde
1051 4043 1495 4101 cognoscamus.
1523 4032 1585 4087 In
1618 4050 1733 4105 quo
1844 4016 2100 4109 quvodam
2130 4016 2360 4091 vinculo
2390 4034 2609 4091 amoris
2638 4033 2698 4087 in
2730 4031 3074 4090 memoriam
3107 4028 3372 4100 religare,
3406 4027 3494 4083 vel

126 4102 261 4198 etiam
280 4110 322 4166 si
341 4113 615 4183 quaedam
633 4115 946 4171 commoda
961 4116 1363 4187 blandiuntur,
1378 4135 1493 4174 non
1516 4102 1735 4193 ample-
1843 4102 1997 4198 quod
2020 4125 2198 4180 obscu
2208 4124 2343 4179 riori
2365 4122 2698 4177 inventione
2718 4123 3015 4192 repertum
3038 4116 3496 4183 luerit,recessu-

125 4194 289 4252 ctenda
314 4205 448 4256 sunt
476 4201 774 4274 nequiter,
798 4205 897 4260 sed
920 4205 1295 4277 despicienda
1315 4212 1456 4263 sunt
1485 4209 1729 4266 fortiter.
1843 4194 1943 4270 rus
1962 4212 2241 4270 Dominus
2253 4212 2324 4267 ab
2341 4209 2729 4275 eis,duritiam
2743 4207 2935 4264 cordis
2951 4202 3491 4262 etincredulitatem

126 4277 242 4374 ideo,
261 4286 621 4374 dilectissimi
653 4291 883 4361 fratres,
917 4293 966 4349 si
1000 4296 1311 4352 ascendere
1342 4297 1519 4353 Vultis
1538 4298 1596 4353 in
1625 4316 1733 4355 σω·
1840 4302 2073 4359 illorum
2100 4299 2486 4374 exprobravit,
2509 4302 2575 4353 ut
2598 4296 2826 4352 nullum
2847 4294 3157 4367 vestigium
3179 4289 3493 4347 dubitatio-

125 4363 233 4435 lllm,
261 4373 361 4432 hoc
388 4377 446 4434 in
479 4397 586 4452 spe
618 4385 820 4436 nostra
852 4382 1086 4440 interim
1116 4386 1478 4455 roboremus,
1530 4388 1587 4443 in
1620 4388 1732 4446 hoc
1841 4393 1934 4449 nis
1966 4393 2022 4447 in
2056 4363 2256 4448 eorum
2288 4388 2565 4445 cordibus
2595 4389 2941 4452 remaneret,
2992 4382 3093 4455 qui
3130 4381 3205 4453 ad
3236 4378 3486 4434 alienam

124 4459 241 4556 votis
262 4469 529 4526 omnibus
549 4473 896 4537 aestuamus,
921 4472 1029 4529 hoc
1060 4475 1415 4531 meditemur
1442 4476 1504 4532 in
1536 4479 1727 4547 terris,
1838 4480 2229 4556 ignorantiam
2264 4476 2669 4533 instruendam
2701 4472 2971 4529 mittendi
3003 4474 3188 4527 erant.
3208 4466 3487 4525 Ultimam

125 4548 242 4613 ειυοά
269 4560 678 4652 fomputemur
718 4557 778 4613 in
827 4559 1008 4616 ccelis.
1043 4562 1207 4618 Tunc
1255 4565 1488 4621 exuturi
1535 4566 1730 4623 carnis
1761 4587 1807 4652 ι)
1840 4548 1989 4626 ὶινειηο
2007 4566 2432 4641 apparitionem
2448 4565 2680 4621 Marcus
2696 4560 3054 4634 evangelista
3068 4559 3489 4617 commemorat

123 4638 510 4731 ιιξρηθλξιαιεω,
528 4663 690 4702 nunc
721 4664 1005 4705 exuamus
1035 4650 1217 4707 animi
1248 4656 1616 4710 vetustatem.
1636 4657 1730 4711 Fa-
1761 4638 1803 4652 υ
1838 4660 1984 4731 (cap.
2016 4638 2151 4727 xvi),
2189 4656 2328 4728 quia
2356 4659 2490 4727 post
2535 4653 2658 4708 haec
2705 4669 2819 4707 non
2870 4649 3082 4721 legitur
3110 4644 3487 4719 corporaliter

123 4719 203 4775 cile
225 4726 365 4785 enim
396 4749 615 4807 corpus
643 4734 934 4792 levabitur
958 4737 1018 4793 in
1050 4738 1169 4794 alta
1196 4740 1495 4809 caelorum,
1531 4744 1579 4798 si
1609 4761 1727 4800 non
1836 4719 1997 4803 visus
2026 4745 2085 4800 in
2120 4743 2288 4801 terris
2316 4744 2584 4816 loquens,
2617 4742 2718 4796 sed
2750 4740 2808 4794 in
2841 4755 2976 4795 aera
3015 4736 3226 4792 caalum
3275 4749 3483 4789 ascen-

121 4820 305 4904 Ῑέξθωέί
330 4820 609 4892 Spiritum
640 4823 874 4881 εθτοίηθι
913 4829 1307 4897 Ρθθοᾶῐοτυω-
1342 4832 1722 4903 Quapropter,
1834 4837 1999 4891 dens.
2022 4834 2222 4890 Decies
2253 4833 2411 4889 enim
2442 4834 2574 4904 post
2592 4846 2759 4885 suam
2790 4825 3269 4885 resurrectionem
3292 4820 3481 4879 homi-

120 4893 458 4996 dlectiPBimi:
475 4909 778 4976 θνὶςξειωυιε
798 4913 870 4968 ad
894 4893 1028 4970 eum
1054 4915 1153 4986 qui
1188 4893 1486 4987 pulverem
1512 4893 1725 4977 nostrai
1835 4926 2010 4980 nibus
2028 4922 2370 4996 apparuisse
2391 4893 2464 4977 ab
2485 4916 2856 4991 evangelistis
2878 4912 3267 4971 describitur:
3293 4910 3481 4983 primo

117 4983 414 5081 abjectionis
434 5014 655 5071 corpus
676 5000 813 5056 fecit
829 5019 949 5058 sua:
970 4983 1261 5075 gloriam-et
1281 5009 1346 5061 ut
1364 5007 1726 5067 ascensionis
1835 5012 2028 5069 Maria:
2054 4983 2396 5085 liiagdalene
2420 5009 2582 5065 ﬂenti
2600 4983 2671 5065 ad
2695 5006 3179 5068 monumentum;
3199 5000 3479 5067 secundo,

118 5085 225 5169 gius
242 5095 563 5142 mereamur
592 5104 720 5144 esse
751 5095 1069 5159 consortes,
1092 5092 1407 5151 humilitati
1428 5101 1487 5152 et
1507 5099 1724 5169 patien-
1832 5101 2021 5157 eidem
2053 5101 2246 5156 Mariae
2277 5115 2411 5155 cum
2443 5097 2624 5152 altera
2653 5094 2919 5165 ejusdem
2950 5090 3209 5149 neminis
3237 5090 3483 5157 femina,

116 5162 381 5261 tinhipsius
411 5192 517 5247 per
547 5177 749 5233 omnia
778 5195 1193 5252 congruamus.
1228 5182 1423 5256 Magni
1468 5162 1725 5244 nominis
1833 5188 2211 5261 pergentibus
2228 5179 3478 5255 nuntiarediscipuliaejusresurrectionem,

117 5249 366 5350 militiam,
394 5279 623 5337 magna;
656 5249 1038 5338 professionis
1067 5249 1439 5342 suscepimus
1466 5274 1724 5348 discipli-
1832 5249 2069 5350 quaundo
2098 5275 2353 5332 occurrit
2380 5275 2485 5344 eis,
2517 5273 2740 5338 dicens,
2773 5269 2984 5328 Avete-z
3010 5270 3121 5327 illa:
3152 5274 3348 5327 autem
3381 5286 3478 5325 ac-

115 5350 241 5434 Dfim.
266 5344 590 5408 Sectatores
620 5354 833 5411 Christi
866 5356 1162 5414 discedere
1195 5376 1229 5413 a
1259 5361 1416 5433 regia
1448 5380 1562 5417 non
1589 5344 1724 5419 licet
1831 5344 2132 5421 cesserunt
2152 5369 2210 5419 et
2231 5366 2547 5419 tenuerunt
2568 5363 2745 5435 pedes
2767 5361 3123 5433 ejusytertio
3139 5358 3362 5419 Simoni
3386 5358 3481 5413 Pe-

114 5438 309 5525 ‘Vlﬂinec
324 5437 569 5510 dignum
590 5447 676 5499 est
693 5445 1110 5517 temporalibus
1126 5450 1397 5520 occupari
1418 5452 1489 5505 ad
1511 5456 1724 5508 aeterna
1832 5459 1920 5510 tro
1942 5472 1954 5522 ;
1975 5458 2205 5525 quarto,
2222 5451 2454 5507 duobus
2475 5451 2783 5525 discipulis
2803 5450 3180 5524 pergentibus
3202 5448 3258 5503 in
3281 5445 3483 5503 castel-

113 5516 396 5619 lfndentes.
418 5528 645 5619 Et‘quia
664 5516 918 5604 pretioso
949 5536 1236 5608 sanguine
1266 5516 1479 5594 Christi
1503 5541 1723 5596 redem-
1831 5516 1955 5599 lum
1995 5516 2301 5607 Emmaus,
2335 5542 2570 5614 quando
2618 5516 3013 5619 cognoverunt
3048 5556 3200 5595 eum
3247 5536 3303 5591 in
3356 5534 3472 5590 fra-

114 5608 178 5670 Pii
205 5624 418 5683 sumus,
452 5617 846 5690 glorificemus
876 5628 934 5680 et
961 5628 1263 5697 portemus
1294 5628 1474 5685 Deum
1508 5630 1565 5683 in
1597 5646 1719 5686 cor-
1832 5631 2022 5687 ctione
2048 5630 2253 5703 panis;
2276 5608 2507 5702 quinto,
2522 5608 3094 5703 discipulispropter
3116 5626 3342 5681 metum
3372 5620 3473 5675 Ju-
