3908 6172
272 343 390 408 δ43
832 343 1242 410 HAYMONIS
1286 346 1831 410 HALBERSTAT.
1878 345 2123 409 EPISC.
2171 345 2344 409 OPP.
2393 344 2589 407 PARS
2635 344 2816 406 Il.—
2844 342 3117 408 HOMIL.
3561 342 3699 404 544‘

271 480 530 538 daaorum
562 479 620 538 in
652 479 907 537 conclavi
939 480 1356 550 residentibus,
1383 483 1618 554 quando
1650 499 1764 538 non
1796 486 1921 539 erat
1947 484 2002 551 Α
2030 484 2119 537 tes
2140 497 2238 537 eos
2261 480 2320 536 in
2342 479 2580 536 nomine
2602 476 2808 549 Patris,
2826 481 2885 534 et
2905 474 3116 546 Filii,et
3141 476 3399 550 Spiritus
3419 476 3668 533 sancti.»

271 586 406 626 cum
435 570 519 626 eis
545 570 802 626 Thomas
827 587 839 637 ;
864 574 1044 637 sexto,
1072 573 1205 642 post
1222 571 1350 626 dies
1369 576 1522 641 octo,
1542 572 1777 643 quando
1798 575 1923 627 erat
2030 572 2391 643 Quapropter
2412 570 2717 625 erubescat
2735 569 2974 626 Judaaus
2991 565 3212 633 infelix,
3233 566 3335 640 qui
3356 565 3499 622 dicit
3517 566 3672 623 Chri-

272 676 404 715 cum
425 659 509 714 eis
530 659 820 725 Thomas;
845 659 1112 731 septimo,
1134 659 1498 732 piscantibus
1523 658 1828 733 discipulis
1848 661 1919 715 ad
2029 664 2190 715 stum
2221 664 2450 714 tantum
2484 660 2559 714 ad
2589 658 2841 714 salutem
2888 674 3058 713 suam
3090 672 3219 713 esse
3240 660 3594 724 venturum,
3623 661 3675 712 et

273 764 433 802 mare
462 746 816 813 Tiberiadis;
841 752 1059 811 octavo,
1094 748 1152 803 in
1202 747 1455 809 Galilaea.
1491 750 1747 821 quando.
1771 750 1923 805 sicut
2030 766 2146 805 non
2180 751 2250 805 ad
2282 749 2554 815 aliorum,
2587 765 2719 803 cum
2772 748 2897 820 ipse
2946 746 3100 802 dicat
3135 763 3148 800 :
3187 769 3214 795 «
3248 747 3351 813 Ite,
3396 745 3676 817 baptizata

273 837 356 891 ait
383 835 688 891 Matthaeus
735 837 1089 909 evangelista
1137 841 1274 909 (cap.
1314 841 1534 906 xxvm),
1572 861 1599 888 ‹‹
1650 840 1921 895 undecim
2031 854 2235 895 omnes
2261 843 2486 911 gentes.
2517 859 2537 886 η
2573 837 2932 893 Erubescant
2960 840 3015 892 et
3046 834 3379 911 Donatista,
3404 834 3526 908 qui,
3548 852 3676 890 eum

272 924 544 997 discipuli
579 924 848 980 abierunt
877 927 933 981 in
969 925 1283 989 Galilaeam,
1303 927 1361 982 in
1388 932 1646 983 montem
1670 927 1769 984 ubi
1793 945 1925 983 con—
2030 927 2291 984 localiter
2320 926 2620 983 includere
2651 924 2929 996 volentes,
2948 925 3222 981 dixerunt
3253 940 3388 980 eum
3411 924 3468 979 in
3496 922 3681 979 Africa

274 1013 468 1069 stituit
497 1013 612 1069 illis
642 1015 835 1079 Jesus,
868 1018 926 1070 et
952 1014 1216 1071 videntes
1267 1016 1653 1072 adoraverunt
1682 1034 1814 1072 eum
1841 1035 1854 1083 ;
1892 1042 1920 1068 ››
2030 1022 2262 1073 tantum
2294 1033 2442 1080 esse,
2477 1020 2533 1071 et
2564 1033 2679 1070 non
2712 1014 2771 1069 in
2801 1013 2932 1070 aliis
2981 1012 3184 1069 mundi
3224 1012 3516 1086 partibus,
3549 1030 3678 1069 cum

274 1120 448 1169 nono,
485 1107 547 1157 ut
597 1120 850 1175 praesens
898 1103 1066 1158 lectio
1110 1110 1327 1171 narrat,
1371 1107 1605 1178 quando
1653 1107 1925 1177 apparuit
2031 1107 2184 1162 idem
2220 1107 2345 1178 ipse
2374 1104 2928 1161 dicat:«Euntesin
2954 1103 3240 1158 mundum
3267 1101 3624 1158 universum.
3656 1125 3681 1150 η

273 1190 391 1247 illis
422 1192 922 1257 recumbentibus,
956 1197 1013 1247 et
1041 1194 1409 1265 exprobravit
1454 1194 1921 1251 incredulitatem
2033 1196 2142 1251 Sed
2177 1214 2249 1251 ne
2283 1196 2496 1251 frustra
2529 1198 2736 1266 gentes
2763 1194 2833 1248 ad
2863 1192 3266 1248 credulitatem
3289 1191 3393 1247 Dei
3414 1208 3475 1248 se
3496 1190 3683 1246 vocari

275 1278 506 1334 illorum
529 1272 555 1346 ;'
581 1280 828 1345 decimo,
862 1299 976 1336 non
1003 1284 1130 1353 jam
1162 1282 1221 1338 in
1252 1283 1562 1351 terris,sed
1596 1283 1653 1339 in
1678 1301 1811 1341 aera
1840 1284 1923 1340 lo-
2035 1288 2326 1356 putarent,
2363 1283 2668 1356 praemium
2720 1282 3093 1339 credentibus
3134 1280 3520 1354 promittitur,
3550 1279 3680 1335 cum

277 1385 483 1439 quens,
519 1370 773 1439 quando.
824 1370 978 1425 sicut
1019 1371 1101 1428 ait
1148 1372 1333 1428 Lucas
1377 1373 1735 1445 evangelista
1782 1378 1919 1447 (cap.
2035 1374 2444 1429 subint‘ertur:

272 1456 444 1527 xxxv),
477 1480 503 1506 ‹‹
526 1458 723 1512 eduxit
746 1476 844 1513 eos
865 1464 1026 1515 extra
1051 1460 1343 1516 civitatem
1376 1461 1435 1517 in
1468 1462 1835 1531 Bethaniam,
1869 1467 1928 1518 et
2105 1487 2134 1513 ‹‹
2167 1462 2273 1528 Qui
2296 1462 2602 1519 crediderit
2624 1466 2683 1519 et
2707 1461 3039 1533 baptizatus
3064 1459 3254 1527 fuerit,
3272 1459 3471 1516 salvus
3494 1460 3619 1515 erit.
3654 1483 3679 1508 »ι

275 1561 410 1600 cum
443 1545 809 1603 benediceret
834 1548 1194 1613 eis,elevatis
1226 1549 1520 1616 manibus,
1542 1551 1837 1607 ferebatur
1864 1551 1924 1606 in
2035 1554 2105 1608 Et
2134 1552 2275 1624 quia
2301 1568 2448 1625 quos
2497 1551 2647 1607 lenis
2685 1550 2997 1624 promissio
3040 1549 3111 1605 ad
3161 1548 3521 1605 credendum
3572 1564 3679 1603 non

276 1633 507 1690 cmlu’m.
542 1656 569 1685 »
606 1636 674 1691 Et
723 1636 964 1708 pulchre
992 1636 1111 1693 illis
1137 1639 1614 1695 recumbentibus
1647 1639 1926 1696 Dominus
2036 1639 2262 1709 suadet,
2312 1638 2518 1694 durius
2565 1637 2819 1693 terrendi
2872 1641 3029 1702 sunt,
3062 1639 3216 1692 recte
3264 1634 3678 1708 subjungitur:

279 1738 558 1795 apparere
587 1724 789 1791 voluit,
806 1726 945 1798 quia
974 1726 1128 1782 inter
1154 1727 1562 1784 recumbentes
1582 1745 1691 1801 pax
1714 1732 1770 1783 et
1787 1744 1925 1784 con-

280 1813 478 1868 cordia
503 1812 651 1870 solet
680 1815 916 1870 servari.
950 1820 1092 1871 Cum
1124 1832 1260 1889 ergo
1289 1814 1407 1872 illis
1448 1817 1927 1874 recumbentibus

282 1903 574 1974 apparuit,
602 1903 860 1959 ostendit
886 1904 1020 1959 illos
1048 1920 1157 1960 sua
1183 1905 1408 1962 visione
1437 1922 1565 1961 esse
1595 1906 1931 1979 dignos,qui

281 1990 909 2062 pacem‘iuconeussam
934 1994 1121 2048 etiam
1134 1994 1286 2049 inter
1305 1996 1546 2050 adversa
1566 1995 1929 2067 servant,qui

282 2084 537 2152 possunt
558 2095 693 2136 cum
724 2081 1037 2139 Psalmista
1063 2083 1292 2139 dicere:
1322 2105 1349 2132 ‹‹
1372 2084 1517 2139 Cum
1541 2083 1635 2140 his
1667 2084 1767 2157 qui
1798 2085 1931 2140 ode-

284 2173 416 2223 rant
435 2185 659 2241 pacem,
679 2186 839 2227 eram
860 2164 1142 2244 pacificus
1174 2173 1343 2239 (Paul.
1367 2190 1443 2239 xl,
1475 2175 1552 2243 9).
1585 2195 1614 2224 »
1650 2172 1930 2229 Undecim

284 2256 589 2330 discipulis
601 2261 889 2332 apparuit,
906 2261 1044 2333 quia
1058 2261 1242 2317 Judas
1260 2263 1539 2319 tradendo
1556 2262 1904 2335 magistrum
1915 2302 1928 2329 ,

284 2347 357 2402 ab
378 2363 582 2403 eorum
605 2349 894 2405 consortio
917 2354 1319 2422 sequestratae
1342 2352 1552 2417 fuerat,
1571 2356 1627 2406 et
1653 2351 1931 2407 Matthiae

285 2436 624 2492 necdumin
656 2442 809 2494 sorte
839 2438 1138 2496 electionis
1176 2444 1414 2496 vocatus
1446 2440 1765 2496 exstiterat.
1797 2440 1934 2496 Post

288 2525 647 2599 increpatam
677 2531 872 2583 autem
905 2528 1185 2584 duritiam
1216 2528 1425 2594 cordis,
1459 2534 1517 2585 et
1557 2528 1931 2585 incredulita-

289 2617 428 2683 tem,
462 2632 595 2670 mox
622 2617 881 2672 officium
915 2617 1263 2690 prmdieandi
1297 2619 1567 2693 adjungit
1597 2636 1610 2674 :

360 2726 388 2753 ‹‹
424 2705 491 2759 Et
514 2703 663 2760 dixit
689 2704 777 2761 eis
803 2707 1013 2765 Jesus:
1046 2708 1264 2764 Euntes
1295 2708 1352 2763 in
1384 2709 1672 2764 mundum
1704 2706 1933 2763 univer-

288 2816 317 2842 «
353 2795 830 2867 sum,praedicate
859 2796 1238 2869 Evangelium
1266 2796 1749 2866 omnicreaturae.
1779 2819 1808 2847 ››
1834 2802 1936 2852 Ρο-

288 2885 404 2938 test
414 2898 642 2940 movere
652 2882 1254 2957 minusintelligentes
1265 2886 1545 2958 quoniam
1556 2886 1932 2960 Evangelium

290 2972 728 3044 praedicandum
760 2974 921 3029 omni
952 2980 1226 3030 creaturas
1257 2975 1504 3031 dicatur.
1538 2975 1813 3047 Nunquid
1844 2974 1933 3030 in-

289 3061 541 3116 sensatis
570 3064 628 3116 et
656 3062 844 3119 brutis
882 3062 1236 3120 animalibus
1283 3068 1407 3120 erat
1454 3060 1886 3136 praedicandum
1909 3065 1937 3119 ‘l

287 3149 435 3204 Non.
469 3150 579 3206 Sed
612 3150 805 3207 omnis
833 3156 1110 3209 creaturis
1154 3152 1408 3218 nomine,
1442 3153 1615 3209 homo
1645 3153 1932 3226 signatur.

2036 1750 2064 1777 ‹‹
2094 1727 2199 1794 Qui
2230 1744 2365 1783 vero
2396 1744 2511 1784 non
2543 1727 2873 1795 crediderit,
2893 1725 3403 1782 condemnabitur.
3426 1748 3454 1775 »ι
3481 1712 3543 1779 In
3574 1740 3681 1796 quo

2036 1816 2161 1873 loco
2192 1817 2333 1872 ordo
2364 1816 2694 1890 baptizandi
2729 1815 3211 1887 praedicatoribus
3233 1812 3679 1878 demonstratur,

2039 1922 2171 1961 cum
2201 1906 2453 1962 dicitur:
2481 1929 2508 1955 ‹‹
2533 1904 2641 1971 Qui
2662 1904 2973 1961 crediderit
3004 1908 3060 1959 et
3087 1903 3421 1976 baptizatus
3455 1901 3681 1956 fuerit.»

2040 1994 2207 2050 Prius
2237 1995 2393 2050 enim
2424 1994 2741 2051 credulitas
2766 1993 3020 2065 ponitur,
3056 1997 3113 2048 et
3140 1991 3516 2064 postmodum
3548 1991 3684 2063 bap-

2037 2084 2282 2139 tismum
2315 2083 2580 2155 sequitur
2605 2100 2618 2137 :
2651 2082 2790 2155 quia
2820 2081 3016 2137 nullus
3047 2082 3288 2154 ignarus
3313 2082 3546 2135 tantum
3572 2096 3685 2152 my-

2040 2173 2284 2228 sterium
2317 2173 2612 2244 suscipere
2643 2172 2833 2235 debet,
2868 2170 2980 2226 nisi
3030 2168 3193 2242 prius
3242 2187 3276 2226 a
3316 2168 3557 2225 doctore
3599 2167 3682 2223 in-

2041 2265 2307 2318 struatur
2336 2268 2389 2318 et
2446 2261 2761 2317 imbuatur.
2814 2260 3129 2332 Postquam
3175 2270 3317 2314 vero
3358 2254 3680 2324 crediderit,

2041 2351 2383 2422 baptizetur.
2418 2349 2524 2406 Ubi
2570 2350 2840 2405 curiosus
2888 2347 3071 2404 lector
3114 2360 3405 2420 opponere
3452 2350 3680 2418 potest:

2042 2439 2187 2505 Quid
2202 2454 2338 2511 ergo
2353 2439 2450 2495 fiet
2462 2439 2533 2494 de
2546 2437 2927 2511 parvulis,qui
2945 2434 3382 2508 nesciuntloqui
3394 2434 3515 2490 ?Ad
3535 2434 3683 2506 quod

2038 2544 2175 2584 vera
2205 2528 2351 2583 ratio
2381 2528 2732 2600 respondere
2754 2530 2961 2600 potest,
2984 2525 3122 2599 quia
3147 2523 3275 2582 sola
3303 2523 3451 2579 ﬁdes
3486 2526 3688 2595 paren-

2041 2621 2168 2673 tum
2190 2615 2446 2689 parvulis
2468 2615 2771 2689 proficitin
2792 2614 3103 2687 baptismo,
3120 2613 3201 2669 ita
3220 2618 3438 2680 tamen,
3454 2618 3687 2677 nt,cum

2043 2708 2112 2762 ad
2135 2707 2460 2778 legitimam
2482 2710 2709 2761 aetatem
2729 2704 3112 2778 pervenerint,
3126 2702 3501 2758 instruantur
3520 2706 3577 2756 et
3599 2702 3692 2757 do-

2043 2801 2302 2852 ceantur.
2318 2819 2345 2845 «
2370 2796 2442 2851 Et
2462 2794 2632 2867 puleh
2644 2811 2700 2850 re
2720 2808 2921 2850 eorum
2947 2793 3089 2848 fides
3118 2791 3219 2864 qui
3244 2790 3512 2847 saivandi
3534 2796 3692 2855 sunt,

2042 2885 2102 2940 in
2129 2885 2532 2941 'fundamento
2576 2878 2813 2956 ponitur
2853 2883 3072 2950 (Hebae.
3123 2885 3206 2949 ll),
3245 2903 3272 2929 ››
3312 2879 3472 2952 quia,
3520 2883 3587 2934 ut
3616 2879 3693 2934 ait

2044 2966 2365 3047 Scriptura,
2392 2974 2632 3045 «justus
2654 2989 2723 3029 ex
2747 2973 2858 3028 fide
2878 2971 3037 3039 vivit,
3060 2975 3119 3026 et
3141 2970 3266 3026 sine
3287 2970 3402 3026 ﬁde
3420 2968 3711 3045 impossi-~

2042 3062 2159 3119 bile
2187 3066 2277 3118 est
2305 3062 2532 3135 placere
2565 3067 2674 3118 Deo
2707 3062 2899 3134 (Hebr.
2932 3058 3055 3131 xu).
3084 3083 3110 3109 ››
3137 3059 3527 3115 Sicutautem
3548 3054 3692 3112 ﬁdes

2045 3151 2204 3223 origo
2237 3156 2323 3206 est
2353 3150 2618 3206 omnium
2648 3150 2952 3216 virtutum,
2981 3148 3065 3205 sic
3095 3138 3475 3203 incredulitas
3506 3147 3695 3201 mater

288 3236 348 3294 Si
365 3237 519 3294 enim
536 3239 791 3311 qualitas
810 3241 1082 3298 humanae
1097 3248 1374 3298 creatures
1390 3259 1522 3298 cum
1541 3242 1762 3299 caeteris
1783 3258 1934 3298 crea-
1963 3227 2006 3294 C
2045 3239 2409 3313 perditionis.
2443 3240 2606 3295 Unde
2634 3244 2692 3295 et
2720 3237 3026 3293 subditur:
3064 3261 3091 3287 ‹‹
3125 3236 3233 3301 Qui
3256 3250 3389 3313 vero
3422 3251 3539 3290 non
3573 3250 3689 3290 cre-

285 3327 435 3384 turis
460 3329 742 3386 subtilius
763 3332 1111 3397 conferatur,
1131 3330 1605 3388 communionem
1626 3337 1685 3386 et
1705 3331 1933 3403 partici-

284 3416 587 3489 pationem
599 3420 915 3491 quamdam
930 3435 1068 3475 cum
1088 3420 1366 3475 omnibus
1382 3419 1595 3475 habere
1612 3419 1929 3474 invenitur.

287 3506 621 3570 Sunt'enim
668 3506 1043 3580 lapides,‘qui
1090 3525 1194 3565 nec
1236 3507 1459 3570 vivunt,
1511 3524 1616 3563 nec
1648 3506 1929 3562 sentiunt.

287 3594 438 3649 Sunt
455 3591 648 3648 herbas
675 3599 733 3649 et
760 3596 1019 3663 arbusta,
1036 3596 1468 3667 quamquamvis
1498 3596 1692 3651 vivant
1717 3612 1821 3667 per
1847 3596 1931 3651 vi-

287 3681 603 3745 riditatem,
620 3686 817 3737 tamen
838 3698 953 3738 non
986 3684 1266 3749 sentiunt,
1284 3700 1390 3738 nec
1415 3684 1934 3741 discernunt.Sunt

204 3764 213 3771 ’
284 3770 461 3825 bruta
474 3768 1449 3842 animalia,quaevivunt,sentiunt,
1465 3774 1565 3829 sed
1590 3790 1703 3828 non
1722 3772 1932 3830 discer-

284 3861 453 3914 nunt.
468 3858 620 3913 Sunt
634 3857 829 3931 ωςαῆ
849 3861 950 3932 qui
972 3860 1188 3929 vivunt,
1209 3860 1471 3917 sentiunt
1490 3867 1548 3918 et
1568 3863 1928 3920 discernunt.

286 3946 473 4002 Habet
482 3960 621 4017 ergo
637 3945 814 4003 homo
828 3964 963 4003 cum
982 3948 1073 4004 his
1088 3949 1373 4005 creaturis
1387 3952 1712 4022 portionem
1732 3969 1930 4025 quam-

284 4034 442 4100 dam,
475 4034 576 4107 qui
594 4034 783 4092 lhabet
806 4052 941 4093 esse
970 4053 1103 4093 cum
1134 4037 1661 4111 lapidibus,vivere
1686 4057 1819 4097 cum
1844 4058 1933 4098 ar-

283 4122 781 4192 boribus,sentire
804 4141 940 4181 cum
971 4126 1328 4183 animalibus
1359 4128 1568 4195 brutis,
1600 4129 1931 4186 discernere

283 4228 415 4268 cum
445 4213 687 4287 angelis.
714 4213 892 4271 Omni
914 4216 1069 4288 ergo
1097 4220 1374 4273 creatura
1405 4218 1705 4290 praedicari
1730 4219 1930 4291 praeci—

281 4302 442 4374 pitur
469 4302 1016 4376 EVangelium,cum
1038 4304 1143 4361 soli
1166 4304 1391 4361 homini
1410 4306 1777 4378 praedicatur,
1792 4308 1933 4378 quia

282 4390 378 4447 ille
408 4392 922 4466 docetur,»propter
951 4410 1124 4466 quem
1156 4395 1355 4450 omnia
1384 4396 1539 4451 facta
1567 4400 1725 4463 sunt,
1750 4400 1807 4452 ct
1836 4397 1929 4452 cui

281 4480 481 4536 omnia
499 4497 599 4552 per
614 4482 931 4554 quamdam
949 4482 1749 4564 similitudinemcommunia
1769 4490 1926 4540 sunt.

2039 3311 2271 3396 diderit,
2292 3326 2796 3384 condemnabitur.
2825 3349 2852 3376 »
2874 3326 3039 3392 Quia,
3058 3326 3212 3381 sicut
3242 3311 3527 3403 Dominus
3546 3322 3683 3379 alibi

2040 3418 2143 3483 ait,
2178 3442 2206 3468 ‹‹
2238 3418 2339 3490 qui
2370 3434 2485 3472 non
2519 3415 2720 3483 credit,
2752 3416 2872 3486 jam
2895 3416 3194 3488 judicatus
3213 3418 3301 3470 est
3322 3413 3501 3486 (Ialm.
3524 3417 3625 3479 ut),
3654 3432 3684 3460 νδ

2040 3512 2098 3563 et
2125 3507 2263 3564 item
2298 3523 2311 3561 :
2350 3528 2378 3555 ‹‹
2411 3500 2532 3563 Nisi
2565 3506 2699 3578 quis
2727 3509 2968 3560 renatus
2997 3503 3171 3560 fuerit
3200 3519 3268 3558 ex
3299 3517 3452 3584 aqua
3470 3506 3533 3556 et
3560 3500 3684 3572 Spi-

2042 3595 2154 3650 ritu
2172 3600 2394 3658 sancto,
2412 3610 2525 3650 non
2550 3597 2740 3667 potest
2755 3593 2971 3648 intrare
2991 3592 3053 3647 in
3074 3604 3319 3664 regnum
3340 3589 3439 3645 Dei
3457 3589 3641 3671 (Ibit)
3660 3611 3686 3637 ιι

2039 3686 2147 3740 Sed
2181 3684 2328 3740 forte
2360 3683 2500 3738 dicit
2543 3683 2761 3754 aliquis
2792 3700 2805 3737 :
2839 3683 2960 3755 Ego
2998 3682 3125 3752 jam
3146 3678 3377 3736 credidi
3409 3683 3473 3735 et
3494 3677 3691 3734 salvus

2041 3791 2155 3830 ero.
2186 3774 2402 3829 Verum
2440 3771 2610 3838 dicit,
2661 3770 2711 3825 si
2760 3770 2870 3826 hoc
2916 3769 3075 3842 quod
3126 3767 3432 3841 profitetur
3477 3766 3685 3833 verbis,

2040 3862 2246 3934 implet
2273 3862 2567 3934 cperibus.
2592 3861 2743 3916 Vera
2769 3859 2924 3915 enim
2958 3858 3105 3914 fides
3133 3860 3244 3923 est,
3264 3862 3395 3929 quaé
3410 3855 3531 3937 hoc
3562 3872 3691 3929 per-

2040 3950 2160 4007 ficit
2205 3965 2397 4023 opere,
2449 3951 2603 4022 quod
2651 3949 2960 4005 conﬁtetur
3006 3960 3125 4013 ore,
3158 3946 3489 4001 setandutn
3535 3943 3685 4016 quod

2040 4039 2432 4097 Dominusait
2461 4040 2530 4094 ad
2560 4036 2881 4110 discipulos
2913 4054 2926 4092 :
2961 4060 2986 4087 ‹‹
3015 4033 3188 4092 Scitis
3220 4034 3362 4102 huic”,
3394 4031 3686 4089 beati‘eri-

2040 4129 2208 4198 tis,-si
2240 4127 2493 4185 feceritis
2523 4142 2592 4183 ea
2616 4130 2807 4195 (.Ioan.
2839 4125 2984 4198 xm).
3011 4145 3041 4174 ν)
3073 4125 3225 4179 Hinc
3250 4128 3307 4178 et
3326 4114 3643 4194 'Aptfstblus
3667 4125 3687 4175 τ’

2042 4242 2069 4268 ‹‹
2102 4218 2283 4274 Corde
2312 4217 2469 4273 enim
2501 4212 2848 4273 crediturad
2874 4213 3192 4286 justitiam,
3212 4222 3313 4268 ore
3334 4214 3684 4267 aut‘e'm‘con-

2038 4307 2215 4365 fessio
2246 4307 2313 4362 fit
2342 4306 2413 4362 ad
2445 4305 2693 4361 salutem
2724 4307 2899 4373 (Rom.
2932 4304 3008 4374 χ).
3051 4324 3071 4350 ι
3127 4301 3511 4356 Confessores‘
3534 4297 3683 4355 enim

2039 4396 2327 4455 Dominus
2358 4410 2497 4450 suos
2525 4397 2875 4466 operateres‘
2901 4391 3026 4447 vult
3062 4406 3214 4447 esse.
3241 4387 3683 4445 'Caeterum'fru.

2039 4492 2161 4544 stra
2191 4483 2407 4541 sihi‘de
2439 4482 2565 4539 sola
2593 4476 3068 4547 ﬁde‘blauditur',
3112 4478 3214 4552 qui
3261 4480 3423 4535 bona
3464 4473 3683 4550 operari

280 4568 407 4658 sive
422 4573 576 4626 certe
594 4569 789 4627 omnis
808 4575 1084 4627 creaturae
1106 4572 1363 4640 nomine,
1383 4573 1576 4629 omnis
1602 4574 1759 4630 natio
1787 4590 1929 4646 gen-
1960 4593 2007 4658 ι)
2039 4572 2301 4647 negligit,
2334 4570 2680 4644 quiaysicut
2710 4570 2794 4626 ait
2826 4569 3127 4643 apostolus
3156 4566 3679 4658 Jacobus‘(cap-_‘1I).

281 4657 429 4713 tium
460 4657 820 4732 designatur.
854 4661 916 4716 In
952 4661 1170 4734 quibus
1198 4661 1411 4725 verbis,
1443 4667 1729 4734 quantum
1762 4662 1928 4719 nobis

281 4746 491 4819 passio
526 4747 751 4803 Domini
801 4750 1100 4822 profuerit,
1135 4750 1234 4822 qui
1279 4767 1347 4805 ex
1374 4750 1648 4822 gentibus
1677 4751 1927 4808 credidi-

282 4851 437 4905 mus,
471 4837 902 4895 manifestatur.
960 4839 1077 4904 Qui
1109 4837 1265 4896 enim
1312 4839 1478 4912 prius
1523 4839 1767 4910 dixerat,
1801 4864 1828 4891 ‹‹
1865 4842 1927 4896 In

278 4924 441 4989 viam,
480 4926 742 5000 gentium
774 4944 847 4984 ne
874 4927 1158 4995 abieritis,
1193 4933 1252 4985 et
1284 4928 1342 4983 in
1373 4928 1636 4986 civitates
1667 4930 1929 4986 Samari-

278 5017 549 5071 tanorum
582 5033 656 5073 ne
684 5016 1055 5083 intraveritis,
1075 5017 1177 5074 sed
1204 5017 1399 5089 potius
1432 5017 1509 5074 ite
1535 5018 1607 5074 ad
1637 5034 1773 5075 oves
1802 5036 1927 5092 qua:

279 5103 578 5176 perierunt
606 5105 819 5160 domus
850 5106 1029 5162 lsrael
1051 5105 1265 5175 (Matth.
1298 5106 1376 5178 Χ),
1413 5128 1441 5155 ››
1474 5124 1630 5163 nunc
1679 5111 1812 5180 post
1840 5125 1929 5163 re-

280 5192 700 5248 surrectionem
740 5209 1092 5250 ascensurus
1141 5194 1201 5249 in
1251 5195 1483 5263 cmlum,
1518 5197 1807 5269 praecepit,
1840 5196 1928 5252 di-

280 5296 417 5337 cens
451 5295 465 5334 :
498 5303 525 5329 «
559 5282 778 5335 Euntes
808 5281 868 5336 in
898 5283 1187 5338 mundum
1223 5285 1586 5353 universum,
1621 5285 1931 5358 praedicata

280 5367 654 5441 Evangelium
686 5370 844 5424 omni
875 5376 1185 5428 creaturae:
1213 5395 1241 5421 »
1265 5375 1417 5445 quod
1441 5378 1533 5431 est
1553 5376 1927 5440 dicere,omni

279 5458 501 5514 nationi
533 5457 861 5537 hominum.
885 5460 1045 5522 Quod
1080 5460 1388 5518 Mattbreus
1417 5463 1775 5539 evangelista
1802 5482 1931 5520 ma—

280 5547 336 5603 ui
348 5546 551 5603 fcstius
580 5546 859 5613 declarat,
890 5548 1089 5604 dicens
1111 5554 1250 5623 (cap.
1285 5557 1482 5616 nvm)
1510 5571 1524 5609 :
1561 5577 1588 5604 ‹‹
1622 5555 1842 5610 Euntes
1872 5554 1930 5611 in

284 5636 573 5695 mundum
592 5636 952 5707 universum,
966 5638 1168 5695 docete
1186 5656 1391 5699 omnes
1409 5644 1935 5716 gentes,baptizan-

2039 4687 2067 4714 «
2101 4664 2271 4719 Fides
2324 4660 2452 4717 sine
2479 4659 2756 4732 operibus
2786 4660 3021 4714 mortua
3048 4661 3157 4714 est.
3194 4676 3222 4705 »
3254 4679 3281 4705 ‹‹
3317 4655 3470 4711 sunt
3498 4654 3680 4710 autem

2037 4750 2273 4825 plurimi
2298 4748 2835 4821 bujusmodi,‘quod
2861 4738 3030 4819 pejus
3050 4749 3161 4812 est,
3189 4767 3219 4794 ι)
3239 4745 3391 4800 sicut
3410 4742 3495 4798 ait
3514 4744 3683 4814 Apes-

2038 4839 2196 4897 tolus
2245 4840 2374 4910 (Tit.
2426 4840 2509 4907 ιι),
2542 4861 2570 4887 ‹‹
2618 4837 2721 4909 qui
2763 4837 3118 4892 conﬁtentur
3163 4832 3361 4889 verbis
3404 4832 3733 4888 se'lnessé"

2038 4930 2244 4995 Deum,
2292 4927 2463 4983 factis
2505 4929 2700 4982 autem
2728 4928 2968 4999 negant,
3005 4918 3034 4973 ὲ»
3066 4922 3271 4996 quales
3318 4917 3677 4978 ﬂammasin

2036 5016 2349 5090 Evangelia
2360 5014 2861 5089 reprobat,dieens
2880 5024 2899 5069 :
2916 5038 2942 5064 ‹‹
2963 5013 3113 5080 Quid
3129 5016 3329 5068 autem
3343 5009 3568 5067 Vocatis
3580 5016 3676 5071 me,

2039 5106 2305 5173 Domine,
2326 5105 2587 5171 Domine,
2610 5107 2666 5159 et
2686 5112 2801 5160 non
2825 5102 3165 5175 facitis‘Quae'
3182 5100 3396 5157 dieo‘h
3416 5096 3681 5172 (ιυοένῐ.)

2040 5197 2106 5253 Et
2135 5209 2238 5268 per
2267 5194 2643 5268 prophetam:
2667 5215 2695 5244 ‹‹
2712 5192 2969 5265 Populus
2991 5190 3202 5247 me‘tﬁc
3230 5188 3405 5245 labiis
3424 5186 3674 5244 bonum.

2041 5302 2140 5342 cor
2169 5288 2365 5341 autem
2396 5297 2599 5340 eorum
2629 5281 2801 5355 longe
2831 5284 2926 5336 est
2947 5292 2981 5336 a
3001 5286 3095 5335 m'e
3121 5280 3261 5352 (1.9a.
3281 5277 3509 5349 εαξη.»
3530 5271 3675 5331 Missi

2041 5379 2236 5431 autem
2268 5372 2514 5447 apostoli
2546 5372 2617 5427 ad
2651 5368 3091 5443 praedicandum
3124 5366 3498 5439 Evang‘elium
3530 5359 3679 5421 Omni

2041 5468 2339 5533 creaturae,
2369 5479 2442 5517 ne
2473 5463 2855 5516 causarentur
2882 5463 3121 5514 tantum
3146 5472 3297 5530 opus
3327 5471 3390 5512 se
3418 5452 3681 5527 perﬁcere

2041 5569 2158 5609 non
2187 5568 2379 5624 posse,
2392 5548 2714 5606 visibilium
2748 5548 3167 5604 miraculorum
3190 5547 3357 5619 signa
3385 5542 3554 5601 eisin
3582 5538 3679 5594 ad~‘

2034 5641 2329 5713 jutorium
2360 5639 2804 5713 promittuntur,
2824 5650 2976 5695 eum
3007 5635 3225 5693 dicitur
3251 5651 3266 5690 ε
