4050 6174
292 338 405 399 545

1530 336 1882 400 ΗΟΜΙΙᾹᾹΞ
1925 336 2026 398 DE
2071 336 2469 401 TEMPOltE.

3566 348 3696 410 546

362 492 388 519 ‹‹
420 469 599 544 Signa
628 473 826 525 autem
856 482 955 525 eos
985 469 1084 542 qui
1118 469 1510 535 crediderunt,
1544 469 1663 525 lItDC
1695 486 1943 542 sequen-
1974 474 2027 538 Α
2060 474 2115 525 et
2146 487 2278 525 cum
2313 470 2569 527 radicem
2603 471 2852 543 lixcriut,
2875 472 3134 545 irrigatio
3149 477 3700 538 cessatzsicnovclla

290 583 316 609 α
350 564 468 615 tur.
502 559 565 614 ln
598 558 837 614 nomine
866 573 996 615 meo
1020 557 1315 613 daemonia
1342 557 1829 632 ejicient,linguis
1862 558 1938 613 lo-

286 672 314 699 α
351 652 607 720 quentur
634 648 821 713 novis,
864 650 1164 719 serpentes
1210 646 1437 714 tollent,
1470 650 1527 702 et
1573 646 1623 703 si
1673 647 1939 703 mortife-

286 762 314 786 α
349 754 482 795 rum
512 736 657 809 quid
684 735 962 803 biberint,
997 753 1125 791 non
1145 734 1228 791 eis
1250 736 1511 793 nocebit.
1542 741 1728 808 Super
1755 753 1940 809 egros

2048 557 2328 631 plantatio
2359 559 2649 625 Ecclesiae,
2685 565 2749 616 ut
2777 561 3204 618 incrementum
3223 565 3353 621 fidei
3377 568 3697 636 proliceret,

2050 647 2350 704 miraculis
2363 648 2767 721 corporalibus
2781 650 3421 724 irriganda.Postquam
3435 659 3626 709 autem
3640 657 3700 712 in

2050 736 2165 791 ﬁde
2195 737 2440 791 ﬁrmiter
2469 737 2729 794 radicata
2754 744 2862 805 est,
2894 740 3178 796 exteriora
3207 740 3701 801 miraculaeessa-

289 850 316 877 ‹‹
352 842 565 883 manus
594 825 921 898 imponent,
951 829 1010 881 et
1036 826 1180 885 bene
1197 824 1518 883 habebunt.
1540 847 1568 874 »
1590 826 1723 890 Quae
1744 824 1945 885 omnia
2049 829 2277 893 verunt,
2310 824 2469 897 quia,
2500 831 2567 881 ut
2591 825 2673 882 ait
2698 827 3033 899 Apostolus.
3067 852 3095 879 ‹‹
3122 829 3357 902 Lingua:
3383 830 3440 885 in
3465 831 3702 904 signum

289 931 393 988 per
421 912 719 986 apostolos
744 930 1064 985 eorumque
1094 930 1463 981 successores
1491 913 1671 973 etiam
1700 915 1773 971 ad
1793 914 1944 970 litte-

292 1019 578 1062 remosse
608 1002 1413 1079 completa,.nullusignorat,
1446 1004 1763 1076 quieorum
1777 1006 1944 1060 actus

293 1091 391 1148 vel.
410 1091 561 1149 vitas
588 1090 748 1164 legit.
774 1090 889 1149 Sed
918 1108 988 1155 ex
1032 1090 1304 1165 pluribus
1351 1109 1542 1165 pauca
1588 1109 1942 1153 commemo-

295 1181 480 1244 randa
509 1186 670 1253 sunt,
701 1180 763 1237 in
786 1180 1223 1245 nomineenim-
1246 1181 1461 1239 Christi
1508 1182 1845 1255 frequenter
1873 1183 1947 1238 ab

299 1268 930 1342 obsessisvcorporibus
960 1269 1209 1347 apostoli
1239 1271 1526 1329 daemonia
1539 1271 1950 1343 ejecerunt,si-

298 1364 397 1415 cut
424 1358 672 1415 Paulum
719 1357 927 1415 fecisse
973 1357 1226 1430 legimus
1274 1359 1507 1432 quando
1557 1359 1771 1432 puella,
1823 1377 1949 1432 quae

299 1448 552 1504 habebat
580 1446 857 1519 spiritum
907 1447 1203 1520 pytlionis,
1257 1450 1616 1520 sequebatur
1664 1466 1798 1505 eum
1852 1466 1952 1521 per

300 1535 516 1592 multos
547 1536 675 1593 dies
705 1539 839 1606 (Act.
871 1543 1010 1604 xvx).
1045 1562 1072 1586 ‹‹
1105 1536 1319 1594 Dolens
1346 1542 1540 1594 autem
1576 1537 1691 1606 ille,
1723 1544 1781 1593 et
1815 1556 1950 1593 con—

297 1644 501 1682 versus
532 1624 763 1697 spiritui
797 1625 973 1681 dixit:
1026 1627 1088 1682 ln
1130 1627 1366 1683 nomine
1414 1628 1628 1684 Christi
1680 1628 1951 1700 praecipio

299 1715 427 1780 tibi,
461 1719 527 1769 ut
556 1713 879 1787 egrediaris
908 1714 980 1769 ab
1013 1730 1099 1769 ea.
1131 1736 1159 1765 ››
1196 1715 1260 1769 Et
1288 1715 1486 1772 statim
1508 1732 1653 1771 sana
1672 1716 1823 1771 facta
1842 1719 1949 1771 est.

297 1803 545 1877 Linguis
574 1802 757 1861 locuti
785 1808 925 1858 sunt
946 1803 1132 1870 novis,
1180 1819 1294 1858 non
1341 1804 1533 1860 solum
1582 1804 1829 1878 apostoli
1862 1802 1954 1859 die

295 1898 504 1949 sancto
535 1892 923 1954 Pentecostes,
957 1909 1093 1947 cum
1124 1893 1182 1947 in
1215 1892 1431 1965 linguis
1463 1893 1648 1966 igneis
1666 1895 1951 1966 Spiritum

294 1986 574 2051 sanctum
605 1987 977 2053 acceperunt,
990 1982 1089 2037 sed
1104 1981 1304 2045 etiam,
1319 1983 1471 2038 sicut
1485 1983 1540 2036 in
1559 1982 1800 2038 Actibus
1816 2000 1953 2055 apo-

294 2069 593 2127 stolorum
623 2069 875 2142 legimus
905 2070 1061 2133 (Ibid.
1096 2072 1179 2137 ιι),
1212 2088 1346 2126 cum
1378 2089 1480 2143 per
1518 2072 1953 2143 impositionem

291 2175 592 2220 manuum
621 2175 824 2215 eorum
854 2157 1137 2231 Spiritum
1167 2164 1438 2215 sanctum
1461 2159 1809 2232 accipereut,
1842 2160 1954 2215 lin-

290 2248 438 2321 guis
477 2246 871 2319 loquebantur
897 2252 955 2302 et
979 2246 1427 2319 prophetabant.
1467 2248 1776 2321 Serpentes
1806 2248 1955 2304 tule-

293 2340 462 2403 runt,
488 2336 643 2392 sicut
662 2334 909 2395 Paulum
938 2335 1269 2407 apostolum
1294 2335 1763 2408 legimusfecisse
1792 2336 1953 2397 (Ibid.

290 2430 487 2489 xvm),
512 2424 771 2496 quicum
802 2424 1132 2497 navigasset
1161 2424 1233 2479 ad
1266 2426 1563 2495 quandam
1598 2424 1875 2491 insulam,
1904 2430 1961 2481 et

290 2514 549 2571 collecta
559 2518 990 2569 sarmentorum
1005 2513 1379 2567 multitudine
1393 2513 1771 2585 imposuisset
1785 2530 1962 2585 super

291 2604 529 2676 ignem,
562 2600 756 2674 vipera
786 2600 1192 2674 acaloreignls
1205 2600 1689 2674 egressa,invasit
1715 2617 1959 2657 manum

291 2690 490 2746 illius.
526 2689 595 2745 Et
623 2706 757 2744 cum
808 2694 1082 2761 putarent
1128 2705 1262 2744 eum
1314 2689 1510 2745 subito
1558 2705 1855 2757 casurum,
1906 2695 1964 2744 et

289 2782 420 2836 cito
453 2778 834 2846 moriturum,
867 2779 992 2850 ipse
1022 2778 1321 2835 excutiens
1368 2795 1548 2834 manu
1595 2779 1867 2847 bestiam,
1902 2779 1961 2834 in

278 2872 507 2946 ignem
539 2867 804 2943 projecit,
836 2870 893 2923 et
923 2867 1069 2924 nihil
1101 2865 1242 2927 mali
1273 2867 1576 2924 sustinuit.
1599 2891 1626 2917 «
1660 2868 1787 2923 Etsi
1807 2884 1962 2924 mor-

288 2958 551 3017 tiferum
578 2955 717 3030 quid
748 2954 1025 3025 biberint,
1058 2973 1174 3012 non
1204 2956 1288 3012 eis
1332 2955 1580 3013 nosebit.
1617 2979 1643 3005 »
1689 2955 1962 3027 Legimus

290 3048 358 3104 in
395 3045 800 3105 ecclesiastica
827 3044 1080 3105 Historia
1108 3044 1342 3102 Eusebii
1372 3044 1764 3111 Caesariensis,
1790 3045 1966 3105 ,Joan-

293 3152 447 3196 nem
463 3133 822 3207 discipulum
836 3133 1089 3202 Domini,
1102 3138 1341 3206 prepter
1356 3132 1814 3206 insuperabilem
1833 3150 1967 3189 con-

2053 917 2213 981 sunt,
2247 931 2362 971 non
2393 914 2685 981 ﬁdelibus,
2719 917 2820 973 sed
2868 916 3204 975 inﬁdelibus
3251 920 3298 982 (ι
3330 920 3451 975 Cor.
3500 927 3639 986 xw).
3676 944 3703 972 »

2053 1002 2320 1068 Quotidie
2350 1020 2607 1075 namque
2636 1004 2892 1060 Ecclesia
2919 1005 3218 1079 spiritales
3245 1008 3705 1083 virtutesopera-

2054 1095 2170 1158 tur,
2203 1108 2352 1164 quas
2381 1109 2484 1165 per
2497 1092 2794 1165 apostolos
2809 1094 3104 1166 prioribus
3121 1098 3484 1169 temporibus
3501 1116 3707 1171 opera-

2056 1180 2248 1236 batur.
2285 1180 2347 1236 ln
2378 1181 2612 1239 nomine
2640 1182 2797 1238 enim
2827 1182 3045 1240 Christi
3075 1185 3364 1243 damonis
3391 1187 3708 1256 ejiciuntur

2059 1270 2245 1337 (Marc.
2291 1270 2427 1331 xvr).
2476 1285 2613 1326 cum
2662 1287 2765 1343 per
2810 1271 3206 1330 ministerium
3249 1276 3604 1333 sacerdotale
3652 1282 3709 1333 et

2058 1358 2307 1430 gratiam
2339 1357 2645 1414 exorcismi
2675 1359 2747 1414 ab
2777 1359 3011 1417 illorum
3068 1362 3386 1430 mentibus,
3412 1364 3587 1436 quiin
3613 1378 3709 1421 no-

2060 1446 2216 1503 mine
2230 1451 2446 1503 sanctre
2464 1447 2769 1504 Trinitatis
2786 1449 3177 1520 baptizantur,
3204 1452 3434 1508 illorum
3452 1459 3708 1526 potestas

2059 1536 2403 1591 excluditur.
2441 1536 2683 1609 Linguis
2712 1537 3036 1609 loquuntur
3063 1540 3229 1595 novis
3257 1541 3462 1609 (ωειλ),
3494 1542 3707 1600 cumhi

2060 1625 2161 1696 qui
2192 1630 2359 1680 erant
2386 1626 2647 1680 consueti
2666 1627 3004 1692 mendaciis,
3020 1629 3313 1700 perjuriis,
3338 1632 3708 1688 detractioni-

2063 1714 2194 1780 bus,
2228 1712 2761 1781 maledictionibus,
2793 1715 3082 1775 ad'Deum
3130 1717 3491 1776 laudandum
3521 1726 3577 1776 et
3606 1721 3710 1776 be-

2064 1799 2449 1855 nedicendum
2522 1807 2959 1857 convertuntur.
3025 1804 3093 1857 Et
3152 1821 3284 1859 cum
3333 1806 3713 1864 exhortantur

2066 1889 2377 1961 proximos,
2436 1888 2814 1946 consolantur
2878 1891 3160 1959 dolentes,
3229 1896 3554 1966 corripiunt
3607 1914 3714 1953 ne-

2062 1978 2367 2050 gligentes,
2400 1984 2829 2036 commutantes
2858 1980 3015 2036 labia
3045 1998 3173 2052 sua,
3191 1987 3248 2038 et
3275 1982 3633 2041 abstinentes
3646 2003 3715 2042 se

2064 2084 2097 2123 a
2128 2067 2282 2124 malo
2314 2071 2370 2122 et
2396 2085 2432 2123 a
2460 2085 2634 2139 pravo
2664 2069 2916 2141 eloquio,
2948 2071 3210 2127 dicentes
3234 2068 3367 2128 cum
3382 2073 3711 2130 Psalmista:

2062 2180 2092 2205 ‹‹
2127 2156 2276 2222 Dixi,
2310 2157 2635 2212 custodiam
2666 2157 2790 2213 vias
2820 2175 3003 2221 meas,
3037 2165 3101 2214 ut
3129 2176 3244 2216 non
3283 2161 3624 2235 delinquam
3654 2164 3715 2218 in

2065 2245 2269 2320 lingua
2299 2263 2427 2302 mea
2458 2246 2628 2311 (Psal.
2662 2250 2917 2314 xxxvm).
2956 2271 2977 2296 η
3014 2249 3082 2303 Et
3109 2249 3395 2307 iterum:«
3430 2252 3715 2318 Quoniam

2066 2335 2264 2390 omnia
2286 2334 2513 2404 judicia
2540 2335 2668 2405 ejus
2698 2335 2758 2391 in
2808 2343 3121 2409 conspectu
3175 2355 3324 2406 meo,
3375 2347 3432 2396 et
3452 2343 3717 2412 justitias

2067 2424 2195 2493 ejus
2227 2440 2340 2478 non
2372 2423 2555 2495 repuli
2588 2440 2621 2478 a
2652 2441 2745 2480 me
2776 2424 2943 2496 (Psal.
2967 2430 3126 2489 xvn).
3166 2451 3192 2475 υ
3223 2428 3291 2482 Et
3318 2445 3415 2484 ero
3436 2429 3719 2486 immacu-

2069 2514 2222 2568 latus
2253 2528 2387 2567 cum
2417 2529 2504 2579 eo,
2539 2517 2595 2567 et
2621 2514 2939 2570 observabo
2971 2532 3064 2570 me
3096 2517 3168 2571 ab
3216 2517 3527 2589 iniquitate
3566 2536 3715 2576 mea.

2069 2607 2329 2672 Cumque
2360 2602 2417 2656 in
2451 2601 2575 2655 suis
2605 2606 2661 2655 et
2689 2601 2899 2658 alienis
2929 2604 3205 2660 cordibus
3234 2606 3613 2679 cogitatienes
3632 2625 3721 2664 ve-

2071 2706 2322 2746 nenosas
2351 2694 2407 2744 et
2433 2689 2772 2745 immundae
2803 2691 3091 2747 dominari
3123 2694 3722 2769 non'sinunt,serpen-

2069 2784 2157 2835 tes
2188 2778 2466 2833 nimirum
2499 2778 2715 2849 pariter
2742 2778 2974 2835 tollunt.
3023 2780 3170 2836 Cum
3212 2798 3346 2838 vero
3376 2800 3410 2837 a
3439 2783 3721 2854 proximis

2070 2868 2245 2924 verba
2274 2865 2650 2923 detractionis
2680 2872 2735 2923 et
2765 2884 3034 2939 perversa
3061 2869 3310 2926 consilia
3337 2871 3589 2927 audin-nt
3618 2873 3718 2929 sed

2072 2973 2260 3028 usque
2290 2957 2362 3011 ad
2392 2955 2666 3012 allectum
2697 2957 2890 3028 operis
2919 2957 3005 3013 eis
3018 2960 3540 3027 nonconsentiunt,
3564 2977 3722 3017 mor-

2072 3046 2307 3101 tiferum
2338 3044 2634 3116 quoddam
2664 3044 2896 3116 bibunt,
2926 3046 3030 3101 sed
3060 3063 3177 3102 non
3216 3047 3301 3104 eis
3348 3054 3537 3105 nocet.
3584 3050 3722 3115 Qui-

2074 3150 2304 3206 cunque
2334 3133 2489 3189 enim
2521 3137 2621 3188 aut
2649 3134 2709 3189 in
2742 3134 2855 3190 fide
2884 3134 3115 3203 titubat,
3136 3140 3251 3193 ,aut
3278 3137 3339 3193 in
3367 3138 3522 3194 bono
3552 3155 3724 3211 opere

292 3222 596 3283 stantiam
628 3221 1060 3296 evangelizandi
1090 3239 1312 3279 veneno
1339 3226 1605 3294 potatum
1622 3238 1772 3289 esse,
1803 3226 1860 3278 et
1883 3208 2040 3278 ni-‘C
2079 3223 2352 3295 trepidat,
2387 3221 2641 3295 profecto
2671 3238 2823 3295 aeger
2859 3226 2949 3279 est
2994 3223 3212 3280 animo.
3265 3226 3542 3299 Quisquis
3578 3208 3726 3300 ergo

292 3313 386 3371 hil
426 3309 572 3367 mali
596 3328 835 3384 passum
862 3311 1063 3368 fuisse.
1097 3315 1161 3366 In
1189 3311 1412 3368 eisdem
1456 3328 1688 3383 quoque
1729 3312 1965 3368 Patrum

291 3400 530 3459 litteris
558 3401 849 3471 Barnabas
865 3399 1078 3476 legitur
1094 3401 1367 3457 eumdem
1382 3400 1746 3457 mortiferum
1763 3403 1967 3473 potum

289 3491 562 3558 bibisse,
594 3490 694 3545 sed
725 3488 931 3545 mortis
961 3487 1282 3560 periculum
1307 3505 1422 3544 non
1441 3488 1719 3545 sensisse.
1741 3490 1972 3562 «Super

288 3596 498 3655 aegros
530 3594 743 3635 manus
774 3578 1099 3651 imponent,
1131 3581 1188 3633 et
1216 3578 1363 3634 bene
1410 3577 1730 3634 habebunt.
1768 3602 1795 3628 ››
1844 3579 1968 3634 Non

292 3669 512 3727 solum
525 3685 629 3741 per
639 3666 872 3740 imposit
883 3667 1074 3724 ionem
1092 3683 1378 3723 manuum
1392 3666 1787 3739 apostolorum
1806 3667 1969 3724 inﬁr-

288 3760 421 3817 mis
459 3756 751 3815 redditam
781 3755 1033 3829 legimus
1064 3755 1397 3822 sanitatem,
1417 3756 1540 3823 sed,
1560 3756 1697 3812 utin
1728 3756 1970 3813 Actibus

287 3845 717 3923 apostolorum
762 3849 1035 3903 narratur
1062 3854 1202 3918 (cap.
1236 3856 1375 3917 xix),
1409 3846 1478 3902 de
1506 3844 1846 3918 corporibus
1876 3862 1970 3901 eo-

291 3954 441 3995 rum
476 3934 838 3992 tollebantur
867 3932 1105 3991 sudaria
1134 3938 1189 3989 et
1219 3930 1595 3999 snecintoria,
1628 3938 1874 4006 etsuper
1887 3934 1973 3990 in-

292 4029 518 4084 ﬁrmos
550 4024 937 4097 ponebantur,
970 4039 1074 4095 per
1100 4021 1325 4095 plateas
1356 4038 1588 4094 quoque
1604 4021 1974 4078 inlectuliset

290 4112 580 4190 grabatis
610 4113 904 4185 ponebant
931 4111 1186 4177 infimos,
1222 4116 1306 4177 ut,
1340 4110 1601 4167 veniente
1631 4110 1819 4178 Petro,
1856 4109 1971 4166 sal-

292 4210 427 4263 tem
467 4202 679 4257 umbra
696 4201 853 4258 illius
866 4201 1244 4259 obumbraret
1261 4216 1619 4272 quemquam
1637 4198 1893 4267 illorum,
1919 4203 1976 4255 et

297 4292 689 4355 sanabuntur
718 4308 751 4347 a
780 4306 1132 4363 quacunque
1174 4287 1513 4346 inﬁrmitate
1560 4288 1977 4345 detinebantur

297 4382 480 4454 (Ibid.
514 4380 595 4441 v).
624 4380 696 4445 Et
723 4379 952 4437 honest
981 4379 1137 4451 quod
1167 4378 1455 4435 Dominus
1494 4377 1632 4434 alibi
1684 4377 1978 4451 promittit

298 4474 554 4528 dicens:
590 4490 618 4518 «
650 4468 757 4535 Qui
787 4467 970 4525 credit
998 4468 1061 4525 in
1090 4484 1203 4534 me,
1237 4482 1412 4539 opera
1441 4483 1568 4539 qua:
1598 4482 1703 4540 ego
1733 4466 1901 4534 facio,
1920 4469 1978 4523 et

295 4562 441 4634 ipse
477 4557 672 4623 faciet,
704 4562 761 4614 et
806 4557 1034 4630 maJora
1078 4555 1292 4613 horum
1342 4554 1515 4611 faciet
1546 4555 1721 4629 (Joan.
1776 4555 1911 4616 xxv).
1947 4578 1975 4605 »
2008 4578 2055 4644 Β

298 4652 492 4706 Forte
522 4646 701 4719 etiam
724 4645 947 4723 aliquis
960 4644 1271 4702 dicitbanc
1283 4645 1548 4703 eamdem
1560 4645 1979 4721 gratiamnunc

291 4740 363 4796 in
398 4734 674 4801 Ecclesia
703 4753 819 4795 non
851 4751 1001 4803 esse,
1033 4735 1173 4807 quia
1200 4733 1412 4792 iisdem
1443 4732 1745 4790 miraculis
1775 4750 1981 4805 corpo-

298 4828 553 4885 ralibus
576 4841 699 4882 non
722 4829 1017 4891 coruscat.
1052 4822 1156 4880 Cui
1187 4823 1663 4899 respondendum
1703 4827 1793 4880 est
1822 4840 1979 4879 eam-

299 4919 449 4974 dem
486 4915 764 4991 virtutcm
795 4930 925 4973 esse
955 4930 1113 4973 nunc
1142 4913 1203 4969 in
1234 4911 1512 4979 Ecclesia,
1546 4930 1672 4985 quae
1686 4912 1981 4985 prioribus

297 5003 690 5089 temporibus
722 5004 851 5069 fuit.
883 5000 1982 5082 Quodveropriscistemporibussignis

303 5091 731 5168 corporalibus
761 5091 1332 5159 refulsit,seiendum
1360 5089 1603 5162 estquia
1616 5094 1680 5145 ut
1710 5089 1855 5146 ﬁdes
1869 5105 1987 5145 cre-

305 5187 517 5259 sceret
546 5182 607 5239 in
636 5182 868 5251 exordio
896 5180 1194 5239 nascentis
1222 5178 1509 5247 Ecclesia),
1538 5177 1838 5239 miraculis
1859 5196 1984 5235 eor-

305 5270 633 5347 poralibus
666 5270 978 5327 nutrienda
1005 5273 1149 5326 erat.
1183 5274 1247 5324 In
1278 5269 1387 5325 hoc
1416 5268 1573 5323 enim
1603 5267 1774 5340 signa
1803 5268 1987 5324 mira-

307 5380 387 5419 cu
397 5361 604 5429 lorum
616 5358 990 5435 manifestata
1000 5362 1231 5423 sunt,ut
1242 5355 1420 5413 corda
1430 5354 1752 5417 videntium
1764 5356 1838 5412 ad
1851 5355 1986 5413 visi-

307 5451 472 5519 bilia
501 5448 794 5521 credenda
820 5451 1183 5523 raperentur.
1216 5445 1379 5503 Sicut
1400 5443 1578 5511 enim,
1600 5444 1759 5507 verbi
1772 5444 1983 5517 gratia,

308 5555 467 5609 cum
520 5537 771 5597 arbusta
810 5537 1168 5611 plantamus,
1224 5534 1432 5592 tandiu
1479 5531 1564 5589 eis
1612 5532 1684 5588 ad
1732 5533 1987 5591 radicem

311 5643 551 5705 aquam
565 5620 1986 5704 fundimus,quousqueeaconvaluissevideamus,

2077 3311 2296 3369 talibus
2337 3311 2464 3367 ideo
2511 3312 2754 3367 verbum
2802 3312 3232 3384 praedicationis
3283 3315 3589 3387 impendit,
3638 3316 3727 3372 vel

2077 3400 2407 3473 exemplum
2441 3400 2577 3455 boni
2608 3399 2801 3472 operis
2819 3401 3093 3469 ostendit,
3127 3404 3728 3477 uteosinbonoopere

2079 3490 2369 3546 ﬁrmiores
2399 3488 2619 3557 reddat,
2653 3506 2830 3562 super
2858 3507 3043 3563 aegros
3092 3508 3305 3549 manus
3352 3491 3622 3566 imponit,
3666 3495 3732 3548 ut

2078 3580 2226 3635 bene
2255 3578 2527 3634 habeant.
2561 3578 2691 3633 Haac
2719 3582 2915 3635 autem
2947 3580 3115 3653 signa
3142 3582 3543 3653 tantomajora
3571 3586 3730 3650 sunt,

2080 3671 2299 3740 quanto
2345 3665 2704 3739 spiritualia:
2756 3672 2812 3723 et
2842 3671 3002 3724 tanto
3048 3668 3310 3738 meliora,
3363 3674 3581 3743 quanto
3630 3687 3734 3743 per

2079 3757 2200 3812 hinc
2230 3773 2344 3812 non
2376 3772 2623 3826 corpora
2647 3761 2931 3813 sanantur
2949 3757 3063 3815 cito
3076 3759 3379 3828 moritura,
3399 3760 3501 3816 sed
3522 3759 3732 3815 animis

2078 3845 2137 3900 in
2172 3850 2451 3900 aeternum
2480 3844 2734 3901 victurae.
2768 3845 2916 3901 Nam
2947 3846 3231 3903 exteriora
3259 3848 3431 3922 signa
3459 3865 3525 3904 eo
3549 3848 3735 3903 mino-

2081 3950 2203 3989 rem
2236 3933 2564 3989 mercedem
2595 3933 2655 3989 in
2689 3934 2883 3989 futuro
2914 3940 3271 4007 exspectant,
3305 3953 3420 4008 quo
3452 3938 3733 4009 majorem

2081 4021 2329 4094 gloriam
2362 4021 2420 4075 in
2452 4023 2721 4093 presenti
2738 4022 3053 4095 recipiunt:
3076 4025 3354 4081 interiora
3366 4029 3560 4083 autem
3574 4029 3733 4081 tanto

2084 4111 2365 4182 majorem
2396 4109 2644 4182 gloriam
2676 4109 2735 4165 in
2787 4112 2982 4167 l'uturo
3032 4112 3462 4184 praestolamur,
3516 4117 3734 4184 quanto

2084 4198 2283 4255 minus
2312 4198 2371 4252 in
2403 4198 2674 4269 praesenti
2706 4199 2778 4254 ab
2810 4199 3150 4256 hominibus
3172 4200 3465 4267 videntur,
3489 4200 3559 4255 Et
3588 4204 3738 4255 exte-

2084 4289 2239 4344 riora
2266 4286 2505 4361 quidem
2536 4286 2711 4342 etiam
2761 4287 2900 4343 mali
2947 4288 3163 4345 habere
3209 4294 3479 4362 possunt,
3530 4287 3736 4361 quales

2085 4376 2294 4434 dicturi
2325 4380 2495 4432 sunt:
2532 4399 2552 4424 ι
2587 4376 2852 4442 Domine,
2884 4376 3148 4446 Domine,
3182 4395 3376 4434 nonne
3406 4379 3466 4433 in
3496 4378 3736 4433 nomine

2084 4472 2182 4524 tuo
2240 4465 2738 4539 prophetavimus,
2796 4466 3085 4522 dazmonia
3130 4465 3435 4539 ejecimus,
3493 4465 3738 4521 virtutes

2086 4554 2304 4611 multas
2334 4554 2618 4611 fecimus?
2649 4577 2678 4605 »
2711 4553 2911 4627 (Matth.
2936 4556 3060 4617 vn.)
3092 4554 3317 4622 Quibus
3332 4555 3734 4628 respondetur:

2090 4669 2116 4694 ‹‹
2149 4646 2356 4715 Amen,
2388 4660 2555 4699 amen
2589 4643 2717 4700 dico
2746 4643 2929 4713 vobis,
2974 4643 3172 4701 nescio
3214 4662 3337 4700 vos.
3388 4642 3676 4699 Discedite
3698 4658 3740 4695 «a

2091 4752 2203 4803 me,
2236 4732 2486 4806 operarii
2516 4732 2847 4805 iniquitatis
2880 4756 2909 4783 »
2940 4733 3148 4806 (Ibid.).
3194 4734 3321 4789 Non
3368 4733 3525 4789 enim
3574 4735 3741 4788 curat

2090 4824 2245 4880 Deus
2275 4840 2378 4895 per
2408 4839 2555 4895 quos
2585 4822 2759 4878 faciat
2786 4823 3052 4898 virtutes,
3100 4828 3165 4877 ut
3213 4822 3393 4878 salvet
3441 4839 3541 4877 eos
3591 4837 3739 4893 quos

2091 4913 2150 4967 in
2181 4917 2526 4984 perpetuum
2563 4911 2685 4967 vult
2713 4911 2946 4968 habere.
2978 4912 3320 4984 Spirituales
3347 4927 3481 4967 vero
3512 4910 3613 4982 qui
3643 4909 3742 4966 ba-

2092 5002 2251 5067 bent,
2285 5000 2423 5056 mali
2453 5016 2582 5056 esse
2612 5018 2729 5056 non
2757 5006 3026 5072 possunt.

2164 5114 2191 5139 ‹‹
2222 5090 2291 5146 Et
2321 5090 2603 5145 Dominus
2625 5086 3643 5164 quidemJesus,postquamlocutus
3656 5089 3745 5143 est

2097 5202 2124 5230 «
2156 5178 2258 5248 eis,
2293 5182 2635 5250 assumptus
2664 5182 2753 5233 est
2780 5177 2841 5233 in
2873 5178 3105 5235 coelum.
3141 5202 3169 5229 »
3200 5179 3383 5253 Igitur
3429 5181 3744 5250 postquam

2093 5267 2379 5324 Dominus
2416 5267 2488 5322 ad
2537 5266 2975 5338 praedicandum
3024 5268 3400 5342 Evangelium
3450 5264 3746 5340 apostolos

2095 5355 2256 5413 omni
2284 5360 2560 5412 creaturae
2591 5355 2650 5410 in
2684 5357 2971 5412 mundum
2987 5357 3165 5426 misit,
3181 5355 3748 5431 postquamsignaet

2094 5446 2340 5502 virtutes
2368 5461 2467 5501 eos
2498 5444 2598 5517 qui
2627 5445 2906 5503 credituri
2935 5451 3102 5505 erant
3131 5447 3191 5502 in
3223 5447 3457 5502 nomine
3486 5445 3617 5516 ejus
3656 5457 3747 5498 se-

2097 5539 2337 5591 cuturas
2367 5532 2660 5607 promisit,
2676 5535 3012 5591 ascenditin
3029 5535 3261 5603 coelum,
3279 5528 3748 5592 ostendensilluc

2098 5640 2199 5682 eos
2229 5624 2582 5699 quandoque
2608 5640 2740 5682 esse
2766 5629 3065 5696 venturos,
3098 5640 3213 5701 quo
3225 5627 3585 5698 caputsuum
3606 5631 3752 5693 pm-
