3908 6172
390 350 507 411 54⁸7
955 343 1357 406 HAYMONIS
1404 342 1933 404 HALBERS'I‘A'I‘.

2166 342 2232 403 e.
2280 343 2453 405 ore.
2499 344 2703 406 PARS
2751 345 2826 406 ιι.
2862 303 2939 389 4
2969 346 3227 410 HOMIL.
3614 358 3706 418 διδ

392 481 637 536 οθεδῖεδὺ
671 481 1102 551 ευδιιυίίοὲνῡῐιῐ,
1136 476 1287 533 sicut
1320 478 1440 548 ipso
1484 478 1709 531 Patrem
1763 475 2040 548 postulat,
2073 477 2125 543 Α
2157 479 2252 531 tur
2283 493 2502 549 sponsa
2528 477 2584 533 in
2629 477 2883 535 Canticis
2933 479 3300 548 canticorum,
3348 499 3464 538 cum
3507 486 3704 546 diceret;

389 585 527 624 eum
570 568 741 622 dicit:
773 589 801 615 ‹‹
851 565 994 621 Volo
1042 566 1228 633 Pater,
1278 566 1470 620 utubi
1507 581 1614 637 ego
1660 582 1815 632 sum,
1863 564 1942 620 ibi
1989 569 2046 619 et
2155 589 2183 615 «
2217 566 2363 620 Ecce
2392 565 2500 620 iste
2538 565 2957 625 venitsaliens
2990 568 3047 622 in
3091 568 3392 638 montibus,
3436 575 3710 635 transiliens

389 656 660 711 minister
700 672 866 710 mens
915 654 1025 710 erit
1074 656 1263 725 (Joan.
1316 659 1435 721 xu).
1468 677 1497 705 »
1550 655 1621 709 Et
1661 655 1832 709 item:
1870 678 1896 703 «
1933 653 2039 710 Ubi
2153 653 2332 710 colles
2359 656 2537 723 (Cant.
2588 664 2650 719 ι).
2689 678 2717 704 ››
2759 656 2939 712 Hodie
2972 658 3123 711 facta
3166 662 3253 712 est
3291 675 3420 716 nova
3464 660 3630 719 latitia
3664 667 3708 722 in

388 745 564 801 fuerit
592 761 823 817 corpus,
850 743 986 799 illuc
1016 744 1525 816 congregabantur
1553 747 1609 798 et
1647 742 1855 815 aquilae
1886 747 2038 812 (Luc.
2151 742 2294 799 ccelo
2329 744 2691 816 angelorum,
2721 744 2859 816 quia
2888 745 3062 801 homo
3078 746 3328 818 perditus
3343 765 3436 820 per
3457 748 3710 813 Dominum

384 835 543 905 xvn).
582 856 609 883 »
655 834 978 889 Concordat
1022 836 1217 888 autem
1270 833 1455 888 Lucas
1504 832 1863 905 evangelista
1904 850 2038 889 cum
2150 837 2451 890 revocatus
2482 838 2571 889 est
2608 835 2680 889 ad
2711 850 2890 907 regna
2917 834 3223 890 cmlorumr
3257 836 3406 899 Quod
3436 844 3600 895 autem
3632 843 3709 912 ait,

386 924 481 979 his
504 922 713 989 verbis,
745 922 844 994 qui
875 938 1007 976 cum
1026 925 1290 977 narraret
1306 922 1620 977 Dominum
1640 921 1856 978 dixisse
1871 922 2039 978 disci-
2149 944 2177 971 «
2212 923 2280 977 Et
2301 923 2465 978 sedet
2495 939 2530 977 a
2553 923 2783 980 dextris
2801 923 2923 991 Dei,
2947 946 2973 973 ››
3001 941 3113 979 non
3135 924 3279 981 Deus
3292 924 3447 981 Pater
3473 928 3708 987 dexteram

2147 1008 2360 1065 habere
2390 1010 2717 1067 credendus
2745 1016 2836 1067 est
2860 1011 3017 1067 sicut
3036 1029 3162 1079 nos,
3182 1012 3281 1084 qui
3305 1013 3634 1087 incorporeus
3646 1024 3713 1074 est

2148 1102 2204 1153 et
2236 1099 2582 1169 immensus,
2618 1100 2721 1155 sed
2755 1103 2914 1156 totus
2944 1101 3163 1172 dexter,
3195 1101 3329 1173 quia
3352 1106 3499 1158 totus
3524 1110 3597 1160 est
3610 1123 3711 1162 san-

2146 1192 2296 1244 ctus.
2344 1189 2529 1261 Igitur
2570 1189 2630 1244 in
2680 1189 2918 1245 dextera
2965 1189 3086 1258 Dei,
3134 1190 3468 1263 mqualitatis
3511 1198 3713 1265 potentia

2142 1277 2505 1349 designatur.
2523 1279 2609 1334 Ad
2626 1279 2925 1334 dexteram
2937 1295 3074 1352 ergo
3086 1279 3183 1335 Dei
3205 1281 3394 1336 sedere
3409 1282 3710 1351 describitur,

2142 1366 2280 1438 quia
2306 1367 2628 1434 hominem,
2647 1383 2821 1440 quem
2840 1384 2909 1423 ex
2921 1368 3091 1424 nobis
3108 1371 3437 1442 assumpsit,
3456 1388 3547 1443 per
3562 1389 3714 1429 ascen-

2141 1456 2366 1511 sionem
2399 1455 2699 1512 Divinitati
2726 1456 2988 1524 sociavit,
3023 1458 3095 1512 de
3124 1474 3238 1530 quo
3269 1475 3366 1530 per
3408 1458 3713 1517 Psalmistam

2140 1545 2384 1600 dicitur:
2421 1568 2447 1595 «
2483 1544 2637 1600 Dixit
2666 1544 2952 1602 Dominus
2983 1545 3227 1602 Domino
3259 1548 3537 1615 meo,sede
3560 1566 3588 1604 a
3611 1551 3712 1605 dex-

2136 1634 2244 1689 tris
2274 1634 2441 1690 meis.
2474 1634 2666 1689 Donec
2707 1651 2922 1705 ponam
2971 1635 3244 1692 inimicos
3285 1640 3409 1693 tuos
3453 1637 3710 1693 scabellum

383 1012 563 1084 pulis,
590 1035 616 1061 ‹‹
651 1017 708 1067 et
738 1028 838 1067 vos
868 1011 1110 1082 quidem
1141 1010 1309 1066 eritis
1342 1010 1491 1067 mihi
1522 1015 1700 1067 testes
1722 1009 1779 1067 in
1809 1010 2040 1067 Jerusa-

382 1101 496 1157 lem
529 1105 585 1155 et
615 1100 673 1154 in
705 1100 862 1155 omni
893 1099 1094 1155 Judaaa
1121 1103 1179 1155 et
1208 1100 1494 1167 Samaria,
1515 1105 1573 1155 et
1592 1117 1779 1173 usque
1809 1102 1878 1156 ad
1902 1100 2035 1156 ulti-

381 1207 543 1245 mum
573 1193 740 1245 terrae
771 1189 905 1257 (Act.
936 1189 1001 1259 ι),
1025 1211 1052 1237 ››
1071 1188 1348 1244 continuo
1369 1189 1656 1260 adjunxit,
1677 1190 1896 1245 dicens:
1921 1192 2037 1245 «Et

381 1295 514 1334 cum
547 1278 657 1334 hoc
686 1277 950 1345 dixisset,
970 1277 1434 1334 videntibusillis
1450 1277 1711 1334 elevatus
1729 1283 1836 1344 est,
1856 1283 2030 1335 etnu-

378 1369 482 1423 bes
511 1366 771 1439 suscepit
799 1383 934 1422 eum
966 1367 1039 1422 ab
1070 1367 1256 1423 oculis
1275 1380 1476 1423 earum
1501 1368 1704 1439 (Ibid).
1730 1391 1756 1416 ››
1778 1368 1883 1423 Ubi
1900 1386 2032 1425 con-

379 1457 426 1511 si
436 1456 648 1511 derand
658 1473 757 1511 um
779 1456 1036 1527 est,quia
1047 1456 1332 1512 Dominus
1345 1456 1707 1513 accensionis
1724 1473 1842 1513 suae
1855 1460 2030 1513 testes

377 1551 433 1601 et
465 1561 851 1617 preecursores
883 1544 938 1599 in
969 1545 1158 1600 Veteri
1193 1547 1568 1602 Testamento
1591 1546 1805 1601 habere
1825 1545 2028 1615 voluit,

374 1652 561 1690 unum
593 1638 727 1689 ante
756 1633 963 1705 legem,
996 1642 1055 1690 et
1085 1633 1329 1690 alterum
1350 1636 1460 1690 sub
1484 1633 1632 1706 lege,
1654 1634 1851 1691 Enoch
1870 1635 2026 1691 scili-

294 1732 301 1747 ‘
374 1729 464 1778 cet
493 1727 552 1779 et
580 1723 762 1779 Eliam
786 1740 798 1777 :
836 1723 977 1795 quia
1008 1724 1161 1779 sicut
1189 1723 1315 1796 ipse
1341 1724 1557 1796 Joseph
1582 1725 1873 1795 venditus,
1919 1730 2024 1780 Do-

2135 1723 2349 1793 pedum
2381 1727 2617 1777 tuorum
2651 1724 2816 1793 (Psal.
2852 1724 2988 1794 CIX).
3024 1746 3051 1773 »
3084 1724 3250 1780 Sicut
3276 1724 3424 1781 enim
3444 1724 3495 1780 in
3527 1726 3713 1782 sinistra

284 1870 293 1880 ,
374 1812 517 1868 mini
550 1812 940 1867 venditionem
984 1829 1050 1867 ac
1092 1812 1424 1884 passionem
1472 1812 1885 1884 przeﬁguravit,
1940 1814 2025 1869 sic
2055 1847 2100 1910 Β
2135 1810 2361 1882 reprobi
2390 1811 2642 1883 ponendi
2672 1816 2827 1868 sunt.
2866 1812 2947 1866 ita
2979 1814 3051 1867 ad
3086 1813 3376 1869 dexteram
3418 1814 3580 1883 electi,
3618 1816 3711 1886 ipso

373 1902 568 1957 Enoch
600 1900 939 1967 translatus,
959 1905 1017 1956 et
1046 1901 1200 1956 Elias
1221 1918 1393 1955 curru
1429 1901 1596 1973 igneo
1614 1902 2019 1972 raptus,illum
2056 1898 2099 1910 "
2122 1898 2323 1969 judice
2354 1903 2519 1967 teste,
2553 1899 2650 1971 qui
2687 1900 2797 1955 ait:
2826 1900 3117 1955 «'Statuet
3153 1901 3381 1973 quidem
3413 1919 3531 1957 oves
3553 1920 3582 1957 a
3605 1903 3712 1957 dex-

372 1992 909 2064 praaliguraverunt,
942 1989 1040 2060 qui
1073 2006 1251 2061 super
1272 2006 1475 2044 omnes
1493 1989 1667 2044 caelos
1681 1997 1804 2045 erat
1817 2008 2019 2048 ascen-

371 2097 566 2134 surus.
601 2079 670 2133 Et
703 2078 784 2133 illi
818 2077 1053 2149 quidem
1089 2082 1154 2132 ut
1180 2078 1307 2149 puri
1342 2078 1608 2134 homines
1640 2080 1870 2135 sarcina
1886 2097 2016 2152 pec-

370 2173 631 2224 catorum
665 2167 909 2239 gravati,
942 2165 1159 2221 auxilio
1180 2166 1557 2239 indiguerunt
1575 2168 2011 2240 angelorum,in

370 2257 601 2329 regione
633 2255 883 2327 quadam
904 2255 1200 2311 secretiori
1222 2256 1665 2324 transferentur,
1694 2274 1806 2312 non
1826 2258 2016 2313 fundi-

369 2351 463 2401 tus
490 2345 733 2400 mortem
784 2344 1053 2411 vitantes,
1110 2345 1207 2400 sed
1251 2345 1322 2400 ad
1375 2348 1609 2418 tempus
1659 2345 2010 2404 diﬂ‘erentcs.

366 2434 527 2490 Unde
559 2452 713 2489 unus
746 2432 1248 2497 translatus,alter
1264 2451 1392 2488 vero
1414 2438 2009 2506 raptusmemoratur.

366 2522 649 2578 Dominus
678 2526 874 2577 autem
906 2522 1078 2576 Jesus
1107 2522 1394 2590 Christus,
1419 2539 1593 2593 quem
1610 2523 1769 2579 nulla
1800 2530 2013 2581 morta-

364 2611 498 2666 litas
529 2610 919 2682 corruptionis
949 2611 1244 2682 gravabat,
1275 2628 1385 2664 non
1422 2610 1674 2683 indiguit
1703 2614 1760 2667 in
1807 2631 2008 2670 ascen-

363 2701 525 2756 sione
554 2699 770 2755 auxilio
801 2698 1165 2772 angelorum,
1198 2699 1295 2771 qui
1328 2701 1562 2771 propria
1583 2701 1797 2756 virtute
1830 2718 2006 2773 pene-

362 2791 536 2844 travit
565 2788 683 2844 alta
713 2788 1012 2855 caelorum,
1063 2788 1215 2843 sicut
1263 2789 1387 2859 ipse
1435 2788 1494 2843 in
1544 2790 1852 2863 Evangelia
1892 2792 2002 2848 ait:

362 2902 389 2927 ‹‹
418 2879 598 2934 Nemo
629 2877 894 2933 ascendit
941 2877 999 2932 in
1032 2876 1265 2944 emtum,
1317 2877 1430 2932 nisi
1462 2879 1560 2949 qui
1608 2880 1907 2936 descendit
1936 2882 2005 2938 de

361 2967 502 3021 cmlo
533 2965 714 3021 Filius
746 2965 1025 3031 hominis,
1062 2966 1159 3038 qui
1193 2971 1281 3022 est
1310 2966 1368 3021 in
1413 2966 1556 3022 cmlo
1602 2968 1781 3040 (Joan.
1832 2970 1937 3041 ιιι).
1972 2993 1999 3021 ››

358 3056 426 3110 Et
448 3071 550 3127 per
566 3054 910 3127 Prophetam
929 3073 942 3109 :
964 3078 990 3104 «
1007 3054 1171 3110 Nunc
1189 3072 1522 3127 exsurgam,
1543 3056 1682 3112 dicit
1696 3058 2000 3131 Dominus,

355 3161 511 3199 nunc
543 3143 897 3214 exsultabor,
930 3161 1086 3198 nunc
1126 3144 1490 3201 sublimabor
1540 3147 1664 3217 (Isa.
1715 3151 1935 3216 xxxm).
1972 3170 2001 3197 ››

2129 1989 2257 2054 tris,
2319 1985 2517 2044 haedos
2574 1993 2770 2045 autem
2820 2006 2855 2043 a
2906 1989 3167 2045 sinistris
3226 1990 3423 2063 (Matth.
3455 1991 3583 2062 xxv).
3612 2012 3634 2039 »
3680 1993 3712 2045 A

2128 2077 2346 2132 dextris
2377 2076 2556 2149 igitur
2586 2077 2685 2133 Dei
2718 2078 2917 2132 sedere
2948 2078 3189 2146 dicitur,
3222 2082 3287 2132 ut
3314 2077 3409 2145 ibi,
3440 2095 3496 2134 se
3522 2083 3714 2134 ventura

2125 2166 2366 2221 credant
2395 2183 2523 2221 esse
2550 2167 2836 2231 membra,
2871 2183 2986 2238 quo
3000 2168 3714 2239 caputsuumaudiuntpra-

2125 2254 2391 2323 cessisse,
2424 2255 2579 2311 sicut
2608 2272 2711 2327 per
2738 2254 3079 2327 Apostolum
3115 2255 3356 2311 dicitur:
3390 2281 3416 2304 «
3439 2256 3493 2312 Si
3520 2273 3712 2313 consur-

2124 2343 2355 2399 rexistis
2388 2362 2520 2399 cum
2550 2344 2800 2409 Christo,
2835 2362 2963 2416 qua:
2985 2362 3226 2400 sursum
3242 2346 3709 2417 suntquterite,ubi

2121 2433 2390 2489 Christus
2420 2438 2509 2489 est
2549 2433 2609 2488 in
2649 2434 2886 2488 dextera
2935 2433 3033 2488 Dei
3067 2434 3283 2490 sedens
3330 2436 3532 2506 (Coloss.
3575 2440 3660 2501 In).
3686 2460 3706 2483 η

2120 2523 2406 2585 Ουωτίίιιιι
2462 2529 2657 2577 autem
2718 2539 2900 2593 quare
2949 2522 3184 2579 Marcus
3234 2523 3403 2595 dicat,
3455 2548 3479 2573 ‹‹
3511 2525 3655 2580 Sedet
3686 2541 3709 2578 a

2120 2611 2338 2665 dextris
2365 2611 2486 2675 Dei,
2521 2634 2547 2661 »
2582 2628 2714 2666 cum
2747 2611 3080 2683 Stephanus
3112 2613 3356 2669 referat:
3379 2636 3406 2661 ‹‹
3438 2615 3565 2669 Ecce
3582 2610 3708 2666 video

2118 2699 2291 2755 cmlos
2321 2704 2571 2770 apertos,
2605 2706 2663 2755 et
2690 2700 2894 2755 Jesnm
2928 2704 3182 2757 stantem
3215 2720 3250 2757 a
3279 2702 3484 2758 dextris
3499 2702 3585 2757 Dei
3602 2702 3705 2769 (.lct.

2115 2792 2238 2859 vn).
2274 2810 2303 2838 »
2336 2788 2483 2852 Quid
2514 2794 2602 2843 est
2626 2789 2778 2861 quod
2814 2788 2924 2844 iste
2954 2789 3110 2844 hunc
3143 2791 3461 2857 sedentem,
3492 2788 3575 2844 ille
3606 2804 3706 2841 vero

2115 2881 2370 2933 stantem
2401 2882 2861 2945 commemorat;
2879 2878 2992 2933 nisi
3026 2879 3171 2950 quia
3220 2880 3415 2936 sedere
3463 2876 3708 2951 regnantis

2115 2972 2223 3034 est,
2260 2971 2414 3022 stare
2443 2970 2637 3022 autem
2671 2966 2990 3038 pugnantis
3018 2967 3105 3021 vel
3129 2967 3498 3039 adjuvantis‘?
3524 2967 3708 3022 Marcus

2112 3072 2245 3112 vero
2276 3060 2409 3128 post
2464 3056 2863 3111 ascensionem
2914 3055 3071 3111 hunc
3113 3058 3415 3113 sedentem
3462 3052 3708 3117 deetribit,

2113 3144 2252 3217 quia
2285 3162 2438 3200 nunc
2471 3160 2605 3199 cum
2638 3144 3054 3215 Patrejudicat
3082 3147 3305 3212 omnia,
3340 3147 3406 3201 ad
3437 3150 3707 3200 extremum

353 3232 459 3289 Ubi
493 3233 817 3288 notandum
849 3236 940 3288 est
988 3231 1126 3303 quia
1164 3249 1268 3303 per
1315 3215 1674 3289 incrementa
1722 3215 2001 3307 temporis
2032 3215 2075 3282 C
2104 3215 2287 3305 judcx
2319 3239 2407 3288 est
2437 3233 2699 3288 omnium
2746 3237 3050 3288 venturus.
3095 3234 3431 3307 Stephanus
3478 3238 3642 3290 autem
3665 3231 3707 3284 in

352 3322 650 3377 munditia
675 3322 925 3377 excrevit
964 3320 1269 3389 castitatis,
1308 3322 1478 3393 juxta
1506 3321 1650 3377 illud
1701 3325 1855 3395 quod
1901 3343 2002 3396 per

348 3408 648 3467 Danielem
674 3410 888 3464 dicitur
905 3413 1046 3480 (cap.
1072 3412 1200 3477 x11):
1229 3433 1255 3459 ‹‹
1278 3409 1719 3466 Pertransibunt
1737 3411 1997 3484 plurimi,

349 3504 405 3552 et
439 3497 741 3569 multiplex
770 3497 1183 3552 eritscientia.
1222 3522 1248 3546 ››
1300 3498 1611 3555 Transitus
1657 3505 1748 3554 est
1777 3502 1995 3572 Enoch,

350 3586 449 3657 qui
482 3602 586 3657 per
628 3585 848 3640 coitum
898 3585 1151 3657 genitus,
1185 3590 1241 3641 et
1272 3604 1376 3659 per
1421 3587 1637 3643 coitum
1688 3604 1993 3661 generans,

348 3690 587 3729 uxorem
619 3677 674 3727 et
708 3672 859 3728 ﬁlios
892 3673 1167 3728 habuisse
1199 3673 1430 3747 legitur.
1460 3675 1684 3746 Raptus
1716 3682 1803 3733 est
1819 3678 1993 3746 Elias,

347 3780 451 3835 per
478 3762 696 3817 coitum
728 3761 982 3834 genitus,
1000 3778 1111 3816 non
1130 3769 1322 3819 tamen
1336 3780 1438 3835 per
1455 3764 1669 3820 coitum
1687 3783 1993 3839 generans,

348 3850 625 3923 quoniam
657 3865 895 3905 uxorem
927 3855 984 3906 et
1014 3849 1164 3905 filios
1187 3851 1464 3907 habuisse
1488 3870 1599 3909 non
1618 3853 1847 3929 legitur.
1868 3859 1992 3914 Non

344 3939 622 3996 tamenin
655 3938 868 3995 ccnlum
901 3939 1238 4010 azthereum,
1286 3942 1386 3997 sed
1438 3942 1633 4014 potius
1682 3944 1741 3999 in
1775 3963 1989 4002 aerem.

342 4031 700 4101 Assumptus
730 4032 818 4085 est
846 4034 1043 4085 autem
1069 4030 1354 4086 Dominus
1384 4033 1554 4089 Jesus
1577 4032 1865 4101 Christus,
1892 4037 1992 4108 qui

344 4118 551 4175 mortis
582 4117 879 4191 superavit
900 4121 1218 4187 auctorem,
1240 4137 1344 4177 nec
1362 4136 1466 4193 per
1486 4121 1703 4178 coitum
1731 4126 1987 4196 genitus,

341 4224 447 4264 nec
479 4225 580 4281 per
610 4207 827 4263 coitum
858 4224 1165 4280 generans,
1214 4226 1330 4265 non
1379 4209 1437 4264 in
1471 4211 1681 4267 crelum
1730 4230 1986 4283 aereum,

339 4297 440 4352 sed
473 4297 531 4352 in
561 4296 771 4352 coelum
803 4298 1136 4352 azthereum.
1172 4299 1277 4364 Qui
1300 4299 1990 4371 genitusestanteomnia

340 4384 553 4442 saecula
581 4387 651 4441 de
681 4387 847 4442 Patre
875 4386 1003 4442 sine
1035 4391 1240 4456 matre,
1275 4392 1332 4442 et
1364 4392 1537 4449 natus
1586 4393 1673 4445 est
1705 4390 1774 4447 de
1804 4396 1988 4449 matre

336 4475 464 4529 sine
495 4478 677 4546 patre,
711 4474 769 4529 in
805 4477 916 4530 [ine
971 4474 1341 4530 saeculorum.
1390 4475 1514 4531 Non
1559 4477 1749 4533 solum
1799 4481 1984 4535 sancti

2111 3322 2428 3378 certamine
2455 3322 2702 3394 positus,
2722 3326 2977 3377 stantem
2996 3339 3133 3378 eum
3146 3324 3318 3394 vidit,
3345 3340 3508 3396 quem
3530 3321 3711 3391 adjuto-

2108 3428 2230 3466 rem
2264 3411 2537 3483 sumpsit,
2564 3410 2705 3483 quia
2732 3410 2828 3465 ille
2860 3428 2962 3483 pro
2993 3411 3292 3484 Stephano
3318 3411 3612 3486 pugnabat,
3631 3407 3706 3481 qui

2108 3499 2157 3555 ei
2190 3504 2253 3555 ut
2281 3500 2534 3555 vinceret
2564 3499 2941 3556 retribuebat.

2179 3589 2325 3644 «Illi
2384 3593 2577 3644 autem
2637 3589 2879 3661 profecti
2936 3590 3397 3662 praedicaverunt
3454 3590 3707 3662 ubique.»

2106 3679 2567 3734 Prmdicaverunt
2598 3695 2851 3750 namque
2883 3678 3117 3751 ubique,
3157 3685 3223 3735 ut
3254 3679 3581 3753 impleretur
3607 3693 3708 3748 pro-

2104 3768 2319 3840 phetia,
2354 3785 2478 3839 quae
2512 3767 2680 3823 dicit:
2717 3791 2743 3817 «
2778 3767 2837 3822 In
2870 3784 3106 3823 omnem
3135 3772 3356 3825 terram
3377 3768 3539 3825 exivit
3564 3780 3710 3823 sonus

2103 3873 2326 3926 eorum,
2361 3856 2498 3912 etin
2529 3857 2675 3912 fines
2705 3857 2863 3913 orbis
2897 3862 3060 3913 terra:
3099 3858 3283 3914 verba
3332 3875 3523 3914 eorum
3570 3854 3709 3929 (Psal.

2101 3946 2281 4018 xvm).
2318 3968 2345 3994 »
2377 3946 2445 4000 Et
2475 3946 2721 4001 iterum:
2756 3968 2782 3995 (ί
2816 3946 2942 4000 Non
2973 3950 3112 4001 sunt
3139 3946 3389 4020 loquelae
3425 3962 3594 4019 neque
3615 3959 3709 4000 ser-

2102 4051 2328 4107 mones,
2362 4051 2610 4107 quorum
2645 4052 2761 4090 non
2792 4033 3105 4090 audiantur
3132 4052 3308 4092 voces
3330 4053 3521 4093 eorum
3553 4031 3709 4105 (Ibidm

2099 4124 2214 4179 Nec
2246 4126 2575 4195 putandum
2602 4126 2709 4191 est,
2745 4124 2898 4195 quod
2933 4123 3133 4178 statim
3155 4131 3292 4196 post
3313 4123 3535 4181 Domini
3550 4136 3712 4178 ascen-

2100 4211 2323 4268 sionem
2356 4212 2573 4283 ubique
2588 4212 2660 4267 ad
2675 4211 3107 4284 praedicandum
3124 4213 3246 4268 sint
3260 4214 3449 4282 missi,
3474 4212 3710 4282 sedjuxta

2099 4301 2331 4356 Domini
2353 4300 2685 4373 jussionem
2717 4305 3062 4357 manserunt
3092 4300 3425 4370 incivitate,
3444 4310 3709 4374 quousque

2095 4390 2311 4446 virtute
2340 4390 2724 4446 induerentur
2750 4406 2818 4446 ex
2840 4389 2975 4446 alto.
3001 4390 3325 4463 Postquam
3352 4391 3593 4465 Spiritus
3607 4404 3711 4444 san-

2096 4478 2173 4535 cti
2196 4479 2348 4535 dona
2378 4482 2783 4551 perceperunt,
2815 4479 3071 4551 primum
3102 4479 3327 4537 Judaeis
3357 4481 3585 4536 verbum
3627 4473 3707 4530 Dei

338 4563 537 4618 Patres
568 4563 934 4618 Dominieam
949 4565 1351 4620 ascensionem
1366 4566 1646 4638 exemplis
1658 4568 1989 4640 przeﬁgura-
2017 4583 2063 4647 Ι)
2098 4568 2612 4635 annuntiaverunt,
2646 4572 2712 4623 ut
2741 4567 2860 4623 illis
2874 4585 2989 4624 non
3006 4570 3405 4635 credentibus,
3413 4565 3709 4641 justeﬁeret

334 4655 562 4719 verunt,
596 4653 697 4706 sed
744 4653 919 4707 etiam
960 4653 1153 4707 verbis
1212 4653 1622 4724 prmdixerunt.
1674 4655 1769 4710 Ait
1826 4656 1982 4713 enim

338 4741 542 4796 David:
579 4766 605 4790 ‹‹
641 4740 902 4796 Exaltare
932 4758 1110 4813 super
1139 4742 1313 4797 caelos
1344 4746 1519 4811 Deus,
1550 4747 1607 4799 et
1634 4761 1811 4816 super
1857 4764 1981 4802 om-

334 4846 466 4885 nem
527 4834 740 4886 terram
793 4830 981 4903 gloria
1036 4834 1139 4885 tua
1197 4832 1368 4899 (Psal.
1430 4833 1561 4903 va).
1612 4855 1641 4885 »
1691 4838 1758 4889 Et
1808 4834 1977 4891 item:

336 4940 363 4967 (ι
398 4920 670 4974 Ascendit
701 4919 853 4975 Deus
885 4919 941 4974 in
964 4918 1337 4991 jubilatione,
1372 4924 1429 4975 et
1461 4921 1744 4979 Dominus
1766 4922 1823 4978 in
1845 4941 1982 4981 voce

332 5005 483 5059 tuba
513 5008 684 5077 (Psul.
718 5013 889 5076 XLVI).
927 5034 954 5059 »
987 5010 1055 5063 Et
1085 5007 1252 5065 alibi:
1289 5033 1315 5057 ‹‹
1345 5011 1754 5067 Ascendensin
1772 5012 1978 5081 altum,

331 5094 619 5164 captivam
651 5096 818 5150 duxit
837 5097 1254 5167 captivitatem,
1290 5098 1449 5154 dedit
1478 5100 1981 5159 donahominibus

329 5182 734 5252 (Ephes.1v).»
784 5184 961 5239 Hodie
1021 5187 1178 5240 enim
1230 5188 1519 5259 patefacta
1566 5194 1656 5245 est
1705 5191 1980 5248 omnibus

321 5269 508 5341 janua
538 5272 700 5344 regni
732 5271 1029 5339 caelorum,
1065 5274 1204 5345 quia
1229 5275 1403 5331 homo
1426 5295 1459 5333 a
1482 5277 1596 5334 Deo
1613 5286 1976 5352 assumptus,

329 5358 591 5415 ascendit
611 5376 788 5432 super
802 5377 1006 5416 omnes
1017 5363 1263 5420 virtutes
1278 5366 1616 5439 angelorum
1630 5412 1643 5436 ,
1664 5369 1879 5425 Psalmi
1888 5376 1980 5427 sta
2038 5433 2048 5442 _

328 5451 602 5514 testante,
636 5449 735 5520 qui
768 5449 878 5504 ait:
913 5474 939 5499 «
975 5452 1044 5505 Et
1073 5453 1335 5508 ascendit
1365 5471 1541 5527 super
1575 5456 1889 5513 Cherubim
1922 5463 1980 5515 et

324 5535 555 5605 volavit,
585 5538 795 5593 volavit
825 5555 1002 5612 super
1031 5556 1253 5614 pennas
1269 5548 1575 5601 ventorum
1595 5546 1761 5607 (Psal.
1782 5548 1975 5610 xvn).»

324 5626 627 5691 Hodierna
653 5628 1012 5690 ascensionis
1042 5628 1401 5707 singularem
1428 5632 1688 5694 volatum
1722 5636 1975 5696 miraba-

2094 4658 2165 4713 ad
2199 4662 2399 4730 gentes
2418 4656 2878 4729 transmigratio,
2902 4657 3053 4713 sicut
3069 4658 3179 4730 ipsi
3198 4657 3500 4714 dixerunt:
3523 4680 3549 4704 ‹‹
3569 4650 3707 4709 Vobis

2092 4746 2330 4818 quidem
2363 4749 2699 4818 Oportuerat
2728 4745 2984 4818 primum
3018 4745 3179 4819 loqui
3209 4747 3453 4803 verbum
3481 4742 3570 4802 Dei
3593 4744 3706 4816 (Act.

2091 4837 2233 4904 xm).
2269 4857 2297 4884 »
2330 4834 2494 4890 Unde
2521 4833 2661 4890 olim
2693 4851 2827 4890 cum
2861 4835 3198 4908 praediceret
3228 4836 3511 4909 propheta
3538 4834 3707 4905 gentes

2092 4923 2536 4996 coneorporalcs
2564 4928 2622 4979 et
2651 4923 2980 4980 cohaeredes
3014 4925 3137 4979 ﬁeri
3167 4923 3435 4981 Ecclesia:
3464 4922 3581 4989 Dei,
3616 4917 3703 4973 ait:

2092 5037 2120 5064 ‹‹
2156 5014 2367 5068 Parum
2401 5016 2489 5068 est
2520 5016 2586 5067 ut
2609 5011 2692 5069 sis
2709 5011 3070 5070 mihiservus
3083 5014 3151 5069 ad
3170 5013 3537 5070 suscitandas
3550 5008 3705 5064 tribus

2091 5102 2291 5168 Jacob,
2350 5106 2408 5156 et
2468 5101 2618 5156 feces
2669 5099 2847 5156 Israel
2897 5104 3338 5159 convertendae.
3375 5125 3403 5153 »
3452 5101 3516 5155 Et
3559 5098 3703 5152 item:

2095 5214 2122 5244 «
2155 5190 2293 5246 Dedi
2329 5194 2381 5245 te
2412 5190 2472 5245 in
2505 5188 2693 5245 lucem
2725 5190 3013 5262 gentium.
3048 5214 3077 5241 »
3110 5191 3175 5247 Et
3206 5207 3478 5247 rursum:
3523 5212 3547 5237 α
3580 5187 3704 5241 Lon-

2090 5296 2194 5351 gos
2227 5280 2316 5335 fac
2346 5278 2640 5334 funiculos
2669 5282 2824 5346 tuos,
2857 5283 2916 5334 et
2946 5279 3136 5336 clavos
3153 5285 3285 5337 tuos
3309 5269 3700 5336 consolida.Ad

2091 5371 2385 5425 dexteram
2415 5368 2569 5424 enim
2603 5371 2659 5422 et
2671 5368 2892 5423 Laevam
2906 5369 3258 5440 penetrabis,
3279 5374 3339 5424 et
3351 5383 3542 5425 semen
3559 5368 3701 5419 tuum

2089 5462 2291 5532 gentes
2321 5456 2690 5513 haereditabit
2746 5457 2873 5526 (Isa.
2936 5475 3082 5528 xux,
3129 5475 3263 5527 xui,
3312 5458 3444 5529 Liv).
3478 5478 3504 5505 »
3558 5452 3618 5508 Et
3642 5463 3702 5503 ne

2088 5552 2326 5622 putares
2357 5545 2651 5619 apostolos
2684 5546 2753 5601 ad
2788 5547 3223 5618 praedicandum
3241 5547 3459 5618 ubique
3481 5544 3704 5612 Evange-

2088 5636 2232 5696 lium
2263 5635 2503 5695 idoneos
2524 5650 2633 5692 sua
2644 5634 2854 5694 virtute
2865 5652 3014 5715 csse,
3029 5635 3379 5716 evangelista
3394 5648 3514 5697 rem
3529 5641 3700 5690 neces.
