3908 6172
264 347 357 405 Sit)

1442 336 1792 399 HUMILUE
1839 339 1937 397 DIE
1983 336 2147 398 'I‘EM
2161 340 2383 399 POItE.

3497 348 3617 409 550

263 474 445 530 sariam
476 469 746 541 adjunxit,
780 468 981 525 dicens
1015 486 1028 524 :
1066 492 1092 518 ››
1125 470 1368 525 Domino
1425 473 1767 542 cooperante
1807 474 1862 526 et
1892 474 1948 540 Α
1981 492 2007 518 ‹‹
2039 469 2243 526 Jesum
2271 470 2569 526 Christum
2605 471 2916 527 Dominum
2940 477 3314 531 nostrum.Ex
3344 481 3618 536 omnibus

260 577 550 621 sermonem
588 559 967 615 confirmante
997 560 1379 632 sequentibus
1408 558 1614 631 signis.
1652 582 1679 607 ››
1710 559 1860 615 Con-

262 650 482 709 firmavit
510 647 785 704 Dominus
817 665 1144 704 sermonem
1161 647 1556 721 apostolorum
1573 648 1866 720 sequenti-

259 742 357 797 bus
383 737 570 812 signis,
602 738 834 810 quando
864 755 967 810 per
994 753 1093 793 eos
1141 737 1279 793 talia
1322 736 1489 810 signa
1529 741 1586 794 et
1621 737 1865 794 virtutes

258 828 500 895 ostendit,
531 830 592 881 ut
620 825 818 882 nullus
849 827 1175 883 doctrinam
1206 844 1408 883 eorum
1462 844 1531 882 ex
1573 827 1689 882 Deo
1737 843 1867 883 esse

257 917 538 983 dubitaret,
553 916 651 987 qui
665 915 813 970 mira
840 915 1253 988 conspiciebat.
1266 914 1573 971 Taliavero
1585 915 1868 990 signaper

253 1024 340 1063 eos
366 1006 583 1069 fecit,ut
613 1005 786 1061 etiam
802 1004 1040 1078 quidam
1072 1008 1471 1077 persecutores
1491 1009 1549 1061 et
1578 1005 1869 1061 contradi-

254 1101 417 1152 ctores
445 1094 769 1166 compuncti
801 1095 1103 1151 crederent
1138 1110 1151 1149 :
1184 1098 1249 1149 ut
1276 1095 1417 1149 dum
1450 1093 1865 1151 unusresusci-

250 1188 451 1240 teretur
476 1182 868 1255 corporaliter,
886 1182 1055 1239 multi
1079 1182 1567 1241 resuscitarentur
1589 1182 1868 1256 spiritali-

250 1278 420 1329 terzet
445 1272 595 1335 dum.
613 1290 767 1328 unus
797 1276 1104 1329 sanaretur
1131 1272 1189 1328 in
1222 1272 1667 1345 corpore,multi
1698 1290 1867 1328 sana-

248 1366 429 1417 rentur
455 1361 512 1416 in
542 1360 759 1417 anima.
790 1362 901 1417 Sed
930 1361 1041 1434 ipsi
1072 1361 1317 1434 apostoli
1350 1378 1677 1418 sermonem
1694 1380 1867 1418 suum

248 1452 737 1518 conﬁrmaverunt,
782 1451 899 1507 Deo
968 1468 1166 1507 secum
1213 1455 1577 1523 cooperante,
1631 1452 1867 1523 quando

245 1541 380 1611 quod
411 1538 537 1595 aliis
569 1539 1030 1612 praedicaverunt
1057 1539 1451 1612 verbis,prius
1480 1539 1871 1613 impleverunt

245 1628 1058 1701 cperibus.Confirmatautem
1091 1629 1291 1683 doctor
1319 1646 1493 1684 suum
1516 1645 1867 1697 sermonem,

243 1718 457 1789 quando
485 1718 643 1790 quod
675 1717 821 1773 alios
852 1718 1181 1791 docet,ipse
1199 1718 1362 1791 prius
1395 1735 1566 1790 opere
1596 1716 1867 1790 complet:

242 1806 390 1861 illum
422 1807 643 1862 bonum
676 1808 970 1861 doctorem
1004 1807 1263 1873 imitans,
1298 1807 1369 1861 de
1418 1825 1532 1879 quo
1580 1807 1865 1879 scriptum

242 1901 318 1951 est
347 1913 359 1951 :
396 1920 421 1946 «
451 1896 637 1968 Coepit
665 1895 836 1951 Jcsus
869 1896 1053 1951 facere
1082 1900 1138 1950 et
1166 1896 1369 1951 docere
1402 1900 1532 1960 (Act.
1567 1898 1627 1959 ι).
1665 1919 1691 1945 ››

757 2083 1061 2139 HOMILIA
1099 2083 1311 2139 XCVII.

456 2207 741 2246 DOMINICA
780 2207 919 2246 POST
955 2207 1343 2247 ASCENSIONEM
1383 2208 1609 2247 DOMINI.

296 2341 341 2404 (Ι
370 2343 539 2398 Pera.
585 2341 679 2406 Iv).
713 2366 739 2393 ‹‹
775 2341 1113 2400 Charissimi
1152 2362 1164 2411 ;
1200 2343 1391 2399 Estote
1438 2345 1775 2416 prudentes,
1817 2351 1874 2401 et

238 2432 490 2504 «vigilate
522 2432 591 2487 in
622 2432 1050 2488 orationibus.»
1066 2433 1135 2488 Et
1156 2432 1398 2504 reliqua.
1421 2433 1871 2505 Apostolicanos

233 2522 409 2589 verba,
426 2522 642 2578 fratres
656 2521 1010 2588 charissimi,
1028 2522 1396 2577 considerare
1410 2527 1654 2595 oportet,
1672 2540 1799 2595 qua:
1814 2524 1871 2579 in

236 2612 483 2681 przesenti
517 2610 775 2666 lectione
806 2610 1042 2665 beatum
1068 2610 1297 2666 Petrum
1332 2628 1437 2667 nos
1460 2613 1871 2668 admonentem

234 2704 390 2771 atque
418 2700 734 2756 docentem
755 2698 1105 2755 audivimus.
1124 2722 1151 2749 «
1169 2701 1362 2755 Estote
1392 2701 1587 2772 itaque
1617 2703 1871 2773 pruden-

236 2792 329 2855 tes,
358 2793 414 2844 et
440 2786 688 2862 vigilate
717 2788 775 2843 in
806 2787 1187 2844 orationibus.
1224 2811 1252 2837 ››
1283 2787 1650 2861 Complentes
1702 2806 1873 2862 opere

234 2893 292 2932 ea
318 2894 439 2951 quae
468 2882 621 2934 sunt
647 2876 708 2932 in
738 2875 1046 2950 Evangelio
1076 2877 1311 2950 scripta.

298 2971 500 3023 «Ante
531 2965 742 3023 omnia
771 2969 967 3021 autem
1016 2970 1281 3022 mutuam
1333 2966 1392 3021 in
1440 2966 1875 3039 vobismetipsis

236 3076 259 3101 «ι
289 3054 637 3112 eharitatem
669 3054 1005 3110 continuam
1046 3054 1347 3112 habentes.
1382 3055 1510 3110 Haec
1559 3055 1713 3111 enim
1747 3072 1871 3111 ma-

227 3142 313 3211 jor
358 3160 483 3201 esse
531 3142 820 3199 omnibus
874 3142 1191 3199 virtutibus
1235 3143 1511 3199 creditur.
1545 3143 1690 3210 Quia
1737 3144 1874 3199 cha-

1974 559 2145 614 bonis
2177 576 2304 632 quae
2337 560 2491 616 Deus
2521 560 2793 617 humana:
2826 561 3033 617 tribuit
3061 562 3620 638 largitati,ipsisem-

1974 664 2076 720 per
2104 649 2177 703 ab
2210 648 2547 706 hominibus
2578 649 2708 706 laus
2732 655 2789 706 et
2808 651 3127 723 gratiarum
3147 653 3296 710 actio
3320 656 3619 723 referatur,

1976 740 2039 791 ut
2067 737 2272 793 exinde
2301 738 2480 794 vitam
2512 743 2788 795 aeternam
2811 739 2868 796 in
2900 758 2967 797 ea
2996 740 3239 798 laudum
3272 745 3621 816 gratiarum-

1976 843 2088 898 que
2119 827 2347 883 actione
2377 827 2556 900 digna
2593 834 3003 900 permanentes
3045 831 3467 901 observatione,
3502 851 3622 890 mc-

1976 919 2231 971 reantur.
2250 917 2384 973 Ideo
2415 934 2649 974 necesse
2681 923 2873 985 est,ut
2903 920 3117 992 saepius
3148 922 3474 995 cogitemus
3488 940 3626 995 qua-

1975 1004 2060 1060 les
2090 1004 2271 1060 futuri
2289 1020 2496 1062 sumus
2512 1006 2572 1061 in
2592 1006 2918 1079 diejudicii,
2936 1008 3623 1085 purissimisangelorum

1977 1094 2389 1167 conspectibus
2418 1095 2720 1165 oﬁ‘erendi,
2734 1100 2791 1153 et
2819 1102 3031 1154 esterno
3043 1098 3231 1169 judici
3254 1099 3539 1157 rationem
3553 1102 3626 1157 de

1977 1182 2143 1239 libris
2175 1183 2545 1240 conscientia:
2577 1185 3156 1244 reddituri.Remotis
3181 1187 3624 1245 omnibuscnim

1977 1272 2359 1343 probationis,
2390 1277 2618 1329 certum
2650 1278 2741 1330 est
2769 1274 2830 1329 in
2861 1276 2957 1331 die
2984 1274 3087 1331 Illa
3116 1277 3313 1348 ipsum
3371 1281 3505 1334 ante
3563 1295 3625 1335 se

1976 1360 2277 1417 hominem
2304 1362 2803 1429 constituendum,
2819 1363 3074 1436 etipsam
3098 1364 3209 1421 sibi
3225 1365 3481 1422 animam
3497 1384 3624 1423 cor-

1976 1450 2069 1504 dis
2101 1450 2336 1522 speculo
2366 1451 2906 1520 demonstrandam,
2941 1457 2997 1509 et
3026 1458 3204 1509 testes
3244 1458 3446 1510 contra
3492 1472 3623 1512 eam

1977 1555 2091 1594 non
2125 1538 2196 1593 de
2229 1537 2371 1594 foris
2400 1538 2655 1606 aliunde,
2690 1540 2789 1596 sed
2819 1539 2979 1596 intus
3010 1542 3080 1597 de
3113 1543 3623 1616 semetipsaperfe-

1979 1626 2561 1698 rendos.Adjicienda
2591 1632 2762 1684 erunt
2794 1646 2906 1684 non
2939 1629 3137 1702 aliqua
3167 1632 3491 1705 peregrina,
3521 1635 3622 1689 sed

1979 1716 2179 1771 omnia
2210 1716 2548 1772 testimonia
2578 1721 2732 1785 nota,
2758 1717 2814 1772 id
2848 1723 2935 1773 est
2965 1736 3139 1791 opera
3160 1738 3286 1776 sua.
3305 1722 3623 1779 Vincamus

1977 1819 2115 1875 ergo
2144 1802 2470 1875 voluptates
2498 1808 2555 1859 et
2586 1804 2938 1861 intentiones
2972 1812 3223 1874 nostras,
3264 1810 3405 1865 dum
3456 1812 3624 1866 nobis

1981 1895 2214 1964 tempus
2228 1891 2370 1947 illud
2387 1893 2957 1965 exspectatissimum
2972 1913 3038 1950 ac
3051 1896 3459 1954 beatissimum
3476 1900 3623 1955 felici

1982 1981 2307 2037 mutatione
2339 1986 2565 2038 aeternas
2588 1982 2716 2038 vita:
2740 1985 3017 2051 succedit,
3033 1987 3268 2057 quando
3290 1987 3629 2060 implebitur

1981 2069 2126 2124 illud
2159 2071 2315 2141 quod
2347 2070 2630 2127 Dominus
2661 2072 2799 2127 dicit
2832 2090 2844 2127 :
2875 2074 3057 2129 Erunt
3087 2074 3354 2132 homines
3405 2076 3630 2134 similes

1983 2158 2207 2231 angelis
2238 2159 2457 2215 sanctis
2473 2158 2654 2219 (Marc.
2671 2162 2862 2232 xn).In
2895 2163 3149 2219 assiduis
3181 2165 3336 2220 enim
3370 2166 3624 2237 ﬂetibus,

1984 2248 2042 2302 in
2073 2248 2415 2320 quotidiana
2462 2251 2649 2306 simus
2697 2256 2897 2307 nostra
2946 2252 3307 2324 pmnitantia,
3342 2255 3629 2312 habemus

1983 2338 2341 2393 sacerdotem
2376 2338 2434 2392 in
2481 2338 2663 2409 cmlis,
2692 2340 2791 2412 qui
2840 2340 3173 2413 interpellat
3202 2360 3305 2415 pro
3336 2345 3527 2412 nobis,
3560 2346 3630 2401 de

1982 2443 2098 2498 quo
2124 2427 2299 2482 etiam
2332 2444 2434 2499 per
2462 2428 2748 2484 Joannem
2799 2429 3017 2485 dicitur
3049 2448 3061 2486 :
3098 2456 3125 2481 ιι
3160 2431 3219 2487 Si
3252 2432 3386 2504 quis
3426 2451 3628 2506 pecca-

1982 2514 2143 2583 verit,
2160 2517 2505 2572 atlvocatum
2521 2516 2808 2573 habemus
2822 2535 2997 2591 apum
3014 2520 3239 2575 Patrem
3252 2520 3454 2577 Jesum
3468 2523 3630 2578 Chri-

1984 2608 2140 2659 stum
2164 2605 2419 2674 justum,
2452 2610 2510 2659 et
2539 2606 2663 2677 ipse
2709 2612 2797 2662 est
2845 2607 3177 2679 propitiatio
3226 2625 3331 2680 pro
3376 2612 3631 2682 peccatis

1985 2693 2201 2748 nostris
2246 2695 2294 2758 (Ι
2326 2696 2480 2749 Joan.
2535 2698 2677 2757 11).»
2710 2696 2852 2750 Ecce
2909 2696 3160 2751 exsultat
3218 2699 3457 2753 animus
3497 2716 3631 2755 cum

1984 2781 2243 2837 advocati
2278 2782 2461 2839 nostri
2510 2783 2831 2855 potentiam
2869 2784 3163 2856 audimus,
3179 2786 3280 2841 sed
3297 2787 3632 2843 exsultatio-

1984 2886 2118 2926 nem
2154 2875 2413 2927 nostram
2445 2872 2658 2927 iterum
2691 2873 2984 2928 remordet
3005 2872 3196 2944 timor,
3226 2875 3365 2946 quia
3395 2876 3520 2948 ipse
3534 2876 3634 2948 qui

1986 2959 2117 3013 nobi
2153 2960 2469 3019 advocatus
2490 2964 2597 3029 est,
2633 2961 2848 3017 dicitur
2863 2963 3084 3033 justus.
3100 2964 3215 3019 Nos
3244 2964 3400 3020 enim
3424 2982 3633 3022 causas

1984 3048 2285 3119 injustitiae
2326 3050 2630 3119 habemus,
2637 3051 2841 3121 justus
2870 3068 3006 3107 vero
3035 3052 3354 3110 advocatus
3384 3054 3634 3126 injustas

1985 3154 2195 3192 causas
2225 3137 2387 3193 nullo
2418 3139 2590 3194 modo
2622 3139 2886 3212 suscipit,
2904 3156 3009 3196 nec
3036 3142 3214 3197 verba
3243 3143 3379 3198 dare
3410 3161 3514 3216 pro
3544 3145 3635 3199 in-

234 3230 363 3287 ritas
392 3233 591 3305 operit
634 3230 1073 3287 multitudinem
1132 3236 1525 3304 peccatorum.
1563 3256 1589 3282 ››
1620 3234 1870 3289 Suorum
1904 3218 1946 3285 C
1976 3226 2211 3297 justitia
2241 3228 2548 3283 consentit
2574 3228 2718 3292 QUid
2753 3245 2887 3301 ergo
2918 3229 3390 3310 agimus,fratres
3412 3232 3635 3289 charis-

231 3319 479 3376 videlicet
507 3325 566 3376 et
607 3319 787 3387 illius,
802 3336 976 3391 quem
1008 3338 1109 3392 per
1137 3338 1307 3377 suam
1330 3322 1657 3377 doctrinam
1672 3324 1742 3378 ad
1758 3340 1876 3379 me-

232 3406 420 3464 liorem
449 3408 813 3465 converterit
838 3409 1038 3466 vitam.

293 3521 316 3545 u
352 3497 694 3572 Hospitales
724 3497 969 3553 invicem
999 3500 1126 3554 sine
1159 3500 1640 3558 murmuratione.
1666 3524 1693 3553 »
1721 3502 1877 3557 Mur-

233 3588 466 3643 muratio
505 3586 679 3643 enim
728 3586 902 3642 noxia
948 3592 1035 3642 est
1084 3589 1362 3660 operibus
1410 3590 1598 3647 bonis.
1632 3592 1703 3646 Et
1748 3592 1878 3647 ideo

229 3696 251 3721 «
282 3673 527 3731 hilarem
563 3676 837 3732 datorem
869 3676 1011 3733 dicit
1047 3677 1363 3750 Apostolus
1412 3679 1650 3753 diligere
1694 3681 1877 3735 Deum

230 3763 296 3827 (ll
323 3765 439 3820 Cor.
471 3764 580 3827 Ix).
623 3786 652 3814 ››

290 3875 314 3901 ‹‹
346 3853 778 3927 Unusquisque
808 3855 960 3910 sicut
990 3856 1211 3927 accepit
1248 3857 1517 3929 gratiam,
1550 3857 1608 3911 in
1658 3857 1878 3914 alteru-

229 3963 251 3987 «
266 3944 410 3997 trum
425 3942 603 3998 illam
620 3942 1119 4009 administrantes,
1136 3944 1430 3999 sicutboni
1445 3945 1878 4017 dispensatores

227 4052 249 4077 ‹‹
283 4031 673 4088 multiformis
715 4033 913 4104 gratiae
955 4032 1077 4088 Dei.
1110 4055 1138 4085 »
1172 4033 1389 4090 Dantes
1430 4039 1666 4106 propter
1693 4035 1875 4091 Deum

229 4121 447 4191 propria
474 4122 802 4194 diligenter
831 4121 1253 4194 indigentibus.

286 4232 311 4257 (ι
344 4210 401 4265 Si
434 4210 576 4283 quis
618 4208 897 4282 lopuitur,
923 4210 1091 4281 quasi
1141 4227 1443 4267 sermones
1482 4212 1602 4268 Dei.
1641 4235 1667 4262 ››
1698 4214 1759 4268 Id
1791 4216 1880 4268 est

226 4299 283 4349 ut
308 4315 419 4354 non
442 4299 825 4373 negligenter
843 4298 940 4371 qui
961 4299 1237 4371 praedicat
1258 4305 1609 4374 praeceptum
1624 4302 1746 4369 Dei,
1761 4301 1878 4358 Deo

227 4390 601 4457 reputet,non
634 4385 1126 4459 sibimetipsi,sed
1158 4389 1327 4460 quasi
1358 4406 1661 4447 sermones
1680 4390 1780 4446 Dei
1795 4390 1877 4446 lo-

227 4480 537 4549 quatur,ut
568 4494 693 4534 non
728 4476 987 4532 humano
1010 4493 1186 4533 sensu
1209 4492 1276 4532 ea
1288 4493 1414 4550 quae
1426 4477 1880 4535 studeatintelli-

224 4577 346 4635 gere
373 4568 718 4624 secundum
767 4565 1061 4622 carnalem
1110 4564 1332 4623 scilicet
1374 4567 1745 4641 sapientiam,
1777 4571 1874 4625 sed
1910 4590 1957 4653 Β

226 4657 549 4712 secundum
584 4656 743 4729 quod
766 4656 1020 4728 Spiritus
1051 4660 1291 4712 sanctus
1319 4655 1574 4725 dictavit,
1608 4674 1676 4713 eo
1706 4659 1879 4714 modo

227 4740 621 4811 spiritualiter
649 4761 718 4801 ea
746 4744 1069 4818 intelligere
1087 4745 1323 4801 studeat
1334 4749 1391 4801 et
1402 4746 1677 4818 operibus
1691 4747 1878 4803 adim-

225 4829 390 4899 plere.
1508 4834 1522 4841 ’

291 4944 316 4968 α
350 4922 408 4977 Si
441 4924 589 4996 quis
607 4923 923 4988 ministrat,
938 4926 1220 4995 tanquam
1244 4939 1311 4978 ex
1332 4923 1563 4992 virtute,
1581 4941 1756 4997 quam
1773 4925 1880 4981 ad-

226 5031 251 5055 ‹‹
281 5012 590 5068 ministrat
624 5018 792 5069 Deus.
814 5036 842 5061 ››
865 5012 938 5067 Ut
968 5011 1167 5067 omnia
1197 5012 1294 5067 Dei
1324 5012 1878 5087 donadivinzerepu-

225 5099 299 5150 tet
325 5101 840 5174 gratiamibilque
870 5102 997 5157 suis
1028 5101 1161 5173 quis
1192 5101 1417 5157 meritis
1462 5103 1673 5158 audeat
1697 5103 1881 5175 depu-

225 5187 340 5242 tare
373 5207 386 5244 :
421 5190 571 5262 quia
605 5191 824 5247 bonum
855 5190 1142 5263 quidquid
1174 5195 1263 5246 est
1299 5190 1358 5245 in
1392 5190 1647 5259 homine,
1681 5209 1749 5247 ex
1780 5192 1880 5247 Dci

231 5275 455 5333 tantum
492 5283 592 5334 est
621 5279 973 5352 operatione,
990 5296 1103 5335 non
1129 5296 1197 5335 ex
1213 5279 1475 5334 humana
1495 5280 1880 5352 sapientiavel

223 5362 458 5422 virtute:
476 5366 790 5424 humiliter
818 5373 1014 5424 tamen
1036 5369 1374 5441 impendere
1395 5369 1677 5424 debemus
1693 5369 1880 5441 proxi-

228 5452 334 5505 mis
363 5455 596 5511 bonum
619 5458 770 5529 quod
789 5457 1097 5524 habemus,
1113 5457 1251 5529 quia
1264 5455 1484 5512 scimus
1497 5473 1611 5512 non
1631 5474 1699 5512 ex
1711 5458 1882 5514 nobis

226 5555 348 5597 esse
377 5559 517 5615 quae
549 5546 875 5615 suntbona,
910 5545 1008 5602 sed
1041 5561 1110 5601 ex
1157 5545 1253 5600 Dei
1306 5550 1533 5601 tantum
1583 5546 1881 5617 pervenire

229 5631 490 5704 gratia”
542 5632 621 5695 Ut
657 5633 714 5697 in
767 5635 1043 5701 omnibus
1094 5634 1510 5713 honoriﬁcetur
1560 5634 1733 5707 Deus,
1777 5652 1884 5715 per

1988 3315 2169 3370 simi?
2196 3317 2305 3372 Sed
2336 3334 2465 3372 ecce
2497 3316 2749 3373 occurrit
2780 3318 2976 3374 animo
3007 3320 3164 3391 quod
3196 3322 3636 3393 agamus.Mala

1988 3422 2114 3477 quae
2142 3407 2477 3473 fecimus,et
2498 3408 2840 3462 deseramus
2868 3411 2926 3463 et
2955 3410 3634 3482 accusemus.Scriptum

1987 3499 2076 3550 est
2110 3511 2122 3549 ς
2159 3518 2186 3545 ‹‹
2218 3495 2426 3551 Justus
2458 3497 2514 3550 in
2548 3496 2836 3567 principio
2866 3502 3167 3553 accusator
3201 3503 3289 3554 est
3327 3499 3421 3555 sui
3453 3502 3632 3562 (Prov.

1987 3592 2167 3653 xvm).
2206 3608 2235 3633 »
2266 3584 2517 3653 Quilibet
2545 3586 2763 3641 etenim
2790 3590 3058 3657 peccator
3086 3604 3399 3644 conversus
3427 3589 3486 3643 in
3537 3590 3635 3644 fle-

1988 3671 2164 3741 tibus,
2172 3675 2296 3746 jam
2321 3675 2523 3745 justus
2572 3692 2701 3731 esse
2743 3674 2999 3744 inchoat,
3032 3692 3165 3732 cum
3212 3678 3447 3750 coeperit
3478 3694 3641 3734 accu-

1989 3779 2117 3817 sare
2145 3763 2299 3834 quod
2336 3762 2486 3818 fecit.
2522 3763 2638 3819 Cur
2668 3764 2824 3819 enim
2850 3767 2976 3837 jam
3005 3767 3209 3836 justus
3252 3785 3366 3823 non
3417 3767 3519 3834 sit,
3538 3768 3638 3839 qui

1987 3855 2191 3905 contra
2222 3868 2390 3907 suam
2424 3852 2778 3923 injustitiam
2804 3855 2929 3925 jam
2962 3871 3067 3926 per
3100 3855 3389 3929 lacrymas
3438 3857 3638 3913 smvit?

1986 3939 2196 3994 Justus
2226 3939 2407 4012 igitur
2427 3942 2742 3997 advocatus
2775 3948 2992 4009 noster,
2998 3944 3195 4013 justos
3226 3963 3338 4001 non
3371 3947 3641 4002 defendet

1986 4026 2046 4081 in
2069 4027 2315 4098 judicio,
2337 4029 2477 4099 quia
2507 4030 2899 4101 nosmetipsos
2929 4036 2986 4086 et
3014 4033 3422 4104 cognoscimus
3452 4039 3511 4089 et
3539 4051 3636 4090 ac-

1987 4132 2264 4171 cusamus
2294 4117 2568 4188 injustos.
2602 4118 2728 4173 Non
2759 4135 2895 4191 ergo
2925 4120 2984 4174 in
3016 4114 3399 4188 iletibus,non
3420 4122 3477 4176 in
3500 4124 3638 4176 acti-

1987 4206 2098 4261 bus
2162 4205 2401 4273 nostris,
2450 4206 2549 4261 sed
2598 4206 2658 4260 in
2727 4208 2990 4263 advocati
3052 4208 3235 4263 nostri
3296 4208 3637 4265 allevatione

1986 4292 2373 4362 confidamus,
2406 4294 2507 4367 qui
2537 4294 2676 4351 vivit
2705 4301 2761 4351 et
2790 4300 2997 4369 regnat
3026 4298 3085 4352 in
3134 4296 3345 4353 saacula
3393 4296 3633 4352 saeculo-

1986 4399 2139 4452 rum,
2170 4399 2360 4439 amen.

2512 4528 2815 4585 HOMILIA
2854 4528 3096 4585 XCVIII.

2231 4633 2507 4674 DOMINICA
2548 4635 2687 4674 POST
2722 4635 3116 4675 ASCENSIONEM
3157 4636 3381 4676 DOMINI.

2062 4742 2253 4811 (JOAN.
2309 4760 2401 4811 xv,
2435 4744 2571 4815 xw).
2611 4767 2632 4793 α
2671 4743 2732 4799 In
2788 4743 2887 4798 illo
2936 4748 3218 4817 tempore,
3272 4744 3415 4799 dixit
3461 4744 3636 4801 Jesus

1991 4854 2018 4881 ‹‹
2051 4831 2355 4904 discipulis
2389 4833 2703 4888 suis:Cum
2726 4833 2946 4889 venerit
2975 4832 3305 4889 Paracletus
3337 4850 3510 4907 quem
3530 4851 3636 4908 ego

1995 4944 2016 4969 ι
2054 4921 2284 4976 mittam
2318 4922 2482 4977 vobis
2514 4939 2548 4978 a
2578 4922 2744 4977 Patre
2774 4922 3056 4994 Spiritum
3089 4921 3368 4979 veritatis.
3406 4946 3433 4972 ››
3457 4924 3525 4979 Et
3557 4940 3639 4979 re-

1989 5008 2169 5081 liqua.
2201 5010 2262 5065 In
2286 5010 2489 5071 multis
2507 5010 2647 5065 locis
2664 5009 2957 5083 Evangelii
2974 5010 3243 5083 legimus,
3261 5013 3415 5084 quod
3430 5030 3497 5069 ea
3510 5030 3638 5085 qua:

1992 5098 2189 5153 minus
2220 5098 2467 5170 apostoli
2498 5099 2568 5153 de
2591 5098 2941 5169 perfectione
2972 5098 3285 5167 habebant,
3320 5117 3420 5173 per
3458 5100 3638 5173 Spiri-

1990 5192 2088 5242 tus
2121 5188 2306 5243 sancti
2340 5187 2652 5242 adventum
2671 5188 2949 5243 Dominus
2971 5205 3035 5246 se
3056 5190 3331 5246 daturum
3364 5190 3642 5262 promise-

1992 5277 2067 5331 rit
2100 5294 2112 5331 :
2147 5276 2519 5333 manifestius
2549 5280 2742 5331 tamen
2772 5276 2833 5332 in
2864 5280 3099 5335 exordio
3142 5279 3412 5336 lectionis
3460 5279 3640 5351 hujus

1992 5383 2105 5421 non
2138 5366 2329 5421 solum
2363 5366 2635 5421 eumdem
2648 5366 2931 5439 Spiritum
2946 5369 3316 5442 repromittit.
3339 5370 3439 5424 sed
3458 5370 3639 5424 etiam

1992 5456 2145 5527 quod
2175 5454 2365 5527 ipsius
2389 5455 2541 5509 dono
2569 5456 2639 5511 ad
2662 5456 3102 5529 praedicandum
3120 5457 3496 5531 Evangelium
3516 5456 3640 5512 ido-

1992 5543 2084 5600 nei
2134 5544 2413 5599 reddendi
2463 5550 2678 5615 essent,
2713 5545 2993 5617 declarat,
3026 5563 3161 5603 cum
3210 5547 3356 5602 dicit
3389 5562 3457 5601 :«
3493 5545 3638 5599 Cum

1993 5658 2020 5689 ‹‹
2045 5633 2264 5695 venerit
2291 5634 2644 5711 Paracletus,
2662 5654 2836 5713 quem
2863 5653 2968 5715 ego
2998 5638 3228 5698 mittam
3250 5631 3640 5698 vobisaPatre
