4050 6174
468 346 586 405 5δὸ
1028 345 1437 409 HAYMONIS
1482 347 2023 408 IlALBERSTAT.
2073 345 2311 406 EPlSC.
2360 347 2532 407 OPP.
2580 346 2777 408 PARS
2823 346 2899 408 ll.
2931 381 3007 390 —
3039 346 3303 410 HOMIL.

542 503 569 530 α
603 477 807 534 Adhuc
840 477 1219 546 modicum,et
1246 481 1750 552 mundusmejam
1772 496 1885 535 non
1904 478 2114 534 videt.»
2145 480 2195 546 Α
2230 484 2317 534 est
2349 480 2498 534 Patri
2533 484 2589 535 et
2614 480 2857 552 Spiritui
2890 485 3110 549 sancto,
3142 481 3212 536 ad
3241 485 3497 537 aeternam
3537 482 3796 542 beatitudi-

473 568 769 627 Modicum
801 572 925 625 erat
954 585 1145 641 usque
1176 570 1245 625 ad
1272 573 1505 642 tempus
1537 568 1772 641 expletas
1805 567 2116 641 passionis,

470 675 542 715 ex
568 674 685 730 quo
715 657 882 714 illum
916 658 1145 731 reprobi
1174 658 1367 714 videre
1398 675 1514 715 non
1563 658 1853 714 valebant.
1885 658 2003 714 Soli
2034 662 2118 715 et-

471 748 627 804 enim
637 747 914 820 justi,qui
929 752 1114 803 morte
1128 745 1286 803 illius
1299 752 1465 803 erant
1477 748 2118 820 contristati,gaudium

472 836 919 894 resurrectionis
951 838 1079 908 ejus
1107 836 1301 892 videre
1332 843 1693 893 meruerunt.
1723 861 1750 887 «
1787 838 1901 893 Vos
1924 841 2121 893 autem

477 948 506 977 ‹‹
536 925 743 983 videtis
773 942 885 994 me,
919 925 1058 999 quia
1088 942 1193 998 ego
1223 926 1368 992 vivo,
1403 932 1461 983 et
1501 944 1601 983 vos
1650 927 1873 983 vivetis.
1909 948 1935 978 υ
1972 925 2119 990 Quid

474 1018 561 1072 est
594 1015 748 1087 quod
780 1030 885 1087 ego
913 1014 1063 1081 vivo,
1097 1020 1153 1070 et
1181 1032 1284 1071 vos
1318 1016 1515 1072 vivetis
1537 1016 1564 1071 Ἰ
1595 1016 1710 1071 Cur
1747 1016 1816 1071 de
1849 1016 2120 1089 praesenti

474 1120 537 1160 se
567 1102 714 1161 dixit
742 1103 955 1171 vivere,
976 1102 1107 1159 illos
1138 1109 1332 1161 autem
1360 1106 1430 1160 de
1461 1106 1655 1161 futuro
1685 1122 1813 1161 esse
1844 1106 2118 1171 victuros,

472 1192 586 1248 nisi
618 1191 793 1248 etiam
822 1192 1002 1249 vitam
1034 1193 1247 1262 carnis,
1286 1194 1484 1266 utique
1515 1195 1894 1268 resurgentis,
1930 1194 2123 1267 qualis

471 1281 532 1337 in
562 1280 690 1355 ipso
723 1283 1170 1354 praecedebat,et
1189 1282 1307 1339 illis
1324 1289 1411 1339 est
1435 1282 1729 1357 pollicitus
1760 1283 2123 1341 secuturam?

472 1370 542 1427 Et
570 1369 710 1443 quia
744 1370 930 1443 ipsius
962 1389 1094 1427 mox
1129 1373 1324 1429 futura
1366 1375 1553 1428 fuerat
1584 1373 1948 1444 resurrectio,
1985 1390 2126 1445 pra:-

474 1460 661 1517 sentis
693 1462 889 1533 posuit
920 1462 1200 1534 temporis
1228 1462 1491 1529 verbum,
1527 1467 1761 1535 propter
1793 1463 2125 1535 signiﬁcan-

473 1548 610 1604 dam
643 1547 1035 1605 celeritatem:
1073 1548 1303 1605 illorum
1337 1553 1554 1617 autem,
1612 1550 1765 1621 quod
1824 1550 1882 1603 in
1928 1549 2124 1605 sazculi

476 1637 745 1694 differtur
776 1638 973 1704 ﬁnem,
1009 1656 1123 1694 non
1175 1638 1254 1694 ait
1298 1639 1509 1705 vivitis,
1545 1640 1643 1694 sed
1696 1639 1919 1694 vivetis.
1973 1644 2125 1695 Duas

478 1728 636 1784 enim
670 1727 1145 1794 resurrectioncs,
1169 1744 1337 1784 suam
1373 1727 1594 1783 scilicet
1622 1744 1755 1783 mox
1785 1729 2128 1795 futuram,et

480 1821 742 1874 nostram
774 1816 833 1872 in
884 1817 999 1872 ﬁne
1045 1816 1242 1873 saeculi
1290 1822 1642 1886 secuturam,
1678 1817 1905 1873 duobus
1936 1816 2126 1872 verbis

480 1905 784 1980 praesentis
814 1904 1091 1978 temporis
1122 1910 1177 1962 et
1208 1906 1410 1973 futuri,
1442 1905 1736 1978 eleganter
1766 1906 2130 1977 breviterque

480 1996 768 2069 promisit.

446 2092 457 2097 ‘
554 2109 581 2136 ‹‹
618 2086 681 2141 In
709 2084 808 2140 illo
851 2085 942 2141 die
992 2102 1091 2141 vos
1151 2085 1515 2158 cognoscetis
1564 2084 1704 2157 quia
1751 2102 1856 2158 ego
1909 2103 2042 2141 sum
2073 2085 2131 2139 in

483 2199 510 2226 α
548 2175 711 2231 Patre
742 2192 891 2242 meo,
924 2179 981 2231 et
1005 2192 1106 2231 vos
1140 2175 1197 2230 in
1231 2191 1341 2242 me,
1370 2179 1426 2229 et
1456 2190 1560 2246 ego
1595 2174 1651 2229 in
1680 2173 1865 2231 vobis.
1892 2198 1917 2222 υ
1934 2175 1995 2229 In
2019 2190 2134 2246 quo

483 2265 597 2336 die,
632 2263 744 2321 nisi
776 2264 849 2319 de
880 2282 996 2336 quo
1029 2263 1146 2320 ait:
1175 2286 1203 2313 ‹‹
1240 2265 1307 2319 Et
1355 2281 1453 2319 vos
1505 2264 1707 2320 vivetis
1728 2264 1755 2319 ?
1790 2288 1814 2311 η
1847 2264 2135 2319 Noverunt

483 2353 730 2426 apostoli
766 2357 905 2409 tunc
935 2369 1064 2409 esse
1089 2351 1386 2408 Christum
1422 2352 1480 2407 in
1517 2356 1686 2407 Patre
1717 2370 1819 2424 per
1850 2351 2133 2407 unitatem

485 2442 797 2498 individua
823 2442 1451 2498 divinitatisznoverant
1476 2459 1536 2497 se
1561 2459 1688 2497 esse
1710 2441 1765 2495 in
1779 2442 2137 2513 Christo,per

483 2530 914 2604 susceptionem
939 2530 1073 2586 ﬁdei
1095 2535 1152 2585 et
1168 2535 1669 2587 sacramentorum
1700 2531 1749 2602 ej
1763 2529 1953 2602 us,qui
1970 2546 2136 2586 nove-

486 2625 618 2679 rant
646 2620 926 2676 veraciter
947 2620 1132 2676 vivere
1155 2625 1291 2675 tunc
1313 2626 1371 2675 et
1392 2637 1519 2675 esse
1541 2619 1840 2675 Christum
1865 2619 1922 2674 in
1946 2619 2131 2684 Patre,

485 2708 545 2764 in
568 2726 630 2766 se
653 2726 783 2765 esse
803 2708 1100 2765 Christum
1120 2708 1603 2781 perdilectionem
1626 2715 1683 2764 et
1705 2709 2134 2764 observantiam

487 2798 903 2855 mandatorum
934 2799 1098 2869 ejus:
1134 2802 1368 2853 noverat
1395 2803 1451 2853 et
1499 2798 1609 2853 hoc
1662 2802 1867 2853 sancta
1897 2798 1997 2853 Dei
2029 2797 2135 2852 Ec-
2172 2828 2181 2835 -

486 2888 684 2957 clesia,
718 2888 820 2944 sed
852 2887 1021 2961 longe
1069 2886 1279 2943 melius
1308 2891 1364 2943 et
1417 2886 1647 2959 plenius
1680 2887 1738 2942 in
1788 2886 1887 2942 illa
1916 2886 2029 2953 die,
2064 2887 2135 2941 de

487 2994 605 3049 qua
635 2975 817 3032 dixit:
853 2977 923 3031 Et
951 2993 1052 3032 vos
1096 2975 1317 3044 vivetis,
1351 2974 1410 3030 in
1462 2993 1580 3047 qua
1623 2976 1903 3031 veraciter
1949 2976 2135 3031 vivere

485 3063 791 3137 incipiens,
815 3063 924 3121 hoc
955 3071 1064 3132 est,
1087 3064 1146 3120 in
1175 3065 1268 3121 die
1289 3064 2136 3136 resurrectionis,quandoper-

485 3153 699 3211 fectius
741 3159 953 3212 cuncta
1004 3172 1129 3229 qua:
1178 3154 1417 3209 scienda
1465 3158 1604 3210 sunt
1657 3154 1863 3221 scient,
1900 3155 2134 3226 quando

2228 586 2362 626 nem
2388 570 2871 627 manifestaturus
2900 570 3028 627 erit.

2855 714 3158 770 HOMILIA
3196 715 3254 771 C.

2613 822 2670 859 ΙΝ
2710 820 2804 859 ωε
2843 822 3052 860 SANCTO
3093 820 3476 861 PBN’I'ECOSTES.

2302 929 2489 1000 (Joxx.
2525 930 2664 991 xiv.)
2693 952 2720 979 ‹‹
2756 931 2818 985 In
2851 928 2949 984 illo
2982 932 3243 1002 tempore
3266 928 3578 986 dixitJesus
3596 930 3802 1004 discipu-

2231 1041 2258 1068 «
2292 1018 2366 1074 lis
2396 1018 2520 1074 suis
2545 1035 2558 1073 :
2591 1017 2650 1074 Si
2678 1018 2811 1090 quis
2841 1017 3031 1091 diligit
3062 1034 3496 1086 me,sermonem
3525 1036 3695 1075 meum
3714 1038 3801 1076 ser-

2234 1129 2260 1156 ‹‹
2295 1107 2470 1162 vabit.
2505 1130 2533 1155 »
2565 1108 2635 1162 Et
2661 1107 2907 1179 reliqua.
2940 1106 3341 1162 Promissurus
3371 1104 3632 1163 Dominus
3657 1108 3802 1179 Spiri-

2231 1198 2357 1250 tum
2391 1201 2658 1251 sanctum
2682 1194 3217 1268 discipulis,quales
3234 1212 3294 1250 se
3315 1194 3566 1251 exhibere
3586 1196 3801 1264 debeant,

2233 1284 2333 1355 qui
2365 1285 2493 1355 ejus
2538 1284 2939 1341 habitaculum
2989 1283 3110 1340 ﬁeri
3157 1283 3500 1350 desiderant,
3530 1281 3580 1336 in
3620 1283 3803 1339 exordio

2232 1373 2411 1444 hujus
2442 1373 2708 1430 lectionis
2766 1374 3122 1442 manifestat,
3172 1390 3305 1428 eum
3362 1372 3528 1427 dicit:
3560 1395 3585 1422 «
3614 1373 3663 1426 Si
3701 1373 3803 1444 quis

2234 1462 2427 1534 diligit
2457 1480 2569 1532 me,
2601 1480 2927 1519 sermonem
2964 1480 3160 1517 meum
3192 1461 3456 1517 servabit.
3490 1485 3515 1509 ››
3553 1464 3609 1515 In
3636 1460 3804 1533 quibus

2233 1553 2423 1608 verbis
2450 1553 2704 1609 ostendit
2730 1553 2869 1624 quia
2916 1552 3177 1624 probatio
3226 1569 3370 1606 verae
3408 1550 3702 1606 dilectionis
3733 1566 3803 1605 ex-

2236 1641 2561 1697 hibitio'est
2591 1642 2724 1697 boni
2759 1642 2970 1714 operis.
3005 1641 3063 1697 Si
3093 1641 3250 1696 enim
3284 1640 3379 1713 qui
3407 1658 3513 1696 non
3541 1638 3802 1711 diligitDo-

2236 1731 2771 1799 minum,mandata
2792 1732 2921 1803 ejus
2952 1747 3065 1787 non
3088 1731 3363 1798 custodit,
3386 1729 3505 1785 sine
3533 1745 3688 1784 causa
3705 1744 3806 1783 eum

2237 1838 2297 1877 se
2323 1820 2565 1893 diligere
2595 1821 2907 1876 conﬁtetur
2930 1819 3140 1887 verbis,
3165 1820 3267 1892 qui
3296 1819 3419 1891 ejus
3448 1820 3701 1891 praecepta
3725 1834 3810 1871 non

2240 1915 2430 1967 servat
2476 1910 2774 1982 operibus,
2820 1910 3045 1966 Joanne
3089 1909 3353 1982 apostolo
3402 1912 3538 1964 teste
3581 1905 3668 1979 qui
3708 1904 3812 1961 ait:

2242 2025 2267 2050 ‹‹
2302 2000 2359 2055 Si
2393 2000 2528 2071 quis
2559 1999 2766 2055 dixerit
2796 1999 3073 2071 quoniam
3104 1999 3287 2071 diligo
3331 1998 3529 2064 Deum,
3556 2001 3606 2052 et
3626 1996 3813 2050 fratrem

2242 2107 2417 2145 suum
2449 2089 2653 2156 oderit,
2706 2090 2957 2145 mendax
3003 2094 3092 2144 est
3141 2091 3183 2158 (1
3228 2093 3394 2146 Joan.
3426 2090 3517 2155 iv).
3551 2085 3663 2169 {Et
3702 2084 3818 2138 sicut

2244 2180 2315 2234 de
2348 2177 2510 2235 falsis
2541 2178 2671 2233 ﬁdei
2720 2178 3149 2250 professoribus
3194 2175 3501 2249 Apostolus
3530 2174 3633 2230 ait:
3661 2197 3683 2222 «
3711 2172 3818 2227 Con-

2245 2268 2482 2320 ﬁtentur
2511 2282 2573 2321 se
2604 2282 2774 2320 nosse
2818 2266 3024 2333 Deum,
3058 2264 3230 2319 factis
3283 2266 3471 2318 autem
3516 2259 3818 2332 negautﬂit.

2245 2356 2303 2425 1).
2341 2379 2367 2405 »
2402 2354 2572 2410 Tales
2613 2354 2896 2410 Dominus
2948 2354 3008 2409 in
3058 2351 3368 2425 Evangelio
3416 2350 3678 2423 reprobat,
3719 2362 3819 2402 cum

2244 2443 2418 2500 dicit:
2459 2467 2479 2494 α
2516 2444 2662 2510 Quid
2696 2448 2891 2499 autem
2924 2442 3139 2498 vocatis
3168 2459 3282 2508 me,
3326 2440 3576 2506 Domine,
3607 2434 3818 2498 Domine,

2242 2537 2300 2589 et
2332 2550 2445 2588 non
2477 2530 2666 2589 facitis
2712 2550 2838 2604 quae
2888 2530 3016 2587 dico
3065 2532 3215 2603 (Luc.
3250 2529 3374 2600 vn)?
3406 2553 3432 2578 ››
3464 2528 3528 2584 Et
3555 2524 3819 2597 Propheta:

2248 2645 2275 2673 ‹‹
2308 2622 2563 2694 P0pulus
2595 2621 2687 2676 hic
2719 2620 2891 2676 labiis
2924 2637 3015 2676 me
3044 2620 3314 2686 honorat,
3348 2635 3443 2673 cor
3470 2619 3646 2672 autem
3665 2626 3821 2670 eorum

2244 2711 2414 2785 longe
2446 2717 2533 2767 est
2581 2729 2615 2766 a
2645 2727 2737 2765 mc
2795 2711 2906 2781 (lsa
2963 2710 3139 2781 xxxx).
3175 2731 3204 2757 »
3266 2708 3428 2765 Sicut
3479 2705 3623 2761 enim
3662 2702 3820 2772 justus

2244 2817 2312 2856 ex
2342 2802 2455 2856 tide
2484 2799 2639 2867 vivit,
2690 2798 2773 2855 sic
2800 2799 2944 2855 tides
2997 2798 3126 2854 sine
3176 2795 3451 2869 operibus
3502 2796 3704 2850 mortua
3738 2790 3817 2853 est,

2244 2890 2491 2947 Domino
2519 2890 2747 2945 dicente
2774 2904 2787 2944 :
2825 2910 2852 2938 «
2878 2888 3003 2943 Non
3034 2886 3229 2942 omnis
3261 2885 3363 2958 qui
3409 2883 3543 2939 dicit
3569 2878 3712 2943 mihi,
3736 2875 3818 2931 Do-

2246 2979 2422 3044 mine,
2458 2975 2970 3045 Domine,intrabit
3005 2976 3064 3031 in
3088 2991 3336 3048 regnum
3364 2971 3623 3029 caelorum
3652 2964 3817 3053 (Matth.

2243 3068 2363 3139 vn),
2424 3090 2452 3117 ››
2504 3072 2613 3123 etc.
2670 3066 2831 3122 Unde
2916 3065 3171 3122 Joannes
3244 3063 3306 3118 in
3362 3056 3679 3134 Apocalypsi
3719 3067 3820 3109 cum

2243 3157 2483 3213 dixisset
2503 3160 2694 3227 (Apoc.
2729 3156 2804 3226 1):
2840 3177 2867 3203 α
2902 3154 3112 3209 Beatus
3162 3152 3264 3224 qui
3314 3149 3452 3224 legit
3489 3152 3542 3204 et
3586 3146 3670 3218 qui
3696 3140 3821 3198 audit

483 3225 1180 3317 ipsnmscientimfontem
1215 3243 1728 3299 viciniussineﬁne
1750 3225 2129 3313 conspicient.
2163 3225 2206 3293 C
2244 3246 2418 3301 verba
2449 3225 2763 3317 prophetiae.
2794 3242 2929 3298 libri
2960 3241 3159 3312 hujus,
3193 3264 3221 3291 »
3257 3238 3528 3296 continuo
3557 3227 3820 3305 subjunxit:

482 3335 552 3390 Et
580 3334 720 3406 quia
749 3335 1027 3390 omnibus
1048 3333 1227 3403 hujus
1263 3332 1714 3404 promissionem
1752 3331 2133 3387 beatitudinis

482 3424 867 3494 promitteret,
889 3439 1004 3478 non
1018 3420 1386 3477 solummodo
1411 3420 1710 3493 apostolis,
1735 3436 1869 3475 mox
1886 3420 2015 3491 subj
2028 3437 2134 3475 un-

482 3510 602 3582 git:

556 3623 582 3649 ((
618 3599 725 3664 Qui
755 3600 930 3657 habet
961 3599 1236 3654 mandata
1260 3614 1388 3653 mea
1408 3602 1464 3653 et
1494 3602 1683 3652 servat
1712 3596 1902 3667 ea,ille
1922 3598 2130 3671 estqui

487 3713 514 3740 «
551 3690 742 3763 diligit
773 3707 885 3744 me.
915 3688 1023 3751 Qui
1055 3691 1252 3742 autem
1284 3686 1477 3759 diligit
1499 3685 2132 3758 me,diligeturaPatrc

486 3803 512 3829 ‹‹
549 3796 699 3845 meo,
731 3783 787 3834 et
815 3794 921 3849 ego
951 3776 1190 3848 diligam
1225 3780 1444 3843 eum,et
1474 3774 1859 3831 manifestabo
1879 3775 2130 3849 eimeip-

492 3889 518 3921 ι
548 3884 703 3923 sum.
737 3889 765 3917 υ
805 3866 910 3921 Ubi
941 3864 1100 3921 omni
1148 3862 1468 3920 intentione
1517 3864 2008 3921 considerandum
2042 3872 2131 3922 est

482 3957 623 4029 quia
652 3956 948 4013 Christum
972 3970 1100 4011 vere
1122 3952 1361 4026 diligere
1389 3958 1609 4009 estnon
1631 3952 1823 4009 solum
1846 3954 2035 4027 ipsam
2048 3957 2129 4011 di-

475 4045 786 4103 lectionem
809 4044 1092 4113 conﬁteri,
1147 4043 1249 4100 sed
1294 4044 1572 4099 mandata
1623 4042 1852 4112 Christi,
1887 4062 2012 4117 quae
2044 4046 2127 4101 di-

476 4136 691 4192 scendo
721 4135 1034 4205 habemus,
1083 4137 1378 4206 operando
1428 4149 1677 4189 servare.
1710 4156 1737 4183 ‹‹
1788 4133 1895 4197 Qui
1925 4133 2123 4202 habet,

471 4224 825 4298 inquit,mea
845 4222 1123 4280 mandata
1143 4226 1198 4278 et
1221 4226 1412 4277 servat
1432 4238 1525 4291 ea,
1558 4221 1654 4277 ille
1687 4225 1774 4279 est
1801 4223 1901 4295 qui
1932 4222 2125 4295 diligit

466 4331 581 4371 me.
619 4337 647 4365 ››
679 4313 786 4379 Qui
812 4313 988 4370 habet
1017 4312 1076 4368 in
1109 4312 1393 4367 memoria
1431 4316 1486 4366 et
1533 4316 1722 4367 servat
1754 4311 1810 4365 in
1851 4312 1986 4378 vita,
2021 4312 2121 4384 qui

466 4404 643 4460 habet
674 4404 734 4459 in
766 4400 1138 4459 sermonibus
1168 4405 1226 4455 et
1257 4404 1447 4455 servat
1477 4399 1537 4455 in
1572 4400 1857 4468 moribus,
1890 4400 1990 4473 qui
2021 4400 2121 4456 ha-

468 4493 565 4549 bet
595 4492 883 4548 audiendo
914 4496 971 4547 et
1001 4495 1191 4546 servat
1240 4489 1538 4557 faciendo;
1573 4493 1673 4544 aut
1704 4489 1802 4559 qui
1834 4489 2008 4545 habet
2034 4490 2118 4545 fa-

2245 3357 2271 3383 «
2307 3338 2373 3389 Et
2426 3337 2617 3388 servat
2665 3324 2733 3388 ea
2779 3348 2905 3403 qua:
2955 3331 3012 3385 in
3062 3347 3131 3385 ea
3176 3329 3399 3402 scripta
3454 3329 3599 3383 sunt.
3644 3324 3822 3376 »Αωοτ

2242 3421 2455 3478 etenim
2489 3422 2588 3476 Dei
2648 3419 2876 3476 otiosus
2933 3437 3061 3476 esse
3092 3435 3206 3474 non
3269 3420 3476 3491 potest,
3534 3410 3736 3486 quando
3776 3408 3824 3460 ut

2245 3510 2523 3567 Dominus
2556 3510 2672 3565 ait:
2713 3534 2734 3560 ι
2771 3511 2852 3565 Ex
2899 3507 3264 3565 abundantia
3313 3505 3499 3563 cordis
3535 3520 3593 3559 os
3616 3497 3824 3571 loquitur

2242 3600 2443 3672 (Matth.
2476 3600 2599 3671 χιι).
2635 3622 2662 3649 ››
2690 3602 2803 3655 Aut
2842 3599 2999 3654 enim
3048 3613 3264 3670 magna
3312 3598 3593 3668 operatur,
3624 3588 3665 3645 si
3691 3598 3823 3641 verus
3928 3592 3929 3599 ‘

2240 3706 2405 3745 amor
2434 3692 2541 3744 est:
2576 3694 2677 3744 aut
2707 3688 2755 3744 si
2787 3687 3012 3760 operari
3045 3686 3258 3752 renuit,
3292 3684 3447 3740 haud
3485 3697 3637 3738 amor
3673 3676 3822 3760 dicea-

2238 3779 2350 3835 dus
2379 3784 2487 3835 est.
2521 3778 2683 3834 Sicut
2713 3758 2870 3833 enim
2894 3777 3211 3849 imperator
3231 3773 3290 3829 in
3313 3774 3421 3828 hoc
3443 3765 3687 3839 intelligit
3701 3758 3820 3835 quod

2237 3868 2329 3924 sui
2362 3868 2576 3924 milites
2605 3885 2739 3923 eum
2766 3864 3042 3937 diligunt,
3070 3880 3205 3919 cum
3241 3860 3540 3935 provinciae
3564 3856 3701 3927 leges
3724 3850 3820 3921 ejus

2237 3959 2589 4014 observant:
2638 3957 2721 4011 sic
2772 3956 3045 4012 affectum
3095 3956 3308 4007 nostra":
3359 3944 3667 4006 dilectionis
3712 3951 3818 4008 erga

2236 4051 2420 4102 Deum
2452 4046 2840 4111 ostendimus,
2874 4060 3008 4099 cum
3055 4045 3347 4114 praecepta
3394 4039 3519 4110 ejus
3549 4041 3817 4089 servamus.

2235 4135 2395 4192 Unde
2413 4135 2550 4191 huic
2570 4133 2803 4189 lectioni
2825 4131 2997 4205 paulo
3011 4128 3282 4202 superius
3303 4124 3595 4201 praemisit,
3624 4119 3815 4209 dicens

2234 4247 2261 4274 «
2296 4224 2403 4288 Qui
2424 4224 2600 4280 habet
2632 4221 2907 4278 mandata
2939 4236 3090 4287 mea,
3123 4222 3180 4275 et
3200 4221 3392 4273 servat
3420 4231 3503 4282 ea,
3528 4210 3617 4267 ille
3643 4210 3716 4264 est
3741 4217 3817 4274 qul

2232 4312 2425 4385 diligit
2455 4329 2567 4369 me.
2607 4335 2634 4361 »
2658 4312 2725 4366 Et
2757 4311 3004 4365 iterum:
3040 4332 3067 4358 ‹‹
3099 4307 3158 4362 Si
3188 4304 3434 4379 diligitis
3465 4293 3820 4369 me,mandatn

2230 4417 2360 4457 mea
2390 4405 2632 4456 servate.
2670 4423 2697 4448 ››
2732 4400 2796 4454 ln
2841 4396 3150 4454 dilectione
3195 4412 3328 4451 vero
3374 4392 3472 4449 Dei
3502 4407 3609 4446 non
3628 4387 3820 4475 tanturn

2228 4488 2447 4562 lingua,
2484 4489 2581 4544 sed
2606 4494 2661 4543 et
2684 4504 2894 4543 manus
2925 4490 3014 4541 est
3037 4483 3499 4551 intuenda,sicut
3525 4472 3818 4562 alibiDomi-

469 4579 673 4635 ciendo
701 4584 758 4635 et
787 4583 979 4636 servat
1009 4596 1077 4634 ea
1104 4578 1546 4649 perseverando,
1583 4577 1707 4649 ipse
1748 4582 1857 4646 est,
1904 4578 2115 4650 inquit,
2150 4595 2195 4659 D
2230 4595 2341 4633 nus
2372 4576 2672 4648 discipulis
2705 4576 2819 4632 ait:
2856 4598 2883 4625 ‹‹
2909 4574 3083 4631 Scitis
3114 4574 3233 4629 haec
3259 4570 3434 4628 :beati
3463 4565 3617 4625 eritis
3639 4561 3681 4659 si
3704 4558 3818 4613 fece-

468 4668 570 4741 qui
600 4668 791 4741 diligit
822 4685 934 4724 me.
968 4667 1301 4723 Notandum
1330 4666 1469 4737 quia
1491 4683 1625 4721 cum
1659 4667 2114 4737 praesentistem-

465 4758 625 4830 poris
657 4758 829 4814 verbo
859 4757 1076 4812 diceret
1108 4771 1121 4812 :
1147 4756 1282 4827 «qui
1314 4759 1510 4809 autem
1541 4754 1729 4826 diligit
1760 4757 2118 4829 me,»adjieit

465 4848 536 4904 de
571 4848 801 4904 futuro:
838 4870 865 4897 ‹‹
900 4844 1174 4918 diligetur
1198 4863 1230 4899 a
1261 4844 1427 4899 Patre
1459 4860 1610 4913 meo,
1644 4848 1700 4899 et
1748 4860 1853 4916 ego
1876 4844 2115 4919 diligam

463 4953 621 5003 eum,
652 4944 709 4992 et
735 4935 1120 4992 manifestabo
1150 4933 1201 4989 ei
1233 4931 1545 5004 meipsum.
1574 4955 1601 4980 »
1636 4931 1830 5005 Diligit
1859 4951 2115 5006 namque

462 5026 637 5080 etiam
673 5042 826 5081 nunc
859 5025 1162 5080 dilectores
1193 5040 1333 5079 suos
1381 5038 1513 5077 cum
1564 5020 1729 5076 Patre
1775 5020 1975 5091 Filius,
2011 5025 2112 5080 sed

463 5130 618 5168 nunc
650 5112 840 5186 diligit
892 5114 965 5169 ad
1016 5112 1123 5168 hoc
1175 5116 1237 5166 ut
1288 5116 1438 5166 recte
1479 5111 1671 5165 vivant
1706 5127 1775 5165 ex
1824 5112 1956 5180 ﬁde,
1985 5129 2112 5184 qua)

2225 4667 2351 4723 ritis
2385 4684 2452 4723 ea
2481 4670 2658 4737 (Joan.
2690 4669 2831 4735 xm).
2870 4687 2897 4715 ››
2946 4663 3342 4720 Custodienda
3383 4676 3517 4733 ergo
3554 4655 3677 4711 sunt
3703 4659 3814 4720 prm-

2225 4761 2388 4829 cepta
2420 4756 2537 4823 Dei,
2573 4756 2712 4828 quia
2761 4755 2820 4809 in
2869 4751 3270 4810 custodiendis
3320 4747 3629 4823 praeparata
3654 4739 3820 4834 rer

2223 4846 2463 4902 tributio
2495 4844 2679 4901 multa
2708 4843 2905 4899 nimis.
2939 4843 3019 4898 De
3048 4858 3166 4913 qua
3197 4836 3571 4895 retributione
3597 4830 3816 4915 pretim}?

2224 4935 2621 4990 subinl‘ertur:
2658 4958 2683 4982 ‹‹
2720 4933 2790 4987 Et
2821 4932 2987 4986 Pater
3030 4904 3197 4985 meus
3229 4926 3435 5009 diliget
3473 4936 3620 4979 eum.
3652 4938 3674 4965 »ι
3700 4904 3815 5009 Quid

2222 5023 2378 5081 enim
2412 5022 2671 5079 dilectori
2690 5039 2795 5077 suo
2819 5019 3003 5076 Filius
3020 5018 3274 5091 amplius
3296 5003 3626 5101 promittere
3647 4999 3816 5101 ξρξεεξ.

2222 5130 2400 5185 quam
2434 5117 2498 5168 ut
2528 5131 2561 5167 a
2587 5112 2752 5167 Patre
2784 5089 3243 5181 diligatur‘fQui
3275 5089 3413 5178 ergo
3444 5097 3626 5172 diligit
3647 5089 3815 5148 Filium

400 5218 411 5232 λ
462 5219 565 5274 per
591 5185 962 5257 dilectionem
1008 5207 1311 5274 operatur:
1348 5206 1485 5255 tunc
1536 5200 1606 5253 ad
1658 5199 1766 5255 hoc
1815 5200 2018 5273 diliget
2048 5207 2112 5257 ut
2219 5200 2571 5274 diligitur.et
2602 5217 2634 5254 a
2662 5193 3380 5270 Patre,quiaidem'Filius
3404 5204 3582 5249 unum
3611 5185 3690 5239 est
3709 5186 3813 5274 cuni

461 5269 801 5362 perveniant
830 5290 900 5344 ad
928 5269 1210 5346 visionem
1252 5289 1532 5353 veritatis,
1577 5307 1750 5361 quam
1801 5308 1903 5362 per
1926 5269 2106 5347 fidem
2220 5269 2565 5356 Patre,sieut
2592 5287 2717 5361 ipse
2748 5269 2887 5343 alibi
2916 5283 3294 5342 dilectoribus
3325 5280 3449 5338 suis
3478 5274 3645 5333 dicit:
3668 5291 3691 5317 ‹‹
3713 5269 3812 5335 Ipse

458 5361 847 5453 gestaverant.
873 5378 997 5433 Non
1020 5384 1215 5433 autem
1253 5380 1471 5432 frustra
1496 5378 1752 5432 addidit:
1780 5361 1818 5427 «7
1841 5384 1897 5433 et
1927 5381 2108 5435 mani-
2216 5381 2373 5447 enim
2405 5380 2573 5435 Pater
2602 5383 2762 5434 amat
2792 5394 2913 5444 vos,
2948 5376 3088 5448 quia
3116 5391 3219 5430 vos
3249 5389 3341 5429 me
3367 5365 3623 5430 amastis,
3645 5361 3694 5413 et
3715 5365 3814 5453 ξτες

458 5443 683 5525 ἷθεῐεὼο
714 5467 766 5523 ei
797 5466 1109 5539 meipsum.
1144 5466 1236 5521 »εἰ
1269 5484 1399 5522 vero
1422 5467 1745 5521 secundum
1780 5466 2110 5524 humanita-
2215 5469 2449 5525 didistis
2479 5467 2617 5539 quia
2648 5484 2680 5521 a
2714 5470 2825 5521 Deo
2854 5465 3000 5521 exivi
3046 5468 3234 5534 (Joan.
3282 5460 3418 5532 xw).
3470 5479 3497 5506 ››
3527 5443 3811 5547 Ιῗρξεξηξυηξ

457 5563 576 5614 tem
592 5573 655 5615 se
676 5533 1222 5627 cunctisinjudicio
1240 5553 1657 5622 manifestabit,
1684 5555 1822 5611 solis
1854 5560 2102 5630 veroju-
2213 5562 2408 5615 autem
2441 5533 2594 5629 quod
2628 5555 2744 5610 ait:
2782 5576 2809 5604 ‹‹
2832 5559 2889 5609 οι
2916 5553 2988 5609 ad
3012 5533 3521 5609 eumveniemus.»
3552 5533 3812 5630 NisiPeu?

454 5612 564 5713 stis
681 5645 902 5708 sanctis
934 5612 1256 5705 divinitatis
1302 5643 1568 5720 gloriam,
1604 5612 1663 5701 in
1707 5660 1824 5721 qua
1858 5612 2101 5723 mquzilis
2212 5612 3021 5719 trinitas‘essetmequaquam
3044 5641 3346 5720 pluraliter
3375 5635 3604 5697 diceret.
3624 5649 3650 5681 «
3674 5621 3732 5682 Ει
3753 5612 3809 5674 αδ
