3908 6172
1405 374 1763 438 HOMILI/E
1807 373 1909 434 DE
1955 373 2355 437 TEMPORE.

3470 383 3592 444 558

182 514 200 549 ά
232 516 367 556 eum
403 501 723 558 veniemus.
760 524 787 551 »
838 503 1179 578 Ubicunque
1227 507 1381 562 enim
1434 507 1590 563 venit
1640 507 1823 573 Pater,
1856 514 1909 576 Α
1943 528 1968 553 ‹‹
1997 506 2114 577 Ego
2146 523 2179 560 a
2210 506 2433 577 meipso
2465 523 2579 562 non
2613 506 2764 573 veni,
2798 507 2898 562 sed
2922 507 3090 562 Pater
3110 523 3277 565 meus
3309 512 3469 566 misit
3497 499 3603 569 me

179 589 322 645 venit
353 589 562 658 Filius,
593 590 748 646 venit
777 592 1031 665 Spiritus
1063 600 1322 651 sanctus.
1384 598 1449 651 Et
1492 595 1828 667 ubicunque

176 682 366 734 manet
400 679 589 748 Pater,
621 684 818 735 manet
847 681 1047 750 Filius,
1082 689 1280 739 manet
1310 688 1366 740 et
1394 684 1649 757 Spiritus
1692 701 1825 739 san-

174 770 313 824 ctus.
341 768 494 835 Quia
515 768 668 824 sicut
689 768 1125 842 aitApostolus:
1153 796 1180 821 ‹‹
1213 773 1475 829 Charitas
1502 773 1595 829 Dei
1615 772 1828 828 dili'usa

170 860 247 912 est
280 857 345 912 in
380 857 659 914 cordibus
690 858 907 914 nostris
938 876 1040 932 per
1086 860 1368 932 Spiritum
1400 865 1691 928 sanctum,
1725 860 1826 932 qui

168 947 338 1003 datus
361 952 456 1003 est
478 947 643 1003 nobis
661 948 832 1017 (Rom.
856 948 933 1019 v).
960 971 988 997 »
1021 948 1087 1003 Et
1114 950 1282 1006 item:
1318 974 1345 1001 ‹‹
1372 949 1826 1007 HabitareChri-

161 1039 318 1093 stum
341 1052 452 1109 per
470 1037 646 1093 ﬁdem
670 1035 728 1091 in
750 1036 1023 1095 cordibus
1046 1038 1264 1095 nostris
1285 1041 1498 1112 (Ephcs.
1528 1042 1633 1107 ιιι).
1662 1061 1689 1087 ››
1713 1038 1824 1093 Sed

162 1126 289 1180 laeto
323 1126 503 1181 corde
558 1125 959 1198 accipiendum
992 1131 1080 1183 est
1135 1129 1290 1199 quod
1353 1128 1635 1183 infertur:
1701 1128 1827 1181 «Et

162 1215 596 1270 «mansionem
614 1215 767 1288 apud
789 1232 923 1271 eum
947 1216 1248 1271 faciemus.
1277 1239 1303 1265 »
1325 1217 1408 1272 Ad
1431 1217 1823 1289 quorumdam

161 1321 290 1360 vero
325 1306 506 1360 corde
535 1304 689 1361 Deus
717 1304 893 1371 venit,
934 1306 1035 1361 sed
1089 1305 1457 1363 mansionem
1492 1324 1606 1361 non
1664 1305 1821 1369 facit,

160 1394 297 1468 quia
313 1411 422 1450 eos
445 1411 547 1466 per
563 1395 974 1466 compunction
987 1395 1033 1451 is
1050 1395 1301 1468 gratiam
1317 1395 1542 1451 visitet:
1569 1395 1668 1450 sed
1688 1410 1823 1449 cum

160 1485 301 1539 liora
330 1482 805 1555 compunctionis
822 1483 1137 1551 transierit,
1170 1487 1226 1540 et
1247 1485 1315 1539 ad
1344 1483 1714 1556 iniquitatem
1735 1499 1821 1537 re-

162 1574 364 1639 deunt,
400 1572 585 1628 Deum
617 1589 651 1626 ο.
683 1572 851 1627 corde
883 1589 990 1627 suo
1022 1570 1331 1644 repellunt,
1364 1573 1435 1628 de
1466 1572 1680 1645 quibus
1712 1571 1821 1625 Do-

164 1661 362 1719 minus
385 1661 529 1716 alibi
560 1660 739 1715 dicit:
776 1683 803 1709 ‹‹
840 1660 987 1728 Quia
1016 1661 1089 1715 ad
1122 1665 1354 1734 tempus
1385 1661 1652 1726 credunt,
1686 1658 1821 1715 etin

166 1757 428 1824 tempore
469 1749 811 1806 tentationis
859 1751 1142 1805 recedunt
1176 1751 1324 1819 (Luc.
1350 1750 1491 1822 VIII).
1530 1772 1556 1798 »
1588 1751 1660 1804 At
1688 1765 1821 1805 vero

168 1843 223 1909 ad
243 1839 577 1897 electorum
600 1855 699 1895 cor
719 1855 833 1894 non
853 1838 1041 1895 solum
1063 1838 1240 1906 venit,
1263 1840 1362 1896 sed
1387 1844 1442 1895 et
1454 1839 1821 1894 mansionem

168 1930 336 1985 facit:
373 1929 518 2001 quia
545 1945 748 1985 eorum
793 1932 1019 1984 mentes
1049 1927 1132 1983 sie
1186 1928 1311 1983 fixae
1342 1931 1483 1983 sunt
1516 1928 1575 1982 in
1625 1943 1822 1982 amore

168 2018 521 2086 Divinitatis,
545 2021 611 2072 ut
631 2018 705 2073 ab
720 2019 850 2090 ejus
866 2016 1173 2072 dilectione
1205 2020 1463 2089 tempore
1480 2015 1820 2072 tentationis

168 2124 269 2162 non
306 2107 606 2173 recedant,
640 2106 740 2161 sed
773 2107 853 2162 ita
890 2105 1134 2162 Domino
1165 2106 1472 2170 cohaerent,
1509 2109 1572 2160 ut
1611 2103 1730 2160 sive
1761 2104 1819 2159 in

168 2195 604 2269 prosperis,sive
622 2195 681 2250 in
706 2195 985 2263 adversis,
1008 2211 1239 2267 semper
1260 2195 1454 2267 ipsum
1480 2192 1821 2249 benedicere

167 2286 457 2351 studeant,
481 2284 740 2340 dicentes
761 2301 892 2340 cum
918 2282 1264 2341 Psalmista:
1290 2306 1316 2334 «
1343 2282 1687 2338 Benedicam
1715 2282 1822 2337 Do-

166 2374 390 2429 minum
425 2374 485 2429 in
517 2374 678 2429 omni
716 2376 978 2445 tempore
1029 2374 1197 2444 (Psal.
1230 2372 1448 2434 xxxm).
1480 2362 1507 2422 ii
1542 2372 1818 2427 Conside-

164 2463 413 2518 randum
443 2478 580 2535 ergo
612 2478 951 2533 summpore
982 2465 1071 2516 est
1097 2466 1317 2533 quanto
1344 2460 1537 2519 studio
1561 2459 1819 2516 mansio-

162 2568 285 2607 nem
319 2570 445 2607 sute
477 2551 694 2607 mentis
740 2567 1064 2623 praeparare
1112 2550 1299 2616 debet,
1332 2551 1434 2622 qui
1482 2554 1710 2606 tantum
1752 2566 1817 2604 ac

162 2640 329 2697 talem
391 2640 687 2713 hospitem
747 2640 1044 2712 suscipere
1076 2639 1387 2695 desiderat.
1440 2638 1499 2695 Si
1530 2639 1684 2696 enim
1719 2655 1817 2694 rex

161 2734 252 2784 aut
283 2734 618 2803 praepotens
668 2728 893 2785 amicus
925 2729 996 2783 ad
1028 2729 1269 2784 domum
1320 2733 1481 2784 tuam
1537 2732 1815 2783 venturus

156 2823 327 2888 esset,
363 2836 500 2875 cum
532 2818 694 2875 omni
720 2818 917 2873 studio
948 2834 1076 2873 eam
1108 2834 1485 2890 prmparares,
1518 2816 1817 2889 superflua

154 2908 505 2979 abjiciendo,
527 2907 857 2964 necessaria
871 2906 1220 2962 adhibendo.
1248 2924 1363 2962 non
1382 2905 1572 2962 solum
1592 2922 1718 2978 quae
1742 2906 1812 2959 ad

162 2996 491 3066 utilitatem,
527 2998 629 3054 sed
661 2996 835 3052 etiam
859 3014 985 3069 qua
1017 2997 1087 3052 ad
1116 2999 1388 3052 ornatum
1411 2995 1703 3069 pertinent
1730 2994 1817 3049 in-

162 3086 518 3160 vestigando.
554 3091 642 3141 Ita
662 3086 976 3142 Dominum
1005 3090 1183 3142 Deum
1204 3089 1374 3141 tuum
1398 3085 1456 3140 in
1479 3082 1813 3140 babitaculo

165 3176 348 3233 cordis
380 3176 466 3232 tui
498 3180 906 3248 suscepturus,
931 3175 1186 3232 emunda
1200 3174 1617 3231 conscientiam
1649 3176 1810 3228 tuam

1937 596 2114 666 (Joan.
2150 596 2268 665 vn).
2298 618 2324 644 ››
2346 597 2416 650 Et
2447 596 2599 651 sicut
2631 595 2811 652 Filius
2837 613 2952 651 non
2986 600 3126 651 esta
3156 597 3368 671 seipse,
3393 601 3476 654 sic
3498 602 3595 656 do-

1937 684 2184 739 ctrinam
2216 702 2384 740 suam
2418 702 2531 741 non
2565 685 2707 741 dicit
2736 702 2903 741 suam
2936 703 3084 749 esse,
3119 685 3271 741 sicut
3298 685 3425 759 ipse
3472 689 3590 744 ait:

1938 796 1966 821 «
1998 773 2125 828 Mea
2156 774 2421 829 doctrina
2442 791 2556 829 non
2580 778 2668 830 est
2690 791 2840 845 mea,
2866 775 2965 831 sed
2991 774 3139 844 ejus,
3169 775 3266 848 qui
3295 776 3456 832 misit
3477 794 3592 845 me,

1936 860 2125 915 Patris
2156 862 2362 930 (lbid.).
2400 884 2426 910 »
2458 863 2529 918 Et
2558 863 2769 918 iterum
2796 881 2808 918 :
2846 884 2873 912 ‹‹
2898 859 3148 918 Pater'in
3177 880 3270 919 me.
3302 868 3518 932 manet,
3541 869 3598 921 et

1934 965 2039 1022 ego
2070 949 2127 1004 in
2164 967 2228 1005 eo
2257 951 2437 1023 (Joan.
2469 952 2616 1024 v1).»
2651 953 2722 1007 Et
2753 950 2926 1007 alibi:
2958 952 3125 1024 «Ego
3147 970 3181 1008 a
3202 951 3428 1026 meipso
3454 953 3594 1010 nihil

1936 1039 2083 1094 facio
2114 1040 2290 1104 (Joan.
2325 1040 2467 1112 vni).
2498 1063 2525 1090 ››
2558 1040 2664 1105 Qui
2698 1040 2853 1096 enim
2885 1040 2955 1096 de
2985 1040 3146 1097 nullo
3190 1039 3274 1112 ﬁt,
3331 1042 3401 1098 de
3434 1042 3595 1100 nullo

1935 1127 2215 1198 procedit,
2276 1128 2439 1184 solus
2470 1133 2558 1184 est
2610 1129 2799 1184 Pater.
2851 1128 3033 1184 Filius
3063 1134 3261 1185 autem
3295 1131 3371 1189 de
3426 1131 3592 1187 Patre

1935 1220 2128 1282 natus,
2164 1218 2418 1290 Spiritus
2449 1222 2689 1274 sanctus
2721 1236 2755 1274 a
2784 1219 2951 1274 Patre
2981 1222 3038 1274 et
3089 1218 3232 1274 Filio
3258 1212 3591 1292 procedere

1934 1305 2063 1360 cred
2075 1306 2207 1360 itur.

2005 1416 2033 1443 «
2064 1394 2439 1451 Haeclocutus
2460 1413 2590 1451 sum
2614 1396 2959 1469 vobis,apud
2985 1413 3085 1453 vos
3108 1413 3410 1453 manens.»
3432 1398 3589 1454 Nun-

1932 1483 2072 1554 quid
2100 1501 2213 1538 non
2232 1489 2353 1540 erat
2376 1502 2691 1540 mansurus
2711 1502 2842 1540 cum
2862 1485 3186 1558 discipulis,
3208 1486 3424 1558 quibus
3446 1485 3588 1542 alibi

1933 1565 2221 1644 promisit,
2257 1573 2493 1629 dicens:
2520 1598 2547 1624 «
2582 1575 2724 1629 Ecce
2751 1591 2855 1647 ego
2884 1574 3185 1630 vobiscum
3220 1592 3350 1631 sum
3393 1576 3588 1631 omni-

1932 1661 2042 1715 bus
2082 1662 2290 1716 diebus
2345 1680 2532 1734 usque
2591 1664 2661 1718 ad
2721 1663 3290 1720 consummationem
3345 1662 3591 1720 seaculi?

1930 1752 2150 1820 (Matth.
2182 1756 2399 1819 xxvm).
2428 1774 2455 1800 ››
2483 1752 2617 1807 Erat
2647 1754 2869 1825 utique,
2904 1753 3006 1809 sed
3034 1752 3151 1809 ait:
3187 1776 3214 1803 «
3245 1753 3374 1808 Haec
3422 1753 3589 1810 locu-

1932 1843 2028 1895 tus
2060 1857 2191 1895 sum
2225 1840 2407 1907 vobis,
2457 1842 2611 1913 apud
2642 1858 2744 1898 vos
2774 1858 3043 1907 manens,
3078 1865 3105 1891 ››
3160 1842 3230 1898 de
3279 1841 3589 1914 praesentia

1932 1928 2215 2001 corporali
2250 1928 2408 1996 dicit,
2440 1946 2545 2001 per
2575 1946 2752 2002 quam
2784 1935 2916 2003 post
2946 1931 3245 1987 modicum
3278 1931 3350 1987 ab
3382 1931 3467 1988 eis
3496 1947 3586 1986 re-

1932 2035 2205 2075 cessurus
2231 2023 2373 2074 erat.
2400 2018 2501 2074 Cui
2534 2018 2727 2075 simile
2756 2024 2845 2075 est
2877 2021 3031 2091 quod
3063 2019 3200 2076 alibi
3233 2019 3351 2076 ait:
3397 2042 3425 2071 ‹‹
3456 2021 3586 2077 llaec

1931 2111 2071 2162 sunt
2101 2108 2276 2162 verba
2305 2124 2432 2179 quae
2462 2107 2693 2163 locutus
2751 2126 2884 2163 sum
2929 2109 2999 2163 ad
3060 2125 3186 2175 vos,
3216 2124 3351 2164 cum
3395 2109 3586 2165 adhuc

1929 2212 2116 2251 essem
2148 2195 2447 2251 vobiscum
2485 2198 2638 2268 (Luc.
2671 2197 2843 2269 xxw).
2882 2220 2911 2246 ››
2943 2198 3049 2262 Qui
3082 2214 3217 2270 ergo
3247 2197 3307 2252 in
3339 2196 3586 2253 articulo

1930 2285 2223 2356 passionis
2244 2285 2365 2340 haec
2382 2284 2749 2358 loquebatur,
2765 2303 3083 2342 mansurus
3100 2303 3233 2342 cum
3252 2287 3337 2343 eis
3355 2303 3588 2358 semper

1928 2391 2032 2446 per
2062 2374 2445 2443 divinitatem,
2476 2392 2816 2432 recessurus
2835 2370 3099 2448 loquitur
3122 2391 3226 2448 per
3254 2376 3587 2432 humanita-

1928 2468 2064 2518 tem.
2100 2464 2209 2519 Sed
2245 2465 2401 2536 quod
2434 2464 2632 2520 minus
2664 2465 2735 2519 de
2765 2464 3410 2539 divinitateintelligere
3432 2469 3587 2538 pote-

1927 2556 2077 2621 rant,
2103 2569 2205 2624 per
2226 2551 2478 2625 Spiritus
2502 2554 2688 2609 sancti
2712 2554 3025 2609 adventum
3044 2571 3106 2611 se
3128 2555 3437 2611 docturum
3462 2572 3590 2628 pro-

1929 2642 2128 2706 mittit,
2155 2658 2287 2696 cum
2321 2641 2667 2715 subjungit:

2000 2749 2028 2777 ‹‹
2060 2728 2392 2784 Paraclelus
2415 2733 2609 2785 autem
2631 2730 2885 2801 Spiritus
2906 2735 3165 2801 sanctus,
3191 2750 3366 2805 quem
3390 2735 3583 2792 mittet

1925 2840 1951 2866 ‹‹
1988 2817 2156 2872 Pater
2202 2816 2262 2870 in
2298 2816 2533 2873 nomine
2582 2834 2734 2886 meo,
2766 2817 2863 2874 ille
2893 2836 2996 2875 vos
3027 2820 3257 2876 docebit
3288 2824 3503 2879 omnia.
3546 2849 3574 2875 ››

1924 2904 2024 2961 Cui
2044 2905 2235 2961 simile
2251 2910 2340 2961 est
2358 2906 2514 2978 quod
2537 2906 2674 2962 alibi
2705 2906 2873 2964 dicit:
2904 2908 3155 2965 «Adhuc
3178 2910 3364 2968 multa
3387 2911 3573 2970 habeo

1920 2995 2086 3052 vobis
2134 2995 2348 3065 dicere,
2380 2996 2481 3051 sed
2514 3013 2630 3051 non
2662 2997 2907 3068 potestis
2937 3002 3169 3069 portare
3199 3002 3393 3058 modo.
3426 3002 3571 3059 Cum

1922 3088 2117 3140 autem
2164 3084 2389 3139 venerit
2420 3083 2517 3140 ille
2561 3085 2814 3158 Spiritus
2867 3087 3149 3156 veritatis,
3199 3090 3427 3146 docebit
3466 3108 3569 3149 vos

1922 3190 2157 3229 omnem
2186 3172 2491 3229 veritatem
2514 3177 2695 3241 (.loan.
2718 3179 2856 3244 XVI).
2884 3198 2911 3225 ››
2934 3175 3079 3243 Quia
3099 3178 3171 3233 ad
3193 3178 3571 3253 intelligenda
3602 3236 3603 3239 η

166 3263 228 3317 ab
257 3265 536 3338 Operibus
558 3265 827 3333 mortuis,
852 3270 909 3319 et
931 3283 965 3319 a
992 3264 1443 3337 cogitationibus
1466 3261 1810 3335 surpertluis
1840 3251 1881 3317 C
1921 3262 2208 3334 spiritalia
2228 3267 2452 3318 mentes
2469 3268 2698 3319 nostras
2718 3266 3267 3339 promovebit,patet
3292 3251 3569 3340 profecto,

167 3354 215 3405 et
234 3353 586 3410 immundis:
609 3354 749 3426 quia
768 3354 948 3408 mund
960 3371 1030 3408 us
1043 3352 1336 3408 habitator
1357 3352 1635 3407 mundam
1660 3368 1811 3423 quae-

170 3438 231 3494 rit
248 3442 513 3509 domum,
547 3442 620 3497 ad
654 3459 833 3514 quam
864 3458 978 3496 non
1010 3440 1203 3496 solum
1226 3440 1441 3509 venire,
1477 3440 1575 3495 sed
1600 3440 1658 3495 in
1693 3456 1810 3511 qua

170 3542 387 3587 manere
416 3532 695 3605 dignetur
720 3530 817 3586 ille
847 3530 947 3603 qui
977 3531 1085 3585 ait:
1121 3554 1148 3580 «
1174 3530 1317 3585 Ecce
1348 3534 1434 3585 ste
1466 3530 1532 3584 ad
1568 3528 1804 3596 ostium,

172 3619 218 3671 et
241 3619 403 3691 pulso
432 3638 444 3676 :
480 3621 530 3677 si
561 3620 695 3693 quis
730 3619 1021 3693 aperuerit
1053 3618 1216 3687 mihi,
1250 3618 1479 3674 intrabo
1509 3619 1580 3673 ad
1613 3617 1806 3685 illum,

174 3709 219 3758 et
234 3711 463 3765 coznabo
490 3727 628 3766 cum
662 3708 781 3777 illo,
803 3712 859 3765 et
888 3708 983 3764 ille
1014 3725 1243 3764 mecum
1276 3710 1454 3779 (Apoc.
1490 3706 1591 3778 Ill).
1631 3729 1657 3755 ››
1695 3706 1805 3778 Igi-

178 3796 254 3849 tur
279 3799 514 3854 domum
550 3798 763 3855 mentis
796 3801 1004 3854 nostrae
1028 3798 1099 3853 ab
1135 3796 1510 3869 squaloribus
1541 3796 1803 3852 omnium

181 3882 417 3944 vitiorum
452 3888 736 3944 mundare
757 3887 1059 3952 debemus,
1092 3892 1149 3942 et
1171 3886 1413 3942 diversis
1436 3886 1677 3941 floribus
1694 3885 1805 3941 vir-

180 3975 346 4031 tutum
375 3978 677 4046 edomare,
705 3981 769 4031 ut
787 3976 1121 4032 humilitate
1146 3975 1385 4048 fulgeat,
1415 3975 1681 4031 castitate
1712 3992 1807 4029 ru-

178 4061 305 4131 tilet,
331 4065 606 4123 charitate
636 4064 1025 4138 resplendeat,
1059 4068 1124 4120 ut
1148 4064 1206 4119 in
1240 4065 1416 4120 corda
1464 4067 1663 4119 nostra
1708 4079 1805 4118 ve-

183 4151 328 4209 niens
343 4155 591 4227 Spiritus
612 4158 871 4223 sanctus,
899 4153 1264 4209 mansionem
1294 4152 1485 4208 faciat.
1504 4153 1614 4207 Sed
1634 4151 1726 4207 his
1748 4155 1806 4207 et

188 4238 245 4295 de
267 4242 451 4302 electis
496 4243 804 4317 explicitis,
855 4242 956 4316 qui
986 4243 1170 4299 Deum
1215 4258 1331 4298 non
1370 4241 1559 4299 solum
1590 4240 1805 4310 verbis,

191 4330 269 4383 sed
297 4332 460 4388 etiam
491 4333 769 4407 operibus
819 4332 1090 4405 diligunt,
1142 4332 1409 4405 protinus
1442 4332 1512 4387 de
1544 4331 1807 4404 reprobis

193 4415 374 4475 dicitur
394 4439 407 4477 :

248 4510 384 4573 «Qui
415 4529 529 4568 non
560 4511 750 4586 diligit
767 4527 880 4580 me,
915 4527 1214 4567 sermones
1233 4527 1393 4566 meos
1414 4528 1528 4566 non
1560 4513 1764 4567 servat.
1780 4532 1807 4559 ››

1920 3368 2023 3406 nec
2054 3352 2346 3408 laboriosa
2376 3352 2733 3423 expositione
2774 3353 3018 3426 indiget,
3073 3372 3253 3427 quare
3299 3358 3571 3413 eumdem

1919 3440 2193 3513 spiritum
2254 3440 2612 3513 paracletum
2676 3443 2958 3509 nominet,
3011 3452 3326 3517 παράκλητος
3380 3446 3576 3502 Greca

1915 3528 2226 3594 locutione,
2257 3529 2457 3587 Latine
2484 3531 2789 3587 consolator
2827 3531 2946 3587 sive
2993 3533 3281 3589 advocatus
3339 3534 3571 3590 dicitur.

1917 3619 2068 3675 Bene
2101 3618 2431 3675 consolator
2459 3619 2695 3690 dicitur,
2749 3619 2885 3692 quia
2915 3626 3142 3678 mentes
3185 3622 3470 3691 ﬁdelium,
3504 3641 3576 3680 ne

1917 3709 2070 3763 inter
2100 3708 2344 3764 adversa
2361 3708 2541 3780 hujus
2568 3708 2764 3765 saeculi
2796 3709 3087 3777 deficiant,
3122 3727 3224 3783 spe
3255 3711 3575 3768 caelestium

1916 3796 2252 3852 consolatur
2282 3798 2656 3870 prwmiorum
2712 3803 2864 3854 Bene
2897 3800 3231 3869 advocatus,
3284 3801 3424 3875 quia
3471 3818 3576 3874 pro

1915 3902 2108 3941 errore
2139 3885 2611 3957 delinquentium
2635 3888 2788 3959 apud
2820 3887 3050 3943 Patrem
3075 3889 3404 3956 intervenit,
3429 3892 3577 3964 Apo-

1915 3974 2062 4031 stolo
2093 3979 2259 4042 teste,
2296 3975 2396 4046 qui
2432 3975 2550 4030 ait:
2586 3999 2612 4025 «
2639 3976 2786 4032 Nam
2816 3976 2955 4048 quid
2985 3994 3220 4036 oremus
3242 3979 3394 4035 sicut
3413 3997 3578 4052 opor.

1914 4068 2016 4133 tet,
2051 4065 2349 4119 nescimus
2370 4064 2542 4132 (Rom.
2578 4064 2720 4137 vni),
2747 4086 2775 4112 »
2806 4069 2915 4120 etc.
2947 4067 3017 4121 Et
3036 4065 3279 4138 pulchre
3300 4068 3573 4124 eumdem

1914 4151 2196 4224 Spiritum
2226 4151 2283 4205 in
2308 4152 2545 4207 nomine
2576 4169 2685 4208 suo
2715 4170 2750 4208 a
2778 4154 2945 4209 Patre
2968 4154 3119 4209 mitti
3140 4154 3574 4228 perhibet,quia

1916 4241 2094 4297 unius
2121 4241 2755 4313 naturm,ejusdemque
2786 4246 2875 4297 est
2904 4259 3037 4297 eum
3077 4243 3246 4299 Patre
3276 4244 3570 4317 potentiae,

1916 4330 2071 4386 sicut
2100 4330 2227 4402 ipse
2258 4329 2396 4385 alibi
2430 4329 2537 4385 ait:
2573 4329 2767 4385 «Cum
2788 4330 3011 4387 venerit
3030 4331 3572 4405 paracletus,quem

1917 4437 2023 4493 ego
2054 4419 2284 4475 mittam
2314 4419 2480 4475 vobis
2510 4437 2543 4476 a
2574 4421 2740 4476 Patre
2775 4420 3057 4492 Spiritum
3093 4421 3374 4490 veritatis,
3410 4423 3509 4494 qui
3540 4440 3575 4479 a

1916 4510 2085 4564 Patre
2116 4509 2397 4581 procedit,
2440 4508 2537 4564 ille
2584 4508 2987 4565 testimonium
3021 4509 3352 4581 perhibebit
3381 4511 3451 4566 de
3482 4527 3575 4565 me

196 4592 324 4689 Sicut
342 4601 489 4656 enim
513 4602 616 4674 qui
640 4604 926 4675 praecepta
947 4600 1046 4656 Dei
1069 4600 1355 4667 observat,
1381 4600 1555 4657 etiam
1583 4604 1809 4655 tacente
1841 4623 1888 4689 Β
1918 4604 2107 4668 (Joan.
2140 4601 2256 4667 xv).
2296 4620 2323 4647 ››
2373 4598 2533 4663 Quod
2593 4601 2790 4654 autem
2820 4598 2939 4653 ait:
2990 4622 3017 4648 «
3051 4597 3152 4654 llle
3196 4615 3298 4655 vos
3346 4598 3576 4655 docebit

198 4680 359 4760 lingua
386 4708 445 4746 se
475 4708 613 4747 eum
645 4689 886 4764 diligere
916 4689 1296 4762 comprobat:
1342 4690 1425 4745 sic
1456 4688 1557 4762 qui
1588 4705 1811 4745 sermo-

201 4786 301 4831 nem
325 4780 444 4851 ejus
474 4796 593 4836 non
624 4779 881 4835 custodit
900 4795 1035 4835 eum
1066 4794 1129 4834 se
1162 4794 1276 4833 non
1309 4778 1549 4852 diligere
1580 4779 1815 4834 demon-

200 4866 331 4923 strat.
354 4890 381 4919 (ί
408 4870 479 4925 Et
511 4885 845 4925 sermonem
877 4884 1051 4941 quem
1079 4867 1331 4923 audistis
1362 4885 1478 4923 non
1506 4871 1594 4923 est
1623 4884 1811 4938 meus,

205 4973 223 4993 σι
241 4956 319 5009 sed
335 4958 473 5028 ejus,
504 4958 604 5029 qui
636 4955 798 5012 misit
820 4973 933 5026 me,
958 4956 1164 5012 Patris.
1193 4979 1220 5004 »
1245 4956 1388 5011 Cum
1413 4956 1683 5028 superius
1703 4972 1817 5010 ser-

206 5055 364 5101 mones
383 5046 687 5120 pluraliter
717 5046 933 5118 posuit,
958 5045 1284 5100 doctrinam
1311 5045 1495 5100 sancti
1520 5044 1814 5117 Evangelii

204 5126 478 5209 intelligere
508 5134 715 5191 voluit.
741 5134 886 5190 Cum
910 5138 1105 5190 autem
1129 5133 1505 5207 singulariter
1525 5134 1811 5205 adjunxit:

209 5239 225 5265 ί
243 5219 296 5276 Et
319 5240 642 5282 sermonem
665 5241 839 5298 quem
860 5223 1133 5295 audistis,
1156 5246 1183 5274 »
1210 5222 1471 5295 seipsum
1492 5221 1817 5296 intelligere

204 5308 364 5380 voluit,
385 5314 485 5386 qui
501 5318 592 5371 est
612 5313 853 5369 verbum
877 5317 935 5368 et
955 5313 1242 5385 sapientia
1264 5312 1384 5381 Dei,
1405 5312 1474 5368 de
1497 5328 1613 5385 quo
1641 5313 1815 5367 Joan-

205 5411 281 5453 nes
298 5399 422 5457 alibi
442 5403 546 5459 ait:
573 5425 601 5453 ‹‹
618 5402 682 5458 In
704 5400 990 5475 principio
1005 5406 1129 5457 erat
1143 5400 1814 5470 Verbum(Joan.1),»etc.

204 5483 339 5547 Recte
366 5507 501 5566 ergo
532 5492 709 5547 dicit:
735 5514 761 5541 «
791 5491 861 5546 Et
882 5507 1207 5547 sermonem
1233 5506 1406 5562 quem
1430 5488 1680 5545 audistis
1702 5506 1814 5543 non

202 5581 566 5650 estmeus,sed
590 5579 847 5653 ejus,qui
872 5579 1033 5635 misit
1056 5596 1167 5649 me,
1194 5580 1401 5647 Patris,
1424 5600 1451 5629 »
1477 5578 1615 5651 quia
1640 5577 1819 5635 Filius

200 5664 346 5731 noua
372 5672 568 5750 seipse
599 5669 773 5745 venit,
806 5669 907 5729 sed
961 5687 992 5728 a
1023 5670 1209 5741 Patre,
1251 5670 1404 5729 sicut
1458 5667 1585 5746 ipse
1635 5667 1818 5728 dicit:

1921 4687 2138 4754 omnia,
2176 4710 2201 4736 »
2236 4687 2708 4743 subaudiendum
2740 4691 2846 4755 est,
2898 4704 3023 4760 qua:
3054 4688 3385 4743 necessaria
3414 4690 3572 4754 sunt,

1924 4775 2043 4832 sive
2075 4776 2146 4831 ad
2177 4775 2647 4848 intelligendum,
2681 4775 2800 4831 sive
2830 4777 2903 4831 ad
2935 4776 3283 4832 docendum.
3324 4776 3395 4831 Et
3422 4778 3576 4831 recte

1924 4865 2177 4939 Spiritus
2212 4868 2449 4921 sanctus
2477 4865 2675 4920 omnia
2705 4864 3168 4930 doceredicitur,
3201 4863 3340 4936 quia
3368 4864 3429 4918 in
3473 4880 3574 4918 va-

1924 4971 2100 5009 cuum
2131 4953 2356 5009 laborat
2387 4970 2577 5008 sermo
2609 4952 2861 5008 doctoris
2885 4952 3160 5020 exterius,
3183 4951 3298 5008 nisi
3328 4952 3578 5009 interius

1926 5042 2274 5115 sitSpiritus
2303 5046 2565 5107 sanctus,
2589 5042 2687 5113 qui
2720 5040 2975 5097 illu'stret
3004 5058 3103 5097 cor
3124 5040 3427 5098 auditoris.
3461 5040 3577 5096 Cae-

1924 5137 2115 5189 terum
2140 5148 2310 5187 nemo
2328 5134 2557 5186 tantum
2574 5130 2862 5202 perfectus
2882 5146 3009 5185 esse
3026 5133 3215 5201 potest
3229 5128 3289 5184 in
3309 5129 3579 5202 prmsenti

1922 5221 2063 5288 vita,
2096 5225 2161 5276 ut
2191 5221 2388 5275 omnia
2417 5220 2487 5274 de
2541 5223 2655 5273 Deo
2696 5217 2844 5273 scire
2890 5217 3097 5290 possit,
3144 5217 3397 5273 maxime
3444 5234 3579 5273 cum

1924 5308 2258 5382 Apostolus,
2279 5308 2377 5379 qui
2397 5324 2583 5379 usque
2600 5308 2671 5362 ad
2689 5306 2928 5362 tertium
2945 5306 3155 5363 coelum
3174 5312 3377 5380 raptus
3400 5307 3583 5362 fuisse

1928 5397 2283 5472 perhibetur,
2336 5396 2527 5451 dicat:
2591 5420 2617 5447 α
2648 5397 2727 5451 Ex
2759 5399 2921 5469 parte
2964 5396 3394 5469 cognoscimus,
3427 5399 3485 5452 et
3513 5412 3582 5451 ex

1928 5491 2091 5561 parte
2134 5486 2554 5559 prophetamus
2588 5488 2637 5555 (Ι
2678 5486 2797 5542 Cor.
2828 5487 2974 5542 xm‘.
3009 5508 3038 5536 »
3068 5486 3229 5551 Quod
3261 5501 3393 5542 vero
3441 5483 3582 5540 sub-

1920 5576 2121 5651 jungit
2143 5592 2155 5631 :
2188 5597 2214 5628 ‹‹
2224 5576 2300 5639 Et
2319 5579 2591 5647 suggeret
2606 5576 2769 5631 vobis
2786 5575 2988 5632 omnia
3004 5590 3366 5648 quaecunque
3387 5573 3582 5629 dixero

1928 5691 1956 5722 α
1990 5666 2175 5725 vobis.
2210 5688 2239 5717 ››
2298 5664 2548 5748 Spiritus
2603 5668 2841 5725 sanctus
2870 5680 3183 5747 suggerere
3222 5662 3452 5734 dicitur,
3513 5672 3579 5718 eo
