3908 6172
387 402 505 463 559

948 403 1359 465 HAYMONIS
1402 402 1942 463 HALBERSTAT.
1990 401 2234 462 l'IPlSC.
2282 402 2455 463 OPP.
2502 402 2706 465 PARS
2750 403 2826 464 ll.
2859 434 2940 449 -—-
2967 403 3227 465 HOMIL.

3616 410 3711 469 5ῦο

385 536 541 609 quod
575 552 683 592 nos
713 539 1116 611 suggerentes,
1150 534 1207 590 id
1260 539 1348 591 est
1374 534 1791 608 supplicantes,
1839 533 2033 590 faciat.
2066 548 2120 613 Α
2148 533 2329 589 distat
2360 533 2510 589 inter
2537 551 2739 607 pacem
2771 534 2976 589 mundi
3004 540 3063 590 et
3090 552 3280 607 pacem
3300 538 3409 592 Dei.
3433 538 3529 594 Dat
3551 548 3710 599 auth

384 622 673 692 Quaritur
700 627 896 680 autem
928 625 1219 697 quomodo
1245 628 1540 697 suggerat,
1564 640 1697 679 cum
1722 638 2033 697 suggerere

384 712 629 769 minoris
662 713 758 784 sit,
791 718 848 769 et
877 713 1131 787 Spiritus
1161 718 1399 769 sanctus
1446 713 1686 785 aequalis
1719 712 1871 767 Patri
1906 727 2034 767 esse

382 800 700 861 credatur?
724 803 809 859 Ad
844 803 999 877 quod
1030 802 1343 859 dicendum
1378 803 1515 875 quia
1562 819 1706 858 usus
1732 802 1837 857 iste
1871 799 2035 857 locu-

382 891 559 947 tionis
589 888 648 947 in
677 890 992 966 Scripturis
1024 892 1206 948 sacris
1253 891 1586 964 frequenter
1626 890 1936 955 invenitur,
1970 894 2036 944 ut

380 978 490 1037 hoc
509 978 664 1037 Deus
680 980 850 1053 agere
871 979 1117 1049 dicatur,
1142 981 1296 1054 quod
1316 986 1378 1036 ut
1401 998 1507 1037 nos
1527 997 1772 1055 agamus
1794 979 1890 1035 ille
1913 996 2035 1051 per-

381 1067 564 1137 ﬁciat;
598 1072 654 1125 et
679 1086 864 1138 orare,
898 1077 964 1125 ut
992 1087 1099 1126 nos
1130 1074 1365 1126 orantes
1394 1070 1626 1126 efﬁciat.
1661 1069 1823 1125 Sicut
1875 1067 2030 1123 enim

380 1156 622 1230 Spiritui
654 1163 857 1214 sancto
881 1175 1113 1231 gemere
1134 1164 1244 1227 est,
1277 1175 1343 1215 eo
1367 1159 1520 1231 quod
1555 1176 1661 1215 nos
1691 1159 1760 1213 ad
1794 1174 2033 1230 gemen-

336 1316 343 1327 η
380 1242 521 1301 dum
549 1245 770 1315 incitet,
803 1247 887 1303 sic
918 1264 1230 1321 suggerere
1261 1247 1495 1315 dicitur,
1539 1256 1605 1303 eo
1637 1248 1793 1319 quod
1822 1264 1927 1302 nos
1958 1246 2031 1301 ad

377 1336 809 1409 suggerendum
836 1336 1112 1403 instruat,
1135 1337 1193 1391 id
1218 1340 1307 1392 est
1325 1353 1394 1391 ea
1414 1353 1541 1408 quas
1559 1337 1771 1392 desunt
1787 1336 1957 1391 nobis
1971 1335 2028 1389 in

373 1423 689 1481 virtutibus
710 1424 1095 1499 supplicando
1118 1424 1413 1497 postulare
1446 1425 1710 1480 faciat.Et
1730 1425 1870 1496 quia
1890 1441 2029 1497 sug-

373 1526 570 1583 gerere
600 1511 915 1585 aliquando
936 1513 1385 1569 subministrare
1406 1513 1675 1581 est,Patri
1700 1512 2030 1586 etFilioSpi-

373 1600 520 1656 ritus
533 1605 774 1657 sanctus
786 1605 1028 1658 coaetern
1038 1620 1106 1657 us
1117 1607 1172 1657 et
1184 1601 1705 1659 consubstantialis
1718 1618 2029 1676 suggerere

373 1686 608 1758 dicitur,
642 1707 709 1747 eo
752 1691 907 1764 quod
942 1691 1113 1747 nobis
1144 1691 1401 1747 divinam
1451 1691 1753 1748 scientiam
1802 1690 2029 1746 occulta

373 1777 757 1852 inspiratione
788 1779 1101 1849 ministret,
1134 1798 1248 1836 non
1274 1782 1344 1837 de
1365 1782 1661 1842 deorsum.
1691 1780 1789 1835 sed
1814 1781 1884 1835 de
1905 1797 2029 1835 sur-

375 1884 529 1925 sum.
562 1866 725 1925 Unde
773 1886 878 1943 per
904 1868 1243 1943 Apostolum
1277 1870 1531 1926 dicitur:
1567 1893 1594 1920 ‹‹
1629 1868 1895 1925 Charitas
1926 1868 2026 1924 Dei

375 1953 589 2012 diﬁ‘usa
608 1961 700 2013 est
720 1958 776 2012 in
793 1958 1067 2016 cordibus
1087 1958 1296 2015 vestris
1309 1976 1410 2031 per
1430 1958 1713 2032 Spiritum
1735 1962 2027 2027 sanctum,

375 2043 474 2118 qui
506 2046 680 2102 datus
712 2049 801 2103 est
828 2046 995 2103 vobis
1026 2050 1200 2119 (Rom.
1234 2048 1310 2120 v).
1339 2072 1365 2097 »
1398 2048 1713 2121 Postquam
1744 2048 2030 2103 Dominus

374 2132 655 2207 Spiritum
670 2134 1028 2208 paracletum
1046 2154 1107 2193 se
1122 2136 1425 2209 discipulis
1445 2136 1713 2209 promisit
1729 2136 2026 2206 daturum,

374 2221 645 2293 protinus
668 2238 870 2295 pacem
902 2222 1588 2293 commendavit,dicens:
1952 2291 1957 2297 ι

445 2333 473 2361 ‹‹
505 2309 709 2367 Pacem
743 2310 1006 2385 relinquo
1035 2312 1221 2379 vobis,
1254 2329 1452 2385 pacem
1488 2330 1675 2367 meam
1710 2314 1784 2368 do
1806 2314 2027 2369 vobis.»

372 2399 697 2456 Ostendens
709 2400 847 2473 quia
859 2401 943 2456 illi
957 2401 1368 2474 ejusSpiritum
1385 2401 1646 2474 accipere
1659 2407 1958 2458 merentur
1973 2405 2030 2457 et

370 2487 657 2562 templum
667 2489 925 2563 Spiritus
938 2490 1125 2546 sancti
1142 2490 1392 2563 ﬁeri,qui
1408 2506 1609 2562 pacem
1623 2489 1959 2546 inviolatam
1974 2493 2030 2545 et

371 2577 742 2634 concordiam
757 2595 889 2635 cum
902 2579 1182 2636 fratribus
1195 2580 1617 2650 servantjuxta
1630 2578 1771 2634 illud
1787 2578 2031 2652 prophe-

369 2667 579 2724 ticum:
595 2671 814 2741 «Super
826 2684 1001 2741 quem
1017 2669 1602 2741 requiescetSpiritus
1614 2669 1919 2736 meus,nisi
1938 2686 2028 2723 su.

370 2756 1117 2832 perhumilemetquietum
1132 2763 1545 2815 ettrementem
1561 2774 2027 2814 sermonesmeos

370 2844 500 2920 (Im.
529 2849 696 2915 LXVI).
711 2870 731 2896 ι
762 2845 924 2902 Unde
943 2847 1199 2903 Joannes
1217 2847 1275 2902 in
1295 2865 1400 2903 sua
1417 2846 1761 2920 Apocalypsi
1785 2847 1903 2919 (sic)
1932 2847 2025 2901 di-

369 2936 475 2992 cit:
504 2935 895 2991 «Inhabitabo
922 2937 979 2990 in
1001 2934 1121 2992 illis
1143 2941 1199 2992 et
1221 2935 1598 2991 inambulabo
1622 2936 1694 3008 (II
1722 2936 1842 2991 Cor.
1868 2937 1967 3007 γι).
1996 2959 2023 2985 ››

368 3025 485 3081 Pax
514 3028 708 3079 autem
758 3041 890 3081 vera
920 3030 1027 3094 est,
1080 3043 1207 3098 quze
1249 3024 1411 3081 nullo
1443 3026 1635 3082 furore
1664 3026 2020 3094 accenditur,

369 3110 531 3170 nulla
559 3114 962 3189 persecutione
1010 3116 1404 3188 perturbatur,
1456 3115 1553 3170 sed
1605 3113 1754 3169 inter
1783 3115 2025 3171 adversa

368 3201 547 3275 hujus
577 3202 778 3260 saeculi
811 3203 1196 3259 inconcussus
1220 3208 1335 3259 stat
1360 3203 1593 3259 animus
1621 3202 2015 3259 Christianus:

2061 1919 2108 1983 B

2144 623 2404 679 mundus
2421 624 2547 679 suis
2563 625 2927 680 amatoribus
2946 640 3163 696 pacem,
3183 627 3400 698 quando
3420 633 3714 687 concordant

2143 712 2388 767 adulteri
2409 729 2541 768 cum
2566 712 2870 779 adulteris,
2884 713 3095 768 ebriosi
3110 730 3237 769 cum
3258 714 3496 784 ebriosis,
3518 732 3710 793 rapaces

2144 817 2276 857 cum
2308 802 2639 874 rapacibus,
2671 802 2976 858 homicida:
3009 819 3139 859 cum
3168 803 3472 861 homicidis.
3495 807 3590 863 Sed
3617 809 3711 866 haec

2144 907 2253 962 pax
2284 891 2355 946 ad
2389 895 2729 963 perpetuam
2761 891 3111 947 discordiam
3141 892 3315 961 ducit,
3345 898 3398 949 et
3423 892 3474 949 in
3496 899 3710 966 presenti

2142 979 2475 1052 frequenter
2493 978 2711 1052 jurgiis
2752 979 3121 1047 immutatur,
3154 986 3209 1037 et
3244 981 3531 1053 aliquando
3570 992 3714 1041 inerte

2142 1066 2560 1123 interveniente
2584 1067 2803 1123 ﬁnitur.
2827 1069 2942 1123 Pax
2953 1071 3145 1125 autem
3168 1086 3337 1142 quam
3357 1072 3605 1129 Dominus
3622 1075 3711 1139 dat,

2141 1154 2274 1211 etin
2297 1157 2564 1228 praesenti
2586 1172 2782 1212 amore
2799 1156 3546 1230 fraternitatistranquillum
3566 1163 3715 1219 reddit

2143 1244 2405 1299 animum
2457 1244 2876 1310 Christianum,
2924 1251 2980 1302 et
3012 1246 3069 1302 in
3104 1247 3295 1302 futuro
3323 1248 3390 1303 ad
3442 1249 3713 1307 societatem

2141 1338 2432 1407 perpetuae
2456 1333 2615 1405 pacis
2646 1334 2929 1405 perducit.
2956 1334 3141 1407 Igitur
3164 1333 3219 1389 in
3243 1351 3374 1407 pace
3393 1335 3481 1391 Dei
3502 1353 3598 1392 non
3619 1354 3715 1410 pro-

2138 1427 2267 1495 pter
2296 1439 2556 1479 amorem
2586 1427 2905 1489 terrenum,
2955 1425 3057 1479 sed
3090 1428 3318 1497 propter
3346 1440 3526 1497 pacem
3569 1426 3713 1482 chari-

2138 1512 2278 1567 tatis
2307 1511 2552 1566 inxicem
2584 1528 2841 1567 amorem
2868 1512 3105 1579 habent,
3141 1517 3204 1568 ut
3232 1512 3329 1585 qui
3359 1531 3526 1569 unum
3539 1520 3713 1587 patrem

2139 1600 2356 1655 habent
2411 1602 2467 1655 in
2502 1600 2685 1665 caelis,
2718 1600 2838 1656 sint
2897 1601 2953 1656 in
3000 1619 3117 1657 una
3166 1618 3431 1675 compage
3476 1603 3716 1660 charitatis

2139 1689 2433 1760 conjuncti
2457 1689 2515 1743 in
2546 1689 2738 1755 terris,
2765 1691 2916 1745 sicut
2940 1691 3012 1745 de
3038 1690 3330 1763 primitiva
3357 1690 3583 1747 Ecclesia
3607 1693 3717 1748 dici-

2136 1782 2269 1832 tur:
2306 1801 2333 1828 «
2370 1778 2764 1834 Multitudinis
2811 1780 3175 1836 credentium
3224 1784 3342 1836 erat
3390 1797 3482 1837 cor
3506 1798 3654 1837 unum
3676 1786 3718 1837 et

2139 1867 2335 1922 anima
2366 1883 2485 1922 una
2516 1868 2646 1938 (Act.
2682 1872 2779 1931 IV).
2816 1891 2843 1918 ››
2880 1868 3099 1923 Horum
3132 1885 3269 1943 ergo
3299 1886 3405 1942 pax
3432 1885 3525 1926 nec
3551 1869 3718 1943 jurgiis

2139 1955 2511 2022 immutatur,
2538 1973 2643 2012 nec
2663 1956 2972 2013 discordiis
3004 1959 3320 2031 rumpitur,
3350 1975 3448 2015 nec
3473 1963 3628 2015 morte
3651 1962 3720 2014 in-

2140 2045 2497 2101 terveniente
2527 2045 2751 2112 ﬁnitur,
2774 2046 2873 2101 sed
2908 2047 3105 2119 potius
3132 2050 3530 2104 conﬁrmatur:
3550 2052 3604 2103 ut
3626 2048 3720 2119 qui-

2141 2134 2250 2187 bus
2283 2151 2467 2188 unum
2499 2139 2587 2189 est
2618 2134 2974 2190 desiderium
3006 2135 3064 2190 in
3097 2138 3292 2203 terris,
3324 2137 3399 2191 sit
3425 2153 3585 2192 unum
3611 2153 3719 2208 pre-

2142 2223 2322 2277 mium
2359 2224 2416 2277 in
2449 2223 2630 2293 cmlis,
2665 2228 2722 2278 ct
2754 2224 2893 2296 quia
2922 2225 3233 2297 discipulis
3279 2227 3538 2281 Dominus
3563 2240 3718 2298 pacem

2139 2312 2667 2379 commendaverat,
2686 2313 2880 2368 sciens
2899 2314 3401 2372 eistribulationes
3415 2319 3466 2372 et
3479 2314 3719 2388 angustias

2140 2412 2266 2455 csse
2283 2402 3137 2474 venturas,neinterpressuras
3158 2404 3349 2460 saeculi
3387 2419 3566 2477 pacem
3594 2403 3720 2458 amit-

2139 2493 2347 2557 terent,
2379 2490 2622 2545 verbum
2649 2491 3066 2548 exhortationis
3086 2493 3306 2564 posuit,
3335 2494 3547 2550 dicens:
3578 2514 3602 2543 α
3625 2492 3718 2547 Non

2139 2601 2165 2627 ‹‹
2201 2579 2471 2635 turbetur
2497 2596 2591 2635 cor
2630 2586 2910 2650 vestrum,
2954 2596 3145 2654 neque
3192 2582 3469 2639 formidet.
3513 2579 3718 2637 Audistis

2138 2689 2165 2716 ‹‹
2200 2666 2339 2738 quia
2360 2682 2465 2740 ego
2487 2667 2601 2722 dixi
2623 2666 2787 2723 vobis
2812 2685 2824 2723 :
2860 2669 3007 2724 vado
3030 2675 3087 2724 et
3116 2670 3286 2727 venio
3315 2671 3383 2726 ad
3411 2687 3522 2726 vos.
3548 2692 3566 2718 ι
3597 2667 3719 2725 Unde

2136 2772 2268 2810 cum
2304 2754 2441 2811 alibi
2465 2772 2563 2812 eos
2580 2757 2652 2811 ad
2675 2756 3006 2828 passionem
3024 2758 3375 2828 hortaretur,
3398 2759 3504 2815 ait:
3533 2757 3718 2812 «Nolite

2136 2844 2343 2900 timere
2372 2861 2471 2900 eos
2500 2844 2598 2917 qui
2621 2845 2892 2901 occidunt
2912 2863 3151 2920 eorpus,
3176 2849 3425 2905 animam
3448 2852 3614 2903 autem
3631 2860 3717 2900 non

2135 2938 2384 3006 possunt
2431 2933 2691 2990 occidere
2722 2936 2924 3007 (Matth.
2950 2936 3031 3007 κ).
3068 2958 3095 2985 ››
3129 2937 3203 2992 Et
3231 2937 3404 2993 item:
3438 2959 3465 2987 ‹‹
3490 2934 3643 2992 Nolite
3665 2932 3717 2987 tt-

2134 3023 2571 3095 mere,pusillus
2593 3022 2894 3096 grex,quia
2909 3024 3423 3099 complacuitpatri
3442 3022 3716 3080 vcstrodare

2133 3111 2294 3167 vobis
2319 3128 2563 3185 regnum
2582 3114 2861 3182 (Luc.xn),
2892 3136 2917 3161 ››
2949 3112 3174 3171 sciebat
3196 3115 3350 3171 enim
3374 3115 3502 3187 quia
3518 3129 3614 3186 quo
3631 3127 3717 3165 am-

2131 3200 2285 3273 plius
2303 3218 2405 3273 pro
2418 3203 2546 3273 ejus
2558 3201 3223 3260 nominetribulationes
3234 3208 3291 3260 et
3302 3197 3717 3278 angustiassusti-

368 3292 647 3364 quoniam
674 3292 829 3347 sicut
858 3309 962 3365 per
991 3292 1336 3364 Prophetam
1368 3292 1600 3348 dicitur.
1642 3312 1664 3339 α
1690 3297 1805 3348 Pax
1836 3293 2023 3349 multa
2052 3282 2095 3348 C
2135 3294 2358 3357 nerant,
2382 3308 2449 3347 eo
2472 3291 2660 3363 magis
2681 3290 2866 3363 gloria
2886 3307 3087 3347 eorum
3115 3296 3415 3350 cresceret.
3439 3291 3567 3359 Quia
3584 3289 3715 3345 sicut:

367 3378 750 3454 diligentibus
769 3380 956 3454 legem
980 3384 1165 3448 tuam,
1198 3385 1256 3436 et
1276 3397 1389 3435 non
1423 3386 1510 3437 est
1534 3380 1649 3436 illis
1672 3381 2015 3437 scandalum

364 3467 539 3539 (Psal.
571 3468 783 3539 cxvm).
819 3491 847 3519 υ
883 3468 1041 3524 Hanc
1073 3485 1272 3540 pacem
1306 3469 1473 3542 quasi
1507 3468 1754 3542 speciale
1799 3487 2016 3526 munus

364 3553 647 3611 Dominus
670 3555 975 3629 discipulis
1006 3558 1469 3627 commendabat,
1503 3559 1735 3629 quando
1767 3558 2012 3615 dicebat:

369 3661 393 3690 ι
426 3640 644 3699 Habete
676 3642 761 3698 sal
795 3644 852 3698 in
900 3643 1084 3708 vobis,
1117 3650 1173 3701 et
1212 3662 1413 3718 pacem
1445 3646 1651 3701 habete
1708 3646 1859 3703 inter
1912 3665 2014 3704 vos

363 3728 412 3804 (1
436 3734 613 3787 Marc.
665 3732 766 3795 lx).
798 3754 826 3782 »
859 3731 928 3787 Et
974 3731 1143 3788 item:
1184 3756 1205 3784 ε
1241 3734 1395 3789 Beati
1427 3732 1673 3807 pacifici,
1730 3738 2010 3808 quoniam

360 3818 465 3874 ﬁlii
498 3818 596 3875 Dei
646 3820 1009 3876 vocabuntur
1055 3822 1271 3891 (Matth.
1299 3826 1379 3890 v.)
1414 3846 1439 3871 ››
1472 3824 1654 3889 Quam
1688 3841 1749 3881 se
1777 3832 2014 3883 noverat

357 3907 573 3965 habere
603 3909 702 3983 qui
736 3908 999 3966 dicebat:
1036 3934 1063 3961 ‹‹
1090 3910 1229 3967 Cum
1254 3910 1347 3968 his
1378 3912 1477 3984 qui
1505 3912 1752 3969 oderunt
1781 3932 2010 3988 pacem,

355 4016 514 4056 eram
545 3997 821 4074 paciﬁcus
846 4000 1014 4073 (Psal.
1040 4005 1175 4071 xxx).
1201 4024 1228 4050 ››
1252 4001 1432 4074 Cujus
1451 4003 1726 4059 virtutem
1748 4008 1803 4059 et
1825 4004 2011 4078 digni-

354 4092 532 4146 tatem
564 4089 805 4164 quidam
850 4090 1088 4164 sapiens
1135 4091 1385 4148 breviter
1409 4093 1867 4166 comprehendit,
1919 4095 2006 4149 di-

353 4197 491 4239 cens
514 4197 527 4236 Ζ

423 4297 541 4382 Pax
570 4299 827 4382 animum
860 4299 1065 4382 nutrit,
1098 4299 1303 4382 retinet
1334 4299 1643 4382 concordia
1672 4316 1896 4382 pacem.

424 4370 541 4445 Pax
571 4371 836 4445 reprimit
863 4370 996 4445 lites
1028 4372 1345 4445 concordes
1376 4370 1553 4445 nectit
1584 4376 1641 4426 et
1671 4370 1829 4426 item.

425 4442 523 4515 Lis
548 4442 749 4514 pacem
783 4443 1010 4515 metuit,
1044 4442 1256 4515 refugit
1286 4442 1579 4515 discordia
1610 4459 1831 4514 pacem.

421 4512 569 4569 Odia
599 4529 709 4585 pax
735 4512 919 4585 pellit,
953 4512 1197 4569 castum'
1214 4530 1324 4585 pax
1351 4514 1536 4568 nutrit
1563 4512 1845 4570 amorem.

421 4631 610 4704 Hujus
659 4628 890 4686 virtutis
920 4629 1266 4685 suavitatem
1298 4646 1404 4685 nec
1434 4647 1587 4684 nunc
1619 4629 1785 4702 impii
1816 4629 2003 4701 possi-
2035 4653 2081 4717 D

349 4724 484 4781 dere
503 4722 911 4796 possunt,cum
934 4717 1084 4774 inter
1106 4735 1166 4774 se
1180 4719 1529 4796 concordare
1544 4718 1834 4786 videntur,
1852 4718 2004 4775 sicut

348 4792 650 4885 Scriptura
691 4809 867 4866 dicit:
901 4831 928 4859 α
962 4808 1087 4866 Non
1120 4792 1349 4881 est‘pax
1378 4807 1576 4875 impiis
1605 4807 1731 4875 (Isa.
1767 4810 1935 4879 xm),
1972 4832 1999 4857 ››

347 4902 487 4958 dicit
518 4900 800 4957 Dominus
830 4898 1005 4971 Deus.
1039 4897 1286 4953 Pulchre
1307 4914 1441 4969 ergo
1464 4897 1580 4952 ait:
1617 4921 1645 4947 «
1678 4898 1881 4953 Pacem
1916 4915 2000 4953 re-

346 4989 548 5063 linquo
569 4989 960 5062 vobis.pacem
985 5004 1177 5044 meam
1204 4987 1278 5042 do
1298 4986 1481 5043 vobis.
1502 5010 1527 5033 ››
1553 4987 1633 5042 Ac
1664 4986 1709 5041 si
1744 4986 1958 5043 diceret
1982 5004 1994 5042 :

346 5078 428 5134 Do
459 5078 865 5151 praesentibus,
883 5078 1148 5150 relinquo
1174 5076 1408 5131 futuris.
1434 5075 1561 5131 Sive
1583 5074 1997 5131 inchoantibus

347 5165 634 5236 relinquo,
658 5167 1162 5237 perseverantibus
1183 5166 1277 5220 do.
1306 5165 1373 5219 Et
1394 5164 1529 5236 quia
1551 5164 1860 5237 perfectior
1888 5166 1997 5220 erit

344 5272 457 5328 pax
487 5254 545 5311 in
581 5254 775 5309 futuro
805 5271 979 5326 quam
1012 5254 1067 5308 in
1098 5254 1388 5327 praesenti,
1422 5254 1566 5309 bene
1594 5271 1725 5308 cum
1771 5254 1997 5309 addita-

345 5348 542 5401 mento
572 5340 752 5419 dixit:
805 5363 834 5392 ‹‹
869 5342 1071 5398 Pacem
1104 5360 1293 5398 meam
1325 5343 1397 5397 do
1442 5342 1626 5398 vobis.
1664 5366 1691 5391 η
1724 5342 1809 5397 lbi
1839 5342 1995 5398 enim

343 5449 461 5491 non
482 5429 674 5488 solum
696 5429 1079 5498 exterius,sed
1109 5447 1210 5486 nec
1233 5430 1478 5486 interius
1502 5430 1837 5486 conﬂictum
1862 5447 1994 5486 cum

340 5522 497 5579 vitiis
527 5518 1002 5586 habebimus,ubi
1028 5536 1257 5575 summa
1281 5525 1368 5574 cst
1399 5538 1507 5592 pax
1530 5520 1599 5575 de
1620 5520 1837 5576 visione
1860 5536 1994 5576 con-

340 5609 572 5669 ditoris.

407 5701 571 5786 .«Nou
586 5699 878 5781 quomodo
897 5695 1157 5758 mundus
1171 5697 1402 5775 dat,ego
1415 5697 1488 5757 de
1503 5698 1724 5756 vobis.»
1742 5696 1993 5758 Multum

2128 3402 2157 3429 ‹‹
2186 3380 2341 3435 Vasa
2374 3378 2538 3453 ﬁguli
2561 3379 2767 3451 probat
2788 3381 3012 3449 fornax;
3038 3380 3121 3437 ita
3143 3381 3410 3438 homines
3430 3382 3600 3453 justas
3622 3381 3717 3431 ten-

2124 3467 2268 3523 tatio
2298 3466 2695 3524 tribulationis
2745 3468 2932 3539 (Ecclz'.
2966 3472 3165 3533 xxvu).
3196 3492 3225 3522 »
3278 3472 3341 3526 In
3388 3468 3572 3525 multis
3609 3463 3717 3521 locis

2124 3556 2417 3629 Evangelii
2441 3555 2877 3629 legimus,quod
2898 3573 3032 3612 eum
3047 3558 3337 3615 Dominus
3350 3575 3409 3615 se
3429 3549 3717 3641 adiscipulis

2120 3644 2501 3719 corporaliter
2530 3660 2896 3701 recessurum
2930 3645 3169 3714 diceret,
3203 3665 3319 3704 non
3344 3646 3464 3704 sine
3484 3643 3620 3719 gravi
3643 3640 3718 3697 do-

2125 3734 2243 3789 lore
2265 3734 2463 3789 audire
2484 3737 2772 3806 poterant.
2789 3733 2952 3789 Unde
2970 3751 3105 3791 cum
3129 3736 3270 3791 alibi
3294 3736 3548 3792 dixisset:
3570 3728 3718 3784 «Vada

2122 3822 2192 3877 ad
2226 3838 2357 3878 eum
2383 3821 2481 3894 qui
2504 3838 2597 3878 me
2620 3822 2782 3878 misit
2805 3823 2979 3895 (Joan.
3002 3823 3122 3895 vn),
3138 3846 3166 3875 ››
3196 3823 3466 3881 continuo
3484 3815 3716 3893 adjunxit:

2121 3934 2148 3961 ‹‹
2183 3912 2293 3967 Sed
2327 3911 2464 3984 quia
2496 3910 2616 3967 haec
2643 3910 2874 3968 locutus
2897 3929 3027 3968 sum
3046 3913 3239 3979 vobis,
3266 3904 3718 3982 tristitiaimplevit

2118 4017 2218 4055 cor
2240 4005 2499 4056 vestrum
2531 4003 2708 4070 (Joan.
2742 4006 2838 4074 vr).
2873 4023 2900 4052 ››
2936 4001 3075 4057 Inde
3116 4002 3345 4059 turbari
3376 4008 3433 4058 et
3468 3992 3715 4056 formidari

2119 4093 2405 4159 poterant,
2439 4090 2591 4162 quod
2617 4106 2791 4163 quem
2816 4090 2954 4146 totis
2976 4089 3303 4149 visceribus
3322 4091 3614 4164 diligebant
3630 4098 3715 4139 asc

2118 4195 2485 4235 recessurum
2545 4180 2880 4235 audiebant.
2932 4179 3042 4236 Sed
3075 4179 3237 4236 hunc
3268 4197 3464 4237 eorum
3506 4175 3712 4234 dolorem

2118 4268 2366 4341 benigne
2396 4267 2531 4340 pius
2553 4270 2833 4341 magister
2853 4269 3214 4339 consolatur,
3240 4287 3373 4326 cum
3395 4268 3555 4326 dicit:
3576 4289 3600 4316 «
3618 4262 3712 4318 Non

2115 4359 2384 4413 turbetur
2413 4374 2511 4412 cor
2538 4362 2797 4413 vestrum
2829 4374 3020 4430 neque
3038 4358 3368 4416 formidet»
3392 4375 3489 4432 pro
3515 4371 3574 4412 eo
3590 4347 3712 4425 quod

2115 4447 2230 4501 dixi
2256 4465 2268 4502 :
2306 4470 2332 4497 ‹‹
2363 4447 2508 4502 vado
2538 4452 2595 4502 ct
2624 4447 2789 4502 venio
2820 4448 2892 4503 ad
2924 4464 3044 4504 vos.
3068 4469 3095 4497 ››
3129 4448 3187 4503 Si
3210 4449 3367 4504 enim
3389 4442 3713 4503 contristatur

2114 4535 2249 4608 quis
2270 4537 2408 4608 quia
2429 4552 2532 4609 ego
2554 4537 2720 4601 vado,
2740 4535 3016 4592 laetiﬁcari
3039 4536 3213 4593 debet
3243 4538 3383 4610 quia
3400 4534 3569 4599 venio,
3580 4529 3711 4603 juxta

2116 4626 2255 4681 illud
2281 4626 2436 4697 quod
2461 4625 2596 4681 alibi
2624 4625 2768 4681 dicit
2791 4642 2804 4681 :
2844 4648 2865 4675 ι
2900 4625 3024 4681 Non
3052 4627 3325 4683 turbetur
3350 4643 3447 4681 cor
3470 4627 3708 4679 vestrum:

2113 4714 2359 4769 Creditis
2390 4716 2449 4769 in
2481 4713 2829 4782 Deum,etin
2850 4731 2943 4770 me
2964 4714 3180 4771 credite
3211 4716 3396 4789 (Joan.
3429 4702 3710 4783 xiv).»00ll

2112 4805 2193 4860 «si
2220 4803 2413 4859 abiero
2434 4807 2490 4858 et
2502 4820 2897 4876 prmparavero
2907 4803 3070 4859 vobis
3081 4800 3509 4873 locum,iterum
3524 4794 3709 4879 veniam

2108 4898 2163 4949 et
2195 4892 2476 4965 accipiam
2508 4910 2609 4948 vos
2630 4893 2703 4948 ad
2734 4893 3048 4965 meipsum,
3072 4898 3137 4948 ut
3156 4894 3259 4949 ubi
3282 4910 3413 4950 sum
3437 4907 3551 4964 ego,
3572 4888 3709 4942 θῐνοε

2109 4983 2237 5039 sitis
2271 4982 2471 5055 (Ibat).
2510 5005 2537 5031 »
2571 4983 2637 5038 Et
2667 4981 2844 5038 alibi:
2881 5006 2907 5033 ‹‹
2934 4982 3058 5041 Non
3080 4979 3409 5056 relinquam
3433 4996 3527 5037 vos
3544 4972 3709 5047 orpha-

2107 5089 2234 5139 nos,
2266 5071 2495 5128 veniam
2527 5072 2597 5127 ad
2629 5088 2730 5127 vos
2761 5071 2942 5144 (Ibid).
2970 5094 2997 5122 »
3030 5072 3192 5128 Unde
3220 5077 3280 5128 et
3308 5070 3595 5128 subditur:

2178 5185 2203 5211 «
2240 5162 2299 5217 Si
2330 5160 2651 5235 diligeretis
2682 5177 2795 5228 me,
2827 5162 3159 5234 gauderetis
3213 5162 3435 5235 utique,
3493 5153 3612 5230 quia
3648 5145 3704 5204 ad

2108 5274 2134 5303 ‹‹
2169 5251 2399 5306 Patrem
2427 5250 2595 5319 vado,
2620 5250 2759 5323 quia
2789 5252 2957 5307 Pater
2977 5253 3166 5325 major
3184 5269 3279 5309 me
3299 5257 3404 5309 est.
3428 5273 3454 5300 ››
3475 5235 3704 5314 Nunquid

2105 5357 2218 5395 non
2254 5339 2575 5413 diligebant
2613 5339 2857 5412 apostoli
2890 5341 3226 5407 Dominum,
3262 5358 3366 5414 pro
3414 5353 3523 5412 quo
3563 5331 3703 5389 etiam

2105 5430 2250 5485 mori
2284 5429 2472 5501 parati
2490 5433 2676 5495 erant,
2701 5430 2987 5487 dicentes:
3021 5454 3049 5481 «
3079 5430 3294 5487 Eamus
3312 5434 3370 5485 et
3397 5443 3516 5493 nos,
3545 5427 3595 5478 et
3609 5432 3705 5473 mo-

2104 5519 2327 5574 riamur
2355 5535 2488 5574 cum
2536 5518 2634 5573 illo
2663 5519 2839 5590 (Joan.
2871 5520 3024 5594 xvx)?
3055 5541 3081 5573 υ
3118 5519 3263 5587 Quid
3296 5521 3386 5575 est
3414 5529 3540 5588 ergo
3578 5502 3700 5594 Ψ]θᾲ

2101 5607 2217 5664 ait:
2257 5632 2283 5657 ‹‹
2318 5608 2377 5664 Si
2436 5607 2758 5682 diligeretis
2814 5626 2929 5677 me,
2960 5591 3289 5683 gauderetis
3327 5601 3560 5678 utique?
3588 5591 3699 5683 ι)Αᾷ
3806 5658 3807 5683 ἦ

2102 5698 2255 5778 quod
2281 5681 2594 5755 dicendum
2618 5698 2756 5780 quia
2771 5715 2887 5757 non
2911 5681 3087 5780 negat
3102 5716 3163 5763 se
3182 5716 3215 5764 α
3238 5693 3530 5777 discipulis
3548 5681 3697 5762 diligi.
3804 5770 3805 5780 ξ

3806 5435 3811 5531 l

3804 5770 3805 5859 ψ

3802 5894 3803 5969 l
