4050 6174
297 279 404 344 561

1536 280 1892 346 HOMILUE
1936 281 2038 344 DE
2080 281 2482 347 TEMPORE.

294 415 391 475 sed
421 431 625 474 eorum
642 409 1696 491 fragilitaticondescendens,illorum
1711 422 1937 476 mentes
1968 418 2020 489 Α
2050 416 2350 477 hominem
2383 415 2531 477 mori
2563 414 2946 492 conspiciens,
2978 414 3107 490 ejus
3139 413 3392 480 animam
3426 416 3703 487 sicutcaa-

291 506 586 565 humanas
617 507 688 564 ad
723 525 982 565 amorem
1008 507 1273 565 divinum
1304 515 1613 582 praeparat.
1646 510 1939 567 Nimirum

288 597 449 655 aliud
480 603 608 654 erat
647 599 801 670 quod
834 598 894 653 in
926 615 993 655 eo
1041 598 1462 672 principaliter,
1512 600 1853 673 diligebant,
1885 604 1942 657 et

287 687 449 744 aliud
480 689 637 761 quod
672 686 869 744 minus
899 688 1173 762 perfecte.
1206 688 1537 763 Diligebant
1583 690 1740 746 enim
1780 690 1838 745 in
1872 705 1938 746 eo

284 777 538 834 formam
569 777 955 834 humanitatis
980 778 1399 851 principaliter,
1432 796 1609 852 quam
1640 779 1936 848 videbant,

284 868 387 924 sed
421 867 623 924 minus
653 867 904 940 perfecte
935 868 1183 924 formam
1224 868 1572 937 divinitatis,
1613 887 1788 941 quam
1822 887 1937 924 non

279 955 579 1013 videbant.
610 958 688 1013 Ac
720 956 769 1013 si
801 956 1018 1013 diceret
1047 957 1359 1014 Dominus:
1392 959 1451 1015 Si
1481 958 1539 1014 in
1566 976 1659 1015 me
1689 960 1938 1015 formam

280 1045 607 1102 divinitatis
639 1045 1040 1118 principaliter
1069 1047 1935 1121 quaeamandaest,diligeretis,

280 1157 308 1185 α
339 1134 680 1208 gauderetis
711 1135 914 1208 utique
944 1136 1084 1208 quia
1103 1138 1249 1192 vado
1267 1138 1339 1193 ad
1355 1138 1759 1210 Patrem,quia
1772 1139 1938 1193 Pater

279 1224 474 1294 major
502 1240 596 1280 me
625 1227 732 1290 est,
769 1247 796 1273 »
829 1225 1014 1289 Quam
1042 1225 1390 1281 sententiam
1408 1225 1741 1282 maleArius
1764 1227 1940 1282 inter-

277 1316 564 1387 pretatur,
599 1314 702 1385 qui
733 1331 917 1370 ausus
949 1318 1038 1370 est
1068 1315 1260 1371 dicere
1292 1315 1501 1371 Filium
1538 1316 1632 1371 Dei
1655 1316 1713 1371 in
1733 1316 1937 1372 divini-

278 1406 395 1458 tate
414 1401 844 1459 minoremesse
858 1404 1045 1468 Patre,
1063 1422 1175 1479 non
1189 1403 1544 1477 intelligens,
1558 1404 1777 1473 infelix,
1799 1405 1937 1477 quia

280 1489 339 1546 in
374 1508 494 1546 uno
525 1491 843 1547 mediatore
865 1492 967 1547 Dei
983 1495 1037 1548 et
1062 1492 1589 1557 hominum,altera
1617 1497 1706 1549 est
1726 1498 1936 1550 natura

281 1579 633 1647 divinitatis,
663 1584 721 1636 et
741 1578 923 1636 altera
951 1581 1356 1638 humanitatis.
1382 1584 1442 1637 ln
1462 1587 1671 1638 natura
1701 1600 1935 1655 quoque

283 1669 605 1726 divinitatis
636 1687 749 1726 non
782 1687 815 1726 a
848 1675 961 1726 Deo
1007 1671 1219 1738 factus,
1271 1671 1371 1726 sed
1420 1687 1487 1727 ex
1521 1672 1635 1727 Deo
1680 1671 1936 1727 creditur

2050 514 2225 577 teras,
2258 527 2405 583 quas
2436 527 2538 582 per
2549 507 2830 582 originale
2843 512 3145 581 peccatum
3158 510 3412 579 tenebat,
3425 528 3490 569 se
3500 529 3701 586 rapere

2049 616 2222 672 posse
2250 599 2577 657 aestimavit.
2612 599 2721 654 Sed
2754 597 2813 653 in
2847 615 2915 655 eo
2950 615 3065 654 non
3110 599 3323 670 reperit
3350 599 3698 673 quidquam,

2050 689 2208 762 quia,
2242 688 2394 745 sicut
2422 688 2503 744 ait
2532 689 2735 743 Petrus
2784 687 3126 760 Apostolus:
3177 710 3205 738 «
3237 686 3545 751 Peccatum
3584 707 3700 749 non

2051 778 2206 847 fecit,
2239 796 2344 834 nec
2375 780 2646 834 inventus
2672 782 2761 833 est
2791 777 2963 833 dolus
2997 777 3055 832 in
3086 794 3184 834 ore
3200 777 3331 849 ejus
3347 777 3395 849 (Ι
3412 780 3559 835 Patr.
3579 782 3697 851 11):»

2048 869 2191 923 Inde
2220 884 2356 940 ergo
2388 871 2760 940 potestatem,
2795 884 2972 938 quam
3021 865 3081 922 in
3112 865 3340 922 casteria
3389 866 3697 936 retinebat,

2048 957 2267 1027 amisit,
2300 974 2414 1029 quo
2443 956 2704 1029 gladium
2738 972 2856 1011 suae
2888 954 3283 1027 percussionis
3322 960 3523 1013 contra
3562 973 3698 1019 eum

2047 1045 2106 1100 in
2138 1063 2254 1118 quo
2287 1044 2431 1101 nihil
2462 1044 2700 1110 invenit,
2728 1043 2975 1112 exacuit,
3008 1043 3145 1116 quia
3175 1044 3326 1101 sicut
3346 1045 3428 1102 ait
3456 1045 3698 1117 Aposto-

2046 1134 2166 1191 lus:
2201 1160 2227 1185 ‹‹
2257 1135 2316 1191 Si
2346 1136 2773 1207 cognovissent.
2810 1151 3112 1205 nunquam
3148 1133 3464 1189 Dominum
3496 1133 3696 1207 glorias

2046 1224 2471 1282 cruciﬁxisscnt
2511 1226 2561 1297 (Ι
2587 1226 2708 1281 Cor.
2742 1225 2824 1294 11).
2862 1246 2890 1273 »
2923 1223 3003 1279 De
3051 1239 3165 1294 quo
3211 1221 3350 1277 alibi
3389 1240 3422 1278 a
3453 1223 3697 1281 Domino

2046 1311 2287 1368 dicitur:
2324 1336 2351 1362 «
2385 1313 2550 1368 Nunc
2581 1312 2723 1368 hora
2753 1314 2840 1366 est
2856 1314 2917 1366 ut
2929 1309 3699 1383 princepsmundiejiciatur

2046 1401 2200 1457 foras
2233 1403 2418 1465 (Joan.
2468 1402 2588 1472 xu).
2625 1424 2652 1452 »
2702 1402 2770 1457 Et
2810 1401 2981 1455 item:
3033 1421 3059 1449 «
3094 1399 3375 1456 Videbam
3426 1403 3696 1457 satanam

2045 1490 2200 1547 sicut
2230 1490 2427 1565 fulgur
2454 1492 2759 1547 cadentem
2790 1491 2859 1547 de
2889 1488 3033 1545 ccelo
3064 1489 3213 1561 (Luc.
3263 1491 3341 1558 χ).
3377 1510 3404 1538 ››
3437 1488 3600 1545 Unde
3638 1494 3696 1546 et

2045 1581 2340 1652 sequitur:

2115 1692 2142 1719 ‹‹
2175 1670 2283 1725 Sed
2318 1674 2381 1725 ut
2411 1674 2724 1741 cognoscat
2755 1669 3013 1723 mundus
3046 1666 3184 1737 quia
3213 1664 3393 1740 diligo
3434 1667 3687 1735 Patrem,

284 1764 477 1826 natus,
508 1759 664 1816 Deus
691 1759 761 1814 de
791 1764 928 1827 Deo,
954 1759 1154 1814 lumen
1186 1760 1256 1815 de
1278 1758 1521 1827 lumine,
1537 1764 1860 1817 coaeternus
1877 1764 1935 1816 et
1963 1794 2011 1858 Β
2046 1778 2074 1808 ‹‹
2105 1762 2162 1813 et
2191 1757 2342 1814 sicut
2373 1759 2719 1815 mandatum
2750 1757 2912 1813 dedit
2954 1755 3097 1811 mihi
3150 1756 3336 1858 Pater,
3382 1754 3467 1812 sic
3508 1756 3687 1856 facip:

287 1845 797 1903 consubstantialis
826 1847 1197 1914 Patri,sicuti
1207 1865 1307 1920 pse
1319 1847 1487 1903 dicit:
1509 1871 1535 1898 ‹‹
1552 1850 1670 1919 Ego
1687 1853 1745 1903 et
1768 1849 1934 1904 Pater

288 1953 463 1993 unum
487 1953 699 1993 sumus
730 1938 1000 2009 (Joan,x).
1021 1960 1049 1987 »
1082 1942 1146 1992 In
1164 1942 1375 1993 natura
1388 1937 1933 2010 humanitatis,qua

287 2025 608 2081 minoratus
639 2029 730 2081 est
759 2025 935 2099 paulo
968 2024 1168 2081 minus
1196 2026 1267 2081 ab
1293 2025 1539 2099 angelis,
1582 2026 1776 2082 minor
1804 2044 1933 2083 esse

285 2113 533 2171 creditur
564 2114 749 2180 Patre,
779 2131 883 2187 per
911 2131 1091 2187 quam
1122 2113 1410 2187 loquitur:
1445 2138 1473 2165 «
1506 2115 1653 2182 Quia
1678 2117 1825 2172 vado
1856 2118 1928 2173 ad

285 2201 527 2271 Patrem,
560 2203 701 2276 quia
730 2204 897 2260 Pater
925 2205 1115 2276 major
1144 2220 1236 2260 me
1260 2208 1367 2261 est.
1403 2226 1430 2254 »

350 2314 375 2342 «
407 2292 473 2346 Et
495 2309 652 2347 nunc
664 2291 962 2348 dixivobis
976 2292 1325 2365 priusquam
1343 2294 1459 2361 ﬁat,
1476 2297 1540 2350 ut
1552 2309 1686 2351 cum
1708 2294 1927 2350 factum

284 2402 310 2431 «ι
343 2380 513 2437 fuerit
539 2381 813 2438 credatis.
844 2382 1009 2438 nNon
1035 2381 1227 2439 solum
1240 2383 1310 2439 ad
1326 2382 1432 2439 hoc
1445 2400 1513 2439 ea
1542 2401 1668 2456 quae
1682 2387 1928 2439 ventura

280 2468 387 2525 sibi
414 2474 582 2526 erant
611 2470 899 2525 Dominus
940 2470 1252 2542 praedicere
1299 2470 1500 2539 voluit,
1554 2476 1618 2528 ut
1647 2489 1709 2528 se
1741 2472 1923 2528 Deum

279 2559 620 2624 ostenderet,
654 2558 755 2631 qui
785 2564 1030 2615 ventura
1058 2576 1231 2616 nosse
1262 2564 1474 2632 posset,
1496 2561 1596 2617 sed
1616 2566 1679 2616 ut
1700 2560 1808 2616 hoc
1840 2561 1925 2615 in-

281 2646 422 2707 dicio
453 2647 685 2703 animos
715 2646 1143 2720 discipulorum
1169 2649 1241 2704 ad
1265 2649 1922 2721 crcdendum'provoca-

280 2736 606 2802 ret,scilicet
636 2742 700 2792 ut
725 2738 1133 2793 tantoiirmius
1154 2755 1221 2794 ea
1233 2738 1553 2807 crederent,
1574 2742 1792 2810 quanto
1805 2754 1920 2793 non

282 2823 457 2898 aliter,
491 2843 672 2898 quam
703 2826 776 2882 ab
807 2843 875 2882 eo
906 2826 1182 2899 pradicta
1211 2831 1511 2893 noverant,
1545 2826 1770 2899 impleri
1805 2843 1922 2881 cer-

283 2921 493 2980 net-ent,
524 2915 682 2970 sicut
712 2913 855 2971 alibi
886 2916 996 2971 ait:
1028 2938 1054 2967 ‹‹
1090 2916 1469 2973 Haeclocutus
1493 2932 1624 2971 sum
1650 2915 1921 2981 vobis,ut
1968 2976 1979 2985 χ

283 3019 409 3067 cum
438 3003 851 3071 veneriLhora,
884 3021 1087 3060 eorum
1120 3004 1603 3070 reminiscamini,
1636 3004 1775 3076 quia
1812 3020 1917 3075 ego

284 3090 390 3148 dixi
419 3093 582 3149 vobis
605 3096 789 3163 (Joan.
822 3093 959 3163 xvr).
994 3116 1021 3142 »
1051 3094 1216 3149 Unde
1250 3093 1919 3163 Lazarumresuscitatu-

2043 1872 2067 1895 α
2104 1848 2345 1921 surgite,
2378 1865 2582 1903 eamus
2613 1846 2771 1903 hinc.
2806 1869 2834 1896 ››
2869 1850 2935 1901 In
2965 1845 3181 1917 quibus
3200 1844 3389 1900 verbis
3406 1844 3687 1911 ostendit,

2041 1953 2155 1992 non
2191 1937 2554 2003 necessitate,
2589 1936 2691 1993 sed
2722 1934 3021 1991 voluntate
3050 1950 3112 1989 se
3127 1949 3253 1988 esse
3276 1948 3538 2005 passum.
3560 1934 3688 1990 Non

2040 2026 2198 2081 enim
2227 2027 2631 2098 cujuscunque
2660 2023 2882 2097 peccati
2911 2022 3141 2078 vinculo
3164 2020 3517 2079 constrictus
3542 2025 3688 2089 erat,

2040 2118 2105 2169 ut
2133 2114 2479 2171 necessitate
2494 2118 2808 2187 pateretur,
2824 2113 2925 2170 sed
2942 2110 3388 2169 soladilectione
3400 2126 3506 2182 pro
3518 2110 3688 2169 nobis

2039 2208 2359 2276 spontanee
2389 2204 2723 2277 passionem
2738 2201 3037 2269 sustinuit,
3055 2205 3119 2258 ut
3129 2204 3186 2257 et
3206 2199 3393 2257 Patris
3413 2200 3688 2258 obedien-

2037 2292 2176 2350 tism
2210 2292 2496 2366 impleret,
2529 2296 2586 2349 et
2626 2310 2734 2349 nos
2763 2309 2798 2348 a
2842 2291 3048 2347 mortis
3105 2288 3353 2346 interitu
3392 2287 3684 2355 liberaret.

2036 2382 2198 2447 Quod
2229 2400 2365 2456 ergo
2387 2384 2495 2439 ait:
2528 2406 2554 2433 ‹‹
2588 2383 2701 2439 Sed
2734 2386 2799 2437 ut
2828 2384 3140 2454 cognoscat
3155 2379 3416 2439 mundus
3445 2377 3688 2451 quiedi-

2034 2470 2150 2544 ligo
2181 2474 2429 2528 Patrem.
2462 2495 2488 2521 »
2521 2472 2636 2528 tale
2666 2475 2755 2528 est
2783 2488 2849 2526 ac
2880 2470 2927 2526 si
2962 2469 3177 2525 diceret
3197 2484 3209 2523 :
3229 2466 3415 2523 lnhoc
3440 2466 3685 2531 ostendo

2034 2577 2127 2617 me
2155 2562 2385 2619 Patrem
2417 2561 2679 2633 diligere,
2713 2560 2852 2632 quia
2882 2577 2984 2631 pro
3015 2559 3144 2628 ejus
3175 2556 3413 2612 nomine
3438 2554 3682 2612 tribula-

2031 2649 2221 2706 tiones
2249 2656 2308 2706 et
2335 2650 2641 2722 angustias
2672 2648 2960 2705 sustinere
2992 2664 3107 2702 non
3137 2646 3362 2701 differo.
3386 2643 3683 2702 Siveoerte

2029 2735 2088 2791 in
2112 2737 2228 2795 hoc
2263 2756 2354 2794 me
2384 2739 2625 2795 ostendo
2657 2738 2882 2792 Patrem
2900 2734 3158 2806 diligere,
3192 2733 3441 2805 quicum
3456 2732 3679 2805 possim

2031 2832 2280 2882 mortem
2309 2827 2514 2893 vitare,
2546 2844 2648 2900 pro
2679 2827 2808 2897 ejus
2839 2839 3036 2880 amore
3065 2826 3314 2878 mortem
3345 2820 3542 2877 subire
3562 2837 3679 2876 non

2030 2915 2252 2983 differo,
2286 2916 2564 2991 quoniam
2598 2932 2712 2972 non
2743 2913 2872 2970 veni
2885 2911 3242 2969 voluntatem
3259 2925 3450 2967 meam
3469 2908 3675 2966 facere.

2027 3005 2335 3065 Imitemur
2363 3011 2419 3062 et
2449 3022 2557 3061 nos
2587 3022 2691 3077 pro
2711 3002 2947 3059 modulo
2973 3003 3171 3057 nostro
3188 3002 3365 3072 caput
3383 3001 3677 3065 nostrum,

2032 3104 2097 3156 ut
2123 3097 2225 3171 qui
2255 3096 2382 3153 sine
2409 3099 2644 3167 peccato
2674 3108 2801 3148 esse
2827 3109 2941 3147 non
2973 3105 3315 3163 possumus,
3335 3085 3681 3160 projustitia

283 3198 394 3247 rus,
419 3200 551 3237 cum
582 3199 720 3239 eum
751 3186 1049 3238 mortuum
1078 3182 1459 3255 praedixisset,
1479 3156 1586 3239 ait:
1622 3206 1649 3233 «
1683 3183 1919 3239 Gaudeo
1951 3165 1994 3230 Ο
2033 3156 2464 3261 persecutiones
2496 3183 2611 3256 pati
2641 3199 2757 3237 non
2789 3173 3565 3249 timeamus,quia,sicutait
3579 3174 3679 3230 Pe-

282 3275 504 3343 pr0pter
533 3288 656 3338 vos,
690 3276 753 3327 ut
778 3272 1029 3328 credatis
1043 3272 1307 3345 quianon
1323 3272 1740 3344 eramibi(Joan
1776 3274 1912 3341 x1).«

283 3358 432 3423 Quod
462 3365 659 3417 autem
682 3360 1018 3433 subjunxit:

346 3473 372 3498 «ι
402 3450 529 3505 lam
561 3467 677 3506 non
710 3449 1113 3522 multaloquar
1132 3450 1454 3517 vobiscum,
1490 3473 1519 3500 »
1550 3449 1917 3523 decorporali

277 3535 563 3595 locutione
592 3537 753 3594 dicit.
786 3539 931 3594 Nam
968 3539 1026 3594 in
1044 3538 1287 3595 articulo
1300 3540 1592 3611 passionis
1612 3538 1917 3611 discipulis

277 3625 391 3683 haec
418 3627 692 3701 loquens,
724 3645 912 3701 pauca
941 3628 1318 3701 corporaliter
1345 3633 1468 3684 erat
1486 3628 1571 3684 eis
1590 3627 1915 3685 locuturus.

280 3716 622 3789 Spiritaliter
633 3720 829 3772 autem
845 3717 1634 3789 quotidieloquitur,quoties
1647 3723 1916 3775 sanctum

281 3803 647 3878 Evangelium
674 3804 852 3877 legitu
864 3823 909 3873 r,
927 3805 1016 3862 vel
1039 3805 1353 3862 auctoritas
1366 3810 1577 3861 sancta:
1609 3807 1919 3878 Scriptura:

282 3892 348 3946 ad
397 3893 743 3950 memoriam
797 3899 1123 3949 revocatur:
1160 3917 1187 3943 «
1221 3894 1391 3949 Venit
1445 3895 1603 3950 enim
1651 3895 1920 3966 princeps

284 4001 309 4029 ε(
334 3982 542 4037 mundi
571 3982 774 4054 hujus,
807 3986 863 4037 et
892 3982 950 4037 in
982 3999 1075 4038 me
1107 3999 1222 4038 non
1248 3983 1425 4039 habet
1444 3984 1786 4055 quidquam.
1810 4006 1836 4033 »
1861 3982 1922 4039 Si

285 4068 598 4142 principem
627 4070 833 4125 mundi
850 4070 1098 4127 hocloco
1116 4071 1365 4127 Pilatum
1387 4071 1724 4144 accipimus,
1742 4071 1923 4127 mani-

289 4155 492 4215 festum
520 4162 612 4214 est
641 4159 781 4231 quia
811 4159 870 4214 in
902 4176 968 4216 eo
999 4177 1115 4215 non
1146 4160 1368 4216 invenit
1399 4160 1741 4232 quidquam,
1772 4161 1925 4215 sicut

287 4242 403 4316 ipse
452 4245 706 4303 summis
753 4247 1121 4320 principibus
1168 4248 1535 4305 sacerdotum
1583 4248 1918 4320 respondit:

290 4332 457 4396 «Quid
470 4333 626 4389 enim
645 4335 783 4391 mali
800 4335 1270 4406 fecitisteﬂlauh.
1287 4338 1492 4406 xxvu)?
1504 4360 1532 4385 ››
1544 4336 1922 4409 Egomullam

291 4436 512 4478 causam
560 4421 791 4479 invenio
820 4423 881 4480 in
931 4425 1169 4481 homine
1217 4426 1328 4481 isto
1378 4442 1447 4482 ex
1494 4425 1589 4480 his
1616 4424 1676 4480 in
1710 4423 1924 4496 quibus

2025 3282 2155 3333 trus
2184 3273 2512 3347 apostolus:
2549 3295 2577 3322 «
2611 3270 2879 3327 Christus
2909 3284 3121 3341 passus
3141 3269 3232 3322 est
3252 3281 3356 3338 pro
3371 3261 3560 3330 nobis,
3578 3278 3678 3321 vo-

2026 3366 2119 3421 bis
2148 3363 2489 3435 relinquens
2539 3358 2894 3431 exemplum,
2946 3360 3011 3412 ut
3059 3351 3389 3427 sequamini
3429 3349 3680 3423 vestigia

2025 3455 2175 3526 ejus,
2209 3452 2308 3524 qui
2339 3453 2642 3524 peccatum
2674 3464 2790 3503 non
2804 3446 2956 3511 fecit,
2991 3445 3379 3501 necinventus
3401 3437 3682 3498 est'dolus

2026 3543 2085 3599 in
2119 3559 2215 3599 ore
2244 3543 2372 3610 ejus
2392 3543 2444 3608 (Ι
2470 3544 2617 3594 Petr.
2652 3540 2837 3607 n);»et
2866 3534 3177 3607 impleatur
3207 3532 3266 3588 in
3296 3530 3491 3595 nobis,
3522 3527 3681 3600 quod

2027 3631 2315 3688 Dominus
2327 3630 2408 3685 ait
2436 3628 2493 3683 in
2506 3626 2844 3711 Evangelio:
2864 3646 2891 3675 «
2915 3622 3070 3679 Beati
3085 3620 3187 3693 qui
3213 3615 3682 3711 persecutionem

2028 3721 2334 3794 patiuntur
2365 3721 2601 3790 propter
2622 3706 2917 3788 justitiam
2937 3712 3235 3784 (Matth.v).
3270 3731 3297 3758 η
3324 3706 3684 3778 Hincetapo-

2029 3809 2216 3867 stolus
2248 3809 2453 3864 Petrus
2486 3823 2592 3860 nos
2634 3804 2912 3859 admonet
2958 3798 3120 3865 alibi,
3169 3798 3402 3887 dicens:
3438 3818 3467 3845 ‹‹
3500 3795 3682 3887 Nemo

2027 3902 2283 3955 vestrum
2320 3894 2572 3967 patiatur
2601 3893 2770 3965 quasi
2792 3890 3110 3953 homicida,
3141 3881 3243 3944 aut
3260 3888 3373 3951 fur,
3398 3887 3501 3941 aut
3519 3881 3684 3939 adul-
3774 3926 3783 3933 .

2030 3992 2138 4044 ter.
2173 3987 2232 4041 Si
2258 3990 2451 4040 autem
2477 3981 2941 4048 utChristivanus,
2964 3995 3078 4034 non
3096 3977 3424 4042 erubescat,
3445 3972 3543 4030 sed
3563 3970 3684 4045 glo-

2032 4075 2217 4130 riﬁcet
2246 4074 2432 4128 Deum
2466 4071 2524 4125 in
2557 4070 2668 4125 isto
2701 4066 2939 4124 nomine
2968 4067 3018 4138 (1
3044 4071 3196 4122 Petr.
3232 4062 3330 4134 Iv).
3369 4084 3397 4111 »

2636 4209 2933 4266 HOMILIA
2987 4207 3074 4262 CI.

2404 4318 2568 4357 FERIA
2607 4315 2864 4355 SECUNDA
2904 4309 3310 4351 PENTECOSTES.

2108 4432 2292 4503 (JOAN,
2326 4432 2431 4495 ιιι.)
2466 4448 2493 4475 ‹‹
2520 4426 2584 4480 Ιιι
2615 4422 2715 4479 illo
2744 4426 3007 4493 tempore
3028 4408 3686 4503 dixitJesusdiscipulis

292 4523 413 4567 eum
441 4511 762 4577 accusatis;
783 4513 886 4568 sed
901 4514 1531 4586 nequeHerodes,nam
1546 4512 1920 4569 remisiillum
1961 4531 2007 4595 υ
2036 4544 2063 4571 ‹‹
2099 4500 2255 4576 suis:
2288 4517 2381 4573 Sic
2419 4521 2563 4570 Deus
2595 4512 2797 4568 dilexit
2828 4509 3140 4574 mundum,
3170 4500 3479 4595 utAFilium
3509 4514 3687 4557 suum

294 4597 359 4653 ad
387 4616 505 4665 vos,
540 4604 597 4655 et
627 4599 773 4656 nihil
799 4600 1046 4674 dignum
1096 4605 1281 4657 morte
1325 4605 1519 4658 actum
1563 4606 1653 4657 est
1689 4602 1742 4658 ei
1772 4604 1920 4670 (Luc.

292 4692 457 4761 mu).
495 4712 522 4737 »
548 4689 661 4743 Sed
696 4706 802 4745 nos
831 4688 1375 4763 meliusprincipem
1390 4691 1596 4746 mundi
1628 4690 1926 4747 diabolum

293 4774 684 4849 intelligimus,
717 4777 818 4850 qui
848 4779 1147 4851 quondam
1179 4778 1571 4851 principatum
1586 4784 1643 4833 et
1666 4780 1923 4851 tyranni-

296 4862 482 4921 demin
494 4882 698 4921 eorum
714 4868 1015 4924 mentibus
1028 4866 1137 4923 sibi
1154 4867 1530 4940 vindicat,qui
1548 4869 1741 4940 potius
1754 4886 1926 4923 mun-

296 4951 422 5008 dum
435 4955 805 5026 quamDeum
818 4956 1477 5029 diligunt.Contrahunc
1492 4957 1810 5030 principem
1828 4958 1930 5011 mi-

294 5038 370 5097 les
381 5047 702 5099 castrorum
720 5044 813 5100 Dei
835 5050 1128 5101 certamen
1143 5044 1479 5117 inierat,qui
1493 5045 1737 5101 dicebat:
1759 5046 1927 5101 «Non

293 5133 373 5186 est
400 5131 565 5189 nobis
597 5132 931 5191 colluctatio
953 5135 1230 5191 adversus
1247 5151 1482 5191 carnem
1498 5138 1555 5190 et
1584 5134 1932 5207 sanguinem

296 5217 491 5290 (Ephes.
529 5222 624 5294 v1).
663 5245 691 5271 ››
726 5223 793 5279 Et
820 5222 993 5280 item:
1029 5225 1399 5295 «Egoautem
1415 5240 1531 5279 non
1548 5223 1929 5296 pugnoquasi

296 5321 471 5364 aerem
504 5311 841 5381 verberans,
875 5313 974 5368 sed
1008 5311 1229 5384 castigo
1275 5328 1489 5383 corpus
1538 5329 1734 5367 meum
1767 5317 1824 5368 et
1874 5312 1933 5367 in

296 5396 619 5454 servitutem
652 5400 872 5473 redigo,
908 5416 980 5455 ne
995 5400 1141 5455 forte
1170 5416 1304 5455 cum
1320 5398 1451 5454 aliis
1476 5400 1931 5471 praedicaverim,

293 5480 412 5554 ipse
442 5488 727 5559 reprodus
757 5488 979 5544 efﬁciar
1008 5491 1056 5557 (ι
1087 5488 1209 5545 Cor.
1244 5492 1341 5557 ιιι).
1378 5510 1406 5537 ››
1439 5488 1551 5543 Iste
1594 5506 1732 5560 ergo
1774 5490 1934 5562 prin—

297 5586 422 5643 ceps
451 5576 659 5632 mundi
689 5577 762 5635 ad
795 5576 1114 5634 Dominum
1145 5577 1322 5643 venit,
1346 5576 1580 5649 quando
1600 5578 1938 5649 cumquasi

2035 4633 2061 4659 «
2100 4606 2462 4678 unigenitum
2485 4603 2673 4665 daret,
2708 4598 2977 4655 utomnis
3003 4594 3103 4669 qui
3123 4592 3308 4651 credit
3336 4591 3396 4646 in
3425 4589 3557 4663 ipso
3572 4604 3688 4645 non

2038 4720 2066 4747 ‹‹
2102 4698 2315 4769 pereat,
2349 4693 2449 4748 sed
2482 4691 2693 4746 habeat
2721 4689 2924 4744 vitam.
2963 4708 2989 4736 »
3024 4687 3090 4741 Et
3116 4681 3360 4754 reliqua.
3384 4679 3689 4769 Unde‘no-

2036 4764 2280 4841 tandum
2315 4782 2470 4853 quod
2502 4780 2705 4835 eadem
2737 4778 2809 4834 de
2833 4776 2976 4833 Filio
2990 4769 3411 4843 Doiunigcnito
3427 4764 3687 4853 replicat,

2038 4890 2163 4945 quae
2196 4872 2265 4927 de
2298 4851 2684 4924 ﬁliohominis
2714 4868 2773 4922 in
2788 4862 3219 4922 cruceexaltato
3236 4851 3694 4945 promiserat,di_-

2038 4941 2203 5018 cens:
2241 4982 2269 5011 ‹‹
2303 4958 2374 5015 Ut
2405 4957 2599 5013 omnis
2629 4955 2730 5028 qui
2762 4951 3193 5023 creditinipso,
3224 4964 3340 5003 non
3356 4941 3689 5019 pereat,sed

2038 5050 2251 5106 habeat
2280 5048 2459 5103 vitam
2492 5048 2787 5101 aeternam.
2826 5064 2846 5092 ι
2866 5041 3013 5106 Quia
3026 5038 3282 5111 profecto
3294 5033 3451 5093 idem
3465 5031 3693 5088 redem-

2040 5151 2169 5212 ptor
2181 5128 3037 5203 etconditor.noster,FiliusDei
3050 5130 3183 5182 ante
3193 5121 3406 5212 saecula
3416 5119 3692 5212 existens,

2041 5208 2198 5283 iilius
2228 5223 2485 5280 hominis
2514 5223 2702 5277 factus
2731 5223 2820 5276 est
2849 5220 2908 5274 in
2942 5218 3057 5272 ﬁne
3096 5211 3466 5277 saeculorum,
3500 5211 3565 5265 ut
3592 5208 3695 5281 qui

2042 5333 2148 5371 nos
2179 5331 2282 5387 per
2311 5309 2633 5367 divinitatis
2655 5327 2774 5365 sua:
2793 5306 3114 5381 potentiam
3130 5302 3446 5358 creaverat.
3469 5297 3544 5354 ad
3574 5314 3701 5387 per-

2042 5386 2385 5460 struendam
2415 5399 2544 5453 vitae
2564 5396 2987 5454 beatitudinem
3010 5390 3312 5466 perennis,
3333 5389 3458 5461 ipse
3475 5403 3577 5459 per
3592 5386 3704 5443 fra-

2045 5490 2329 5563 gilitatem
2362 5486 2749 5542 humanitatis
2781 5488 2995 5543 nostrae
3012 5500 3120 5539 nos
3138 5473 3599 5545 restauraret,ad
3614 5489 3700 5527 re-

2050 5576 2380 5651 cipiendam
2411 5592 2588 5647 quam
2620 5573 2981 5647 perdidimus
3009 5570 3208 5630 vitam.
3242 5563 3544 5638 Sequitur:

3586 283 3817 348 562'
