4050 6174
394 286 522 363 '563

965 287 1375 354 HAYMONIS
1419 283 1956 347 HALBERSTAT.
2003 279 2248 345 EPISC.
2296 283 2467 345 OPP.
2514 283 2714 347 PARS
2759 283 2835 347 ll.
2865 315 2944 331 --
2973 283 3241 347 HOMIL.

3656 288 3761 353 564

479 454 508 489 α
534 433 661 490 Non
690 428 847 487 enim
878 425 1043 482 misit
1070 429 1222 480 Deus
1237 421 1449 478 Eilium
1467 436 1642 477 suum
1675 419 1734 474 in
1758 418 2047 474 mundum
2078 418 2133 484 Α
2162 416 2292 488 ejus
2319 415 2532 473 veritas
2562 417 2667 473 tibi
2699 417 3048 474 ostenderet.
3081 418 3189 473 Sed
3222 416 3321 491 qui
3342 418 3508 476 etiam
3525 421 3759 479 admonio

401 548 429 575 «
464 526 531 580 ut
549 519 775 594 judicet
807 515 1119 581 mundum,
1152 513 1251 569 sed
1286 516 1348 567 ut
1380 509 1634 565 salvetur
1664 507 1923 562 mundus
1946 523 2049 579 per

402 635 430 664 «
460 612 677 683 ipsum.
696 608 886 678 nErgo
905 601 1263 677 quantumin
1293 598 1516 654 medico
1542 600 1652 663 est,
1670 612 1874 652 sanare
1892 595 2048 651 venit

397 702 701 774 (egrotum,
727 695 827 751 scd
859 691 1233 756 interimitur,
1255 688 1352 761 qui
1387 690 1674 759 praecepta
1690 684 1896 740 medici
1920 701 2047 739 ser-

395 803 529 845 vare
560 803 675 841 non
706 782 849 839 vult.
876 780 1046 836 Venit
1077 777 1299 835 salvare
1330 776 1637 831 mundum.
1657 776 1843 840 Quare
1866 773 2049 829 salva-

398 882 490 933 tor
517 875 709 931 dictus
740 875 830 927 est
861 869 1085 935 mundi,
1120 866 1234 922 nisi
1252 864 1831 933 utsalvetmundum,
1852 880 1965 919 non
1984 867 2048 918 ut

390 964 620 1037 judicet
649 958 976 1015 mundum?
1007 952 1227 1011 Salvari
1250 969 1367 1007 non
1399 952 1486 1007 vis
1513 950 1839 1023 abipso?ex
1860 949 2045 1020 teipso

395 1048 846 1126 judicaberis.Et
859 1045 1000 1117 quid
1014 1044 1046 1098 d
1058 1040 1811 1113 icamjudicaberis?Videte
1826 1038 1924 1110 qui
1941 1039 2043 1093 ait:

475 1162 502 1188 ‹‹
532 1137 639 1204 Qui
670 1134 851 1191 credit
881 1134 938 1187 in
953 1149 1087 1189 eum
1106 1131 1551 1203 nonjudicatur.
1574 1130 1679 1195 Qui
1706 1134 1901 1183 autem
1930 1145 2046 1183 non

401 1252 428 1279 «
463 1226 665 1283 credit.
700 1247 729 1274 ››
759 1223 905 1289 Quid
939 1222 1231 1277 dicturum
1257 1220 1554 1292 sperabas,
1590 1216 2047 1289 nisijudicetur?

402 1341 429 1367 ‹‹
460 1317 612 1385 Jam,
644 1312 855 1385 inquit,
878 1310 1176 1383 judicatus
1208 1312 1317 1365 cst.
1336 1331 1362 1356 ››
1380 1308 1651 1363 Nondum
1678 1305 2050 1378 apparuitju-

402 1404 645 1468 dicium,
671 1402 912 1472 sedjam
927 1400 1143 1455 factum
1163 1396 1747 1469 estjudicium.Novit
1763 1395 2047 1451 Dominus

401 1493 500 1566 qui
527 1495 665 1548 sunt
692 1491 841 1563 ejus,
874 1489 1033 1544 novit
1064 1488 1560 1559 quipermaneant
1579 1485 1649 1539 ad
1681 1487 2049 1551 coronam,et

399 1582 501 1656 qui
533 1582 914 1654 permaneant
945 1578 1014 1633 ad
1044 1577 1373 1644 ﬂammam;
1406 1574 1564 1629 novit
1592 1575 1649 1628 in
1670 1589 1805 1628 area
1825 1572 2050 1628 suatri-

399 1671 581 1728 ticum
613 1685 811 1735 suum,
839 1662 1499 1738 novitetpaleam,novit
1526 1666 1868 1734 etsegetcm,
1891 1661 2049 1715 novit

398 1760 700 1817 zizaniam.
730 1758 861 1814 Jam
893 1754 1247 1827 dijudicatus
1279 1753 1477 1825 estqui
1508 1768 1621 1807 non
1640 1751 1843 1807 credit.
1862 1750 2048 1814 Quare

392 1850 696 1922 judicatus
726 1847 851 1903 est?
883 1870 911 1896 «
944 1845 1090 1910 Quia
1109 1860 1224 1899 non
1239 1841 1493 1898 creditin
1513 1840 1748 1897 nomine
1763 1838 2050 1912 unigeniti

406 1962 426 1989 α
466 1938 594 1995 Filii
624 1937 748 1993 Dei.
782 1936 1001 1991 Hocest
1017 1931 1532 2004 autemjudicium,
1558 1930 1806 2003 quialux
1822 1930 2049 1986 venitin

405 2052 432 2079 ‹‹
467 2028 777 2095 mundum,
811 2028 867 2081 et
896 2024 1222 2080 dilexerunt
1250 2020 1520 2076 homines
1562 2020 1750 2093 magis
1781 2020 2051 2075 tenebras

405 2140 434 2169 ‹‹
468 2132 643 2190 quam
672 2115 885 2171 lucem.
912 2115 1090 2169 Erant
1114 2112 1269 2168 enim
1291 2127 1492 2167 eorum
1509 2110 1905 2183 malaopera.»
1924 2111 2054 2165 Fra-

406 2211 525 2263 tres
554 2205 687 2274 mei,
708 2220 957 2278 quorum
972 2200 1546 2276 operabonainvenit
1576 2200 1899 2255 Dominus?
1919 2199 2053 2253 Nul-

404 2296 618 2352 lorum.
654 2294 930 2351 Omnium
954 2293 1110 2349 enim
1132 2307 1305 2363 opera
1326 2289 1481 2346 mala
1498 2289 1734 2345 invenit.
1751 2289 2050 2355 Quomodo

405 2402 544 2460 ergo
574 2384 815 2458 quidam
847 2383 1109 2439 fecerunt
1136 2379 1458 2446 veritatem,
1482 2383 1540 2435 et
1563 2382 1846 2434 venerunt
1867 2378 1936 2433 ad
1961 2376 2050 2432 lu-

407 2491 531 2531 cem
550 2474 578 2529 ?
607 2474 724 2530 Hoc
750 2471 1045 2544 sequitur:

480 2587 507 2614 «
540 2563 647 2630 Qui
681 2566 878 2618 autem
907 2560 1044 2616 facit
1074 2559 1394 2626 veritatem,
1426 2557 1585 2613 venit
1622 2558 1694 2613 ad
1742 2557 1954 2627 lucem,
1990 2563 2054 2613 ut

406 2652 857 2710 manifestentur
884 2667 1060 2723 opera
1088 2649 1236 2721 ejus,
1269 2647 1410 2720 quia
1434 2647 1493 2703 in
1524 2647 1640 2702 Deo
1673 2650 1812 2702 sunt
1843 2646 2049 2702 facta.»

404 2743 704 2811 Quomodo
732 2757 869 2815 ergo
898 2739 1138 2812 quidam
1163 2739 1383 2793 bonum
1403 2753 1550 2809 opus
1578 2736 1857 2803 fecerunt,
1884 2739 2052 2791 utve-

404 2833 596 2888 nirent
626 2832 693 2888 ad
730 2830 939 2899 lucem,
972 2829 1030 2884 id
1062 2833 1150 2884 est
1178 2828 1249 2883 ad
1282 2826 1617 2882 Christum?
1648 2826 1714 2880 Et
1758 2826 2049 2898 quomodo

404 2922 644 2995 quidam
672 2919 1001 2975 dilexerunt
1029 2916 1337 2974 tenebras?
1355 2915 1413 2972 Si
1445 2914 1602 2971 enim
1621 2932 1825 2970 omnes
1855 2931 2051 2987 pecca-

402 3013 557 3065 tores
589 3007 826 3075 invenit,
859 3012 915 3063 et
939 3024 1143 3063 omnes
1170 3024 1205 3062 a
1236 3008 1469 3079 peccato
1502 3009 1696 3059 sanat:
1725 3008 1782 3059 et
1810 3020 2050 3076 serpens

401 3097 521 3164 ille,
554 3098 610 3152 in
643 3113 758 3169 quo
791 3098 1039 3170 ﬁgurata
1068 3099 1157 3151 est
1185 3110 1343 3150 mors
1376 3091 1923 3160 Domini,eossanat
1948 3092 2049 3164 qui

2158 509 2255 560 tus
2286 504 2479 579 diligit
2510 511 2748 579 peccata
2776 524 2904 574 sua,
2936 508 3059 563 odit
3087 508 3762 581 admonentemlucem,et

2158 594 2309 667 fugit
2338 612 2488 666 eam,
2523 601 2587 651 ut
2618 613 2734 652 non
2766 602 3089 669 arguantur
3119 613 3289 669 opera
3317 598 3439 669 ejus
3472 599 3630 665 mala,
3653 618 3760 674 qua

2158 682 2368 756 diligit,
2401 684 2505 749 Qui
2541 689 2736 741 autem
2771 685 3763 754 facitveritatem,accusatinsemala

2155 789 2283 838 sua,
2320 790 2434 829 non
2467 774 2579 829 sibi
2611 774 2816 846 parcit,
2852 792 2966 830 non
2982 774 3371 848 sibiiguoscit,
3386 776 3601 832 utDeus
3622 778 3760 851 igno-

2157 866 2299 927 scat,
2333 862 2472 933 quia
2502 864 2655 935 quod
2687 863 2808 919 vult
2827 865 3055 919 utDeus
3083 864 3760 939 ignoscat,ipseagnoscit,

2155 955 2211 1006 et
2240 950 2395 1006 venit
2426 952 2495 1006 ad
2532 952 2749 1007 lucem:
2783 953 2877 1009 cui
2909 953 3129 1026 gratias
3160 952 3300 1025 agit,
3335 955 3483 1026 quod
3515 954 3593 1010 illi
3632 959 3763 1028 quod

2155 1039 2215 1095 in
2250 1057 2311 1096 se
2352 1039 2573 1096 odisset
2625 1042 2961 1109 ostenderit,
3013 1046 3071 1097 et
3096 1042 3236 1097 dicit
3280 1042 3427 1097 Deo:
3477 1067 3503 1091 ‹‹
3532 1044 3762 1111 Domine,

2157 1133 2347 1185 averte
2378 1128 2582 1185 faciem
2610 1136 2772 1186 tuam
2802 1148 2836 1186 a
2867 1130 3118 1203 peccatis
3150 1131 3296 1187 meis
3335 1130 3511 1200 (Psal.
3562 1136 3628 1201 L).
3661 1158 3684 1181 ››
3711 1136 3768 1191 Ει

2157 1216 2296 1290 quia
2325 1219 2544 1275 frustra
2575 1219 2735 1286 dicit,
2768 1218 2881 1275 nisi
2908 1218 3318 1292 iterum:dicat:
3354 1242 3381 1268 ‹‹
3416 1219 3678 1286 Quoniam
3700 1222 3767 1277 fa-

2157 1305 2326 1361 cinus
2357 1323 2550 1362 meum
2576 1324 2680 1380 ego
2712 1312 3057 1381 agnosco,et
3071 1312 3374 1381 peccatum
3392 1325 3578 1364 meum
3597 1314 3769 1366 contra

2158 1411 2250 1449 me
2280 1399 2367 1450 est
2398 1413 2629 1469 semper
2661 1396 2867 1469 (15121.),
2905 1419 2932 1445 ››
2964 1396 3040 1457 sit
3072 1402 3205 1453 ante
3244 1401 3319 1464 te,
3370 1397 3521 1469 quod
3568 1415 3670 1452 non
3696 1399 3767 1452 vis

2158 1500 2285 1539 esse
2317 1489 2449 1539 ante
2488 1486 2689 1540 Deum.
2717 1484 2775 1541 Si
2807 1490 3002 1541 autem
3034 1490 3167 1558 post
3194 1489 3249 1541 te
3282 1485 3485 1541 feceris
3503 1491 3767 1557 peccatum

2157 1576 2347 1654 tuum,
2382 1577 2679 1645 retorquet
2708 1573 2811 1630 tibi
2846 1575 2999 1630 Deus
3030 1572 3173 1630 illud
3208 1579 3343 1630 ante
3365 1573 3703 1630 oculostuos:
3723 1581 3770 1631 et

2156 1665 2296 1717 tunc
2318 1663 2886 1735 retorquet,quando
2904 1665 3031 1735 jam
3060 1663 3415 1736 paenitentia:
3436 1664 3647 1721 fructus
3665 1662 3770 1720 nul-

2157 1748 2251 1804 lus
2282 1751 2412 1805 erit.

2745 1885 3052 1941 HOMILIA
3101 1886 3219 1941 CII.

2566 1991 2731 2031 FERIA
2767 1992 2966 2030 TERTIA
3005 1992 3412 2031 PENTECOS’I‘ES.

2231 2108 2414 2177 (Jom.
2450 2108 2527 2178 x.)
2563 2132 2588 2158 ‹‹
2627 2109 2687 2163 In
2715 2107 2813 2163 illo
2845 2113 3105 2181 tempore
3137 2109 3289 2164 dixit
3316 2110 3487 2166 Jesus
3508 2110 3774 2183 discipulis

2162 2221 2189 2245 ‹‹
2224 2197 2382 2253 suis:
2416 2200 2620 2264 Amen,
2656 2214 2824 2253 amen
2859 2198 2986 2253 dico
3014 2198 3201 2266 vobis,
3237 2199 3343 2271 qui
3378 2216 3491 2254 non
3515 2199 3675 2253 intrat
3693 2216 3777 2271 per

2161 2310 2186 2336 α
2224 2287 2440 2342 ostium
2474 2287 2531 2341 in
2564 2286 2712 2343 ovile
2738 2286 2951 2355 ovium,
2986 2288 3088 2344 sed
3120 2288 3393 2343 ascendit
3420 2287 3661 2355 aliunde,
3699 2287 3776 2343 ille

2161 2400 2187 2426 ‹‹
2214 2376 2307 2431 fur
2334 2380 2424 2431 est
2454 2380 2509 2432 et
2539 2376 2705 2432 latro.
2742 2398 2768 2425 ››
2802 2377 2868 2431 Et
2907 2376 3148 2449 reliqua.
3201 2377 3451 2450 Propter
3494 2376 3776 2433 Pharisae-

2159 2482 2289 2520 rum
2324 2464 2422 2537 qui
2456 2483 2517 2521 se
2546 2466 2738 2521 videre
2762 2466 3084 2538 jactabant.
3110 2483 3243 2522 cum
3266 2466 3409 2523 caeci
3438 2472 3612 2531 erant,
3633 2483 3775 2523 vene-

2160 2559 2359 2611 natam
2393 2560 2447 2610 et
2474 2555 2787 2627 superbam
2820 2554 3276 2611 etinsanabilem
3298 2556 3671 2629 arrogantiam
3685 2555 3774 2610 Do-

2161 2645 2358 2700 minus
2387 2645 2560 2701 Jesus
2590 2644 2700 2700 ista
2728 2644 3040 2713 contexuit,
3072 2662 3199 2717 qua:
3217 2645 3272 2700 in
3314 2645 3423 2700 hac
3449 2643 3776 2719 parabolale-

2160 2738 2397 2807 guntur,
2432 2751 2607 2805 quam
2641 2732 3020 2806 ipseillisnon
3046 2732 3511 2807 intelligentibus
3531 2749 3778 2806 exponere

2160 2822 2435 2894 dignatus
2466 2826 2573 2890 est,
2606 2821 2665 2876 in
2697 2839 2812 2894 qua
2843 2839 2951 2878 nos
2982 2821 3320 2878 salubriter“
3350 2823 3399 2879 si
3422 2824 3775 2889 advertamus,

2161 2912 2485 2983 admonuit,
2520 2929 2635 2967 non
2667 2910 2900 2985 gloriari
2936 2912 2993 2966 in
3026 2912 3778 2984 sapientiahumana,nonin

2160 3017 2389 3057 morum
2416 3001 2718 3074 dignitate,
2752 3001 2852 3056 sed
2884 3001 2943 3055 iu
2974 3000 3315 3058 humilitate
3339 3000 3470 3058 ﬁdei
3502 2999 3778 3066 catholica,

2160 3107 2287 3162 qua
2321 3090 2379 3145 in
2413 3090 2710 3146 Christum
2744 3106 2858 3145 non
2891 3089 3777 3163 desit.Multienimsuntpagani,

404 3186 585 3243 morsi
617 3164 862 3243 fuerant
880 3186 1299 3255 (Num.xxi):et
1315 3186 1550 3255 propter
1567 3198 2046 3253 morsusserpen-
2078 3164 2121 3231 C
2161 3180 2259 3252 qui
2287 3180 2611 3235 secundum
2645 3180 2940 3251 quandam
2973 3179 3101 3235 vitae
3124 3179 3311 3251 hujus
3338 3180 3779 3237 consuetudinem

403 3276 481 3333 tis
512 3280 741 3333 erectus
772 3280 863 3333 est
892 3291 1152 3346 serpens,
1186 3272 1243 3327 id
1274 3276 1381 3340 est,
1424 3287 1584 3327 mors
1637 3270 1868 3325 Domini
1920 3285 2052 3342 pro-

403 3369 536 3439 pter
564 3364 841 3421 mortales
872 3363 1162 3431 homines,
1196 3378 1344 3433 quos
1373 3359 1594 3414 invenit
1624 3359 1895 3430 injustos,
1915 3374 2053 3428 quo-

404 3454 577 3509 modo
608 3452 982 3526 intelligitur:
1018 3474 1045 3501 ‹‹
1080 3450 1197 3505 Hoc
1220 3453 1307 3504 est
1328 3446 1932 3520 judicium,quoniam
1956 3445 2052 3502 lux

402 3542 559 3596 venit
588 3541 645 3595 in
677 3541 989 3605 mundum,
1022 3542 1077 3593 et
1103 3536 1430 3592 dilexerunt
1456 3535 1725 3590 homines
1758 3534 1946 3608 magis
1969 3538 2051 3588 te.-

403 3629 614 3684 nebras
645 3644 822 3700 quam
851 3626 1063 3682 lucem.
1098 3626 1273 3680 Erant
1301 3624 1459 3680 enim
1491 3622 2052 3696 eorummalaopera

402 3717 577 3788 (Joan.
613 3715 716 3788 ιιι).
754 3739 781 3764 ››
839 3715 985 3779 Quid
1044 3717 1133 3769 est
1189 3712 1338 3769 hoc?
1394 3713 1652 3777 Quorum
1703 3712 1856 3767 enim
1885 3718 2052 3769 erant

400 3821 577 3877 opera
604 3803 797 3860 bona?
827 3804 1029 3877 Nqnne
1058 3801 1267 3858 venisti
1300 3800 1918 3874 utjustiﬁcesimpios?
1938 3802 2049 3858 Sed

400 3915 430 3944 «
462 3892 814 3961 dilexerunt,
846 3891 1057 3963 inquit,
1094 3889 1282 3964 magis
1304 3889 1576 3946 tenebras
1592 3907 1768 3962 quam
1799 3889 2047 3946 lucem.»

401 3981 484 4037 Ibi
517 3981 715 4054 posuit
743 3980 880 4048 vim,
913 3980 1083 4035 multi
1114 3979 1269 4035 enim
1300 3978 1627 4035 dilexerunt
1657 3983 1891 4052 peccata
1920 3997 2047 4046 sua,

400 4068 570 4126 multi
605 4070 853 4127 confessi
885 4073 1028 4127 sunt
1048 4074 1285 4142 peccata
1304 4085 1440 4125 sua:
1474 4068 2051 4142 quiaquiconﬁtetur

398 4162 633 4232 peccata
672 4176 780 4215 sua
810 4162 868 4214 et
904 4163 1140 4214 accusat
1168 4160 1406 4231 peccata
1434 4174 1562 4228 sua,
1587 4158 1714 4229 jam
1768 4174 1901 4213 cum
1938 4162 2049 4213 Deo

399 4246 554 4303 facit.
586 4249 836 4303 Accusat
864 4246 1018 4303 Deus
1049 4249 1286 4319 peccata
1315 4250 1499 4315 tua,et
1532 4250 1592 4301 tu
1620 4262 1753 4302 cum
1787 4262 2047 4314 accuses,

400 4336 774 4410 conjungeris
795 4335 932 4391 Deo.
966 4336 1141 4402 Quasi
1192 4337 1319 4391 dua:
1351 4352 1443 4391 res
1493 4339 1651 4405 sunt,
1701 4339 1758 4391 et
1787 4334 1963 4391 homo
1995 4339 2053 4391 et

398 4429 684 4497 peccator.
718 4425 878 4492 Quod
908 4425 1080 4481 audis
1108 4424 1307 4490 homo,
1343 4423 1494 4480 Deus
1525 4423 1686 4479 fecit:
1708 4424 1863 4496 quod
1879 4424 2050 4480 audis

2162 3268 2440 3324 dicuntur
2460 3269 2595 3324 boni
2626 3268 2916 3337 homines,
2950 3270 3288 3325 innocentes
3327 3274 3385 3326 et
3412 3270 3575 3343 quasi
3612 3269 3779 3325 obser-

2160 3362 2362 3414 vantes
2393 3374 2460 3413 ea
2491 3373 2615 3429 quae
2648 3358 2706 3412 in
2737 3357 2862 3431 lege
2877 3362 3164 3430 prazcepta
3181 3364 3347 3424 sunt,
3369 3359 3675 3415 deferentes
3696 3357 3777 3412 ho-

2162 3464 2361 3502 norem
2395 3447 2894 3519 parentibusLsuis,
2914 3464 3027 3502 non
3046 3447 3435 3520 mmcbantes,
3454 3466 3564 3504 non
3578 3445 3785 3503 homici-

2161 3536 2321 3590 dium
2340 3540 2760 3608 perpctrantes,
2780 3553 2894 3592 non
2911 3536 3131 3592 furtum
3148 3537 3452 3604 facientes,
3469 3555 3580 3593 non
3599 3535 3781 3591 falsum

2160 3625 2440 3681 adversus
2471 3642 2825 3698 quemquam
2847 3626 3251 3682 testimonium
3270 3625 3663 3698 perhibenlcs,
3686 3640 3780 3679 non

2160 3713 2637 3786 concupiscentes
2650 3715 2891 3770 domum
2904 3714 3151 3788 proximi
3165 3714 3404 3783 sui,non
3418 3715 3781 3772 desiderantes

2159 3807 2261 3858 aut
2295 3820 2530 3860 uxorem
2547 3807 2648 3858 aut
2661 3820 2890 3859 servum
2904 3808 3006 3858 aut
3019 3802 3291 3859 ancillam
3305 3804 3630 3877 proximi,et
3644 3806 3781 3858 cate-

2161 3890 2373 3947 ratalia
2407 3909 2533 3965 qua:
2558 3892 2618 3948 in
2651 3891 2775 3964 lege
2809 3893 3087 3948 mandata
3110 3896 3271 3961 sunt,
3306 3892 3469 3949 velut
3502 3892 3781 3948 observant

2159 3980 2881 4051 Cbristiani,etChristiani
2902 3998 3017 4036 non
3031 3985 3254 4048 sunt,et
3264 3981 3610 4054 plerumque
3623 3996 3679 4036 se
3681 3980 3783 4050 jac-

2159 4069 3782 4143 tant,quomodoistiPharisaai,dicentcs:«Nunquidetnos

2160 4158 2290 4213 caeci
2306 4158 2819 4229 sumus(Jon.1x)?»
2835 4159 2941 4214 Sed
2960 4158 3079 4214 haec
3093 4158 3292 4215 omnia
3304 4158 3780 4221 inaniterfaciunt,

2160 4247 2297 4319 quia
2322 4265 2437 4302 non
2472 4248 2693 4303 intrant
2722 4264 2825 4319 per
2854 4246 3094 4317 ostium,
3128 4249 3230 4304 sed
3250 4248 3489 4305 aliunde
3506 4244 3784 4304 tumidit‘a-

2160 4339 2275 4401 stu,
2311 4335 2479 4407 quasi
2512 4352 2614 4408 per
2643 4334 2867 4408 seipsos
2897 4336 3210 4393 ascendere
3239 4342 3531 4409 quaerunt.
3551 4338 3780 4408 Quapro-

2160 4427 2288 4496 pter
2304 4424 2588 4479 Dominus
2616 4424 3063 4480 similitudiuem
3085 4426 3476 4498 proposuitde
3496 4441 3659 4499 grege
3671 4439 3779 4479 suo.

399 4516 684 4585 peccator,
719 4512 843 4585 ipse
873 4511 1049 4569 homo
1082 4512 1237 4569 fecit.
1272 4510 1573 4583 Delequod
1591 4512 1795 4581 fecisti,
1823 4512 2049 4569 utDeus
2076 4530 2126 4598 D
2159 4518 2216 4568 et
2245 4512 2315 4567 de
2345 4511 2492 4567 ostio
2541 4529 2656 4583 quo
2703 4512 3065 4587 ingrediatur
3108 4515 3179 4570 ad
3230 4515 3399 4571 ovile.
3453 4514 3596 4580 Quid
3644 4510 3781 4568 enim

400 4599 582 4656 salvet
612 4602 766 4673 quod
800 4602 953 4657 fecit.
984 4602 1223 4674 Oportet
1253 4605 1315 4656 ut
1331 4601 1522 4657 oderis
1536 4618 1683 4673 opus
1712 4605 1879 4657 tuum
1899 4601 1955 4657 in
1972 4608 2046 4670 te,

397 4693 454 4744 et
478 4704 640 4745 ames
671 4688 730 4744 in
764 4694 818 4746 te
849 4706 996 4762 opus
1049 4688 1166 4745 Dei.
1219 4689 1365 4745 Cum
1414 4693 1607 4745 autem
1660 4690 1899 4763 coeperit
1940 4690 2043 4745 tibi

395 4776 703 4851 displicere
735 4778 889 4851 quod
923 4777 1130 4843 fecisti,
1164 4777 1297 4833 inde
1346 4776 1635 4849 incipiunt
1682 4778 1836 4834 bona
1870 4796 2046 4853 opera

394 4868 514 4935 tua,
548 4866 685 4940 quia
714 4883 960 4923 accusas
992 4866 1335 4938 mala'opera
1350 4870 1469 4922 tua.
1506 4866 2043 4923 lnitiumbonorum

394 4971 637 5027 operum
668 4960 905 5013 tuorum
925 4954 1213 5012 confessio
1238 4959 1327 5011 est
1346 4972 1591 5028 operum
1611 4955 1918 5012 malorum.
1946 4958 2045 5013 Fa-

393 5042 479 5098 cis
503 5042 828 5114 veritatem,
860 5047 917 5099 et
963 5044 1127 5099 venis
1154 5045 1224 5099 ad
1269 5043 1482 5099 lucem.
1539 5045 1687 5110 Quid
1737 5048 1825 5101 est
1857 5046 2043 5101 facere

346 5146 355 5153 '
395 5130 734 5186 veritatem?
763 5132 888 5187 Non
924 5137 977 5187 te
1009 5133 1229 5205 palpes,
1266 5150 1382 5188 non
1412 5132 1517 5188 tibi
1548 5133 1887 5200 blandiaris,
1929 5152 2044 5190 non

398 5216 504 5272 tibi
529 5217 807 5287 aduleris,
822 5236 935 5275 non
949 5220 1109 5276 dicas
1125 5222 1349 5291 :justus
1363 5239 1516 5289 sum,
1535 5238 1668 5277 cum
1684 5223 1766 5278 sis
1780 5222 2044 5295 iniquus,

398 5308 455 5360 et
486 5304 696 5376 incipis
729 5306 915 5362 tacere
943 5308 1264 5365 veritatem.
1295 5309 1473 5365 Venis
1502 5315 1696 5366 autem
1728 5312 1798 5365 ad
1829 5311 2041 5380 lucem,

403 5394 466 5445 ut
496 5391 947 5448 manifestentur
975 5410 1147 5465 opera
1173 5399 1294 5466 tua,
1327 5397 1465 5468 quia
1484 5396 1543 5451 in
1568 5397 1682 5454 Deo
1706 5404 1843 5454 sunt
1869 5399 2039 5455 facta.

399 5479 545 5544 Quia
574 5480 768 5538 ethoc
808 5481 1001 5555 ipsum
1035 5484 1187 5555 quod
1238 5484 1342 5539 tibi
1391 5484 1692 5557 displicuit
1742 5493 2040 5560 peccatum

396 5572 588 5636 tuum,
623 5586 740 5625 non
769 5569 873 5627 tibi
906 5569 1258 5643 displiceret,
1292 5572 1403 5628 nisi
1427 5574 1579 5631 Deus
1598 5575 1701 5631 tibi
1735 5575 2042 5645 luceret,et

2159 4602 2397 4674 prodest
2424 4619 2573 4657 vana
2591 4603 2944 4674 jactantium
2976 4604 3047 4659 de
3097 4604 3245 4659 bene
3277 4602 3522 4661 vivendo
3565 4599 3778 4666 inﬂatio,

2154 4691 2297 4746 dum
2330 4690 2401 4746 ad
2433 4691 2607 4746 finem
2636 4691 3205 4764 perpetualiterbene
3218 4692 3576 4749 vivendivita
3600 4702 3780 4747 eorum

2156 4796 2270 4835 non
2301 4780 2639 4852 perveniat?
2666 4781 2751 4836 Ad
2779 4780 2889 4836 hoc
2918 4781 3075 4836 enim
3108 4781 3281 4838 debet
3309 4781 3624 4854 unicuique
3661 4793 3779 4851 pro-

2153 4869 2323 4923 desse
2353 4869 2499 4924 bene
2529 4870 2735 4937 vivere,
2771 4873 2833 4923 ut
2861 4869 3034 4924 detur
3056 4868 3138 4924 illi
3168 4887 3404 4943 semper
3424 4871 3567 4927 bene
3592 4867 3775 4923 vivere.

2152 4958 2296 5012 Nam
2330 4957 2503 5013 sicui
2555 4976 2668 5013 non
2711 4958 2885 5013 datur
2931 4974 3164 5031 semper
3209 4959 3357 5015 bene
3406 4959 3611 5025 vivere,
3658 4951 3777 5027 quid

2152 5046 2388 5119 prodest
2416 5046 2467 5101 ei
2500 5046 2645 5102 bene
2677 5045 2863 5102 vivere
2895 5047 2967 5102 ad
3000 5047 3276 5120 tempus?
3300 5046 3485 5121 Igitur
3524 5062 3623 5102 nec
3653 5044 3779 5099 bene

2154 5134 2343 5190 vivere
2371 5134 2599 5191 dicendi
2633 5139 2790 5204 sunt,
2825 5135 2924 5207 qui
2959 5135 3133 5191 tinem
3164 5136 3391 5192 vivendi
3423 5135 3511 5192 vel
3550 5132 3779 5191 caecitate

2155 5224 2443 5289 nesciunt,
2476 5222 2562 5279 vel
2596 5223 2892 5279 inflatione
2924 5228 3323 5280 contemnunt.
3348 5225 3475 5281 Non
3505 5224 3776 5279 estautem

2154 5312 2429 5385 cuiquam
2464 5329 2596 5383 spes
2626 5330 2759 5368 vera
2781 5312 2868 5368 vel
2909 5317 3065 5369 certa
3118 5330 3349 5386 semper
3395 5310 3639 5379 vivendi,
3679 5303 3775 5363 nisi

2155 5405 2433 5473 agnoscat
2461 5402 2639 5456 vitam
2674 5419 2800 5473 quae
2833 5406 2923 5457 est
2954 5401 3239 5472 Christus,
3273 5395 3774 5474 etperjanuamin-

2152 5494 2263 5546 tret
2293 5490 2352 5545 in
2383 5489 2547 5547 ovile.
2582 5491 2731 5546 Sunt
2777 5490 2933 5546 enim
2983 5491 3225 5562 quidam
3273 5490 3541 5547 homines
3586 5486 3679 5561 qui
3722 5482 3772 5539 in

2153 5578 2278 5636 suis
2307 5579 2635 5652 gloriantur
2664 5580 3017 5652 moribus,et
3030 5579 3174 5638 alios
3186 5578 3772 5654 postsetraberequm-
