4050 6174
282 308 402 372 565

1527 305 1884 373 HOMILLE
1928 306 2030 370 DE
2075 307 2473 371 TEMPORE.

3589 308 3711 375 566

284 449 565 510 runt,non
589 444 1733 520 deChristiprzeceptisinstruentessuos
1755 449 1939 503 sccta-
1969 442 2326 510 ANominat
2381 445 2619 517 ostium,
2683 444 2949 504 nominat
3003 442 3170 514 ovile,
3227 445 3493 504 nominat
3548 463 3704 515 oves,

282 537 567 604 tores,sed
590 538 715 594 suis
735 537 1014 611 exemplis
1034 537 1222 595 vivere
1244 556 1342 596 eos
1365 539 1698 595 suadentes.
1715 539 1793 595 De
1808 539 1938 612 qui-

281 626 393 683 bus
432 626 547 685 alio
585 627 713 685 loco
732 627 863 701 ipsa
890 627 1116 686 Veritas
1138 629 1248 685 ait:
1278 652 1304 681 ‹‹
1328 630 1610 686 Docentes
1642 630 1939 686 doctrinas

280 715 678 782 hominum,et
698 719 975 774 mandata‘
996 718 1095 775 Dei
1114 723 1553 775 contemnentes
1568 720 1753 791 (Marc.
1777 721 1936 793 vu).»

278 806 344 862 Hi
381 823 488 879 per
518 806 691 863 aliam
724 812 949 880 partem
981 809 1294 864 ascendere
1325 813 1614 880 qnierunt,
1649 826 1850 882 rapere
1881 814 1938 865 et

274 894 686 963 occidere,non
709 901 775 952 ut
800 901 1001 970 pastor
1021 897 1242 954 salvare
1264 904 1437 971 atque
1460 916 1819 955 conservare.
1855 901 1935 955 De

270 985 499 1041 talibus
522 986 614 1041 hic
638 987 855 1042 dictum
870 990 1031 1043 est:«
1047 988 1156 1043 Sed
1182 988 1444 1044 ascendit
1463 988 1822 1055 aliunde,ille
1845 989 1938 1044 fur

268 1079 365 1132 est
397 1079 458 1130 et
488 1074 655 1131 latro.
692 1099 717 1125 »
747 1076 873 1132 Non
904 1075 1094 1133 solum
1116 1094 1249 1133 vero
1272 1078 1415 1133 tales
1440 1078 1820 1134 inveniuntur
1840 1080 1937 1134 do-

266 1168 468 1221 ctores
499 1165 653 1220 inter
671 1183 771 1221 eos
802 1166 901 1239 qui
932 1168 1058 1223 sine
1090 1166 1321 1223 nomine
1347 1167 1558 1223 Christi
1592 1173 1749 1237 sunt,
1787 1168 1938 1224 sicut

264 1254 449 1309 multi
485 1254 987 1327 philosophorum,
1021 1256 1119 1328 qui
1154 1274 1321 1312 suam
1357 1258 1702 1329 sapientiam
1736 1258 1937 1315 buccis

260 1344 656 1415 crepantibus
684 1344 1125 1413 ventilabant,et
1141 1346 1318 1402 vitam
1343 1348 1569 1402 beatam
1594 1347 1719 1402 suis
1752 1352 1934 1403 secta-

260 1434 506 1489 toribus
522 1433 919 1506 promiserunt
943 1451 954 1489 :
984 1452 1185 1491 verum
1204 1436 1375 1491 etiam
1402 1436 1635 1509 plurimi
1658 1437 1754 1509 qui
1779 1436 1938 1492 Chri-

259 1522 468 1578 stiano
502 1522 739 1578 nomine
768 1524 1176 1590 censebantur,
1210 1528 1266 1579 et
1298 1524 1661 1581 illuminatos
1692 1544 1725 1581 a
1772 1526 1935 1582 Chri-

262 1615 359 1668 sto
388 1626 458 1667 se
486 1628 617 1668 esse
638 1612 964 1683 jactabant,
1010 1613 1295 1686 ﬁngentes
1350 1614 1459 1670 sibi
1502 1632 1649 1670 nova
1693 1632 1936 1688 qumque

262 1701 520 1756 nomina
544 1702 614 1757 de
636 1701 947 1769 Christo,et
974 1702 1106 1757 fidei
1148 1702 1442 1758 catholica:
1466 1704 1938 1772 contraria,sicut

260 1789 742 1847 innumerabiles
762 1791 1012 1847 haeretici
1030 1791 1699 1860 faciebant,aestimantes
1711 1812 1773 1851 se
1790 1794 1936 1851 falso

261 1880 514 1936 nomine
555 1898 659 1953 per
668 1882 937 1953 januam,
963 1899 1089 1954 qua:
1121 1881 1386 1938 Christus
1420 1886 1527 1947 est,
1558 1882 1792 1940 intrare.
1831 1886 1932 1940 Sa-

258 1968 487 2026 bellius
511 1969 671 2025 dicit:
699 1970 805 2036 Qui
829 1970 1010 2025 Filius
1040 1975 1148 2035 est,
1173 1974 1296 2042 ipse
1328 1976 1418 2027 est
1449 1973 1651 2042 Pater;
1687 1975 1786 2029 sed
1843 1975 1933 2029 Fi-

255 2058 377 2115 lius
428 2077 554 2116 non
584 2065 674 2116 est
720 2060 905 2117 Pater.
952 2059 1077 2115 Non
1108 2060 1287 2116 intrat
1318 2078 1418 2133 per
1452 2062 1669 2118 ostium
1709 2064 1807 2135 qui
1843 2064 1931 2119 Fi-

248 2148 406 2206 lium
447 2149 596 2205 dicit
645 2149 895 2205 Patrem.
946 2149 1121 2206 Arius
1174 2148 1352 2206 dicit:
1388 2150 1560 2207 Aliud
1594 2156 1685 2208 est
1742 2152 1929 2221 Pater,

245 2238 423 2296 aliud
454 2238 843 2295 Filius.Recte
864 2239 1098 2311 diceret,
1119 2239 1167 2295 si
1190 2239 1724 2310 diceret,alius,non
1747 2242 1930 2298 aliud.

239 2329 518 2396 Quando
553 2328 707 2384 enim
744 2328 884 2383 dicit
904 2328 1138 2397 aliud,ei
1164 2329 1509 2385 contradicit
1530 2348 1563 2386 a
1585 2348 1699 2404 quo
1733 2331 1927 2387 audit:

233 2419 410 2491 «Ego
440 2422 504 2473 et
528 2417 697 2472 Pater
716 2434 899 2472 unum
922 2418 1496 2492 sumus(Joan.xix).n
1514 2419 1629 2475 Nec
1650 2421 1774 2492 ipse
1795 2437 1931 2494 ergo

230 2508 449 2564 intrat
483 2523 592 2579 per
617 2506 856 2562 ostium.
889 2506 1169 2562 Praadicat
1188 2523 1325 2581 ergo
1353 2508 1670 2577 Christum,
1697 2508 1929 2581 qualem

229 2596 355 2654 sibi
398 2594 609 2668 ﬁngit,
642 2612 757 2650 non
789 2594 1019 2667 qualem
1053 2595 1263 2652 veritas
1293 2596 1485 2652 habet.
1529 2597 1812 2655 Ph‘nus
1843 2598 1932 2653 di-

227 2685 313 2741 cit
344 2703 360 2741 :
403 2683 694 2740 Christus
725 2684 900 2740 homo
924 2688 1014 2740 est
1044 2688 1294 2753 tantum,
1321 2702 1433 2740 non
1465 2686 1637 2741 Deus.
1671 2687 1785 2741 Nec
1808 2687 1932 2759 ipse

228 2791 389 2848 ergo
452 2774 641 2828 intrat
674 2789 776 2844 per
823 2772 1062 2839 ostium,
1097 2773 1236 2845 quia
1274 2774 1538 2830 Christus
1568 2779 1625 2831 et
1656 2775 1830 2830 homo
1877 2779 1933 2830 et

230 2864 413 2920 Deus
443 2865 563 2917 est.
587 2862 731 2916 Huic
761 2862 918 2917 enim
940 2878 1088 2917 nova
1107 2862 1365 2930 haeresis,
1391 2881 1517 2936 quae
1541 2864 1756 2920 nostris
1785 2869 1931 2920 tem-

231 2952 514 3025 poribus
576 2954 702 3006 orta
756 2955 846 3006 est
897 2951 1224 3007 consentire
1278 2952 1525 3019 videtur,
1586 2954 1933 3008 afﬁrmando

236 3046 295 3097 et
329 3039 774 3114 praedicando:
830 3039 1117 3108 Christus,
1165 3040 1316 3097 sicut
1374 3039 1617 3113 quilibet
1670 3058 1930 3109 suorum,

243 3128 713 3199 nuncupativus
735 3128 887 3184 Deus
909 3133 1016 3195 est,
1040 3134 1096 3185 et
1117 3147 1232 3185 non
1255 3147 1444 3186 verus.
1488 3130 1634 3194 Quid
1668 3147 1816 3202 opus
1847 3135 1935 3186 est

252 3217 462 3274 multa
502 3232 866 3288 percurrere,
895 3221 950 3272 et
980 3217 1165 3273 multa
1194 3237 1342 3275 vana
1374 3219 1611 3275 haeresis
1663 3220 1931 3275 dinume-
1964 3196 2006 3261 (ἶ

258 3308 449 3363 rare?
484 3306 603 3361 Hoc
636 3309 824 3361 tenete
864 3305 1009 3362 ovile
1038 3307 1276 3375 Christi,
1322 3308 1640 3365 Ecclesiam
1691 3308 1935 3365 catholi-

266 3413 398 3453 cam
434 3412 571 3451 esse
602 3395 835 3451 credite.
874 3396 1219 3470 Quicunque
1263 3398 1480 3454 intrare
1509 3398 1645 3453 velit
1674 3399 1733 3453 in
1766 3398 1933 3465 ovile,

271 3502 375 3559 per
406 3485 633 3542 ostium
659 3485 853 3553 intret,
879 3486 936 3542 id
971 3490 1060 3543 est
1080 3504 1182 3559 per
1212 3487 1528 3543 Christum:
1554 3491 1609 3544 et
1638 3488 1935 3544 Christum

275 3592 479 3630 verum
514 3574 721 3643 Deum,
755 3579 812 3630 et
838 3593 969 3632 vere
1003 3575 1213 3632 Filium
1246 3577 1345 3632 Dei
1378 3578 1668 3649 praedicet.
1703 3578 1828 3633 Non
1851 3595 1937 3633 so-

281 3662 404 3718 lum
436 3663 736 3719 Christum
763 3681 963 3720 verum
997 3665 1290 3736 przedicet,
1325 3667 1424 3722 sed
1453 3666 1662 3722 Christi
1691 3666 1937 3739 gloriam

289 3756 528 3824 quaerat,
579 3770 691 3807 non
736 3770 925 3809 suam.
969 3755 1114 3809 Nam
1150 3754 1315 3809 multi
1350 3756 1661 3828 quaerendo
1692 3756 1937 3829 gloriam

293 3857 630 3909 suam,oves
652 3842 866 3898 Christi
898 3848 1244 3916 sparserunt
1271 3843 1465 3915 potius
1497 3862 1674 3916 quam
1706 3862 1940 3917 congre-

296 3934 586 4001 gaverunt.
615 3929 863 3986 llumilis
883 3935 971 3986 est
986 3932 1345 4004 enimjanua
1370 3931 1635 3988 Christus
1658 3933 1940 3989 Dominus

299 4022 503 4074 noster.
529 4018 632 4085 Qui
655 4019 829 4074 intrat
845 4037 945 4092 per
966 4020 1115 4076 hanc
1131 4022 1400 4092 januam,
1429 4026 1653 4094 oportet
1676 4022 1942 4078 uthumi-

299 4104 391 4163 liet
419 4124 500 4175 se,
553 4109 613 4163 ul
648 4126 790 4164 sano
826 4110 1014 4181 capite
1046 4110 1231 4181 possit
1264 4111 1499 4166 intrare.
1534 4111 1601 4165 Hi
1645 4116 1785 4166 sunt
1840 4112 1940 4183 qui

300 4197 408 4249 veri
441 4196 692 4268 pastoris
721 4213 918 4252 vocem
937 4198 1206 4253 audiunt.
1242 4198 1308 4253 Ili
1332 4203 1488 4265 sunt,
1513 4215 1660 4270 quos
1678 4200 1943 4272 proprias

303 4298 426 4339 oves
458 4284 803 4340 nominatim
838 4302 1007 4341 verus
1040 4290 1239 4358 pastor
1266 4292 1450 4355 vocat,
1486 4288 1557 4343 de
1587 4287 1680 4343 his
1719 4288 1941 4343 dictum

304 4375 384 4425 est
407 4388 418 4427 :
452 4396 477 4423 ‹‹
511 4374 769 4429 Gaudete
789 4378 845 4429 et
865 4373 1168 4441 exsultate,
1194 4375 1470 4447 quoniam
1496 4376 1736 4432 nomina
1756 4381 1946 4433 vestra

305 4461 509 4533 scripta
529 4467 670 4518 sunt
691 4464 748 4517 in
772 4462 935 4518 caelis
956 4463 1104 4536 (Luc.
1125 4467 1224 4532 ix),
1260 4488 1287 4513 ››
1312 4464 1447 4519 hinc
1478 4466 1633 4521 enim
1666 4483 1763 4521 eas
1788 4490 1813 4516 ‹‹
1846 4484 1941 4521 vo-

2050 537 2419 593 commendat
2432 537 2573 606 haac,
2605 538 2703 595 sed
2730 538 2881 594 nond
2892 555 2991 594 um
3006 537 3557 612 exponit.Legamus
3570 553 3705 611 ergo

2047 626 2187 698 quia
2211 633 2494 683 venturus
2516 631 2604 684 est
2627 629 2699 684 ad
2730 646 2796 684 ea
2820 628 3016 695 verba,
3040 628 3097 682 in
3124 628 3341 700 quibus
3363 644 3477 682 non
3507 625 3708 699 aliqua

2047 732 2173 788 quae
2197 716 2341 771 dixit
2363 718 2638 791 dignetur
2658 734 2963 790 exponere,
2988 733 3055 772 ex
3072 732 3323 789 quorum
3348 713 3709 787 expositione

2045 805 2207 860 dabit
2260 805 2429 862 nobis
2490 807 2734 862 fortasse
2791 807 2967 861 etiam
3028 804 3147 871 illa,
3203 822 3330 878 qua:
3388 820 3503 860 non
3534 819 3708 875 expo-

2047 895 2184 960 suit,
2209 895 2551 969 intelligere.
2573 897 2765 953 Pascit
2794 896 2947 952 enim
2982 894 3329 961 manifestis,
3357 898 3582 950 exercet
3611 892 3711 947 ob-

2045 986 2253 1043 scuris.
2270 987 2593 1042 Audiamus
2612 989 3017 1060 exponentem,
3035 1001 3206 1057 quem
3223 984 3556 1041 audivimus
3580 1000 3708 1057 pro-

2046 1080 2379 1151 ponentem.
2413 1076 2561 1131 Dicit
2596 1094 2731 1150 ergo
2762 1074 2845 1131 eis
2874 1076 3084 1132 Jesus:

2118 1190 2144 1216 ‹‹
2181 1169 2384 1231 Amen,
2417 1183 2584 1221 amen
2619 1166 2747 1221 dico
2776 1166 2961 1231 vobis,
2996 1164 3133 1237 quia
3162 1182 3267 1238 ego
3299 1182 3433 1220 sum
3485 1164 3702 1231 ostium

2048 1278 2075 1305 ‹‹
2110 1255 2324 1310 ovium.
2348 1280 2372 1303 ››
2398 1256 2744 1327 Eeceipsum
2768 1254 3008 1325 ostium,
3033 1255 3186 1326 quod
3211 1253 3475 1309 clausum
3501 1271 3704 1327 posue-

2046 1349 2154 1411 rat,
2190 1344 2435 1417 aperuit.
2472 1346 2597 1417 Ipse
2628 1349 2716 1400 est
2737 1346 2974 1401 ostium.
2998 1343 3699 1418 Agnovimus,intremus,

2046 1439 2113 1490 ut
2141 1452 2247 1490 nos
2279 1435 2527 1490 intrasse
2557 1436 2939 1508 gaudeamus.

2120 1547 2147 1573 ‹‹
2178 1525 2395 1579 Omnes
2424 1527 2711 1597 quotquot
2738 1527 3042 1592 venerunt,
3078 1524 3235 1580 fures
3266 1527 3406 1579 sunt
3435 1527 3490 1580 et
3520 1523 3698 1580 latro-

2046 1638 2073 1664 ‹‹
2105 1631 2228 1670 nes.
2257 1638 2277 1664 ι
2335 1613 2480 1680 Quid
2513 1618 2601 1669 est
2630 1613 2759 1681 hoc,
2796 1613 3055 1677 nomine,
3103 1637 3130 1663 «
3165 1629 3369 1669 omnes
3411 1616 3701 1686 quotquot

2044 1704 2373 1759 venerunt?
2408 1727 2433 1752 »
2467 1702 2613 1769 Quid
2648 1702 2847 1759 enim?
2876 1707 2939 1757 tu
2973 1720 3088 1758 non
3118 1701 3365 1758 venisti?
3386 1703 3496 1758 Sed
3528 1701 3698 1758 intel-

2044 1794 2177 1867 lige,
2212 1810 2416 1849 omnes
2448 1797 2737 1865 quotquot
2783 1795 3084 1859 venerunt,
3120 1790 3284 1860 dixit,
3317 1790 3517 1863 utique
3549 1808 3697 1863 pra;-

2042 1888 2132 1940 ter
2161 1901 2272 1939 me.
2309 1884 2657 1939 Recolamus
2686 1901 2841 1955 ergo.
2866 1884 3011 1938 Ante
3041 1883 3352 1938 adventum
3386 1881 3573 1954 ipsius
3602 1898 3697 1937 ve-
3758 1910 3761 1911 ν

2042 1980 2257 2031 nerunt
2280 1973 2871 2048 prephetaemunquid
2899 1974 3134 2028 fuerunt
3156 1972 3314 2027 fures
3332 1975 3388 2027 et
3404 1970 3699 2026 latrones?

2042 2064 2358 2120 Absit.Non
2386 2068 2596 2137 praeter
2626 2062 2794 2118 illum
2824 2065 3128 2126 venerunt,
3150 2060 3290 2134 quia
3309 2078 3442 2117 cum
3472 2060 3569 2116 illo
3599 2076 3701 2115 ve-

2043 2156 2274 2209 nerunt.
2324 2156 2620 2208 Venturus
2670 2167 2965 2224 praecones
3008 2150 3295 2213 mittebat,
3347 2150 3448 2206 sed
3497 2163 3696 2205 eorum

2043 2244 2219 2298 corda
2248 2260 2396 2315 quos
2418 2242 2678 2307 miserat,
2712 2240 3219 2314 possidebat.Cum
3242 2238 3341 2296 illo
3367 2255 3503 2312 ergo
3521 2254 3699 2295 vene-

2043 2336 2198 2399 runt,
2224 2333 2362 2404 quia
2384 2349 2517 2387 cum
2540 2331 2729 2387 Verbo
2751 2330 2850 2386 Dei
2871 2333 3175 2386 venerunt.
3214 2352 3242 2380 ‹‹
3272 2330 3390 2403 Ego
3422 2345 3576 2395 sum,
3608 2327 3697 2383 in-

2042 2422 2187 2495 quit,
2220 2421 2331 2490 via,
2382 2420 2595 2477 veritas
2626 2425 2683 2476 et
2729 2420 2848 2475 vita
2896 2420 3073 2492 (Joan.
3106 2419 3241 2490 xw).
3278 2441 3305 2468 »
3359 2417 3417 2474 Si
3455 2417 3580 2490 ipse
3611 2420 3700 2474 est

2028 2504 2272 2578 veritas,
2297 2528 2427 2567 cum
2456 2509 2552 2565 illo
2584 2513 2887 2574 venerunt,
2920 2508 3059 2581 quia
3086 2525 3315 2565 veraces
3352 2508 3609 2573 fuerunt,
3642 2510 3700 2563 et

2039 2603 2340 2658 veritatem
2392 2600 2867 2673 praedicaverunt.
2901 2601 3196 2671 Quotquot
3244 2601 3441 2653 autem
3490 2599 3698 2669 printer

2041 2690 2208 2746 illum
2257 2692 2559 2754 venerunt,
2610 2711 2636 2737 «
2672 2688 2829 2742 fures
2860 2692 3000 2743 sunt
3029 2689 3085 2741 et
3124 2686 3399 2741 latrones.
3434 2706 3463 2735 ››
3497 2685 3604 2741 Per
3633 2701 3695 2740 se

2040 2782 2342 2846 venerunt,
2377 2776 2515 2849 quia
2545 2793 2648 2848 per
2672 2792 2805 2830 eum
2834 2774 3000 2830 missi
3031 2791 3146 2829 non
3182 2773 3436 2840 fuerunt,
3466 2772 3694 2827 dicente

2039 2865 2314 2940 Apostnlo
2340 2883 2352 2921 :
2390 2866 2733 2931 «Quomodo
2757 2863 3156 2936 praedicabunt
3176 2861 3290 2917 nisi
3313 2860 3694 2917 mittantur?»

2044 2958 2215 3029 (Rom.
2248 2957 2325 3024 x).
2388 2955 2457 3010 Et
2486 2954 2623 3026 quia
2681 2969 2784 3026 per
2815 2970 2877 3008 se
2933 2955 3238 3022 venerunt,
3270 2954 3328 3007 et
3385 2966 3501 3006 non
3559 2952 3700 3005 sunt

2043 3048 2115 3102 ab
2147 3062 2214 3101 eo
2248 3043 2435 3111 missi,
2481 3044 2689 3099 «fures
2719 3046 2859 3098 sunt
2898 3046 2953 3098 et
2982 3041 3258 3098 latrones.
3295 3063 3322 3090 »
3371 3040 3517 3096 Nam
3566 3041 3701 3096 ante

2045 3135 2357 3189 adventum
2390 3132 2604 3189 Christi
2636 3131 2766 3187 falsi
2817 3132 3053 3186 fuerunt
3079 3129 3137 3184 in
3171 3129 3384 3202 populo
3420 3128 3524 3185 Dei
3567 3144 3700 3201 pro-

2046 3224 2231 3295 phetae
2261 3227 2320 3277 et
2358 3221 2488 3278 falsi
2521 3222 2805 3287 doctores,
2834 3219 2986 3275 sicut
3018 3223 3150 3291 post
3194 3219 3506 3275 adventum
3540 3216 3701 3273 illius

2045 3313 2155 3369 sub
2186 3311 2421 3367 nomine
2452 3310 2781 3366 Christiano
2813 3307 3233 3381 quamplurimi
3281 3306 3413 3362 falsi
3464 3307 3703 3362 fuerunt

2045 3403 2351 3467 doctores;
2384 3417 2487 3456 nec
2521 3401 2805 3465 doctores,
2830 3399 2929 3454 sed
2953 3397 3318 3465 seductores;
3351 3412 3467 3452 non
3498 3394 3703 3469 praedi-

2047 3494 2291 3556 catores,
2316 3490 2412 3544 sed
2449 3488 2797 3561 prmdatores
2823 3505 2836 3553 ;
2867 3484 3169 3541 latrocinia
3200 3487 3549 3550 exercentes,
3584 3499 3700 3538 non

2047 3597 2200 3636 sanae
2234 3578 2507 3633 doctrinm
2541 3576 2912 3642 inhaerentes,
2947 3576 3018 3630 de
3054 3574 3270 3646 quibus
3302 3572 3524 3628 dictum
3572 3574 3701 3628 est:

2047 3694 2074 3719 «
2112 3670 2292 3725 Fures
2341 3673 2481 3723 sunt
2508 3672 2563 3723 et
2596 3667 2871 3732 latrones,
2906 3689 2933 3715 »
2967 3665 3023 3720 id
3054 3668 3161 3734 est,
3195 3665 3267 3720 ad
3299 3662 3612 3719 furandum
3646 3664 3705 3717 et

2048 3759 2429 3815 occidendum
2483 3759 2785 3811 venerunt.
2842 3756 3009 3811 «Sed
3066 3772 3180 3811 non
3240 3752 3556 3810 audierunt
3605 3767 3704 3806 eos

2052 3871 2078 3896 ‹‹
2112 3864 2265 3914 oves,
2305 3870 2331 3895 ››
2366 3844 2476 3899 illa:
2511 3862 2637 3916 quae
2687 3861 2831 3898 vera:
2878 3848 3015 3899 sunt
3046 3860 3198 3910 oves,
3233 3860 3348 3897 non
3397 3842 3507 3898 sub
3556 3837 3707 3914 pelle

2049 3937 2216 3992 ovina
2239 3935 2508 4007 lupinum
2531 3951 2629 3989 cor
2661 3933 3107 3989 abscondentes.
3135 3930 3318 4004 Igitur
3335 3929 3433 4001 qui
3458 3933 3591 3985 ante
3613 3928 3707 3984 ad-

2048 4030 2287 4081 ventum
2320 4022 2532 4078 Christi
2558 4021 3245 4094 przedicaverunt,eodem
3269 4019 3478 4090 spiritu
3505 4017 3708 4091 praedi-

2050 4116 2327 4170 caverunt
2352 4128 2467 4184 quo
2512 4109 2760 4182 apostoli
2796 4114 2851 4164 et
2877 4108 3062 4165 sancti
3109 4109 3395 4173 doctores,
3429 4106 3528 4178 qui
3578 4108 3711 4177 post

2051 4203 2363 4259 adventum
2387 4197 2597 4256 Christi
2613 4197 2876 4252 veritatis
2894 4197 3046 4251 viam
3066 4196 3284 4253 mundo
3305 4194 3706 4250 ostenderunt.

2052 4292 2345 4362 Quotquot
2359 4293 2553 4344 autem
2570 4286 2666 4341 illo
2682 4290 2943 4357 tempore
2960 4282 3425 4341 credideruntvel
3440 4280 3705 4347 Ahrahm,

2050 4378 2138 4436 vel
2166 4377 2444 4446 lsaac,vel
2469 4376 2668 4444 Jacob,
2687 4374 2775 4430 vel
2804 4372 3009 4447 Moysi,
3028 4373 3113 4429 vel
3138 4373 3269 4428 aliis
3292 4369 3639 4445 patriarchis
3652 4372 3712 4426 et

2054 4468 2352 4542 prophetis
2374 4467 2673 4523 Christum
2707 4461 3259 4538 praenuntiantibus,
3285 4477 3417 4516 oves
3438 4463 3621 4528 erant,
3655 4462 3712 4516 et

306 4553 390 4604 cat
418 4551 760 4607 nominatim
784 4553 968 4621 .(Joan.
1002 4555 1078 4622 x).
1107 4574 1133 4601 ››
1168 4554 1233 4607 Et
1261 4553 1395 4625 quis
1418 4554 1567 4609 alius
1593 4555 1946 4621 emittit,nisi
1980 4574 2024 4637 D
2057 4559 2350 4613 Christum
2386 4556 2725 4611 audierunt:
2751 4571 2863 4609 non
2888 4551 3138 4609 alienam
3160 4550 3503 4618 vocem,sed
3526 4548 3711 4621 ipsius

308 4637 399 4709 qui
420 4644 651 4711 peccata
672 4639 936 4708 dimittit,
967 4645 1032 4697 nt
1048 4657 1182 4696 eum
1206 4642 1369 4713 sequi
1394 4643 1559 4698 duris
1578 4643 1805 4698 liberati
1831 4644 1949 4699 vin-

306 4726 443 4783 culis
491 4729 763 4801 possint?
794 4731 861 4785 Et
891 4731 1022 4802 quis
1053 4747 1152 4786 eas
1184 4731 1497 4803 praecessit,
1528 4750 1642 4805 quo
1675 4750 1807 4789 eum
1859 4751 1947 4789 sc-

307 4817 691 4887 quantur,nisi
715 4818 813 4891 qui
839 4841 866 4869 ‹‹
889 4837 1202 4892 resurgens
1219 4838 1251 4875 a
1268 4820 1660 4893 mortuis,jam
1687 4840 1798 4878 non
1826 4841 1948 4878 mo-

308 4904 467 4974 ritur,
498 4913 555 4963 et
606 4926 765 4964 mors
817 4908 899 4963 illi
961 4909 1115 4964 ultra
1173 4927 1287 4964 non
1343 4911 1743 4966 dominabitur
1776 4912 1947 4983 (Rom.

306 4995 444 5063 νηῒ·
473 4998 582 5052 llas
602 5015 734 5054 vero
765 4997 961 5054 educit
981 5017 1015 5053 a
1036 4999 1148 5053 ﬁde
1174 4999 1243 5053 ad
1270 4999 1546 5070 speciem,
1572 5004 1627 5055 et
1652 5005 1783 5057 ante
1808 5002 1951 5057 istos

307 5084 471 5153 vadit,
496 5087 633 5158 quia
646 5086 803 5159 prior
827 5088 1093 5144 omnium
1122 5088 1385 5144 ascendit
1415 5087 1699 5144 incaelum
1718 5107 1729 5144 :
1747 5094 1803 5144 et
1824 5108 1951 5161 quae

305 5178 435 5228 sunt
462 5192 597 5231 oves
628 5192 767 5242 sum,
793 5175 960 5231 illum
993 5181 1344 5249 sequuntur,
1370 5177 1508 5249 quia
1540 5178 1734 5233 sciunt
1755 5196 1954 5234 vocem

306 5261 572 5319 doctrinae
600 5281 738 5320 suae.
764 5264 1000 5321 Alienos
1023 5283 1153 5320 vero
1176 5267 1444 5321 doctores
1463 5282 1578 5320 non
1604 5272 1954 5338 sequuntur,

306 5352 399 5407 sed
431 5352 664 5426 fugiunt
692 5354 764 5409 ab
796 5353 900 5423 eis,
935 5354 1072 5426 quia
1093 5372 1206 5410 non
1234 5359 1518 5410 noverunt
1540 5372 1759 5423 vocem,
1789 5356 1844 5411 id
1868 5361 1957 5412 est

305 5439 621 5497 doctrinam
653 5440 999 5497 alienorum.
1032 5443 1143 5498 Sed
1174 5443 1447 5515 loquente
1500 5444 1745 5499 Domino
1793 5446 1955 5510 .lesu,

307 5545 415 5584 non
436 5530 843 5588 intellexerunt
860 5532 959 5605 qui
977 5531 1304 5587 audierunt.
1333 5556 1359 5583 «
1378 5533 1773 5587 Incrassatum
1797 5534 1953 5589 enim

305 5614 632 5677 habuerunt
662 5638 780 5691 cor,
813 5624 870 5679 et
899 5621 1149 5694 graviter
1178 5621 1492 5678 audierunt
1522 5622 1729 5695 (Matth.
1752 5623 1898 5693 ΧιΙι).
1930 5647 1955 5672 ››

2058 4647 2268 4703 Christi
2316 4646 2646 4701 audierunt.
2679 4644 2825 4699 Nam
2850 4643 3031 4715 judex
3062 4641 3276 4697 clamat
3302 4633 3375 4693 'in
3429 4654 3710 4711 praecone,

2059 4738 2200 4791 dum
2231 4751 2414 4808 praeco
2437 4733 2698 4805 judiccm
2733 4731 3043 4787 annuntiat
3073 4733 3401 4786 venturum.
3436 4726 3545 4782 Alii
3578 4729 3716 4781 sunt

2060 4841 2195 4896 ergo
2243 4841 2389 4895 quos
2426 4840 2539 4877 non
2574 4821 2885 4878 audierunt
2924 4837 3079 4886 oves,
3111 4819 3169 4873 in
3205 4817 3419 4891 quibus
3447 4833 3559 4871 non
3592 4818 3717 4871 erat

2059 4930 2167 4967 vox
2198 4910 2431 4978 Christi,
2468 4914 2749 4976 errantes,
2778 4907 2917 4964 false
2943 4909 3222 4974 dicentes,
3248 4903 3447 4960 inania
3465 4903 3718 4976 garrien-

2061 5005 2169 5066 tes,
2192 5018 2341 5055 vana
2362 5000 2669 5073 ﬁngentes,
2695 4998 2940 5053 miseros
2966 4997 3329 5060 seducentes,
3366 4994 3522 5050 sicut
3551 5009 3722 5067 pseu-

2062 5089 2457 5162 doprophetaz,
2484 5088 2637 5142 sicut
2655 5085 2868 5142 Scriba:
2892 5089 2949 5139 et
2970 5084 3239 5139 Pharisaei
3263 5082 3721 5155 temporibusip-

2066 5178 2189 5234 sius
2216 5177 2467 5233 Domini.
2486 5177 2551 5231 lli
2571 5180 2709 5231 sunt
2731 5174 3127 5247 quivenerunt
3148 5190 3251 5246 per
3271 5189 3353 5240 se,
3376 5176 3432 5229 et
3454 5189 3569 5228 non
3583 5174 3723 5227 sunt

2066 5285 2100 5323 a
2122 5267 2322 5338 judice
2355 5265 2542 5321 missi.
2578 5265 2679 5320 llis
2721 5280 2853 5319 vero
2885 5280 3017 5319 cum
3051 5262 3335 5319 doctrinis
3366 5261 3490 5317 suis
3521 5258 3722 5334 procul

2064 5355 2346 5429 expulsis,
2378 5354 2685 5410 videamus
2705 5369 2820 5425 quo
2852 5370 2957 5409 nos
2991 5356 3189 5426 pastor
3209 5352 3399 5408 bonus
3419 5353 3603 5407 vocat.
3631 5347 3722 5403 Di-

2064 5444 2144 5500 cit
2175 5443 2330 5499 enim
2358 5460 2371 5496 :

2138 5558 2165 5583 ‹‹
2191 5534 2306 5604 Ego
2340 5549 2471 5586 sum
2503 5530 2718 5586 ostium
2755 5530 2969 5586 ovium.
3004 5531 3112 5586 Per
3142 5546 3236 5585 me
3264 5528 3312 5583 si
3336 5528 3469 5601 quis
3493 5524 3725 5581 introie-

2069 5646 2097 5675 ‹‹
2130 5623 2225 5691 rit,
2263 5620 2606 5690 salvabitur,
2659 5625 2713 5677 et
2771 5620 3131 5694 ingredietur
3182 5623 3239 5676 et
3286 5615 3635 5690 egredietur,
3671 5614 3726 5666 et
