4050 6174
420 308 541 372 867
787 366 793 373 η
1001 305 1412 369 HAYMONIS
1457 306 1998 370 HALBEHS‘TAT.
2045 306 2292 370 EPISC.
2338 307 2515 370 OPP.
2562 308 2768 372 PARS
2814 308 2891 371 II.
2924 341 3003 353 —
3031 305 3300 372 HOMIL.
3690 316 3791 381 568

425 451 457 485 α
486 454 708 516 pascua
736 436 1010 496 inveniet.
1038 462 1066 490 »
1096 440 1168 495 Et
1208 440 1318 496 hoc
1351 440 1647 496 evidenter
1667 440 1923 497 ostendit
1942 458 2082 510 non,
2112 440 2166 509 Α
2197 463 2223 491 ‹‹
2258 457 2408 497 mea.
2446 462 2473 490 ››
2503 441 2574 497 Et
2603 440 2847 515 reliqua.
2879 441 3015 499 Post
3043 441 3351 499 adventum
3374 441 3611 517 Spiritus
3630 450 3790 506 sancti

423 532 614 590 solum
645 534 963 604 pastorem,
988 530 1085 586 sed
1112 529 1285 585 etiam
1316 546 1448 586 oves
1471 529 1687 586 intrare
1717 547 1820 603 per
1844 529 2081 595 ostium.
2195 530 2254 584 in
2285 530 2600 603 apostolos,
2631 548 2805 603 quem
2838 530 3028 587 adhuc
3059 532 3323 603 praesenti
3353 533 3641 591 festivitate
3667 537 3790 595 cele-

425 622 538 680 Sed
561 612 702 695 quid
722 624 831 689 est,
858 642 887 671 ‹‹
920 619 1286 693 Ingredietur
1315 623 1371 675 et
1399 619 1746 693 egredietur,
1780 624 1836 675 et
1867 634 2085 693 pascua
2194 612 2456 686 bramxis,
2488 620 2671 676 Judaei
2703 620 3007 677 audientes
3037 621 3329 693 apostolos
3370 622 3562 695 plenos
3602 625 3790 698 Spiritu

425 699 727 768 inveniet?
749 732 777 760 ››
808 709 1041 782 Ingredi
1074 709 1288 782 quippe
1317 708 1377 763 in
1400 708 1715 765 Ecclesiam
1745 709 1959 766 Christi
1984 726 2088 782 per
2195 713 2418 777 sancto,
2442 709 2706 765 omnium
2721 726 2931 783 genera
2946 708 3281 783 linguarum
3301 710 3608 784 loquentes,
3631 720 3792 789 stupe-

429 801 666 870 ostium,
697 799 864 855 valde
896 799 1115 854 bonum
1147 801 1261 865 est;
1296 796 1446 853 exire
1478 802 1673 853 autem
1704 799 1773 854 de
1806 798 2082 869 Ecclesia,
2195 798 2337 853 bant
2362 797 2529 855 valde
2558 802 2615 854 et
2646 799 3105 857 admirabantur.
3139 799 3247 855 Alii
3275 804 3463 857 autem
3484 802 3789 874 deridentes,

431 890 583 948 sicut
615 889 695 947 ait
722 888 846 962 ipse
874 886 1130 944 Joannes
1167 886 1525 961 evangelista
1554 887 1613 942 in
1662 887 1910 960 epistola
1939 905 2082 943 sua:
2195 887 2488 955 dicebant,
2513 889 2653 960 quia
2674 892 2867 944 musto
2886 888 3086 961 repleti
3111 893 3267 944 sunt.
3293 890 3615 963 Ignorantes
3629 896 3793 951 tamen

433 1002 463 1030 «
484 982 564 1037 Ex
584 979 753 1036 nobis
775 978 1056 1048 exierunt,
1072 977 1174 1033 sed
1215 974 1328 1033 non
1351 982 1609 1033 erantex
1650 978 1818 1033 nobis
1846 978 1893 1050 (I
1919 981 2082 1034 Joan.
2192 994 2328 1032 vera
2359 977 2629 1032 dicebant
2662 977 2800 1051 quia
2856 982 3051 1034 musto
3096 977 3378 1050 spiritalis
3423 981 3608 1052 gratia:
3659 990 3795 1040 erant

432 1072 563 1139 11),»
590 1084 705 1124 non
736 1071 826 1124 est
847 1067 1046 1139 utique
1065 1067 1308 1122 bonum.
1332 1056 1489 1122 Talis
1512 1083 1647 1139 ergo
1671 1083 1943 1138 egressus
1969 1083 2085 1121 non
2196 1066 2421 1139 repleti.
2454 1065 2583 1121 Jam
2618 1067 2789 1121 enim
2830 1090 2856 1116 «
2890 1066 3091 1122 vinum
3122 1084 3334 1123 novum
3370 1068 3426 1123 in
3458 1074 3607 1125 utres
3649 1088 3794 1128 novos

431 1161 623 1232 potest
650 1175 684 1212 a
715 1157 865 1212 bono
913 1159 1145 1229 pastore
1177 1154 1423 1223 laudari,
1462 1160 1525 1211 ut
1554 1155 1801 1212 diceret:
1840 1179 1867 1205 ‹‹
1898 1157 1968 1211 Et
2000 1157 2086 1210 in-
2196 1144 2406 1225 (Matth.
2434 1155 2505 1228 ix)
2530 1180 2557 1206 ››
2583 1160 2838 1227 venerat,
2864 1174 2997 1211 cum
3026 1157 3277 1229 apostoli
3297 1180 3324 1207 ‹‹
3348 1174 3457 1214 non
3480 1158 3533 1214 in
3554 1166 3797 1218 vetustate

432 1246 726 1321 gredietur
755 1250 811 1301 et
865 1246 1212 1320 egredietur,
1246 1249 1302 1301 et
1349 1263 1567 1317 pascua
1599 1246 1873 1302 inveniet.
1912 1234 1957 1295 »⁷
1987 1247 2089 1300 Est
2197 1245 2422 1312 litterae,
2448 1246 2549 1301 sed
2582 1246 2639 1300 in
2673 1246 2924 1301 novitate
2944 1245 3187 1319 spiritus
3213 1250 3388 1315 (Rom.
3415 1247 3570 1318 v=i),»
3590 1248 3676 1304 Dei
3698 1266 3795 1305 ma-

431 1350 566 1410 ergo
583 1335 796 1407 aliquis
819 1352 932 1391 non
949 1335 1691 1407 solumingressus,verum
1710 1336 1884 1391 etiam
1900 1351 2089 1408 egres-
2198 1334 2392 1410 gnalia
2424 1339 2784 1391 resonarent.
2821 1360 2846 1385 ‹‹
2883 1336 3048 1391 Tunc
3076 1339 3240 1392 stans
3271 1336 3471 1393 Petrus
3499 1354 3621 1392 cum
3648 1339 3796 1394 uncle-

431 1442 534 1481 sus
565 1426 755 1482 bonus
804 1442 906 1497 per
935 1424 1150 1480 ostium
1182 1424 1426 1492 bonum,
1458 1425 1614 1497 quod
1661 1428 1751 1481 est
1798 1424 2085 1480 Christus.
2199 1448 2226 1474 ‹‹
2261 1425 2397 1494 cim,
2426 1448 2451 1473 ››
2483 1429 2547 1479 ut
2576 1423 2633 1479 in
2667 1424 2907 1499 persenti
2941 1424 3189 1481 lectione
3228 1425 3497 1493 audistis,
3543 1450 3570 1476 «
3600 1426 3800 1483 elevavit

429 1516 537 1572 Sed
560 1515 692 1588 quis
712 1517 802 1571 est
822 1513 921 1570 ille
940 1513 1255 1569 laudabilis
1285 1518 1342 1570 et
1372 1514 1575 1570 beatus
1609 1531 1881 1587 egressus
1901 1515 1930 1569 ?
1957 1514 2093 1570 Pos‘
2197 1531 2395 1571 vocem
2429 1531 2597 1570 suam
2629 1518 2684 1570 et
2715 1513 2888 1570 dixit:
2923 1513 3043 1569 Viri
3082 1513 3290 1582 Judaei,
3324 1520 3380 1571 et
3435 1515 3531 1588 qui
3565 1516 3800 1574 habitatis

430 1622 562 1661 sum
594 1604 830 1676 quidem
876 1603 1066 1659 dicere
1099 1602 1321 1675 ingredi
1374 1619 1500 1672 nos,
1556 1604 1793 1675 quando
1843 1603 2089 1659 interius
2198 1602 2523 1659 Jerusalem
2556 1603 2830 1670 universi,
2867 1603 2973 1659 hoc
2993 1602 3158 1660 vobis
3189 1607 3393 1660 notum
3416 1604 3508 1673 sit,
3531 1609 3585 1661 et
3601 1606 3800 1662 auribus

432 1688 652 1766 aliquid
685 1692 1010 1766 cogitamus
1035 1708 1048 1747 :
1083 1692 1279 1765 egredi
1313 1696 1533 1761 autem,
1569 1694 1803 1766 quando
1835 1693 2090 1748 exterius
2201 1692 2478 1765 percipite
2495 1693 2669 1748 verba
2692 1709 2838 1747 mea.
2858 1692 2980 1748 Non
3006 1693 3162 1748 enim
3184 1693 3341 1749 sicut
3363 1710 3462 1750 vos
3482 1693 3800 1759 existimatis,

429 1784 847 1871 operamur.Ex
871 1799 988 1855 quo
1008 1786 1186 1854 patet,
1209 1782 1362 1838 sicut
1391 1783 1533 1838 dicit
1563 1782 1957 1855 Apostolus:«
1987 1783 2092 1837 Per
2120 1820 2167 1884 Β
2200 1780 2261 1835 hi
2291 1781 2436 1837 ebrii
2470 1784 2626 1884 sunt,
2680 1799 2814 1835 cum
2848 1781 2925 1837 sit
2956 1780 3099 1837 hora
3156 1782 3274 1882 diei
3308 1783 3495 1838 tertia.
3549 1806 3567 1832 ο
3593 1782 3802 1856 Spiritus

431 1874 608 1929 ﬁdem
639 1868 868 1928 habitat
907 1871 1174 1927 Christus
1203 1870 1264 1926 in
1296 1872 1570 1928 cordibus
1603 1872 1825 1928 nostris
1874 1873 2087 1945 {Ephes.
2120 1868 2167 1884 ”
2199 1874 2437 1927 sanctus
2467 1869 2714 1944 gloriam
2746 1870 3057 1926 individua:
3088 1869 3393 1927 Trinitatis
3415 1871 3621 1928 mundo
3639 1871 3804 1944 pradi-

433 1961 538 2033 ιιι),
575 1984 603 2011 ››
635 1960 861 2034 ingredi
892 1975 996 2034 per
1035 1959 1332 2016 Christum
1364 1977 1512 2029 esse,
1538 1963 1866 2018 secundum
1900 1961 2089 2035 ipsam
2199 1964 2459 2025 caturus,
2492 1959 2661 2015 tertia
2705 1959 3118 2015 convenienter
3157 1959 3306 2015 hora
3335 1960 3621 2016 descendit
3663 1977 3805 2032 super

438 2051 612 2106 ﬁdem
637 2049 812 2105 etiam
831 2048 992 2117 foris,
1016 2048 1073 2104 id
1099 2053 1208 2117 est,
1233 2066 1430 2106 coram
1454 2050 1816 2119 hominibus,
1840 2052 2088 2125 operari.
2200 2048 2620 2122 apostolos,qui
2645 2048 2890 2104 erantin
2916 2047 3177 2104 oratione
3199 2052 3642 2121 perseverantes.
3664 2046 3805 2115 Recte

435 2140 598 2197 Unde
628 2142 685 2196 et
712 2139 773 2194 in
806 2138 1031 2212 psalmo
1062 2139 1311 2196 dicitur:
1345 2163 1373 2189 «
1405 2140 1567 2196 Exiet
1596 2141 1770 2197 homo
1822 2142 1895 2197 ad
1943 2158 2091 2215 opus
2201 2144 2395 2194 autem
2428 2138 2711 2210 Spiritum
2744 2142 3013 2192 sanctum
3035 2137 3321 2194 orationis
3342 2138 3484 2194 hora
3502 2137 3801 2212 percipiunt,

441 2245 618 2285 suum
641 2229 814 2297 (Psat.
838 2228 979 2300 cm).
1008 2250 1036 2277 »
1058 2226 1127 2283 Et
1147 2228 1271 2302 ipse
1290 2222 1581 2286 Dominus
1604 2230 1773 2286 dicit:
1803 2225 2094 2286 «Luceant
2201 2231 2267 2282 ut
2295 2227 2640 2282 ostendatur
2669 2225 3018 2299 legentibus,
3054 2226 3153 2298 qui
3188 2226 3443 2300 Spiritus
3465 2225 3635 2282 sancti
3654 2224 3804 2299 gratia

441 2334 617 2392 opera
642 2322 834 2374 vestra
861 2334 1056 2373 coram
1078 2317 1417 2374 hominibus
1441 2320 1660 2389 (Malm.
1685 2323 1760 2387 v).
1780 2342 1807 2368 ››
1827 2320 1938 2376 Sed
1962 2320 2091 2393 plus
2202 2333 2317 2370 non
2341 2315 2507 2371 facile
2533 2314 2988 2388 percipitur,nisi
3017 2332 3184 2371 mens
3208 2332 3244 2371 a
3266 2315 3588 2371 carnalibus
3608 2331 3805 2388 suspcno

441 2424 536 2464 me
557 2402 805 2464 delectat
824 2407 978 2480 quod
996 2406 1125 2480 ipsa
1144 2407 1357 2463 veritas
1370 2411 1647 2480 tanquam
1662 2412 1863 2481 pastor
1879 2409 2089 2475 bonus,
2200 2421 2284 2473 sa,
2320 2405 2392 2460 ad
2425 2421 2679 2477 superna
2708 2420 2939 2476 semper
2968 2404 3306 2461 meditanda
3332 2405 3593 2462 elevetur.

439 2500 496 2554 et
527 2496 656 2553 ideo
686 2497 886 2552 doctor
915 2496 1106 2552 bonus
1153 2495 1587 2569 quodammodo
1627 2514 1733 2552 nos
1765 2498 2089 2567 admonuit,
2279 2515 2306 2546 «
2336 2495 2445 2549 Sed
2480 2493 2589 2549 hoc
2620 2498 2709 2549 est
2746 2494 2901 2566 quod
2932 2493 3153 2550 dictum
3186 2499 3280 2550 est
3323 2506 3424 2569 per
3472 2495 3802 2567 prophetam':

440 2585 939 2659 quemadmodum
970 2583 1295 2659 intelligere
1317 2585 1634 2641 debeamus
1657 2587 1810 2658 quod
1831 2587 1909 2642 ait
1932 2604 1947 2617 ’
1973 2588 2097 2643 «In-
2204 2607 2230 2633 ‹‹
2250 2571 2561 2638 ΕΙΥυῐιᾶθίῃ
2597 2583 2667 2639 de
2700 2582 2912 2655 spiritu
2944 2599 3073 2639 meo
3100 2600 3282 2656 super
3300 2600 3529 2640 omnem
3550 2599 3802 2647 carnem.»

440 2675 739 2750 gradietur
767 2679 825 2732 et
868 2675 1218 2748 egredietur,
1252 2678 1310 2731 et
1338 2691 1559 2748 pascua
1589 2675 1861 2744 inveniet,
1899 2699 1925 2726 ››
1959 2694 2092 2733 cum
2202 2677 2267 2728 In
2299 2672 2473 2728 verbo
2505 2671 2809 2728 etl‘usionis
2840 2672 3100 2728 ostendit
3130 2674 3399 2730 muneris
3427 2673 3740 2748 largitatem,
3762 2674 3806 2727 et

440 2764 677 2822 secutus
709 2764 977 2836 adjunxit
1002 2782 1014 2819 :
1116 2807 1131 2813 -
2084 2826 2091 2835 ,
2202 2780 2319 2817 non
2352 2765 2416 2817 ut
2436 2761 2575 2817 olim
2599 2760 2897 2834 prophetis
2925 2764 2982 2816 et
3003 2762 3410 2818 sacerdotibus
3433 2767 3646 2818 tantum
3668 2761 3806 2815 datus

510 2878 538 2905 ‹‹
564 2856 679 2911 Fur
709 2870 825 2909 non
856 2852 1030 2921 venit,
1066 2853 1177 2909 nisi
1211 2858 1275 2909 ut
1308 2855 1535 2909 furetur
1562 2858 1620 2909 et
1650 2859 1863 2911 mactet
1893 2859 1949 2911 et
1970 2873 2096 2929 per-
2203 2851 2453 2925 Spiritus
2471 2856 2728 2919 sanctus,
2755 2851 2857 2906 sed
2876 2851 3256 2908 credentibus
3273 2852 3543 2908 omnibus
3559 2848 3804 2925 passimin

444 2966 464 2993 α
500 2944 620 2999 dat.
652 2944 771 3015 Ego
815 2942 947 2998 veni
980 2945 1044 2997 ut
1087 2941 1267 3000 vitam
1308 2942 1562 2999 habeant
1593 2948 1649 2999 et
1699 2944 2096 3002 abundantius

441 3055 469 3083 ‹‹
500 3032 777 3088 habeant.
806 3054 825 3080 ι»
851 3031 1094 3088 Videtur
1114 3033 1271 3088 enim
1295 3031 1530 3101 dixisse,
1558 3037 1620 3088 ut
1639 3033 1821 3089 vitam
1842 3033 2098 3090 habeant
2204 3031 2390 3106 gratia
2417 3046 2710 3086 concessa.
2733 3052 2759 3080 «
2791 3030 2860 3084 Et
2889 3028 3039 3085 dabo
3070 3030 3415 3104 prodigiain
3437 3030 3571 3086 cmlo
3590 3043 3803 3093 sursum,

441 3112 855 3195 ingredientes,
887 3126 944 3177 et
987 3122 1388 3178 abundantius
1426 3122 1681 3179 habeant
1711 3123 2092 3197 egredientes.
2136 3193 2165 3197 _
2207 3144 2234 3170 ‹‹
2266 3123 2323 3176 et
2353 3119 2522 3193 signa
2551 3119 2610 3174 in
2656 3122 2809 3174 terra
2844 3119 3139 3175 deorsum.
3178 3142 3198 3168 ιι
3261 3119 3527 3194 Prodigia
3579 3119 3633 3173 in
3675 3115 3803 3183 ccelo,

438 3193 565 3267 Non
596 3214 790 3267 autem
822 3214 1013 3284 potest
1044 3210 1360 3284 quisquam
1385 3228 1488 3285 per
1507 3193 1829 3283 ostium,‘id
1857 3218 1965 3280 est,
1993 3229 2094 3286 per
2124 3193 2167 3261 C
2206 3208 2451 3265 Domino
2470 3212 2761 3275 nascente,
2788 3224 2999 3262 novum
3023 3206 3189 3264 sidus
3202 3193 3597 3282 apparuit,illo
3617 3218 3802 3262 crucem

439 3300 736 3356 Christum
787 3299 982 3374 egredi
1037 3301 1108 3355 ad
1144 3304 1415 3355 aeternam
1476 3301 1676 3374 vitam,
1737 3319 1864 3374 quae
1898 3300 2007 3357 erit
2038 3302 2096 3357 in
2207 3299 2574 3365 ascendente,
2600 3296 2684 3353 sol
2709 3298 3059 3352 obseuratus
3080 3301 3189 3364 est,
3214 3299 3318 3354 sed
3342 3302 3399 3355 et
3427 3299 3612 3371 ipsum
3630 3293 3803 3353 coelum

2206 3385 2464 3441 tenebris
2491 3389 2580 3440 est
2609 3386 2950 3441 obductum.
2976 3385 3156 3459 Signa
3181 3385 3241 3442 in
3264 3391 3439 3456 terra,
3463 3404 3582 3460 qua:
3602 3384 3805 3450 Domino

2206 3474 2481 3548 spiritum
2503 3474 2803 3530 emittente
2821 3475 3190 3543 contremuit,
3213 3470 3806 3546 monumentaaperuit,

2208 3580 2345 3619 saxa
2375 3563 2566 3629 scidit,
2621 3568 2679 3619 et
2719 3564 2906 3620 multa
2936 3581 3062 3637 qua:
3113 3565 3476 3622 dormierant
3517 3567 3805 3622 sanctorum

2207 3669 2449 3725 corpora
2479 3653 2728 3710 rediviva
2763 3652 3021 3727 protulit.
3060 3654 3469 3726 «Sanguinem
3497 3658 3551 3710 et
3579 3654 3747 3726 ignem
3763 3650 3809 3703 et

2208 3765 2236 3791 «
2268 3758 2537 3815 vaporem
2572 3743 2737 3798 fumi.
2772 3766 2798 3794 »
2835 3743 3194 3816 Sanguinem
3228 3745 3300 3799 de.
3345 3745 3518 3800 latere
3548 3759 3644 3799 suo
3682 3754 3807 3796 ema-

2204 2946 2452 3014 utroque
2482 2958 2621 2997 sexu
2654 2939 3089 2996 conditionibus
3114 2944 3172 2996 et
3192 2941 3463 3014 personis
3483 2941 3667 2997 eadem
3686 2940 3807 2994 esset

441 3387 774 3462 specie,nisi
809 3406 910 3461 per
930 3389 1125 3461 ipsum
1153 3389 1390 3456 ostium,
1422 3389 1531 3444 hoc
1563 3394 1669 3454 est,
1694 3407 1794 3462 per
1823 3391 2096 3446 eumdem

439 3475 739 3533 Christum
776 3477 835 3532 in
870 3477 1191 3533 Ecclesiam
1232 3479 1380 3549 ejus,
1415 3478 1569 3549 quod
1618 3483 1706 3533 est
1753 3478 1900 3535 ovile
1945 3480 2093 3550 ejus,

438 3564 739 3620 intraverit
768 3565 840 3621 ad
872 3566 1050 3621 vitam
1107 3565 1509 3638 temporalem,
1572 3584 1698 3639 quae
1731 3572 1819 3623 est
1848 3567 1906 3622 in
1959 3569 2092 3623 ﬁde.

438 3653 571 3709 Ideo
602 3653 718 3707 ait:
752 3676 778 3704 ‹‹
815 3655 928 3727 Ego
959 3654 1087 3709 veni
1117 3659 1182 3710 ut
1210 3654 1388 3710 vitam
1437 3654 1712 3724 habeant,
1750 3679 1776 3704 ι)
1828 3655 1936 3712 hoc
1984 3660 2092 3725 est,

440 3742 615 3797 ﬁdem
639 3760 765 3814 qua;
789 3759 893 3816 per
907 3742 1278 3798 dilectionem
1294 3747 1697 3817 operatur,per
1719 3761 1893 3817 quam
1921 3746 2095 3801 ﬁdem

439 3832 497 3886 in
530 3830 676 3887 ovile
698 3831 1109 3905 ingrediuntur
1138 3838 1203 3887 ut
1225 3831 1441 3900 vivant,
1479 3855 1505 3882 ‹‹
1525 3833 1873 3906 quiajustus
1895 3852 1963 3889 ex
1984 3835 2097 3892 ﬁde

438 3919 577 3976 vivit
598 3920 741 3993 (Gal.
766 3924 842 3990 v).
870 3943 898 3972 »
922 3953 989 3962 —
1012 3944 1039 3971 «
1064 3923 1133 3977 Et
1163 3921 1563 3979 abundantius
1601 3922 1872 3993 habeant,
1901 3947 1928 3975 ››
1961 3925 2099 3997 quia

438 4010 859 4082 perseverando
891 4027 1080 4083 usque
1104 4011 1161 4066 in
1185 4012 1361 4067 ﬁnem
1385 4028 1488 4084 per
1506 4011 1650 4069 illud
1672 4012 1907 4084 ostium,
1928 4014 1983 4069 id
2008 4019 2098 4070 est

440 4116 544 4172 per
568 4099 739 4155 ﬁdem
769 4099 984 4156 Christi
1015 4100 1414 4174 egrediuntur,
1448 4101 1725 4174 quoniam
1758 4102 1862 4159 viri
1894 4102 2097 4160 ﬁdeles

440 4188 775 4245 moriuntur
802 4193 861 4245 et
877 4189 1275 4246 abundantius
1293 4190 1593 4247 habebunt
1612 4191 1787 4247 vitam
1812 4193 2095 4249 veniendo

439 4294 556 4351 quo
586 4283 786 4352 pastor
805 4277 902 4336 ille
932 4280 1247 4352 praecessit,
1282 4279 1380 4335 ubi
1412 4297 1718 4353 nunquam
1742 4281 1951 4338 deinde
1976 4299 2095 4339 mo-

438 4367 682 4424 riantur.
718 4367 991 4433 Quamvis
1013 4385 1149 4442 ergo
1171 4371 1227 4424 et
1256 4368 1349 4424 hic
1371 4368 1429 4424 in
1454 4369 1581 4442 ipso
1599 4368 1732 4424 ovili
1765 4386 1879 4425 non
1904 4369 2097 4426 desint
2202 4369 2561 4433 Judzcorum,
2594 4365 2690 4440 qui
2726 4384 2841 4422 non
2873 4367 3266 4434 crediderunt,
3302 4368 3526 4423 crecitas
3553 4358 3781 4433 intelligi.

437 4473 675 4529 pascua,
710 4456 988 4529 quoniam
1006 4458 1076 4513 ad
1102 4461 1419 4530 utrumque
1437 4475 1753 4530 possumus
1774 4457 2095 4533 intelligere
2277 4482 2303 4508 ‹‹
2340 4459 2407 4513 Et
2436 4455 2546 4512 erit
2573 4473 2585 4512 :
2620 4455 2813 4511 omnis
2846 4456 2946 4528 qui
2980 4456 3327 4512 invocaverit
3358 4471 3561 4513 nomen
3594 4447 3807 4511 Domini,

439 4545 596 4618 quod
626 4533 850 4601 dictum
885 4551 1009 4603 est:
1044 4570 1071 4596 «
1101 4547 1169 4602 Et
1199 4554 1417 4620 pascua
1445 4545 1719 4614 inveniet,
1750 4570 1777 4597 »
1800 4547 1857 4603 id
1888 4552 1996 4619 est,
2021 4549 2092 4605 ad
2125 4568 2176 4632 ι)
2208 4569 2235 4597 ‹‹
2268 4545 2464 4601 salvus
2481 4544 2653 4600 erit.»
2680 4545 2792 4599 lloc
2815 4548 2905 4600 est
2923 4546 3078 4618 quod
3104 4544 3309 4601 Petrus
3336 4545 3471 4602 alibi
3494 4544 3571 4601 ait
3593 4544 3707 4615 (Act.
3721 4535 3806 4632 si):

438 4634 773 4708 ingressum
805 4638 862 4690 et
891 4635 962 4691 ad
986 4650 1310 4709 egressum,
1337 4638 1527 4691 tamen
1562 4639 1701 4691 tunc
1723 4653 1855 4691 vera
1877 4654 2097 4709 pascua
2125 4623 2168 4632 '
2206 4660 2232 4685 ‹‹
2263 4634 2409 4702 Quia
2439 4651 2552 4689 non
2587 4637 2676 4689 est
2702 4650 3088 4706 personarum
3134 4638 3402 4706 acceptor
3431 4635 3596 4698 Deus,
3650 4627 3736 4687 sed
3762 4623 3807 4678 in

436 4722 755 4790 invenient,
787 4724 886 4780 ubi
920 4727 1259 4781 saturentur
1288 4748 1315 4773 ‹‹
1349 4724 1447 4797 qui
1479 4724 1749 4781 esuriunt
1777 4730 1835 4780 et
1888 4725 2098 4782 sitiunt
2204 4723 2363 4780 omni
2395 4727 2566 4797 gente
2595 4722 2693 4796 qui
2726 4722 2894 4779 timet
2918 4740 3051 4778 cum
3080 4728 3135 4778 et
3157 4719 3810 4796 operaturjustitiamﬁc-

431 4813 727 4884 justitiam
756 4814 974 4887 (Matth.
1007 4814 1060 4886 v)
1086 4831 1099 4867 :
1136 4836 1163 4863 ››
1197 4812 1393 4887 qualia
1442 4830 1660 4886 pascua
1706 4813 1945 4883 invenit,
1999 4818 2093 4871 cui
2204 4817 2410 4886 ceptus
2441 4816 2529 4869 est
2560 4809 2664 4866 illi.
2694 4811 2869 4876 nQuae
2897 4830 3028 4867 cum
3054 4812 3133 4868 ita
3149 4812 3287 4882 sint,
3317 4810 3626 4886 perspice,o
3645 4808 3806 4865 homo,

440 4901 660 4959 dictum
692 4907 817 4961 est:
853 4928 880 4954 ‹‹
913 4904 1098 4961 Hodie
1130 4921 1359 4961 mecum
1389 4903 1504 4958 eris
1536 4902 1595 4958 in
1626 4902 1896 4977 paradiso
1941 4906 2091 4975 (Luc.
2205 4908 2491 4976 quantum
2522 4900 2733 4969 valcas,
2754 4902 3115 4973 etperpende
3135 4902 3273 4973 quid
3293 4894 3806 4969 debeas,uttandcm

439 4992 620 5065 xxm).
646 5013 668 5042 ι
2202 4991 2335 5049 vilis
2366 5009 2493 5048 esse
2524 4990 2629 5046 tibi
2662 4990 2919 5057 desinas,
2954 4994 3019 5045 ut
3048 4989 3135 5046 vel
3168 5008 3271 5064 per
3298 4991 3408 5047 hoc
3439 4979 3805 5045 erubescendis

2203 5081 2504 5153 subjacere
2525 5079 2678 5135 vitiis
2700 5079 2830 5134 dedi
2838 5078 3203 5152 gneris,dum
3223 5079 3657 5153 generositatem
3672 5077 3802 5147 tuam

2204 5172 2275 5227 de
2303 5170 2588 5226 Creatoris
2608 5185 2674 5225 ac
2698 5169 3070 5242 Reparatoris
3094 5169 3374 5243 dignitate
3396 5159 3803 5224 imiterisllabet

2203 5277 2412 5316 causas
2434 5258 2649 5331 quibus
2661 5275 2721 5314 se
2744 5257 2867 5331 ipse
2880 5256 3218 5314 confundat.
3234 5255 3549 5331 Curdignis
3559 5247 3801 5310 Dominus

510 5344 664 5412 (Acr.
699 5343 779 5416 ιι.)
812 5348 929 5400 «In
960 5346 1166 5402 diebus
1192 5347 1306 5404 illis
1338 5367 1349 5403 :
1384 5349 1558 5404 Stans
1586 5349 1790 5404 Petrus
1816 5365 1949 5405 cum
1984 5368 2090 5406 un-
2203 5349 2335 5405 ﬁcto
2366 5330 2538 5404 corde
2567 5330 2871 5413 subdatur,
2899 5347 2991 5403 cui
3013 5347 3199 5420 gloria
3227 5330 3578 5421 promittitur
3594 5330 3801 5397 aeterna?

437 5456 465 5483 «
498 5433 711 5503 decim,
743 5431 984 5489 elevavit
1030 5452 1226 5491 vocem
1261 5454 1453 5506 suam,
1487 5441 1544 5492 et
1572 5436 1800 5493 locutus
1831 5442 1920 5493 est
1962 5440 2085 5496 eis:
2202 5441 2278 5494 Ac
2311 5439 2358 5494 si
2390 5436 2623 5511 gemino
2663 5435 2965 5510 privilegio
2995 5436 3198 5492 divina:
3233 5434 3502 5506 imaginis
3530 5426 3800 5518 participe:

436 5545 465 5574 «
496 5521 615 5576 Viri
644 5521 850 5591 Judaei,
883 5526 940 5578 et
969 5523 1069 5595 qui
1120 5523 1398 5581 habitatis
1446 5527 1766 5582 Jerusalem
1809 5528 2086 5597 universi,
2198 5528 2354 5585 tione
2374 5510 2664 5582 videbaris
2688 5524 3027 5592 honoratus,
3052 5525 3298 5582 et'ﬁceris
3319 5523 3488 5581 etiam
3510 5510 3799 5597 commercii

437 5639 463 5663 ‹‹
495 5612 603 5669 hoc
634 5611 799 5669 vobis
843 5616 1046 5669 notum
1079 5612 1174 5681 sit,
1227 5616 1285 5668 et
1321 5613 1561 5671 auribus
1594 5615 1869 5688 percipite
1899 5595 2086 5676 verba
2196 5616 2497 5673 nobilitate
2518 5613 2825 5687 pretiosus.
2853 5613 3015 5671 Unde
3031 5630 3167 5686 ergo
3183 5620 3302 5673 tam
3322 5611 3481 5671 fortis
3500 5624 3618 5666 esse
3637 5595 3798 5677 possis

2207 3839 2445 3889 nantem
2476 3833 2656 3900 dedit,
2690 3850 2803 3906 quo
2836 3833 3016 3889 totius
3048 3833 3253 3888 mundi
3291 3833 3450 3889 salus
3470 3829 3742 3906 processit,
3768 3830 3811 3880 et

2207 3922 2538 3980 maledictio
2596 3923 2806 3992 deleta,
2865 3925 2922 3976 et
2972 3924 3096 3978 tota
3153 3927 3312 3978 terra
3341 3926 3429 3979 est
3479 3918 3808 3978 sanctiﬁcata.

2204 4012 2402 4086 Ignem
2434 4016 2651 4079 autem,
2688 4011 2746 4066 id
2779 4014 2887 4076 est,
2920 4010 3203 4084 Spiritum
3236 4015 3507 4068 sanctum
3550 4009 3712 4071 dedit,
3733 4002 3809 4077 qui

2205 4102 2392 4157 exurit
2422 4100 2619 4156 omnia
2647 4100 2786 4155 vitia
2817 4104 2872 4156 et
2899 4105 3134 4172 peccata
3164 4100 3222 4155 in
3249 4098 3506 4157 homine.
3546 4099 3808 4170 Vaporem.

2205 4190 2262 4246 id
2294 4195 2401 4256 est,
2435 4190 2685 4264 gratiam
2729 4188 3198 4261 compunctionis
3245 4194 3304 4246 et
3353 4191 3607 4246 fletuum.
3656 4184 3812 4241 Potest

2205 4280 2378 4336 etiam
2413 4279 2470 4334 in
2507 4279 2638 4352 igne
2670 4278 2931 4334 ﬁdelium
2963 4277 3316 4335 illuminatio
3344 4297 3356 4346 ;
3386 4280 3445 4334 in
3474 4292 3668 4350 vapore
3693 4267 3810 4327 fumi

1022 5135 1326 5191 HOMILIA
1365 5134 1504 5190 CIII.

830 5238 993 5277 FERIA
1032 5240 1255 5286 QUARTA
1296 5238 1702 5278 PENTECOS’I‘ES.
