3908 6172
163 355 263 419 569

1341 339 1695 403 HOMlLl/E
1736 340 1838 404 DE
1881 335 2282 399 TEMPORE.

3401 317 3522 383 5Ἱο

163 488 332 544 contra
356 481 566 538 hostem
595 482 784 545 tuum,
804 477 1096 550 ἰηιριτοεα
1120 479 1337 533 Staium
1365 480 1552 542 illum,
1575 490 1751 547 quam
1787 473 1835 540 Α
1869 479 2201 537 cessitatem
2221 474 2527 550 ponendo?
2545 471 2691 540 Quia
2710 485 2879 527 nemo
2899 462 3239 523 necessitate
3256 457 3518 528 credidit,

159 574 246 632 tibi
261 570 517 629 Dominus
533 569 596 626 ad
619 567 1029 624 debellandum
1051 567 1106 621 in
1125 566 1404 622 membris
1419 564 1536 620 tuis
1552 563 1759 620 mundi

160 663 440 738 principem
473 677 534 715 ac
564 657 852 731 spiritales
885 656 1176 729 nequitias
1207 656 1594 728 superandas,
1626 652 1762 708 libe-

157 770 258 810 ram
288 747 579 806 contulerit
622 746 976 802 facultatem.
1011 748 1088 801 Ac
1136 747 1184 802 si
1234 743 1598 818 impossibile
1645 761 1760 798 non

153 847 296 915 putes
322 845 372 895 te
417 837 709 894 transferri
764 841 828 892 ut
873 835 1130 892 cmlestia
1178 835 1462 899 obtinens,
1494 833 1541 889 si
1575 832 1760 888 aerias

151 929 398 987 deviceris
427 932 754 1001 potestates.
775 928 898 982 Non
931 943 1066 998 ergo
1092 929 1146 980 te
1179 925 1525 997 degenerem
1551 939 1613 977 ac
1637 922 1761 978 des-

153 1026 351 1094 pectum
381 1016 547 1072 faciat
575 1016 710 1082 vita,
733 1033 907 1088 quem
939 1015 1025 1071 vel
1060 1015 1281 1070 factura
1303 1014 1582 1085 probatur
1602 1010 1760 1066 illus-

150 1117 270 1164 trem
299 1105 618 1179 protulisse,
653 1104 739 1160 vel
772 1105 960 1177 gratia
993 1123 1005 1159 :
1042 1105 1140 1160 sed
1192 1120 1430 1159 cursum
1483 1118 1657 1158 suum
1691 1101 1759 1156 fi-

149 1196 280 1253 deles
308 1194 506 1250 Christi
538 1195 609 1249 ad
644 1211 897 1267 superna
928 1192 1275 1248 ﬁducialiter
1307 1190 1590 1248 attollant.
1613 1192 1756 1246 Nam

149 1285 229 1358 qui
257 1303 311 1340 se
340 1283 548 1339 ccelesti
581 1282 766 1356 pretio
797 1281 996 1337 vident
1023 1283 1374 1355 redemptos,
1398 1281 1466 1337 ad
1502 1279 1760 1337 coelestia

149 1392 242 1430 non
258 1372 511 1429 dubitent
528 1375 898 1445 praeparatos,
923 1389 1025 1444 per
1047 1372 1358 1429 Dominum
1385 1375 1646 1425 nostrum
1669 1368 1758 1424 Je-

149 1479 254 1518 sum
283 1461 590 1530 Christum,
626 1462 718 1517 cui
749 1465 836 1518 est
880 1461 1168 1526 honor,et
1211 1459 1395 1534 gloria
1438 1458 1496 1516 in
1548 1457 1759 1515 saecula

147 1551 473 1609 saeculorum.
509 1554 709 1608 Amen.

696 1730 995 1786 HOMILIA
1034 1730 1172 1786 CIV.

495 1856 662 1893 FERIA
702 1854 926 1900 QUARTA
963 1855 1343 1894 PENTECOSTES
1354 1879 1366 1891 .

1872 571 1973 626 sed
2004 569 2326 626 voluntate.
2360 565 2540 623 Filius
2572 563 2818 628 dicebat,
2847 561 3014 616 Pater
3045 559 3304 614 docebat.
3338 557 3520 613 llomo

1873 659 1972 733 qui
1995 659 2322 724 videbatur,
2340 655 2704 729 loquebatur,
2724 652 2824 708 sed
2842 650 2996 707 Deus
3017 647 3075 703 in
3099 647 3266 703 corde
3289 646 3524 702 audien-

1871 750 1946 804 tis
1977 747 2222 804 interius
2254 746 2515 802 docebat.
2549 745 2683 799 Ideo
2716 738 3023 812 subiungit
3056 755 3068 791 :

1943 863 1971 888 «
2005 839 2128 895 Non
2162 836 2300 909 quia
2330 835 2556 891 Patrem
2581 831 2722 887 vidit
2741 831 3077 904 quisquam,
3105 825 3216 884 nisi
3239 825 3288 881 is
3311 824 3410 897 qui
3435 827 3524 880 est

1871 951 1898 977 «
1932 945 1966 982 a
1997 928 2130 994 Deo,
2165 925 2258 981 hic
2307 925 2462 979 videt
2509 923 2758 977 Patrem.
2794 944 2820 970 ››
2856 920 2972 990 Ego
3016 933 3151 974 sum
3182 934 3216 972 δ,
3246 915 3432 984 Patre,
3467 919 3523 972 et

1869 1016 1998 1072 ideo
2030 1017 2255 1071 Patrem
2288 1013 2475 1068 video.
2526 1011 2673 1076 Quid
2727 1012 2815 1064 est
2861 1011 3055 1063 autem
3108 1005 3256 1060 trahi
3289 1023 3323 1060 a
3353 1005 3522 1062 Patre

1868 1106 1982 1163 nisi
2015 1107 2236 1162 discere
2269 1121 2302 1160 a
2332 1102 2544 1158 Patre?
2568 1100 2714 1167 Quid
2748 1102 2836 1155 est
2867 1097 3088 1154 discere
3121 1115 3153 1151 a
3182 1097 3368 1163 Patre,
3404 1097 3518 1152 nisi

1869 1197 2070 1254 audire
2103 1198 2352 1262 Patrem,
2386 1191 2500 1249 nisi
2554 1191 2755 1246 audire
2804 1188 3046 1245 verbum
3100 1186 3307 1252 Patris,
3342 1187 3399 1242 id
3431 1191 3522 1241 est

1870 1289 2010 1344 me?
2042 1289 2122 1344 Ne
2154 1287 2299 1342 forte
2346 1301 2481 1356 ergo
2531 1298 2664 1338 cum
2717 1280 2844 1335 dico
2875 1277 3039 1335 vobis
3075 1296 3086 1333 :
3121 1303 3147 1327 ‹‹
3182 1276 3384 1333 Omnis
3419 1276 3516 1348 qui

1870 1379 2094 1434 audivit
2119 1396 2153 1432 a
2184 1377 2350 1432 Patre
2397 1377 2453 1429 et
2483 1371 2706 1438 didicit,
2745 1393 2771 1419 ››
2802 1367 3010 1426 dicatis
3041 1366 3195 1440 apud
3225 1383 3326 1421 vos
3360 1383 3372 1419 :
3405 1367 3516 1422 Sed

1869 1482 2173 1538 nunquam
2197 1465 2450 1518 vidimus
2473 1464 2723 1529 Patrem,
2749 1457 3042 1532 quomodo
3067 1459 3262 1512 autem
3295 1454 3519 1512 discere

1870 1556 2169 1630 potuimus
2183 1573 2215 1610 a
2227 1554 2473 1609 Patre?a
2485 1551 2595 1607 mei
2605 1567 2708 1623 pso
2722 1548 2939 1605 audite.
2959 1545 3120 1602 «Non
3135 1545 3272 1619 quia
3287 1545 3516 1601 Patrem

1868 1646 2011 1702 vidit
2031 1645 2368 1718 quisquam,
2385 1641 2482 1697 sed
2505 1640 2602 1713 qui
2621 1645 2708 1696 est
2724 1657 2758 1694 a
2780 1640 2916 1705 Deo,
2937 1637 3031 1692 hic
3055 1635 3200 1692 vidit
3218 1636 3468 1690 Patrem.
3489 1656 3517 1682 »

1871 1738 1985 1809 Ego
2017 1733 2148 1790 novi
2184 1735 2431 1799 Patrem,
2468 1731 2538 1786 ab
2571 1729 2669 1784 illo
2701 1745 2834 1784 sum
2872 1744 2884 1782 :
2921 1727 3022 1782 sed
3054 1725 3346 1798 quomodo
3375 1723 3518 1778 Ver-

1793 1839 1840 1903 Β
1869 1827 2010 1882 bum
2043 1827 2114 1882 ab
2147 1823 2244 1879 illo
2271 1823 2440 1893 cujus
2471 1826 2560 1877 est
2601 1819 2867 1883 verbum,
2900 1833 3016 1872 non
3066 1815 3221 1888 quod
3263 1818 3431 1870 sonat
3463 1817 3520 1869 et

1869 1916 2099 1984 transit,
2133 1915 2234 1972 sed
2267 1914 2418 1986 quod
2457 1915 2654 1967 manet
2684 1926 2821 1964 cum
2850 1907 3096 1978 dicente,
3129 1910 3185 1962 et
3213 1904 3394 1961 trahit
3423 1923 3520 1960 au-

197 1997 491 2069 (Jo.m.v1.)
525 2022 550 2048 ‹‹
592 1998 655 2054 In
687 1996 786 2054 illo
818 2003 1097 2072 tempore,
1154 2001 1298 2055 dixit
1344 2000 1516 2056 Jesus
1569 1999 1756 2057 turbis
1866 2004 2142 2061 dientem.

144 2111 164 2135 ‹‹
190 2087 498 2145 Judzeorum
524 2106 536 2144 :
563 2088 746 2144 Nemo
770 2095 959 2161 potest
979 2089 1172 2145 venire
1203 2091 1274 2146 ad
1310 2107 1421 2155 me,
1447 2090 1556 2145 nisi
1589 2089 1758 2145 Pater

146 2198 167 2223 ‹‹
192 2175 277 2248 qui
306 2177 459 2233 misit
483 2195 597 2246 me,
619 2179 857 2234 traxerit
886 2197 1040 2235 cum.
1069 2203 1094 2226 ››
1117 2181 1186 2235 Et
1216 2179 1458 2252 reliqua.
1478 2179 1625 2244 Quid
1646 2185 1754 2247 cst,

145 2281 285 2320 nemo
313 2270 496 2338 potest
529 2266 728 2323 venire
759 2269 830 2322 ad
866 2285 975 2336 me,
1012 2269 1122 2324 nisi
1173 2267 1311 2340 quia
1366 2285 1536 2324 nemo
1569 2273 1758 2341 potest

145 2354 341 2410 credere
371 2354 425 2411 in
475 2373 592 2424 me,
630 2356 742 2411 nisi
795 2357 960 2413 Pater
1005 2358 1104 2430 qui
1155 2358 1314 2414 misit
1356 2376 1466 2426 me,
1519 2359 1759 2415 traxerit

143 2444 291 2498 eum?
314 2445 407 2501 ille
437 2446 618 2515 venit,
637 2463 811 2518 quem
837 2447 1023 2518 gratia
1057 2446 1151 2502 Dei
1183 2445 1475 2519 praevenit,
1495 2449 1590 2504 cui
1619 2466 1755 2504 cum

145 2529 388 2604 Propheta
418 2535 691 2591 dicamus
723 2552 735 2589 :
771 2558 796 2584 «
835 2535 1229 2591 Misericordia
1276 2538 1403 2608 ejus
1449 2539 1759 2610 przeveniet

146 2638 216 2678 me
242 2623 397 2694 (Psal.
441 2624 622 2693 tvm).
661 2647 686 2673 υ
719 2625 786 2679 Et
835 2625 1044 2680 iterum
1081 2643 1093 2681 :
1131 2649 1156 2676 «
1192 2625 1589 2683 Misericordia
1630 2629 1758 2698 ejus

144 2710 494 2782 subsequetur
523 2729 623 2768 me
655 2715 828 2783 (Psal.
853 2720 1010 2780 xxn).
1036 2737 1063 2764 »
1098 2714 1405 2772 Praaveniet
1436 2715 1601 2783 velle,
1626 2717 1758 2772 sub-

145 2806 382 2870 sequetur
411 2803 712 2873 perficere.
746 2802 951 2858 Trahit
997 2808 1192 2860 autem
1240 2805 1408 2860 Pater
1440 2806 1510 2861 ad
1547 2804 1755 2862 Filium

143 2903 220 2942 eos
239 2889 325 2959 qui
352 2895 664 2963 propterea
685 2891 929 2946 credunt
951 2890 1008 2946 in
1035 2891 1268 2959 Filium,
1290 2893 1425 2964 quia
1449 2907 1582 2948 eum
1606 2893 1758 2964 cogi-

145 2977 467 3034 tantPatrem
487 2978 706 3034 habere
726 2983 925 3034 Deum.
941 2980 1094 3036 Deus
1111 2982 1266 3036 enim
1287 2982 1450 3037 Pater
1471 2980 1754 3052 aequalem

146 3063 231 3119 sibi
257 3067 445 3138 genuit
479 3067 715 3134 Filium,
748 3073 802 3124 et
832 3069 931 3140 qui
963 3070 1178 3143 cogitat
1207 3076 1383 3143 atque
1413 3069 1472 3126 in
1505 3071 1617 3126 ﬁde
1649 3088 1758 3126 sua

147 3154 289 3208 sentit
315 3159 368 3211 et
396 3156 660 3212 ruminat
691 3155 969 3230 aequalem
994 3175 1122 3215 esse
1144 3159 1298 3216 Patri
1327 3177 1460 3216 eum
1493 3157 1548 3215 in
1581 3175 1756 3231 quem

146 3243 368 3304 credidit.
401 3245 600 3317 ipsum
639 3245 816 3301 trahit
861 3247 1024 3304 Pater
1071 3250 1142 3304 ad
1191 3249 1424 3304 Filium.
1459 3249 1563 3315 Qui
1597 3247 1752 3303 enim

147 3329 334 3390 Christo
363 3335 518 3402 dicit,
555 3351 677 3390 non
708 3340 794 3391 est
841 3335 995 3392 Deus
1037 3355 1228 3402 verus,
1264 3354 1379 3393 non
1411 3337 1589 3392 trahit
1619 3355 1754 3392 eum

147 3419 298 3490 Pater,
320 3425 414 3480 sed
437 3442 545 3481 sua
575 3441 852 3498 perversa
873 3425 1145 3497 cogitatio
1168 3424 1348 3482 trahit
1369 3443 1503 3482 eum
1529 3426 1754 3482 veritati

145 3525 234 3566 non
277 3514 614 3570 consentire.
669 3513 769 3569 Ille
815 3519 1038 3570 tractus
1080 3521 1166 3571 est
1207 3533 1240 3571 a
1272 3520 1459 3583 Patre,
1492 3515 1592 3588 qui
1624 3516 1704 3572 ait
1737 3534 1748 3572 :

145 3620 165 3646 α
191 3599 260 3654 Tu
287 3618 342 3656 es
372 3602 648 3659 Christus
680 3602 858 3658 Filius
890 3604 988 3660 Dei
1021 3604 1130 3658 vivi
1162 3607 1379 3673 (Matth.
1413 3609 1526 3677 ενι)
1553 3625 1566 3674 ;
1601 3630 1626 3655 ››
1660 3606 1752 3663 cui

143 3685 401 3757 Dominus,
433 3692 670 3765 inquit:
697 3716 724 3741 ‹‹
760 3697 971 3748 Beatus
1002 3711 1084 3760 es,
1107 3693 1306 3751 Simon
1342 3695 1754 3768 Barjona,quia

141 3789 244 3832 caro
270 3784 317 3835 et
345 3781 586 3854 sanguis
627 3799 738 3837 non
774 3781 1046 3839 revelavit
1094 3782 1217 3849 tibi,
1251 3785 1350 3839 sed
1386 3784 1552 3840 Pater
1585 3802 1752 3840 meus

141 3866 214 3933 qui
244 3866 292 3922 in
322 3870 478 3927 ccelis
509 3877 603 3928 est
636 3871 818 3943 (Ιὸίά.)
855 3895 881 3920 ››
912 3871 1042 3943 Ipsa
1072 3872 1364 3940 revelatio,
1397 3873 1525 3945 ipsa
1555 3880 1642 3930 est
1673 3877 1752 3929 at-

140 3955 321 4011 lractio.
354 3959 501 4016 Dum
536 3960 703 4015 enim
753 3959 935 4016 dixit:
967 3983 992 4009 ‹‹
1024 3961 1204 4018 Nemo
1236 3967 1424 4035 potest
1451 3962 1645 4018 venire
1676 3965 1747 4019 ad

140 4055 224 4107 me,
242 4044 338 4100 nisi
356 4048 522 4105 Pater
539 4047 647 4122 qui
673 4047 831 4104 misit
849 4066 960 4116 me,
989 4051 1227 4106 traxerit
1247 4068 1401 4118 eum,
1426 4074 1452 4100 ››
1472 4051 1748 4109 continuo

140 4129 394 4200 subjunxit
427 4156 439 4192 :
474 4161 501 4186 ‹‹
538 4137 610 4193 Et
641 4154 746 4210 ego
780 4138 1139 4196 resuscitabo
1170 4157 1304 4196 eum
1340 4139 1398 4195 in
1433 4139 1748 4198 novissimo

139 4218 272 4275 «die.
305 4246 324 4271 ο
377 4225 590 4282 Reddit
641 4227 796 4299 quod
846 4232 1059 4299 sperat,
1093 4227 1310 4282 videbit
1352 4229 1508 4299 quod
1557 4229 1747 4286 adhuc

141 4319 227 4361 non
268 4310 501 4370 videndo
564 4315 834 4381 credidit,
887 4316 1266 4372 manducabit
1315 4318 1468 4390 quod
1518 4317 1744 4387 esuriit,

140 4397 398 4457 satiabitur
425 4421 490 4460 eo
525 4405 687 4476 quod
721 4403 860 4460 sitit.
896 4405 1048 4460 Ubi?
1070 4405 1131 4460 In
1155 4407 1577 4463 resurrectione
1601 4425 1747 4464 mor-

141 4484 352 4623 suorum,
383 4493 521 4564 quia
553 4518 581 4542 ‹‹
619 4493 736 4566 Ego
776 4494 1134 4550 resuscitabo
1166 4511 1301 4550 eum
1337 4495 1396 4552 in
1429 4497 1746 4553 novissimo

169 4587 224 4623 te.
255 4600 277 4623 η

169 4587 224 4627 le.
255 4600 277 4624 η

1785 3211 1827 3277 C

1939 2119 1965 2144 «
1990 2097 2194 2160 Amen,
2219 2109 2388 2148 amen
2411 2091 2539 2146 dico
2569 2089 2732 2146 vobis
2759 2107 2772 2144 :
2797 2087 2896 2161 qui
2919 2086 3100 2143 credit
3119 2085 3178 2142 in
3202 2101 3315 2152 me,
3344 2084 3522 2141 habet

1869 2184 2105 2240 «vitam
2161 2188 2458 2240 asternam.
2495 2204 2523 2232 ››
2573 2178 2849 2236 Revelare—
2895 2195 2956 2234 se
3000 2176 3184 2233 voluit
3233 2173 3518 2232 Dominus

1867 2274 2006 2345 quid
2039 2277 2211 2330 esset.
2245 2273 2391 2328 Nam
2421 2269 2766 2341 compendio
2792 2268 2983 2323 dicere
3014 2265 3204 2339 potuit
3227 2283 3238 2320 :
3261 2265 3367 2328 Qui
3400 2281 3518 2321 cre-

1868 2363 1951 2418 dit
1980 2364 2038 2419 in
2071 2379 2184 2430 me,
2211 2363 2385 2418 habet
2407 2378 2517 2416 me.
2537 2363 2669 2433 Ipse
2689 2358 2846 2415 enim
2867 2356 3130 2412 Christus
3163 2371 3334 2410 verus
3364 2353 3516 2410 Deus

1866 2458 1922 2508 et
1951 2453 2065 2508 vita
2097 2457 2328 2508 aeterna.
2353 2451 2459 2516 Qui
2493 2467 2629 2522 ergo
2661 2447 2844 2505 credit
2874 2446 2930 2502 in
2967 2462 3056 2501 me
3086 2445 3244 2500 venit
3275 2443 3344 2499 ad
3380 2460 3472 2500 me
3500 2461 3514 2498 ί

1867 2547 1923 2598 et
1953 2543 2052 2615 qui
2083 2542 2239 2598 venit
2269 2542 2341 2596 ad
2374 2557 2466 2596 me
2495 2539 2672 2595 habet
2719 2554 2832 2593 me.
2865 2535 3011 2602 Quid
3056 2537 3146 2591 est
3184 2535 3380 2590 autem
3411 2531 3514 2587 ba-

1866 2632 2001 2688 bere
2032 2647 2124 2686 me
2145 2630 2171 2684 ‘?
2202 2630 2421 2685 Habere
2452 2629 2634 2684 vitam
2665 2631 2960 2682 aeternam.
2995 2624 3240 2679 Mortem
3282 2638 3514 2678 assum-

1865 2719 1985 2792 psit
2015 2719 2131 2776 vita
2160 2723 2393 2786 aeterna,
2426 2718 2574 2773 mori
2602 2715 2805 2779 voluit,
2838 2714 2936 2770 sed
2979 2713 3051 2768 de
3094 2715 3216 2779 tuo,
3250 2728 3282 2766 ο
3314 2709 3514 2778 homo,

1866 2825 1981 2866 non
2015 2810 2085 2864 de
2115 2825 2241 2865 suo.
2273 2806 2498 2880 Accipit
2527 2823 2564 2862 a
2604 2809 2682 2872 te,
2717 2808 2781 2860 ut
2812 2805 3136 2859 moreretur
3168 2816 3268 2873 pro
3298 2803 3374 2854 te.
3407 2799 3512 2854 As-

1866 2898 2120 2970 sumpsit
2149 2913 2284 2968 ergo
2315 2897 2430 2951 vita
2459 2899 2729 2959 mortem,
2769 2896 2833 2948 ut
2860 2891 2978 2948 vita
3023 2889 3312 2947 occideret
3354 2905 3511 2946 mor-

1863 2991 2005 3044 tem.
2037 2987 2184 3042 Nam
2217 2986 2315 3059 qui
2347 2985 2554 3055 credit,
2576 2983 2788 3056 inquit,
2805 2981 2980 3037 habet
3008 2979 3189 3036 vitam
3211 2981 3508 3046 aeternam,

1865 3093 1980 3132 non
2012 3075 2166 3148 quod
2199 3079 2381 3148 patet,
2413 3074 2513 3129 sed
2547 3072 2701 3146 quod
2734 3070 2895 3126 latet.
2952 3069 3084 3124 Vita
3111 3068 3267 3126 enim
3299 3070 3516 3123 aeterna

1866 3170 1955 3221 est
1983 3164 2241 3221 Verbum
2282 3163 2437 3237 quod
2467 3162 2526 3218 in
2558 3160 2842 3234 principio
2875 3164 3000 3215 erat
3031 3159 3183 3231 apud
3216 3159 3422 3222 Deum,
3455 3160 3513 3212 et

1866 3255 2020 3310 Deus
2049 3258 2172 3310 erat
2200 3252 2478 3318 Verbum,
2496 3256 2553 3308 et
2577 3250 2694 3306 vita
2721 3252 2846 3306 erat
2874 3249 2973 3306 lux
3005 3246 3307 3303 hominum
3333 3247 3508 3318 (Ιυαη.

1863 3343 1926 3413 ι).
1961 3343 2102 3400 Mori
2134 3343 2312 3409 venit,
2345 3341 2446 3397 sed
2479 3339 2650 3397 tertia
2677 3339 2770 3395 die
2801 3335 3132 3394 resurrexit.

1935 3457 1960 3481 ‹‹
1998 3433 2111 3506 Ego
2143 3449 2299 3500 sum,
2334 3454 2361 3481 ››
2391 3429 2601 3502 inquit,
2631 3437 2659 3479 α
2693 3428 2861 3502 panis
2891 3427 3039 3482 vitae.
3075 3447 3104 3475 ››
3135 3426 3204 3481 Et
3236 3425 3388 3480 unde
3420 3443 3515 3480 su-

1863 3521 2248 3594 perbiebant?
2269 3545 2296 3571 «
2333 3521 2531 3576 Patres
2561 3518 2760 3583 vestri,
2777 3517 2989 3588 inquit,
3013 3514 3516 3570 manducaverunt

1866 3633 1893 3660 «
1917 3628 2134 3666 manna
2156 3611 2214 3666 i-n
2239 3611 2488 3672 deserto,
2505 3611 2563 3664 et
2583 3605 2796 3662 mortui
2815 3609 2974 3660 sunt.
2999 3625 3027 3654 ›ν
3053 3605 3239 3669 Quare
3263 3602 3511 3657 mandu-

1863 3704 2160 3765 caverunt,
2193 3703 2248 3753 et
2280 3697 2494 3753 mortui
2529 3695 2709 3752 sunt?
2737 3692 2883 3759 Quia
2911 3691 3065 3764 quod
3098 3689 3374 3746 videbant
3395 3706 3513 3745 cre-

1862 3788 2076 3844 debant
2101 3805 2111 3843 :
2139 3787 2294 3858 quod
2327 3803 2441 3841 non
2473 3785 2747 3841 videbant
2772 3799 2891 3838 non
2923 3779 3344 3860 intelligebant.
3380 3778 3512 3835 Ideo

1861 3881 2054 3948 patres
2085 3876 2279 3940 vestri,
2300 3873 2439 3947 quia
2467 3874 2694 3929 similes
2725 3871 2865 3928 estis
2892 3869 3150 3938 illorum,
3184 3885 3514 3924 murmura-

1860 3969 2016 4020 tores
2048 3969 2240 4036 patres
2275 3966 2774 4018 murmuratorum
2810 3959 3083 4016 ﬁliorum.
3119 3957 3512 4014 Manducave-

1859 4059 1996 4109 runt
2025 4054 2250 4126 Moyses
2281 4057 2338 4108 et
2369 4055 2580 4117 Aaron,
2615 4055 2672 4107 et
2701 4049 2888 4106 caeteri
2921 4047 3108 4104 sancti
3141 4046 3241 4119 qui
3275 4046 3511 4101 fuerunt

1859 4143 1918 4198 in
1949 4142 2182 4215 populo,
2217 4158 2435 4198 manna
2480 4141 3002 4203 manducaverunt,
3036 4140 3093 4194 et
3141 4153 3257 4190 non
3291 4135 3506 4188 mortui

1858 4237 2017 4296 sunt,
2033 4232 2171 4305 quia
2189 4230 2530 4304 spiritaliter
2550 4227 2838 4284 visibilem
2859 4225 3056 4281 cibum
3075 4221 3505 4288 intellexerunt,

1857 4320 2196 4393 spiritaliter
2224 4319 2566 4376 esurientes.
2600 4315 2710 4372 Alii
2760 4314 3260 4371 manducaverunt
3287 4315 3344 4367 et
3371 4327 3508 4383 per-

1858 4413 2202 4465 manserunt
2232 4409 2288 4463 in
2317 4406 2678 4472 inﬁdelitate,
2701 4404 2855 4461 sicut
2875 4402 3060 4460 Judazi
3092 4401 3406 4457 audierunt
3427 4399 3507 4456 lo-

1857 4503 2136 4571 quentem
2165 4497 2482 4565 Christum,
2517 4496 2620 4553 sed
2652 4512 2766 4552 non
2798 4491 3137 4565 spiritaliter
3177 4490 3352 4546 verba
3377 4489 3506 4560 ejus

1777 4583 1822 4646 D
1855 4586 2293 4651 intellexerunt;
2317 4586 2445 4641 ideo
2468 4585 2613 4640 dixit
2642 4583 2725 4639 eis
2745 4598 2759 4638 :
2783 4605 2810 4632 «
2839 4582 3034 4638 Patres
3060 4578 3236 4636 vestri
3262 4579 3506 4634 mandu-

192 4684 212 4708 α
239 4663 326 4722 Est
357 4671 645 4744 scriptum
679 4670 736 4726 in
786 4671 1084 4746 prephetis
1126 4673 1242 4744 (Jer
1272 4674 1445 4745 xxxi).
1481 4675 1544 4730 Et
1573 4680 1744 4732 erunt
1852 4680 2130 4733 caverunt
2159 4693 2378 4732 manna
2408 4675 2466 4729 in
2499 4675 2750 4738 deserto,
2781 4675 2838 4728 et
2869 4668 3082 4726 mortui
3125 4672 3283 4725 sunt.
3316 4689 3343 4717 n
3380 4669 3505 4733 Qua

140 4771 157 4790 υ
183 4767 356 4812 omnes
387 4759 670 4816 docibiles
702 4761 823 4817 Dei.
852 4783 880 4810 »
913 4764 1098 4827 Quare
1130 4762 1237 4818 hoc
1271 4763 1435 4831 dixit,
1464 4781 1496 4818 o
1518 4763 1744 4820 Judaei?

139 4834 267 4896 Pater
287 4861 380 4901 vos
411 4865 526 4904 non
574 4849 775 4906 docuit
807 4851 1100 4922 quomodo
1133 4851 1374 4922 potestis
1407 4869 1497 4907 me
1531 4870 1741 4925 cogno-

137 4932 535 4993 scere?0mnes
591 4938 752 5010 regni
803 4937 962 4994 illius
1011 4937 1279 4995 homines
1329 4939 1608 4996 docibiles
1641 4942 1741 4997 Dei

137 5025 408 5086 erunt,non
431 5027 504 5082 ab
525 5026 866 5083 hominibus
883 5025 1141 5085 audient.
1159 5030 1224 5084 Et
1239 5029 1288 5084 si
1313 5029 1384 5084 ab
1403 5029 1742 5088 hominibus

137 5105 359 5178 audiunt,
383 5118 580 5171 tamen
615 5116 770 5189 quod
802 5116 1335 5190 intelligunt,intus
1365 5117 1560 5187 datur,
1583 5117 1742 5176 intus

137 5205 379 5268 coruscat,
419 5201 586 5258 intus
637 5205 941 5262 revelatur.
995 5206 1270 5262 Homines
1329 5206 1470 5262 foris
1499 5208 1742 5264 verbum

137 5291 305 5364 sonare
334 5298 602 5361 possunt,
635 5295 734 5350 sed
766 5292 825 5350 in
856 5311 1070 5350 vanum
1115 5293 1404 5364 laborant,
1438 5295 1551 5352 nisi
1582 5295 1741 5352 intus

138 5363 258 5426 Deus
283 5375 489 5435 docens
535 5383 724 5454 aperit
769 5400 999 5440 sensus.
1044 5382 1143 5439 llle
1185 5388 1274 5440 est
1305 5363 1418 5441 Deo
1452 5385 1740 5452 docibilis,

137 5467 276 5546 quem
291 5462 435 5522 Deus
451 5470 614 5526 intus
627 5471 1133 5528 veritatisinstruit
1147 5474 1440 5546 agnitione
1453 5479 1508 5530 et
1521 5491 1736 5531 amore.

138 5565 158 5587 «
183 5543 362 5610 Omnis
392 5557 492 5628 qui
515 5560 736 5617 audivit
757 5579 790 5618 a
811 5561 976 5620 Patre
1000 5567 1055 5618 et
1075 5543 1277 5620 didicit
1302 5562 1458 5620 venit
1477 5565 1547 5621 ad
1570 5581 1682 5622 me.
1713 5588 1739 5614 ››

137 5630 395 5703 Quomodo
425 5647 606 5705 trahit
635 5643 796 5708 Pater
825 5651 1082 5708 docendo
1113 5656 1168 5708 et
1197 5651 1462 5722 delectat,
1497 5670 1610 5711 non
1640 5671 1738 5712 nc-

1855 4770 2059 4832 morte,
2094 4764 2206 4821 nisi
2238 4763 2642 4820 inﬁdelitatis?
2673 4762 2820 4817 Nam
2868 4761 2924 4815 in
2975 4756 3278 4814 communi
3315 4758 3502 4812 morte

1853 4855 2069 4910 mortui
2102 4858 2262 4918 sunt,
2294 4859 2349 4909 et
2379 4852 2568 4908 sancti
2599 4851 2698 4924 qui
2733 4851 2968 4905 fuerunt
2999 4847 3152 4903 inter
3197 4861 3315 4900 eos.
3367 4843 3500 4900 ldco

1853 4943 2102 5018 signavit
2124 4942 2402 5000 Dominus
2425 4941 2515 4998 his
2537 4940 2727 4996 verbis
2751 4941 3000 4993 mortem
3020 4932 3363 5008 spiritalem,
3385 4950 3499 4988 non

1852 5032 2166 5088 carnalem.
2200 5032 2399 5087 Patres
2429 5047 2564 5103 ergo
2594 5028 2863 5088 istorum.
2899 5025 2956 5081 id
2990 5027 3097 5091 est,
3133 5020 3268 5078 mali
3305 5025 3501 5094 patres

1854 5121 2162 5186 malorum,
2183 5119 2446 5175 inﬁdeles
2465 5122 2656 5192 patres
2675 5113 3020 5181 inﬁdelium,
3037 5113 3503 5168 murmuratores

1854 5214 2050 5282 patres
2108 5211 2628 5264 murmuratorum.
2676 5205 2821 5261 Nam
2881 5204 2950 5259 de
2998 5199 3161 5258 nulla
3204 5217 3267 5258 re
3312 5199 3500 5274 magis

1853 5298 2036 5354 Deum
2055 5295 2365 5362 oll'endisse
2385 5294 2476 5376 ille
2494 5293 2744 5367 populus
2763 5292 2960 5349 dictus
2974 5296 3082 5358 est,
3100 5307 3279 5364 quam
3302 5293 3503 5346 contra

1851 5386 2035 5442 Deum
2058 5384 2501 5452 murmurando.
2517 5384 2649 5440 Ideo
2670 5383 2954 5439 Dominus
2976 5381 3173 5438 volens
3195 5379 3500 5436 ostendere

1851 5475 2055 5532 talium
2091 5473 2263 5542 ﬁlios,
2293 5473 2429 5529 hinc
2461 5474 2532 5529 ad
2564 5489 2662 5529 eos
2693 5473 2902 5546 erepit:
2937 5470 3082 5536 Quid
3117 5467 3500 5525 murmuratis

1849 5560 2126 5635 invicem,
2154 5559 2616 5630 murmuratorcs
2648 5561 2750 5619 lilii
2781 5563 3304 5622 murmuratorum,
3331 5581 3355 5606 ‹‹
3393 5557 3495 5612 Pa-

1851 5659 1966 5710 tres
2017 5639 2187 5710 ve'stri
2238 5652 2738 5710 manducaverunt
2789 5650 2848 5707 in
2896 5651 3122 5707 deserto
3171 5660 3404 5707 manna,
3439 5643 3496 5693 et
