4050 6174
296 279 301 295 ’
412 306 529 371 δη

972 306 1385 372 HAYMONIS
1430 306 1966 369 IIALBERSTAT.
2012 304 2256 368 EPISC.
2305 305 2478 368 OPP.
2525 305 2727 368 PARS
2771 304 2851 367 ΙΙ.
2883 338 2961 349 -
2992 299 3240 366 HOMIL
3677 308 3793 371 512‘

412 439 630 500 mortui
657 443 813 499 sunt.
839 462 866 491 »
890 440 1014 499 Non
1039 439 1179 515 quia
1200 439 1425 498 malum
1449 443 1591 509 erat,
1615 440 1717 497 sed
1750 437 1889 514 quia
1910 437 2063 496 male
2091 437 2148 506 Α
2178 438 2470 512 quomodo
2500 437 2808 495 Matthaeus
2838 441 2894 494 et
2922 436 3106 493 Lucas
3137 438 3688 497 commemoraverint
3706 440 3776 498 di-

413 532 843 591 manducaveru
854 536 936 587 nt.

486 645 514 671 ‹‹
552 621 652 677 Hic
682 624 770 677 est
799 619 969 693 panis
1000 618 1097 693 qui
1124 620 1195 675 de
1216 618 1358 699 coelo
1380 619 1700 675 descendit.
1729 641 1756 667 »
1779 619 1945 675 Hunc
1966 636 2066 692 pa-

414 727 547 766 nem
580 709 830 784 signavit
862 726 1097 775 manna,
1132 708 1290 764 hunc
1339 724 1547 780 panem
1580 707 1833 781 signavit
1883 707 2063 763 altare

411 799 537 857 Dei.
560 800 937 855 Sacramenta
966 798 1087 854 hazc
1109 799 1267 867 sunt,
1291 802 1345 853 et
1374 795 1475 852 illa
1497 797 1731 852 fuerunt
1757 815 1769 852 :
1795 795 1852 851 in
1877 796 2062 870 signis

413 888 642 957 diversa
663 892 822 953 sunt,
842 887 899 942 in
924 904 983 942 re
1000 905 1125 960 qua:
1149 885 1532 958 significatur,
1550 886 1714 958 paria
1736 888 1893 941 sunt.
1919 887 2064 958 Apo-

412 976 631 1035 stolum
663 976 797 1032 audi
825 994 837 1031 :
864 999 891 1026 «
918 975 1059 1031 Nolo
1083 978 1278 1030 autem
1304 992 1426 1042 vos,
1453 997 1480 1025 »
1506 974 1715 1046 inquit,
1740 998 1767 1024 «
1796 974 2062 1048 ignorare

412 1065 638 1133 fratres,
664 1065 935 1136 quoniam
961 1067 1153 1138 patres
1176 1063 1359 1119 nostri
1384 1080 1588 1119 omnes
1611 1064 1720 1119 sub
1753 1064 1907 1118 nube
1939 1063 2059 1120 fue-

410 1158 568 1221 runt,
592 1157 648 1209 et
666 1169 870 1209 omnes
893 1170 1052 1208 mare
1082 1152 1462 1218 transierunt,
1484 1156 1540 1230 et
1557 1169 1760 1208 omnes
1786 1152 1843 1210 in
1866 1152 2062 1225 Moyse

410 1241 684 1315 baptizati
712 1245 852 1298 sunt
872 1241 929 1296 in
954 1243 1110 1297 nube
1129 1244 1185 1296 et
1206 1241 1263 1295 in
1291 1241 1456 1308 mari,
1482 1245 1538 1296 et
1569 1258 1772 1296 omnes
1794 1241 2059 1297 eamdem

408 1348 602 1388 escam
635 1330 955 1403 spiritalem
993 1331 1494 1385 manducaverunt
1524 1329 1575 1401 (Ι
1604 1331 1724 1386 Cor.
1758 1329 1833 1401 x).
1870 1352 1896 1379 η
1932 1329 2060 1402 Spi-

409 1417 637 1474 ritalem
672 1418 891 1490 utique,
941 1436 1054 1474 non
1106 1418 1465 1491 corporalem
1517 1435 1709 1474 escam
1744 1435 1756 1473 :
1792 1419 1930 1491 quia
1979 1418 2059 1473 illi

408 1525 645 1576 manna,
664 1524 770 1564 nos
791 1506 971 1565 alium
994 1507 1312 1580 spiritalem
1338 1524 1351 1562 :
1378 1509 1476 1563 sed
1502 1510 1694 1580 patres
1717 1506 1922 1576 nostri,
1942 1525 2060 1563 non

408 1601 603 1671 patres
634 1596 894 1665 illorum,
918 1597 1135 1669 quibus
1166 1614 1271 1652 nos
1293 1595 1514 1653 similes
1536 1614 1764 1664 sumus,
1791 1613 1907 1652 non
1931 1596 2059 1669 qui-

407 1688 520 1743 bus
541 1686 622 1742 illi
647 1686 869 1743 similes
891 1686 1146 1741 fuerunt.
1177 1710 1202 1735 ‹‹
1227 1686 1331 1742 Hic
1351 1690 1440 1742 est
1469 1702 1604 1759 ergo
1632 1686 1800 1758 panis
1823 1686 1893 1741 de
1918 1684 2059 1741 ccelo

407 1776 788 1832 descendens.
814 1798 841 1824 ››
868 1798 894 1826 ‹‹
915 1775 990 1830 Ut
1010 1774 1058 1831 si
1080 1775 1214 1847 quis
1237 1791 1305 1830 ex
1325 1774 1451 1848 ipso
1475 1774 2056 1844 mamlucaverit,non

409 1888 437 1916 «
471 1863 772 1921 moriatur.
800 1886 827 1913 »
861 1864 971 1920 Sed
1005 1864 1159 1937 quod
1192 1863 1445 1937 pertinet
1475 1864 1547 1919 ad
1577 1863 1850 1919 virtutem
1873 1881 2060 1919 sacra-

408 1953 612 2019 menti,
638 1970 752 2008 non
777 1953 931 2026 quod
960 1953 1212 2026 pertinet
1232 1954 1301 2009 ad
1323 1952 1553 2009 visibile
1583 1957 2015 2009 sacramentum
2044 1970 2056 2009 :

410 2042 511 2117 qui
540 2043 857 2099 manducet
897 2041 1080 2108 intus,
1114 2059 1228 2097 non
1284 2042 1422 2098 foris
1457 2061 1469 2098 :
1505 2041 1605 2115 qui
1654 2042 1971 2098 manducet
1999 2042 2058 2098 in

408 2132 603 2196 corde,
629 2147 748 2201 non
783 2129 881 2203 qui
913 2131 1128 2203 premit
1152 2131 1344 2187 dente.

481 2245 509 2272 «ς
541 2221 657 2293 Ego
688 2237 821 2276 sum
852 2219 1021 2292 panis
1050 2219 1217 2275 vivus
1248 2219 1348 2293 qui
1392 2221 1464 2275 de
1512 2219 1655 2276 coelo
1699 2220 1994 2276 descendi.
2030 2242 2058 2269 »

408 2309 540 2366 Ideo
570 2308 755 2378 vivus,
787 2308 925 2383 quia
954 2310 1023 2365 de
1055 2308 1196 2365 caalo
1227 2308 1522 2366 descendi.
1542 2310 1620 2365 De
1653 2309 1794 2366 coelo
1826 2311 2060 2365 descen-

408 2399 496 2455 dit
523 2402 580 2456 et
609 2416 859 2466 manna;
894 2398 993 2454 sed
1043 2415 1261 2454 manna
1293 2400 1501 2454 umbra
1532 2402 1674 2468 erat,
1708 2398 1817 2455 iste
1847 2398 2058 2455 veritas

409 2492 518 2545 est.

482 2600 511 2628 ‹‹
542 2576 601 2632 Si
652 2576 785 2650 quis
829 2575 1269 2633 manducaverit
1314 2593 1382 2631 ex
1424 2575 1537 2631 hoc
1582 2593 1749 2649 pane,
1804 2577 1955 2642 vivet
1998 2577 2057 2632 in

410 2689 439 2718 ‹‹
472 2669 773 2722 aeternum.
806 2667 877 2722 Et
905 2665 1074 2739 panis
1105 2682 1279 2738 quem
1310 2681 1414 2739 ego
1445 2665 1616 2734 dabo,
1650 2682 1781 2721 caro
1814 2683 1943 2721 mea
1972 2669 2061 2721 est

409 2778 437 2805 ‹‹
467 2772 568 2827 pro
592 2750 797 2811 mundi
826 2755 961 2811 vita.
992 2778 1018 2804 ››
1039 2755 1157 2810 Hoc
1189 2754 1424 2828 quando
1453 2758 1684 2829 caperet
1712 2772 1865 2822 caro,
1901 2755 2056 2829 quod

408 2843 553 2900 dixit
583 2861 792 2917 panem
824 2860 1059 2901 carnem
1081 2844 1108 2900 *ἲ
1127 2844 1383 2900 Vocatur
1401 2862 1556 2912 caro,
1580 2845 1733 2917 quod
1759 2861 1871 2900 non
1905 2845 2061 2915 capit

408 2948 563 2989 caro.
596 2934 668 2989 Et
696 2932 826 2989 ideo
880 2932 1069 3007 magis
1100 2951 1215 2989 non
1262 2934 1421 3007 capit
1468 2951 1622 3001 caro,
1657 2933 1795 3007 quia
1823 2938 2060 2989 vocatur

407 3038 562 3078 caro.
578 3021 695 3078 Hoc
717 3020 873 3089 enim
899 3021 1345 3092 exhorruerunt,
1360 3023 1470 3079 hoc
1492 3022 1907 3079 assimulatum
1931 3038 2059 3079 esse

407 3109 699 3182 dixerunt,
716 3110 826 3167 hoc
852 3128 966 3167 non
998 3111 1121 3168 ﬁeri
1145 3116 1514 3184 putaverunt.
1553 3135 1579 3162 «
1615 3112 1757 3167 Caro
1790 3127 1921 3167 mea
1948 3114 2055 3178 est,

2172 527 2328 584 xisse
2360 528 2676 583 Dominum
2725 525 3033 600 discipulis
3069 529 3269 583 utnec
3314 525 3530 599 virgam
3570 527 3774 596 ferrent,

2172 634 2305 673 eum
2339 616 2495 674 dicat
2524 617 2756 673 Marcus
2781 634 2793 671 :
2823 637 2849 668 α
2870 617 2937 672 Et
2966 614 3237 689 praecepit
3265 614 3348 670 eis
3380 631 3450 670 ne
3479 617 3609 689 quid
3634 618 3775 674 tolle-

2172 711 2300 764 rent
2332 707 2389 762 in
2421 707 2532 773 via,
2563 705 2677 763 nisi
2706 706 2927 780 virgam
2958 708 3192 761 tantum
3227 704 3414 777 (Marc.
3445 705 3564 777 v1)?
3590 699 3609 754 β
3636 709 3773 774 Quod

2171 797 2253 852 ita
2281 795 2545 863 solvitur,
2580 794 3072 870 utintelligamus
3103 794 3213 849 sub
3244 792 3356 849 alia
3392 794 3777 866 significatione

2171 885 2387 942 dictam
2410 887 2655 959 virgam,
2672 902 2798 958 quae
2821 883 3145 940 secundum
3169 883 3427 937 Marcum
3450 883 3667 938 ferenda
3684 890 3774 953 est,

2171 980 2228 1031 et
2256 977 2366 1031 sub
2399 974 2513 1032 alia
2543 975 2723 1043 illam,
2750 992 2876 1047 quae
2906 973 3230 1030 secundum
3262 971 3587 1027 Matthaaum
3608 976 3659 1027 et
3683 974 3775 1028 Lu-

2171 1079 2300 1119 cam
2332 1082 2444 1120 non
2478 1067 2567 1119 est
2601 1063 2854 1127 ferenda,
2888 1062 3039 1118 sicut
3082 1061 3193 1118 sub
3241 1060 3355 1116 alia
3396 1060 3778 1134 significatione

2170 1152 2520 1227 intelligitur
2548 1153 2793 1209 tentatio
2815 1152 2885 1208 de
2907 1169 3024 1225 qua
3043 1151 3264 1206 dictum
3287 1152 3394 1205 est.
3417 1172 3443 1199 α
3465 1150 3609 1206 Deus
3628 1151 3779 1207 nemi-

2171 1260 2305 1298 nem
2341 1247 2525 1298 tentat
2555 1243 2686 1314 (Jac.
2723 1245 2763 1309 1)
2799 1259 2811 1296 :
2849 1263 2875 1289 ›ι
2911 1244 2967 1296 et
2997 1241 3108 1295 sub
3157 1237 3272 1293 alia
3315 1238 3385 1292 de
3434 1254 3546 1310 qua
3588 1238 3777 1292 dictum

2171 1336 2295 1388 est:
2323 1356 2348 1380 α
2386 1333 2594 1387 Tentat
2626 1348 2724 1387 vos
2756 1329 3039 1386 Dominus
3072 1328 3229 1383 Deus
3259 1330 3467 1394 vester,
3502 1328 3563 1381 ut
3588 1325 3715 1381 sciat
3739 1326 3779 1382 si

2170 1420 2415 1495 diligitis
2433 1438 2567 1476 eum
2592 1422 2771 1493 (Deut.
2790 1420 2902 1492 xv).
2936 1442 2961 1468 ››
2992 1418 3116 1485 Illa,
3146 1415 3504 1473 seductionis
3525 1418 3639 1471 est:
3661 1415 3779 1486 hac,

2169 1510 2552 1585 probationis.
2587 1509 2911 1581 Utrumque
2938 1522 3074 1579 ergo
3106 1506 3511 1579 accipiendum
3530 1508 3614 1560 est
3636 1522 3667 1561 a
3689 1504 3781 1560 Do-

2170 1600 2329 1656 mino
2359 1598 2641 1673 apostolis
2666 1598 2888 1654 dictum
2914 1614 2927 1651 :
2960 1600 3037 1667 et,
3070 1599 3135 1651 ut
3167 1612 3272 1651 nec
3301 1595 3521 1668 virgam
3554 1593 3741 1649 ferrent
3768 1610 3779 1647 :

2168 1695 2245 1754 et,
2272 1695 2334 1745 ut
2367 1707 2478 1745 non
2504 1688 2615 1744 nisi
2637 1688 2861 1761 virgam
2887 1687 3124 1742 ferrent.
3147 1686 3291 1741 Cum
3317 1683 3473 1739 enim
3495 1683 3781 1738 secundum

2174 1778 2513 1835 Matthzeum
2543 1778 2760 1833 diceret
2787 1776 2873 1832 eis
2898 1774 3108 1849 (Matth.
3131 1773 3188 1847 x)
3215 1791 3228 1830 :
3254 1797 3281 1822 ‹‹
3308 1772 3492 1828 Nolite
3521 1771 3782 1844 possidere

2170 1884 2379 1924 aurum
2406 1871 2463 1925 et
2492 1872 2821 1941 argentum,
2842 1888 2870 1915 »
2893 1869 3028 1934 etc.,
3047 1863 3327 1920 continuo
3360 1860 3634 1934 subjecit:
3656 1884 3679 1909 ‹‹
3701 1858 3780 1915 Di-

2170 1974 2324 2032 gnus
2372 1960 2461 2014 est
2507 1957 2663 2014 enim
2714 1955 3019 2029 operarius
3065 1953 3194 2009 cibo
3240 1968 3375 2009 suo.
3406 1973 3434 2001 ›ι
3468 1950 3622 2006 Unde
3661 1949 3783 2005 satis

2169 2046 2427 2104 ostendit
2447 2064 2552 2103 cur
2573 2063 2671 2103 eos
2693 2046 2813 2101 haec
2836 2044 3133 2118 possidere
3155 2058 3221 2098 ac
3251 2042 3401 2097 ferre
3423 2038 3781 2106 noluerit,non

2170 2137 2326 2208 quod
2352 2134 2683 2192 necessaria
2713 2151 2826 2190 non
2851 2137 2993 2189 sunt
3013 2130 3431 2189 sustentationi
3463 2129 3632 2201 hujus
3657 2126 3781 2195 vitae,

2170 2225 2270 2281 sed
2305 2224 2444 2297 quia
2473 2223 2557 2279 sic
2599 2240 2698 2279 eos
2747 2221 3033 2290 mittebat,
3065 2224 3129 2276 ut
3158 2220 3242 2275 eis
3273 2219 3399 2274 haec
3429 2216 3614 2273 deberi
3645 2232 3782 2271 mon-

2170 2316 2379 2371 straret
2409 2312 2480 2368 ab
2514 2310 2650 2380 illis,
2674 2310 2890 2384 quibus
2919 2307 3294 2383 Evangelium
3322 2305 3679 2362 credentibus
3700 2321 3784 2359 an-

2169 2402 2528 2459 nuntiarent.
2563 2399 2754 2456 Claret
2796 2403 2992 2455 autem
3039 2398 3149 2454 hoc
3200 2414 3321 2453 non
3375 2396 3457 2451 ita
3481 2392 3785 2468 praecepisse

2167 2491 2502 2559 Dominum,
2524 2495 2805 2563 tanquam
2828 2487 3202 2562 Evangelistae
3226 2486 3419 2542 vivere
3452 2483 3670 2541 aliunde
3691 2498 3782 2538 non

2167 2582 2436 2650 debeant,
2471 2596 2648 2653 quam
2680 2578 2762 2635 eis
2791 2576 3211 2651 praebentibus,
3230 2575 3452 2648 quibus
3471 2571 3785 2629 annuntiant

2166 2669 2544 2743 Evangelium
2581 2686 2593 2723 :
2622 2666 2881 2740 alioquin
2927 2670 3130 2722 contra
3158 2663 3267 2719 hoc
3301 2666 3646 2736 praeceptum
3676 2658 3786 2715 fecit

2165 2759 2499 2833 Apostolus,
2518 2756 2618 2831 qui
2634 2757 2849 2812 victum
2869 2755 2939 2810 de
2956 2770 3238 2810 manuum
3258 2768 3504 2809 suarum
3524 2747 3784 2806 laboribus

2166 2848 2546 2922 transigebat,
2584 2863 2653 2902 ne
2692 2845 2969 2917 cuiquam
3018 2842 3211 2917 gravis
3257 2846 3420 2899 esset
3450 2842 3521 2914 (II
3542 2840 3652 2896 Cor.
3680 2838 3784 2907 xu),

2168 2938 2266 2994 sed
2302 2940 2647 3010 potestatem
2678 2934 2932 3001 dedisse,
2953 2933 3013 2989 in
3045 2949 3161 3005 qua
3192 2931 3416 2987 scirent
3443 2929 3551 2987 sibi
3580 2928 3684 2984 ista
3708 2926 3785 2982 de-

2167 3026 2312 3083 beri.
2337 3030 2478 3081 Cum
2506 3029 2702 3081 autem
2733 3042 2768 3080 a
2796 3022 3043 3080 Domino
3062 3020 3300 3097 ,aliquid
3334 3014 3780 3094 impetratur,nisi

2171 3116 2290 3182 fiat,
2325 3113 2730 3171 inobedientiae
2757 3112 2930 3186 culpa
2959 3116 3048 3168 est
3080 3128 3093 3166 :
3128 3127 3264 3166 cum
3319 3114 3513 3167 autem
3560 3108 3783 3181 potestas

406 3198 622 3273 inquit,
643 3217 747 3274 pro
767 3201 970 3269 mundi
992 3200 1129 3257 vita.
1149 3223 1176 3249 »
1195 3201 1423 3256 Norunt
1444 3200 1645 3256 ﬁdeles
1667 3217 1877 3272 corpus
1899 3199 2058 3254 Chri-
2088 3186 2131 3252 C
2164 3206 2358 3273 datur,
2378 3203 2512 3260 licet
2540 3202 2751 3276 cuique
2778 3219 2896 3258 non
2928 3201 3037 3270 uti,
3062 3203 3120 3256 et
3147 3203 3436 3272 tauquam
3467 3198 3536 3253 de
3565 3196 3785 3267 suojure

405 3288 501 3356 sti,
529 3290 576 3346 si
600 3306 814 3362 corpus
836 3288 1053 3346 Christi
1074 3306 1203 3345 esse
1232 3306 1349 3345 non
1382 3288 1704 3363 negligunt.
1732 3289 1902 3345 Fiant
1930 3306 2055 3345 cor-

405 3395 516 3452 pus
546 3378 783 3445 Christi,
814 3379 861 3434 si
892 3377 1092 3433 volunt
1154 3378 1339 3434 vivere
1368 3380 1439 3434 de
1471 3377 1676 3452 spiritu
1710 3378 1944 3434 Christi.
1978 3380 2057 3435 De

405 3466 616 3539 spiritu
637 3465 853 3523 Christi
878 3484 988 3522 non
1007 3465 1163 3533 vivit,
1178 3465 1290 3521 nisi
1310 3483 1521 3539 corpus
1537 3456 2058 3540 Christi.Quisq'uis

403 3554 592 3610 vivere
612 3554 755 3621 vult,
779 3555 975 3610 credat
1007 3554 1064 3609 in
1096 3554 1413 3622 Christum,
1436 3555 1751 3611 manducet
1780 3556 2055 3630 spiritali-

404 3646 494 3698 ter
523 3641 847 3714 spiritalem
878 3641 1097 3711 cibum,
1131 3643 1535 3716 incorporetur
1558 3645 1784 3718 corpori
1821 3645 2056 3719 Christi,

406 3734 465 3787 et
486 3748 599 3800 non
625 3729 703 3786 sit
722 3730 1023 3803 putridum
1046 3732 1378 3789 membrum
1396 3734 1550 3806 quod
1574 3736 1819 3791 resecari
1844 3753 2059 3793 merea-

407 3823 524 3890 tur,
551 3819 626 3876 sit
652 3817 986 3891 pulchrum,
1017 3821 1095 3877 sit
1118 3837 1354 3892 sanum,
1380 3822 1454 3878 sit
1486 3826 1689 3896 aptum
1719 3824 1894 3898 capiti
1928 3843 2054 3882 suo.

1010 3962 1314 4020 HOMILIA
1351 3965 1460 4022 CV.

720 4064 723 4065 ⁷
801 4067 969 4108 FERIA
1006 4069 1215 4115 QUINTA
1254 4070 1656 4111 PENTECOSTES.

478 4175 639 4242 (Luc.
666 4179 768 4244 Ix.)
788 4199 817 4224 ‹‹
845 4176 907 4232 In
937 4174 1035 4233 illo
1053 4181 1313 4251 tempore
1334 4197 1345 4235 :
1364 4179 1707 4237 Convocatis
1726 4181 1897 4238 Jesus
1922 4184 2060 4240 duo-

408 4286 438 4314 ‹‹
474 4263 661 4319 decim
695 4264 997 4338 apostolis,
1019 4266 1179 4322 dedit
1203 4266 1318 4323 illis
1339 4268 1612 4326 virtutem
1634 4274 1691 4326 et
1710 4276 2059 4344 potestatem

407 4375 436 4403 «
472 4369 649 4426 super
679 4354 896 4424 omnia,
923 4357 980 4410 et
1010 4359 1076 4410 ut
1105 4354 1417 4429 languores
1448 4362 1739 4415 curarent.
1765 4381 1792 4409 ››
1830 4361 1896 4416 Et
1928 4360 2059 4417 reli-

407 4459 546 4515 qua.
581 4443 868 4499 Concessa
898 4447 1182 4517 potestate
1214 4444 1403 4517 primo
1433 4445 1756 4520 signorum,
1782 4447 1944 4504 misit
1961 4466 2061 4506 eos

409 4530 722 4603 praedicare
753 4547 1000 4604 regnum
1023 4531 1145 4603 Dei,
1166 4537 1232 4588 ut
1257 4533 1685 4605 promissorum
1711 4537 2061 4610 magnitudi-

406 4635 541 4674 nem
569 4623 948 4676 attestaretur
967 4620 1142 4677 etiam
1161 4620 1506 4695 magnitudo
1527 4623 1835 4694 factorum,
1856 4626 2060 4681 ﬁdera-

406 4723 518 4780 que
533 4707 726 4764 verbis
748 4708 913 4764 daret
927 4708 1113 4766 virtus
1133 4712 1399 4766 ostensa:
1423 4714 1480 4767 et
1503 4728 1647 4768 nova
1669 4712 1944 4786 facerent,
1960 4714 2061 4788 qui

406 4813 556 4853 nova
575 4798 981 4870 praedicarent.
1002 4798 1165 4854 Unde
1191 4816 1347 4855 nunc
1379 4794 1763 4873 quoque'cum
1799 4802 2060 4860 fidelium

409 4886 803 4944 numerositas
820 4887 1071 4943 excrevit
1088 4887 1241 4943 intra
1257 4893 1520 4944 sanctam
1539 4889 1873 4959 Ecclesiam,
1890 4892 2059 4948 multi

375 4964 381 4968 ’
408 4977 549 5027 sunt
578 4974 677 5046 qui
713 4974 891 5032 vitam
922 4977 1205 5032 virtutum
1237 4980 1455 5047 tenent,
1488 4981 1545 5033 et
1574 4978 1742 5052 signa
1778 4979 2060 5037 virtutum

406 5076 523 5116 non
552 5061 789 5119 habent.
810 5064 957 5128 Quia
987 5064 1205 5121 frustra
1234 5065 1588 5123 miraculum
1621 5067 1774 5124 foras
1804 5070 2062 5125 ostendi-

406 5152 523 5214 tur,
544 5149 592 5203 si
624 5151 786 5207 deest
814 5154 970 5225 quod
1001 5154 1162 5211 intus
1193 5159 1484 5229 operetur.
1508 5156 1652 5212 Nam
1676 5157 1848 5230 juxta
1877 5158 2060 5232 Magi-

406 5236 512 5292 stri
546 5237 808 5309 gentium
838 5256 1077 5299 vocem:
1110 5263 1131 5290 ι
1157 5242 1392 5318 Linguae
1421 5243 1481 5301 in
1516 5244 1751 5319 signum
1786 5252 1925 5303 sunt
1946 5264 2060 5303 non

408 5324 700 5395 ﬁdelibus,
734 5329 835 5384 sed
867 5327 1206 5387 infidelibus
1237 5335 1287 5398 (I
1315 5333 1436 5390 Cor.
1468 5335 1607 5408 xxv).
1643 5357 1670 5384 ››

480 5436 509 5464 ‹‹
545 5415 610 5469 Et
642 5415 725 5470 ait
753 5416 825 5472 ad
858 5415 1023 5473 illos:
1048 5417 1203 5473 Nihil
1226 5421 1478 5478 tuleritis
1508 5421 1567 5478 in
1600 5423 1712 5494 via,
1740 5440 1929 5498 neque
1950 5426 2063 5482 vir-

412 5525 441 5553 «
475 5518 631 5576 gam,
666 5520 855 5577 neque
907 5522 1128 5579 peram,
1163 5523 1350 5580 neque
1404 5527 1636 5584 panem,
1671 5528 1859 5586 neque
1890 5531 2065 5587 pecu-

2165 3295 2452 3352 recedere.
2485 3293 2603 3349 Hoc
2634 3308 2770 3364 ergo
2802 3290 3080 3347 ordinans
3138 3287 3449 3357 Dominus,
3482 3285 3629 3359 quod
3672 3297 3785 3338 eum

2166 3383 2474 3441 ordinasse
2503 3381 2642 3437 dicit
2672 3378 3002 3455 Apostolus,
3037 3377 3130 3435 his
3169 3377 3267 3451 qui
3302 3374 3670 3450 Evangelium
3698 3386 3785 3426 an-

2167 3472 2458 3540 nuntiant,
2487 3471 2558 3526 de
2588 3468 2898 3543 Evangelio
2927 3467 3136 3524 vivere.
3172 3465 3278 3522 Illa
3312 3464 3590 3540 apostolis
3617 3461 3787 3533 loque-

2166 3564 2358 3631 batur,
2389 3564 2454 3617 ut
2484 3559 2673 3616 securi
2708 3567 2834 3614 “non
2884 3557 3269 3630 possiderent,
3309 3571 3499 3628 neque
3527 3550 3789 3625 portarent

2166 3651 2346 3724 hujus
2377 3650 2504 3705 vita:
2535 3647 2865 3704 necessaria
2893 3664 2999 3702 nec
3031 3661 3244 3719 magna
3272 3661 3382 3701 nec
3404 3642 3659 3699 minima.
3679 3637 3789 3695 Ideo

2168 3739 2387 3814 posuit,
2402 3756 2506 3795 nec
2526 3737 2774 3810 virgam,
2791 3736 3106 3792 ostendens
3127 3752 3162 3790 a
3183 3733 3461 3790 ﬁdelibus
3482 3731 3603 3788 suis
3622 3725 3790 3785 omnia

2168 3827 2363 3886 deberi
2386 3827 2677 3884 ministris
2699 3827 2843 3895 suis,
2864 3825 3027 3881 nulla
3047 3823 3349 3896 superﬂua
3372 3817 3788 3895 requirentibus,

2168 3936 2234 3975 ac
2265 3936 2367 3993 per
2397 3918 2530 3984 hoc,
2563 3915 2828 3972 addendo
2854 3931 2868 3971 :
2900 3938 2919 3964 ι
2957 3914 3182 3987 Dignus
3211 3916 3304 3969 est
3335 3910 3492 3969 enim
3524 3903 3791 3982 operarius

2169 4008 2297 4065 cibo
2329 4024 2456 4073 suo,
2484 4029 2511 4056 ››
2545 4022 2786 4079 prorsus
2817 4002 3047 4077 aperuit
3084 4006 3140 4058 et
3170 3996 3669 4068 illustravit,unde
3690 3994 3790 4049 haec

2169 4097 2367 4154 omnia
2396 4096 2751 4168 loqueretur.
2767 4093 2924 4149 Hane
2955 4090 3110 4148 enim
3142 4094 3493 4164 potestatem
3524 4088 3685 4159 virga
3706 4097 3788 4137 no-

2170 4185 2326 4241 mine
2357 4181 2879 4258 significavit,cum
2912 4180 3089 4237 dicit:
3119 4202 3138 4229 ι
3176 4180 3258 4234 Ne
3289 4179 3436 4252 quid
3469 4174 3719 4234 tollerent
3743 4168 3791 4223 in

2167 4275 2260 4330 via
2284 4272 2397 4329 nisi
2428 4272 2649 4345 virgam
2680 4274 2937 4337 tantum,
2973 4291 3001 4319 ››
3036 4272 3102 4324 ut
3140 4266 3523 4341 intelligatur,
3555 4263 3685 4337 quia
3709 4274 3794 4331 per

2169 4364 2516 4436 potestatem
2540 4378 2573 4416 a
2596 4359 2838 4415 Domino
2855 4361 3173 4431 acceptam,
3191 4374 3373 4429 quam
3397 4357 3567 4429 virgae
3589 4348 3793 4408 nomine

2169 4449 2537 4526 significavit,
2557 4448 2733 4504 etiam
2765 4466 2892 4521 quae
2923 4465 3038 4503 non
3068 4450 3383 4519 portantur
3412 4462 3527 4501 non
3558 4440 3790 4499 deerunt.

2092 4559 2138 4624 υ
2170 4540 2287 4596 Hoc
2316 4542 2374 4595 et
2399 4538 2469 4594 de
2499 4537 2730 4593 duabus
2773 4533 2992 4591 tunicis
3034 4533 3487 4608 intelligendum
3517 4528 3711 4624 δέῃ-υς
3734 4536 3792 4576 ne

2171 4628 2486 4702 quisquam
2533 4642 2736 4682 eorum
2782 4628 2991 4698 praeter
3033 4639 3161 4679 eam
3214 4640 3333 4696 qua
3375 4624 3532 4679 esset
3560 4616 3791 4676 indutus,

2171 4717 2345 4775 aliam
2376 4715 2723 4789 portandam
2755 4716 3004 4788 putaret,
3039 4712 3327 4770 sollicitus
3359 4729 3432 4768 ne
3477 4726 3620 4783 opus
3647 4703 3792 4767 esset,

2172 4824 2305 4863 cum
2337 4824 2405 4862 ex
2435 4805 2537 4861 illa
2556 4807 2843 4879 potestate
2869 4807 3069 4876 posset
3089 4802 3372 4874 accipere.
3398 4799 3558 4866 Quod
3588 4812 3706 4852 vero
3725 4806 3795 4847 se-

2172 4896 2431 4952 cundum
2464 4895 2724 4950 Marcum
2758 4910 2871 4948 non
2901 4891 3119 4964 portari
3151 4890 3238 4945 vel
3269 4888 3473 4945 haberi
3499 4888 3640 4943 duas
3661 4879 3792 4937 tuni-

2174 5002 2292 5051 cas,
2317 4985 2419 5040 sed
2449 4982 2784 5055 expressius
2812 4979 2976 5036 indui
3008 4979 3295 5052 prohibet,
3329 4977 3569 5033 dicens:
3593 4998 3620 5024 «
3650 4973 3711 5027 Et
3737 4981 3794 5055 ne

2173 5052 2558 5129 induerentuwr
2588 5070 2818 5126 duabus
2849 5067 3085 5136 tunicis,
3123 5090 3149 5116 »
3181 5066 3320 5141 quid
3354 5081 3456 5122 eos
3488 5052 3791 5125 monet,nisi

2171 5179 2289 5219 non
2322 5159 2650 5234 dupliciter,
2683 5158 2785 5214 sed
2829 5155 3175 5230 simpliciter
3221 5151 3570 5211 ambulare?
3597 5146 3791 5205 Aliter:

2171 5253 2239 5308 In
2272 5250 2501 5307 duabus
2532 5247 2749 5304 tunicis
2792 5246 3026 5302 videtur
3072 5243 3215 5300 mihi
3258 5242 3476 5315 duplex
3523 5235 3795 5327 ostendere

2173 5339 2607 5405 vestimentum,
2633 5353 2749 5393 non
2781 5335 2937 5408 quod
2967 5334 3028 5389 in
3060 5332 3203 5390 locis
3233 5330 3480 5405 Scythia;
3510 5335 3567 5411 et
3593 5318 3796 5401 glaciali

2174 5428 2305 5484 nive
2326 5426 2670 5502 rigentibus,
2688 5441 2807 5481 una
2829 5424 2962 5497 quis
2984 5423 3184 5479 tunica
3203 5421 3411 5478 debeat
3439 5434 3566 5475 esse
3586 5416 3794 5471 conten-

2175 5523 2292 5586 tus,
2309 5518 2410 5574 sed
2432 5533 2548 5590 quo
2571 5516 2629 5572 in
2652 5513 2849 5571 tunica
2868 5512 3279 5570 vestimentum
3301 5506 3709 5581 intelligamus,
3738 5512 3795 5552 ne

410 5615 438 5644 ‹‹
478 5592 660 5660 niam,
682 5610 871 5667 neque
901 5596 1049 5653 duas
1079 5595 1308 5654 tunicas
1338 5598 1624 5657 habeatis.
1652 5624 1679 5651 »
1702 5601 1858 5660 Solet
1888 5605 2066 5676 quaeri
2178 5606 2291 5663 alio
2310 5605 2526 5677 vestiti,
2548 5603 2709 5662 aliud
2733 5602 2904 5661 nobis
2926 5601 3255 5659 futurorum
3275 5597 3485 5655 timore
3503 5602 3797 5653 servemus.
