4050 6174
467 331 586 394 Πδ

470 487 498 516 α
528 463 852 539 Congregat
900 481 1154 534 mecum,
1185 467 1429 541 spargit,
1467 469 1543 524 Ac
1597 467 1645 523 si
1684 467 1905 524 diceret
1942 484 1952 523 :
1988 468 2110 524 Non

467 560 716 630 possunt
731 573 907 628 opera
924 555 1238 614 Salvatoris
1257 557 1575 614 Beelzebub
1599 557 1874 630 operibus
1887 575 2012 614 com
2021 577 2119 632 pa-

467 645 606 712 rari,
641 645 744 702 ille
773 647 935 719 cupit
963 648 1192 703 animas
1223 652 1416 703 tenere
1449 647 1726 720 captivas,
1747 647 1842 704 hic
1871 649 2110 704 liberat:

468 735 565 794 ille
614 735 890 808 praedicat
933 737 1108 807 idola,
1142 737 1234 793 h-ic
1288 737 1463 792 unius
1515 737 1616 793 Dei
1661 737 1932 792 notitiam
1969 755 1981 792 :
2019 737 2114 793 ille

466 825 650 881 trahit
679 827 756 880 ad
780 826 940 893 vitia,
975 826 1068 882 hic
1107 828 1177 882 ad
1230 826 1472 882 virtutes
1507 843 1520 881 :
1558 826 1654 882 ille
1681 832 1995 899 congregat
2039 828 2114 882 ad

466 914 644 971 unius
678 915 772 970 Dei
799 914 1196 982 notit’iam,hic
1221 915 1754 987 spargitsuadendo
1777 915 1963 971 multa
1984 918 2114 970 inu-

464 1004 610 1060 tilia.
643 1005 794 1071 Sive,
829 1029 855 1054 ‹‹
892 1004 990 1077 qui
1026 1022 1138 1060 non
1172 1010 1262 1060 est
1292 1019 1544 1072 mecum,
1582 1029 1609 1055 ››
1641 1006 1947 1060 hmreticus
1981 1006 2114 1060 iuti-

465 1093 610 1150 delis
641 1107 870 1166 semper
891 1094 1168 1150 resistens
1198 1095 1329 1149 ﬁdei
1363 1111 1566 1150 meae.«
1598 1095 1703 1161 Qui
1739 1113 1851 1151 non
1884 1111 2115 1166 congre-

463 1187 562 1255 gat
587 1197 837 1249 mecum,
863 1185 1106 1257 spargit.
1127 1184 1464 1240 nUnitatem
1479 1185 1806 1250 destruens,
1823 1185 1880 1239 in
1897 1183 2112 1240 multas

463 1271 667 1327 dividit.
699 1272 1283 1330 haeresesMoraliter
1315 1290 1326 1328 :
1362 1274 1469 1338 Qui
1503 1291 1617 1329 non
1674 1278 1760 1328 est
1804 1291 2058 1340 mecum,
2083 1298 2108 1322 ››

462 1362 518 1417 id
549 1360 754 1432 estqui
781 1379 890 1417 non
919 1368 1003 1416 est
1030 1363 1083 1417 in
1113 1362 1404 1418 mandatis
1419 1363 1585 1432 meis,
1605 1361 2110 1419 etvoluntatimeaa

461 1451 701 1506 resistit.
724 1476 749 1498 ‹‹
785 1452 890 1518 Qui
928 1470 1039 1507 non
1073 1455 1386 1525 congregat
1418 1466 1709 1517 mecum,»
1738 1452 1835 1524 qui
1872 1469 2008 1508 suos
2027 1453 2110 1507 af-

461 1539 646 1596 ibctus
676 1541 734 1596 in
769 1557 1027 1597 amorem
1056 1541 1155 1597 Dei
1193 1558 1307 1598 non
1337 1541 1576 1613 colligit,
1610 1540 1669 1596 in
1699 1541 1858 1597 varia
1903 1541 2108 1597 mundi

461 1629 752 1686 desideria
777 1632 1020 1704 spargit.

530 1743 557 1768 ‹‹
583 1719 717 1775 Ideo
747 1720 876 1776 dico
904 1721 1068 1777 vobis
1087 1737 1099 1775 :
1117 1721 1299 1777 Omne
1317 1725 1622 1794 peccatum
1657 1725 1714 1776 et
1742 1719 2110 1792 blasphemia

459 1831 486 1857 «
520 1808 850 1864 remittetur
871 1807 1233 1866 hominibus.
1255 1810 1367 1866 nUt
1388 1813 1476 1866 est
1501 1809 1645 1865 illud
1668 1810 1798 1864 :Hic
1825 1809 2108 1881 nonejicit

456 1897 774 1964 daemones,
789 1897 900 1952 nisi
927 1897 982 1953 in
999 1897 1714 1970 principedemoniorum.
1737 1923 1762 1947 ‹‹
1781 1899 1964 1954 Omne
1978 1916 2106 1972 pec-

458 1990 674 2053 catum,
709 1987 994 2058 quidquid
1030 1987 1089 2043 in
1115 1987 1305 2044 ﬁlium
1336 1988 1594 2045 hominis
1637 1989 1860 2044 dictum
1910 1988 2101 2056 fuerit,

457 2091 562 2148 per
591 2075 994 2148 pmnitentiana
1028 2077 1364 2135 remittitur.
1397 2102 1423 2128 ››
1457 2080 1710 2152 Spiritus
1749 2087 1942 2136 autem
1979 2078 2103 2135 bla-

457 2164 756 2238 sphemiae,
781 2187 811 2216 «
841 2183 958 2239 quo
989 2167 1437 2240 blasphematur
1456 2168 1622 2237 illud,
1641 2187 1743 2242 per
1772 2187 1922 2242 quos
1943 2167 2104 2226 salus

454 2255 584 2321 frt,«
617 2271 733 2310 non
765 2256 1159 2312 remittatur.»
1183 2258 1526 2330 Quicunque
1559 2259 1768 2314 dixerit
1801 2263 2102 2331 peccatum

457 2345 862 2416 su’pradictum
893 2350 1096 2402 contra
1122 2346 1310 2402 filium
1343 2347 1618 2413 hominis,
1639 2347 1745 2402 hoc
1777 2347 2002 2418 est,qui
2025 2346 2104 2401 vi~

454 2432 616 2489 litate
637 2434 828 2490 carnis
852 2447 992 2492 mea
1012 2437 1464 2503 scandalizatur,
1486 2437 1686 2492 dicens
1727 2437 1880 2509 quod
1921 2435 2100 2491 Filius

455 2521 568 2579 sim
609 2522 757 2579 fabri
788 2527 843 2579 et
874 2524 1092 2593 Mariaa,
1106 2529 1238 2594 etc.,
1265 2526 1536 2598 quamvis
1567 2525 1739 2598 culpa
1761 2543 1875 2581 non
1908 2529 2102 2581 careat

451 2611 687 2681 erroris,
705 2617 902 2669 tamen
935 2614 1110 2670 habet
1138 2614 1638 2688 veniam,prupter
1669 2615 1862 2671 carnis
1881 2614 2102 2671 scilicet

449 2700 758 2759 vilitatem.

523 2814 551 2842 «
585 2793 691 2858 Qui
722 2793 931 2849 dixerit
990 2798 1196 2850 contra
1242 2793 1544 2866 Spiritum.
1580 2817 1609 2846 »
1635 2794 1742 2862 Qui
1793 2793 2100 2849 manifeste

451 2881 784 2955 intelligens
815 2900 991 2956 opera
1022 2882 1144 2954 Dei,
1168 2901 1301 2940 cum
1321 2885 1391 2940 de
1420 2884 1505 2940 eis
1525 2899 1735 2957 negare
1759 2901 1877 2938 non
1892 2882 2096 2956 possit,

450 2983 555 3043 pro
584 2971 802 3026 invidia
830 2971 1084 3044 Spiritus
1113 2973 1302 3030 sancti
1332 2974 1475 3030 dicit
1506 2974 1656 3030 facta
1685 2989 1812 3030 esse
1841 2971 1901 3027 in
1934 2970 2098 3026 Beel-

449 3060 987 3133 zebub.«Nequein
1019 3062 1127 3118 hoc
1149 3063 1361 3120 saeculo
1383 3079 1571 3136 neque
1602 3063 1661 3118 in
1692 3061 2097 3118 futuroremit-

451 3171 477 3198 ‹ι
512 3151 670 3205 tetur
695 3150 766 3206 ei.
801 3172 828 3202 ››
861 3151 1127 3208 Ostendit
1156 3152 1354 3225 aliqua
1381 3169 1509 3209 esse
1559 3156 1814 3224 peccata,
1849 3168 1976 3223 qua:
2039 3151 2095 3204 in

441 3238 668 3310 judicio
700 3256 803 3312 per
831 3239 1027 3313 ignem
1060 3241 1462 3316 purgatorium
1497 3240 1895 3297 remittuntur.

519 3352 547 3378 α
580 3330 695 3385 Aut
727 3329 894 3386 facite
925 3331 1192 3388 arborem
1225 3331 1461 3398 bonam,
1485 3335 1544 3388 et
1574 3332 1831 3386 fructum
1853 3331 1980 3401 ejus
2004 3329 2102 3384 bo-

447 3441 476 3469 ‹‹
510 3435 719 3474 num.»
742 3417 1047 3476 Concludit
1075 3437 1174 3476 eos
1207 3419 1644 3493 syllogismo.Si
1677 3420 1889 3492 inquit,
1907 3420 2101 3476 diabo-

445 3507 539 3562 lus
569 3507 723 3563 bona
753 3523 927 3579 opera
965 3510 1149 3564 facere
1195 3527 1310 3565 non
1356 3511 1563 3581 potest,
1599 3508 1647 3564 si
1700 3513 1894 3564 autem
1946 3509 2098 3564 bona

450 3599 588 3650 sunt
618 3612 744 3667 quae
777 3596 1406 3664 eernitis,subauditur
1435 3598 1582 3652 scire
1611 3596 1856 3669 debetis,
1892 3602 1954 3653 ut
1982 3615 2095 3654 non

449 3684 526 3740 sit
557 3684 824 3741 diabolus
847 3685 947 3757 qui
973 3701 1041 3742 ea
1065 3686 1437 3758 facit.Neque
1469 3685 1626 3742 enim
1661 3687 1785 3742 ﬁeri
1810 3691 2000 3758 potest
2033 3693 2098 3742 ut

449 3789 516 3830 ex
547 3773 700 3829 malo
730 3773 972 3842 bonum,
989 3781 1090 3830 aut
1113 3793 1182 3832 ex
1212 3776 1386 3831 homo
1405 3775 1628 3831 oriatur
1651 3775 2098 3832 malum.Arbor

448 3859 604 3918 enim
634 3863 786 3918 bona
815 3862 1085 3920 Christus
1115 3869 1240 3921 est:
1275 3865 1447 3921 arbor
1473 3881 1606 3920 vero
1638 3865 2097 3932 mala,d‘iabolus

449 3956 556 4006 est.
592 3953 669 4006 Ac
703 3951 750 4006 si
784 3951 939 4008 dicat
973 3971 985 4008 :
1019 3953 1063 4009 Ο
1098 3951 1394 4019 Pharisaei,
1427 3971 1495 4010 ex
1527 3971 1620 4010 me
1650 3954 1876 4010 {ructus
1906 3955 2095 4011 bonus

447 4039 686 4108 orietur,
719 4058 852 4098 cum
894 4059 1173 4099 sanavero
1219 4045 1530 4099 mundum.
1565 4041 1644 4100 Ex
1687 4043 1851 4099 vobis
1899 4049 2091 4101 autem

449 4128 661 4197 malus,
695 4145 832 4185 cum
865 4147 957 4186 me
987 4131 1362 4205 crucifigetis.

519 4243 545 4267 ‹‹
581 4219 892 4293 Progenies
921 4219 1274 4293 viperarum,
1306 4221 1601 4293 quom-edo
1642 4222 1886 4294 potestis
1935 4222 2093 4294 loqui

447 4331 475 4358 ‹‹
507 4307 679 4378 bona,
704 4319 842 4364 cum
876 4308 1011 4365 sitis
1033 4309 1210 4364 mali?
1231 4308 1311 4365 Ex
1342 4309 1700 4365 abundantia
1719 4310 1874 4366 enim
1907 4311 2094 4367 cordis

450 4420 477 4448 «
511 4413 576 4452 os
605 4397 885 4470 loquitur.
910 4420 936 4448 »
966 4398 1421 4466 Quasidixisset,
1446 4415 1558 4454 non
1574 4398 1798 4454 fructus
1830 4399 1992 4455 bona:
2007 4417 2093 4455 ar-

447 4483 605 4540 boris
633 4501 702 4541 ex
729 4486 894 4542 vobis
938 4487 1244 4559 prodeunt,
1279 4485 1377 4542 sed
1428 4485 1582 4556 folia,
1621 4487 1729 4543 hoc
1779 4491 1888 4554 est,
1921 4489 2094 4545 verba

449 4572 661 4642 solum,
687 4577 744 4629 et
775 4591 888 4630 non
923 4591 1116 4647 opera.

519 4686 545 4711 ‹‹
581 4667 775 4718 Bonus
807 4661 1083 4720 homo'de
1114 4664 1264 4720 bono
1297 4665 1568 4722 thesauro
1600 4665 1816 4737 profert
1847 4666 2018 4736 bona,
2039 4670 2095 4722 et

447 4776 473 4800 ‹‹
510 4751 701 4809 malus
732 4752 908 4809 homo
939 4755 1010 4809 de
1033 4753 1185 4810 malo
1210 4754 1485 4811 thesauro
1509 4754 1730 4827 profert
1749 4755 1920 4811 mala.
1940 4779 1967 4803 »
1985 4756 2098 4812 [loc

446 4857 514 4897 su
522 4842 736 4914 perieri-
745 4844 770 4915 j
779 4843 1120 4916 ungendum
1133 4847 1238 4899 est.
1255 4844 1552 4910 Quomodo
1579 4845 1769 4901 bonus
1787 4844 1960 4900 hom-0
1979 4861 2094 4900 non

447 4931 664 5003 profert
697 4931 992 4997 mala,nec
1024 4931 1215 4988 malus
1245 4932 1433 4988 bona:
1469 4932 1551 4988 sic
1584 4949 1696 4988 non
1730 4935 1918 5004 potest
1936 4932 2096 4988 Chri-

447 5023 574 5074 stus
616 5020 790 5088 mala,
834 5037 938 5076 nec
987 5020 1254 5077 diabolus
1305 5021 1489 5077 facere
1538 5021 1709 5077 bona.
1762 5022 1829 5076 Et
1876 5021 1986 5077 hoc
2035 5020 2093 5076 in

445 5105 738 5163 Christum
770 5113 823 5162 et
853 5108 1086 5165 Judaees
1116 5109 1468 5166 subauditur
1501 5126 1514 5165 :

519 5220 544 5245 «
580 5195 723 5250 Dico
750 5200 944 5252 autem
973 5198 1158 5256 vobis.
1188 5222 1213 5247 ››
1235 5201 1312 5255 Ac
1341 5200 1388 5256 si
1419 5199 1657 5268 diceret,
1672 5200 1914 5256 verbum
1937 5200 2093 5270 quod

447 5301 561 5340 non
590 5283 836 5339 aedificat
867 5286 1189 5362 audientes,
1207 5305 1321 5344 non
1349 5287 1456 5344 erit
1487 5289 1708 5360 absque
1741 5286 2092 5360 periculolo-

448 5371 683 5446 quentis
709 5391 721 5428 :
747 5378 966 5446 quanto
997 5363 1185 5447 magis
1206 5394 1306 5432 vos
1337 5377 1626 5450 quiopera
1641 5375 1893 5449 Spiritus
1906 5377 2091 5433 sancti

446 5461 916 5529 calumniamini,
933 5451 1194 5528 dicentes
1216 5482 1389 5538 opera
1423 5465 1818 5522 Beelzebub?»
1839 5467 2092 5523 Verbum

449 5575 476 5601 κ
513 5550 786 5606 otiosum.
808 5575 832 5599 ››
855 5551 1378 5627 Otiosumvcrbum
1412 5559 1498 5610 cst
1530 5555 1682 5626 quod
1697 5555 1821 5611 sine
1845 5555 2095 5612 utilitate

450 5640 743 5713 loquentis
775 5646 829 5698 et
859 5640 1154 5699 audientis
1185 5641 1419 5711 dicitur,
1450 5643 1571 5699 sive
1601 5643 1755 5714 quod
1787 5644 2010 5701 ratione
2037 5649 2096 5701 et

1029 333 1439 396 HAYMONIS
1482 333 2026 397 HALBERSTAT.
2076 333 2322 397 EPISC.
2369 335 2541 398 OPP.
2590 337 2788 400 PARS
2833 338 3011 400 lI.—-
3039 336 3306 400 HOMIL.

3721 347 3816 411 576

2142 467 2196 534 Α
2227 467 2625 540 pietatecaret,
2642 470 2761 528 sive
2774 470 2928 544 quod
2951 488 3053 528 nec
3065 469 3201 526 boni
3215 487 3318 526 nec
3332 469 3462 528 mali
3477 471 3674 547 aliquid
3694 478 3810 553 agit:

2225 582 2252 607 «
2290 559 2509 616 Reddet
2542 559 2846 628 rationem,
2883 585 2908 611 ››
2943 561 2998 616 id
3030 565 3120 616 est
3140 560 3393 617 animam
3423 579 3602 620 suam.

2297 672 2324 697 ‹‹
2362 650 2436 703 Ex
2469 649 2660 704 verbis
2691 649 2846 705 enim
2878 651 2996 705 tuis
3017 650 3562 722 justiﬁcaberis,aut
3581 657 3814 714 exverbis

2226 739 2387 794 «tuis
2399 740 2901 794 condemnaberis.
2922 763 2947 788 η
2964 741 3025 794 Id
3039 738 3238 806 est,vel
3253 739 3344 794 hic
3355 739 3439 795 vel
3453 741 3507 796 in
3522 742 3573 797 fu
3582 747 3714 800 ture.
3730 747 3816 802 Per

2224 825 2341 882 eris
2354 843 2490 900 ergo
2504 827 2856 884 locutionem
2873 829 3156 884 Dominus
3171 829 3454 895 universa,
3471 847 3588 903 qua;
3600 832 3675 886 vel
3687 840 3808 906 actu,

2223 915 2308 971 vel
2331 917 2500 984 facto,
2515 917 2600 972 vel
2621 918 2900 990 cogitatu,
2920 919 2990 974 de
3004 917 3174 973 corde
3197 919 3557 989 proferimus,
3571 919 3810 991 insinuat,

2225 1022 2351 1077 qua:
2392 1007 2581 1080 magis
2613 1024 2790 1079 quam
2822 1007 3164 1062 hominibus
3195 1007 3366 1075 dicta,
3394 1009 3543 1064 nuda
3571 1014 3622 1064 et
3651 1016 3813 1083 aperta

2223 1099 2362 1150 sunt
2393 1096 2578 1151 oculis
2609 1097 2758 1168 ejus.
2792 1097 2935 1152 Nam
2986 1101 3044 1152 et
3093 1097 3275 1153 moris
3319 1102 3404 1152 est
3433 1097 3810 1171 Scripturarum

2219 1185 2396 1240 verba
2425 1203 2528 1258 pro
2557 1187 2731 1241 rebus
2758 1203 2995 1258 ponere.
3028 1185 3193 1242 Unde
3236 1185 3538 1242 Pasimista
3565 1204 3576 1241 :
3607 1211 3631 1236 ‹‹
3661 1188 3760 1254 Dic,
3788 1213 3810 1238 »

2221 1272 2432 1345 inquit,
2450 1297 2475 1324 ‹‹
2494 1274 2701 1330 anima.-
2717 1273 3275 1348 meaezsalustuacgo
3289 1277 3593 1347 sum(P:al.
3607 1279 3812 1346 xxx1v).»

2222 1363 2289 1418 Et
2315 1363 2588 1419 Ezechias
2613 1380 2624 1418 :
2657 1385 2682 1413 α
2707 1364 2831 1419 Non
2865 1365 2975 1419 fuit
3005 1365 3435 1436 verbum,quod
3461 1380 3567 1420 non
3597 1368 3815 1422 ostende-

2222 1468 2342 1506 rem
2376 1451 2458 1508 eis
2487 1454 2619 1520 (Isa.
2654 1453 2799 1524 μιν).
2837 1475 2864 1502 ››
2897 1452 3002 1518 Qui
3035 1452 3240 1525 utique
3271 1469 3484 1520 rerum,
3516 1456 3571 1507 et
3598 1469 3696 1508 non
3714 1470 3812 1510 ver-

2220 1541 2429 1596 berum
2459 1540 2746 1597 Chaldaeis
2779 1541 3051 1598 revelavit
3099 1559 3331 1598 arcana.
3366 1546 3507 1598 Item
3551 1542 3815 1615 Apostolus

2221 1652 2248 1678 ‹‹
2284 1631 2351 1686 Et
2384 1647 2553 1686 nemo
2583 1631 2727 1686 dicit
2763 1631 3079 1687 Dominum
3120 1631 3348 1698 Jesum,
3382 1629 3492 1687 nisi
3535 1631 3589 1686 in
3629 1631 3810 1703 Spiritu

2219 1723 2420 1774 sancto
2449 1723 2500 1789 (Ι
2530 1721 2652 1776 Cor.
2684 1725 2806 1789 xu),
2829 1743 2854 1769 »
2885 1737 2989 1792 pro
3022 1737 3088 1776 eo
3121 1725 3185 1776 ut
3215 1721 3460 1776 diceret:
3484 1719 3816 1776 NemoDomio

2221 1825 2360 1864 num
2392 1809 2594 1864 Jcsum
2629 1809 2924 1864 intellectu
2965 1809 3171 1880 cernit,
3206 1826 3382 1865 nemo
3428 1809 3697 1866 voluntate
3721 1826 3817 1864 am-

2215 1897 2506 1971 plectitur,
2540 1899 2653 1954 nisi
2688 1916 2790 1971 per
2815 1899 3064 1972 gratiam
3097 1897 3353 1972 Spiritus
3383 1899 3585 1956 sancti.

2789 2043 3087 2099 HOMILIA
3126 2043 3294 2098 CVII.

2607 2150 2850 2188 SABBATO
2892 2149 3030 2188 POST
3070 2149 3482 2188 PENTECOSTEN.

2283 2257 2560 2328 (Luc.iv.)
2598 2282 2618 2307 ιι
2656 2259 2718 2313 In
2753 2257 2852 2313 illo
2882 2263 3142 2330 tempore
3174 2275 3186 2311 :
3215 2258 3478 2331 Surgens
3501 2256 3814 2328 Jesusdesy-

2213 2371 2240 2397 «
2268 2364 2511 2420 nagoga,
2529 2345 2855 2402 introivitin
2879 2347 3119 2402 domum
3136 2345 3431 2420 Symonis.
3448 2348 3810 2403 Socrusautem

2213 2461 2239 2486 «
2275 2435 2531 2493 Simonis
2562 2436 2870 2492 tenebatur
2900 2437 3134 2509 magnis
3163 2435 3492 2492 febribus.»
3510 2437 3575 2492 Et
3603 2433 3803 2506 reliqua.

2211 2529 2352 2581 Cum
2385 2527 2640 2582 venisset
2668 2526 2839 2582 Jcsus
2870 2525 2930 2581 in
2963 2526 3204 2581 domum
3237 2525 3414 2593 Petri,
3448 2525 3586 2580 vidit
3615 2537 3807 2579 socrum

2210 2617 2339 2688 ejus
2378 2619 2670 2690 jacentem
2702 2619 2758 2670 et
2793 2612 3238 2681 febricitantem,
3273 2619 3336 2669 et
3384 2612 3565 2685 tetigit
3610 2625 3809 2667 manum

2209 2707 2418 2779 ejus,et
2430 2705 2792 2762 dimisiteam
2810 2703 3128 2760 febrislloc
3143 2703 3293 2759 factu
3305 2720 3365 2758 m
3378 2699 3810 2760 MarcusetLucas

2209 2794 2826 2871 narrant,priusquam
2847 2794 2919 2848 de
2950 2791 3180 2865 leproso
3201 2791 3423 2847 dicant.
3439 2792 3545 2847 Sed
3583 2787 3710 2846 nihil
3735 2788 3810 2842 ob-

2208 2889 2323 2941 stat
2354 2884 2630 2941 narrandi
2657 2883 2983 2949 diversitas,
3003 2881 3100 2938 ubi
3118 2881 3388 2938 eamdem
3414 2897 3503 2936 res
3526 2877 3805 2942 nuntiatur,

2209 2975 2462 3030 maxime
2489 2989 2623 3029 cum
2659 2973 2842 3028 Lucas
2882 2970 3140 3026 historiae
3187 2971 3411 3027 scribat
3445 2967 3804 3029 narrationem,

2208 3065 2358 3120 sicut
2388 3064 2446 3118 in
2478 3062 2665 3135 capite
2696 3059 2967 3133 superius
2991 3059 3212 3115 dictum
3244 3055 3808 3132 est:»SurgensJesus

2175 3223 2178 3226 Ι
2213 3176 2233 3203 ι
2270 3155 2339 3210 de
2371 3169 2685 3226 synagoga,
2716 3149 2972 3205 introivit
2995 3149 3051 3203 in
3083 3149 3328 3204 domum
3361 3147 3626 3205 Simonis.
3651 3144 3806 3200 »Μαι-

2203 3243 2393 3299 tbaeus
2422 3258 2555 3298 vero
2577 3239 2840 3297 ordinem
2873 3237 3133 3312 mysterii
3165 3242 3408 3294 secutus
3438 3236 3805 3307 sit.Synagega

2207 3332 2506 3398 Graece,de
2537 3347 2653 3403 qua
2682 3330 2855 3386 Jesus
2885 3341 3122 3399 surgere
3154 3326 3804 3394 dicitur,Latinecongre-

2207 3421 2360 3495 gatio
2386 3419 2790 3491 dicitur,quod
2823 3417 3124 3491 proprium
3158 3431 3375 3472 nomen
3408 3415 3718 3473 Judaaorum
3733 3421 3810 3481 po.

2207 3510 2382 3584 pulus
2409 3506 2616 3564 tenuit.
2663 3507 2924 3579 Ipsorum
2959 3505 3114 3560 enim
3149 3505 3386 3577 proprie
3411 3506 3694 3578 Synagoga
3715 3495 3806 3551 dici

2207 3598 2372 3664 solet,
2401 3597 2668 3670 quamvis
2699 3601 2756 3652 et
2785 3594 3045 3652 Ecclesia
3076 3593 3231 3649 dicta
3261 3593 3635 3649 sit:nostram
3649 3592 3807 3642 autem

2205 3686 2452 3762 apostoli
2486 3703 2786 3759 nunquam
2812 3686 3181 3758 Synagogam
3195 3683 3494 3749 dixerunt,
3511 3681 3605 3736 sed
3620 3689 3811 3746 semper

2207 3778 2541 3844 Ecclesium,
2576 3776 2694 3831 sive
2725 3773 3093 3829 discernendi
3126 3788 3326 3840 causa,
3363 3771 3480 3827 sive
3509 3767 3652 3841 quod
3683 3763 3809 3819 inter

2205 3866 2735 3941 congregationem,
2756 3863 2909 3919 unde
2935 3878 3248 3936 synagoga,
3283 3865 3341 3916 et
3381 3854 3810 3941 convocationem

2206 3937 2358 4013 unde
2391 3937 2643 4011 Ecclesia
2674 3968 2881 4008 nomen
2915 3950 3157 4023 accepit,
3189 3950 3373 4005 distat
3422 3945 3653 4020 aliquid,
3684 3937 3808 4014 quod

2207 4046 2424 4104 scilicet
2453 4042 2791 4115 congregari
2825 4045 2882 4095 et
2912 4055 3121 4112 pecora
3153 4038 3368 4105 solent,
3393 4049 3634 4110 quon
3648 4037 3698 4089 et
3710 4043 3808 4103 gre-

2203 4153 2305 4209 ges
2336 4134 2568 4207 proprie
2599 4131 2848 4187 dicimus
2883 4146 2894 4184 :
2929 4128 3232 4184 convocari
3277 4132 3483 4184 autem
3529 4121 3702 4195 magis
3742 4119 3810 4209 est

2203 4205 2493 4281 utentium
2526 4221 2766 4285 ratione,
2799 4219 2952 4276 sicut
2981 4217 3251 4274 homines
3282 4220 3488 4272 RDLu
3514 4205 3810 4270 Introivitin

2205 4314 2448 4370 domum
2459 4309 2740 4367 Simonis.
2759 4331 2786 4356 »
2799 4306 3196 4380 Spiritualiter
3207 4289 3809 4362 domusSimeaisPetri

2205 4400 2522 4458 Ecclesium
2553 4397 2865 4470 signiﬁcat.
2897 4396 3132 4464 Socrus,
3158 4395 3215 4450 id
3240 4399 3329 4450 est
3364 4398 3549 4449 mater
3567 4391 3808 4478 ejusuxt):

2204 4491 2304 4558 ris,
2339 4489 2508 4560 cujus
2540 4489 2704 4560 pater
2731 4502 2898 4542 socer
2940 4483 3172 4540 dicitur.
3208 4485 3428 4539 Socrus
3477 4480 3653 4554 ipsius
3691 4473 3811 4529 Petri

2120 4587 2166 4652 Ι)
2196 4581 2562 4653 Synagogam
2595 4571 3101 4648 signiﬁcai,quam
3115 4573 3414 4644 jacentem
3439 4573 3495 4628 et
3521 4563 3808 4654 febricitan-

2204 4647 2319 4725 tem
2351 4647 2523 4724 lusus
2557 4647 2792 4733 invenit,
2823 4663 2881 4719 id
2911 4666 3000 4718 est
3027 4662 3082 4716 in
3115 4660 3306 4717 littera
3339 4659 3486 4732 legis
3535 4660 3589 4712 et
3632 4647 3812 4707 invidia

2207 4758 2564 4821 manentem,
2600 4771 2727 4827 quae
2759 4753 2818 4807 in
2850 4753 2964 4806 fine
2985 4748 3455 4814 credet,salvatis
3481 4734 3812 4827 gentibusut

2205 4851 2295 4904 est
2307 4845 2450 4902 illud
2469 4861 2526 4898 zu
2542 4821 2688 4899 Cum
2707 4840 2993 4898 introierit
3008 4838 3308 4912 plenitudo
3329 4836 3526 4911 gentia
3538 4849 3612 4900 m,
3627 4834 3746 4884 tunc
3757 4821 3810 4874 de

2203 4934 2380 4992 Israel
2415 4930 2623 5003 reliqui
2657 4930 2797 4987 salvi
2832 4929 2972 4985 ﬁent
3003 4931 3178 4999 (Rem.
3213 4927 3312 4998 ιχ).
3351 4948 3378 4974 ››

2277 4999 2640 5080 «Tenebatur
2672 5018 2906 5091 magnis
2937 5017 3280 5082 febribus,et
3304 4999 3804 5098 mgakuutilluru

2205 5137 2232 5164 «
2266 5130 2371 5185 pro
2403 5128 2490 5167 ea.
2524 5111 2594 5165 Et
2627 5085 2803 5165 stans
2823 5121 3002 5179 super
3030 5105 3214 5172 illam,
3248 5085 3552 5176 imperavit
3591 5089 3743 5153 febri.
3768 5085 3811 5138 Gl

2207 5225 2234 5254 ‹‹
2257 5200 2480 5257 dimisit
2511 5197 2779 5255 eam.nSi
2810 5196 3000 5252 virum
3033 5211 3067 5250 a
3098 5192 3386 5250 daemonio
3401 5189 3810 5268 (parumper?

2204 5289 2400 5363 perius
2433 5293 2496 5344 ut
2522 5290 2715 5344 textus
2732 5282 3024 5357 Evangelii
3049 5281 3270 5352 narrat)
3291 5259 3597 5335 liberatum
3611 5259 3810 5360 morali-

2203 5385 2293 5437 ter
2321 5378 2584 5435 animum
2615 5377 2686 5432 ab
2720 5373 3028 5430 immunda
3057 5370 3403 5444 cogitatione
3429 5364 3809 5454 purgatfiltiei:

2203 5466 2479 5541 gnificare
2510 5464 2853 5530 dixerimus,
2889 5462 3310 5531 consequenter
3342 5455 3554 5512 femina
3585 5439 3813 5541 tight-ibus

2202 5538 2382 5621 tenta,
2436 5553 2538 5610 sed
2589 5552 2659 5608 ad
2712 5550 3023 5624 imperium
3076 5547 3306 5604 Domini
3351 5544 3569 5605 curata,
3611 5538 3808 5629 σεξιςῐιθτξῖ

2208 5645 2464 5702 ostendit
2485 5661 2518 5701 a
2548 5639 3031 5713 concupiscentiae
3055 5636 3422 5698 suasionem,
3439 5641 3538 5704 per
3557 5624 3810 5684 conﬁnes-
