3908 6172
176 350 266 415 581
1403 354 1751 416 ΗΟΜΙΙᾸᾹΞ
1797 356 1821 415 Ι

1995 353 2337 416 EMPORE.

3450 346 3567 426 asa

172 485 467 541 scanderet
494 490 550 539 et
582 489 863 552 maneret,
886 488 941 541 et
970 502 1075 558 per
1106 502 1279 541 suum
1312 486 1672 563 baptismum
1707 505 1804 543 no-
1838 487 1892 553 Α
1924 487 2114 543 videre
2148 504 2260 542 non
2294 491 2479 560 potes,
2516 493 2572 543 et
2602 492 2795 543 tamen
2832 493 2886 544 te
2916 490 3187 562 spiritum
3220 492 3429 549 habere
3453 514 3568 552 non

170 579 348 629 strum
402 575 762 647 baptismum
809 572 1211 643 sanctilicavit,
1260 592 1465 632 omnes
1513 577 1813 633 credentes

168 663 572 720 remissionem
594 667 965 736 peccatorum
990 664 1250 737 accipere
1267 665 1581 722 credimus.
1601 666 1680 721 De
1698 684 1812 739 quo

158 752 515 825 baptismate
544 753 826 809 Dominus
854 752 996 809 dicit
1020 771 1032 810 :
1070 775 1098 805 ‹‹
1127 753 1244 810 Vos
1267 758 1463 811 autem
1492 755 1813 830 baptizabi-

164 841 300 897 mini
318 841 544 915 Spiritu
559 845 761 899 sancto
774 860 886 898 non
907 848 1037 917 post
1050 838 1268 899 multos
1284 844 1391 900 hos
1407 844 1531 901 dies
1550 845 1681 917 (Act.
1703 848 1762 915 l).
1785 867 1812 894 »

164 932 227 987 Et
256 932 475 988 iterum
505 948 518 986 :
550 954 577 981 «
612 931 971 1004 Baptismate
1010 948 1138 988 meo
1190 933 1652 1006 baptizabimini.
1690 957 1717 984 »
1748 934 1816 989 Et

160 1037 373 1076 rursus
406 1037 419 1075 :
455 1045 482 1072 ‹‹
519 1021 877 1094 Baptismate
916 1021 1101 1078 habeo
1132 1020 1412 1096 baptizari
1447 1023 1594 1095 (Luc.
1628 1023 1749 1095 xu).
1787 1045 1815 1073 ››

158 1110 269 1165 Sed
287 1109 432 1182 quia
449 1110 517 1165 ad
525 1110 771 1182 januam
786 1109 1039 1183 paradisi
1052 1110 1391 1183 rhomphma
1405 1110 1505 1167 illa
1522 1112 1812 1180 flammea,

158 1203 213 1256 et
243 1198 483 1272 gladius
535 1197 825 1255 versatilis
871 1203 1003 1273 post
1032 1204 1336 1273 peccatum
1369 1201 1594 1273 positus
1628 1201 1818 1257 fuerat

159 1287 316 1359 (Gen.
352 1287 463 1359 ιιι),
496 1304 733 1344 necesse
780 1292 904 1344 erat
945 1293 1013 1344 ut
1060 1306 1163 1362 per
1209 1288 1493 1362 Spiritum
1544 1294 1815 1346 sanctum

158 1375 418 1448 peccatis
474 1375 766 1444 relaxatis,
801 1377 1173 1435 credentibus
1220 1380 1431 1434 iterum
1476 1397 1580 1452 per
1627 1380 1817 1452 bapti-

153 1483 359 1521 smum
391 1465 732 1538 aperiretur.
757 1467 917 1530 Quod
952 1466 1089 1539 quia
1120 1467 1429 1524 invisibilis
1461 1470 1705 1542 spiritus
1728 1470 1818 1524 in-

155 1553 473 1609 visibiliter
503 1558 797 1626 operatur,
831 1559 983 1611 recte
1012 1556 1319 1629 subjungit
1352 1574 1365 1612 :

232 1667 263 1693 ‹‹
298 1643 463 1710 Quod
497 1647 702 1698 natum
728 1647 815 1699 est
839 1661 906 1700 ex
928 1662 1119 1713 carne,
1144 1663 1277 1701 caro
1300 1650 1387 1703 est
1413 1664 1425 1701 :
1449 1650 1504 1703 et
1526 1648 1681 1720 quod
1711 1664 1817 1703 na-

156 1755 183 1781 ιι
220 1738 354 1787 tum
390 1736 480 1788 est
524 1749 593 1787 ex
637 1731 869 1805 spiritu,
920 1734 1164 1806 spiritus
1212 1739 1319 1791 est.
1360 1759 1386 1785 ››
1416 1738 1494 1791 Ac
1525 1737 1574 1791 si
1605 1737 1821 1793 diceret

1923 577 2180 645 dubitas,
2198 575 2384 633 multo
2415 577 2604 651 magis
2634 578 2907 650 spiritum
2930 578 3028 635 Dei
3054 580 3422 638 invisibiliter
3441 599 3571 656 epe-

1923 669 2147 720 rantem
2168 665 2363 721 videre
2386 683 2502 722 non
2522 666 2700 738 vales,
2720 670 2776 723 et
2796 671 2990 724 tamen
3019 670 3173 741 quod
3206 670 3572 729 invisibiliter

1924 759 2216 827 operatur,
2243 754 2434 810 fidelis
2456 771 2624 811 mens
2646 773 2762 812 non
2789 757 3038 813 dubitat.
3070 781 3097 807 ‹‹
3132 758 3224 815 Sic
3254 759 3447 815 omnis
3473 760 3573 832 qui

1925 845 2098 896 natus
2129 846 2217 897 est
2246 858 2314 897 ex
2342 842 2586 915 Spiritu‘.
2624 866 2652 893 ››
2687 843 2745 899 Id
2780 848 2887 912 est,
2912 845 3064 901 sicut
3095 846 3338 919 spiritus
3359 847 3459 903 Dei
3492 847 3576 904 in-

1922 928 2171 986 visibilis
2202 937 2310 997 est,
2345 932 2428 987 sic
2457 932 2716 989 hominis
2747 934 2992 1006 spiritus
3036 935 3344 992 invisibilis
3369 942 3478 993 est.
3505 938 3576 993 Et

1926 1019 2077 1075 sicut
2106 1019 2351 1092 spiritus
2380 1020 2478 1076 Dei
2514 1021 2886 1089 invisibiliter
2914 1028 3203 1096 operatur,
3225 1025 3308 1082 sic
3331 1026 3577 1099 spiritus

1924 1106 2180 1163 hominis
2214 1108 2584 1165 invisibiliter
2613 1110 2958 1167 renascitur.
2982 1113 3052 1170 Et
3073 1114 3212 1186 quia
3242 1114 3351 1169 hoc
3382 1133 3577 1171 sacra-

1927 1200 2189 1252 mentum
2211 1196 2502 1254 iuvisibile
2520 1200 2793 1271 quisquis
2816 1217 2931 1255 non
2947 1201 3361 1275 intelligit,non
3381 1208 3579 1260 contu-

1927 1284 2189 1355 maciter,
2224 1287 2325 1341 sed
2356 1286 2659 1344 humiliter
2685 1288 2980 1361 inquirere
3012 1290 3201 1359 debet,
3231 1290 3381 1349 sicut
3412 1293 3577 1349 Nico-

1928 1374 2136 1431 demus
2168 1375 2359 1431 adhuc
2390 1375 2729 1450 interrogat,
2766 1377 3003 1434 dicens:

2001 1487 2027 1513 «
2061 1464 2361 1527 Quomodo
2384 1472 2633 1536 possunt
2654 1466 2774 1521 hmc
2798 1466 2966 1522 fieri?
2990 1492 3017 1516 ››
3040 1467 3140 1523 Cui
3167 1486 3198 1523 a
3223 1467 3468 1524 Domino
3492 1487 3577 1525 re-

1825 1614 1836 1629 ,
1929 1553 2287 1625 spondetur:
2321 1577 2347 1603 ‹‹
2382 1555 2468 1609 Tu
2500 1571 2561 1609 es
2592 1555 2874 1627 magister
2895 1556 2952 1610 in
2977 1556 3173 1624 Israel,
3193 1563 3249 1612 et
3268 1557 3388 1613 haec
3408 1557 3575 1631 igno-

1931 1665 1957 1691 «
1993 1641 2129 1697 ras?
2154 1664 2179 1689 ››
2212 1641 2371 1705 Quod
2409 1659 2520 1698 non
2556 1642 2890 1699 insultando
2914 1644 3195 1700 Dominus
3224 1646 3385 1715 dicit,
3406 1647 3575 1719 quasi

1930 1730 2030 1801 qui
2081 1730 2361 1802 magister
2413 1735 2737 1799 vocaretur,
2771 1736 2828 1788 et
2874 1737 3069 1789 tamen
3122 1735 3268 1790 tanti
3316 1736 3576 1809 mysterii

155 1821 454 1877 Dominus
488 1839 501 1876 ;
531 1821 691 1878 Sicut
739 1839 873 1879 caro
918 1841 987 1879 ex
1042 1841 1215 1880 came
1271 1825 1552 1892 nascitur,
1584 1826 1667 1881 sic
1717 1843 1821 1899 per
1851 1863 1897 1928 Β
1931 1817 2171 1891 ignarus
2202 1823 2375 1885 esset,
2398 1820 2497 1876 sed
2522 1819 2685 1875 illum
2720 1822 2792 1877 ad
2819 1821 3171 1928 humilitatis
3196 1822 3345 1880 viam
3378 1842 3581 1898 provo-

154 1910 443 1984 spiritum
475 1911 577 1966 Dei
610 1911 852 1983 spiritus
883 1912 1137 1969 hominis
1183 1919 1511 1970 renovatur.
1544 1914 1707 1970 Unde
1737 1914 1819 1970 ait
1851 1908 1897 1928 ν
1926 1911 2038 1974 σαὶ»
2059 1908 2186 1964 Sine
2206 1924 2322 1980 qua
2342 1909 2529 1980 Ianua
2558 1910 2721 1982 regni
2755 1909 3004 1969 οωιθεῑίε
3036 1929 3149 1968 non
3183 1913 3457 1986 aperitur-
3486 1915 3580 1970 Αίῑ

151 1999 520 2073 Apostolus:
555 2021 582 2053 α
612 2001 989 2057 Renovamini
1022 2002 1232 2076 spiritu
1267 2004 1481 2060 mentis
1509 2008 1733 2073 vestrae,
1761 2010 1819 2062 et

153 2088 392 2146 induite
415 2107 631 2146 novum
652 2089 974 2159 hominem,
990 2091 1089 2164 qui
1110 2092 1431 2148 secundum
1450 2093 1631 2149 Deum
1656 2111 1817 2150 crea-

150 2182 254 2233 tus
284 2184 377 2233 est
394 2178 449 2233 in
467 2178 703 2250 justitia
722 2184 777 2235 et
799 2180 1109 2236 sanctitate
1130 2180 1389 2237 veritatis
1408 2183 1616 2255 (Ep/ws.
1654 2187 1749 2253 ιν).
1788 2205 1816 2233 »

149 2258 309 2323 Solae
337 2272 536 2324 autem
588 2272 814 2324 mentes
865 2268 1126 2325 fidelium
1175 2276 1479 2339 noverunt,
1514 2273 1652 2344 quia
1684 2290 1816 2327 cum

147 2356 380 2429 aliquis
411 2357 480 2412 ad
516 2358 879 2430 baptismum
911 2357 1084 2429 venit,
1106 2359 1403 2415 descendit
1434 2360 1590 2416 {ilius
1620 2362 1739 2427 iras,
1763 2366 1820 2418 et

147 2446 429 2501 ascendit
457 2445 613 2502 [ilius
646 2446 1165 2504 reconciliationis:
1192 2448 1490 2504 descendit
1523 2450 1678 2505 filius
1701 2451 1822 2507 dia-

149 2533 305 2604 boli,
325 2539 383 2590 et
413 2535 677 2590 ascendit
708 2552 812 2608 per
827 2536 1197 2608 adoptionem
1222 2537 1400 2593 Filius
1423 2538 1520 2593 Dei
1546 2557 1558 2594 :
1585 2539 1821 2595 descen-

151 2623 245 2678 dit
276 2622 435 2678 ﬁlius
454 2622 850 2689 discordim,et
872 2626 1134 2680 ascendit
1158 2625 1315 2681 ﬁlius
1334 2626 1511 2700 pacis.
1536 2628 1818 2684 Ceterum

153 2729 363 2768 coram
397 2712 582 2768 oculis
612 2712 1014 2786 insipientium
1058 2719 1115 2769 et
1160 2715 1507 2786 infidelium,
1541 2716 1638 2790 qui
1673 2718 1821 2773 nihil

160 2801 351 2873 aliud,
371 2819 547 2874 quam
583 2802 737 2874 quod
769 2801 954 2859 oculis
982 2802 1199 2872 vident,
1228 2805 1460 2862 credere
1488 2806 1708 2875 volunt,
1732 2811 1821 2862 to-

166 2895 298 2945 tum
331 2892 487 2963 quod
537 2890 595 2946 in
628 2892 920 2964 baptismo
970 2892 1163 2965 agitur
1193 2891 1368 2950 ludus
1399 2910 1527 2950 esse
1557 2900 1817 2968 putatur.

168 2978 335 3035 Unde
364 2980 424 3035 in
455 2981 594 3049 line,
626 2980 752 3036 visa
781 2984 1119 3037 sanctorum
1151 2982 1354 3055 gloria,
1388 2983 1599 3039 dicturi
1632 2989 1769 3041 sunt
1802 3002 1816 3040 :

171 3090 195 3115 «ς
234 3068 303 3123 Hi
334 3073 474 3125 sunt
502 3086 649 3142 quos
681 3069 996 3143 aliquando
1025 3070 1341 3127 habuimus
1380 3072 1439 3127 in
1471 3073 1730 3129 derisum
1763 3078 1822 3130 et

175 3155 228 3210 in
262 3156 709 3213 similitudinem
740 3158 1076 3232 improperii
1108 3176 1120 3214 :
1166 3177 1272 3216 nos
1304 3159 1607 3231 insensati,
1639 3161 1819 3217 vitam

1924 2013 2081 2052 enim
2114 2012 2128 2051 ζ

1999 2109 2026 2136 ‹‹
2059 2092 2265 2153 Amen,
2287 2104 2457 2142 amen
2491 2087 2620 2143 dico
2652 2087 2778 2155 tibi,
2799 2088 2940 2160 quia
2964 2089 3117 2161 quod
3150 2089 3372 2147 scimus
3393 2090 3581 2165 loqui-

1931 2196 1959 2225 «
1990 2191 2145 2246 mur,
2178 2180 2233 2231 et
2264 2176 2417 2247 quod
2450 2176 2705 2233 vidimus
2734 2182 3041 2247 testamur,
3074 2182 3130 2234 et
3172 2180 3578 2237 testimonium

1929 2287 1957 2314 ‹‹
1990 2268 2257 2320 nostrum
2290 2281 2403 2320 non
2428 2263 2710 2336 accipitis.
2728 2286 2757 2315 »
2782 2265 2844 2321 In
2868 2266 3083 2339 quibus
3105 2268 3295 2325 verbis
3317 2269 3578 2326 indivisi-

1927 2351 2102 2407 bilem
2118 2352 2466 2408 Trinitatem
2482 2353 2539 2407 in
2560 2353 2891 2408 substantia
2908 2355 3292 2413 humanitatis
3304 2359 3579 2427 ostendit,

1929 2457 2061 2496 cum
2094 2458 2247 2496 unus
2268 2440 2539 2513 idemque
2560 2441 2657 2499 Dei
2681 2441 2859 2499 Filius
2885 2443 3150 2518 loquens.
3181 2464 3296 2503 non
3319 2448 3580 2521 singula-

1929 2530 2087 2598 riter,
2105 2531 2204 2585 sed
2226 2529 2532 2602 pluraliter
2547 2531 2706 2600 dicit,
2725 2555 2751 2582 «
2773 2535 2928 2604 quod
2951 2535 3174 2591 scimus
3194 2536 3493 2610 loquimur
3515 2556 3527 2595 :
3551 2561 3578 2588 »

1929 2618 2067 2690 quia
2098 2619 2251 2690 quod
2286 2619 2395 2674 scit
2427 2618 2628 2686 Filius,
2662 2620 2772 2675 scit
2803 2622 2988 2690 Pater,
3023 2624 3131 2678 scit
3160 2616 3415 2696 Spiritus
3446 2644 3579 2682 san-

1929 2712 2077 2763 ctus.
2106 2709 2170 2762 Et
2200 2709 2354 2780 quod
2387 2706 2647 2780 loquitur
2678 2709 2877 2778 Filius,
2898 2710 3159 2782 loquitur
3187 2713 3373 2784 Pater,
3400 2714 3585 2786 loqui-

1927 2800 2025 2852 tur
2040 2799 2096 2849 et
2115 2795 2366 2867 Spiritus
2387 2801 2645 2853 sanctus.
2666 2798 2733 2853 Et
2750 2798 2965 2870 quibus
2986 2816 3104 2854 una
3120 2804 3205 2855 est
3224 2801 3577 2870 substantia,

1929 2902 2046 2940 non
2068 2884 2269 2956 dispar
2287 2889 2376 2940 est
2398 2886 2663 2941 scientia.
2684 2886 3110 2944 Testimonium
3134 2890 3261 2961 ejus
3284 2908 3399 2946 non
3423 2908 3582 2949 acce-

1930 2977 2159 3046 perunt,
2195 2973 2333 3046 quia
2363 2974 2515 3030 sicut
2542 2974 2665 3047 ipse
2697 2975 2842 3031 dixit
2867 2994 2879 3033 :
2908 2976 3076 3051 «Ego
3102 2978 3231 3033 veni
3253 2978 3311 3035 in
3344 2981 3582 3039 nomine

1934 3063 2118 3118 Patris
2151 3062 2286 3129 mei,
2322 3067 2378 3118 et
2410 3081 2523 3119 non
2556 3064 2899 3138 suscepistis
2931 3082 3022 3122 me
3052 3067 3236 3139 (Joan.
3271 3072 3346 3140 v).
3383 3092 3412 3119 ››

2002 3174 2027 3201 ‹‹
2066 3151 2123 3207 Si
2154 3155 2384 3207 terrena
2406 3152 2521 3207 dixi
2546 3153 2728 3220 vobis,
2754 3157 2810 3209 et
2841 3172 2953 3210 non
2987 3156 3263 3213 creditis:
3288 3160 3582 3230 quomodo

176 3243 401 3302 illorum
434 3230 874 3303 :estimabamus
902 3230 1216 3315 insaniam,
1248 3253 1306 3305 et
1359 3250 1534 3306 linem
1584 3250 1818 3307 illorum
1852 3230 1893 3298 (ἶ
1940 3261 1961 3286 ⁸
2004 3239 2050 3295 εί
2082 3240 2279 3295 dixero
2308 3241 2473 3296 νοδίε
2505 3240 2778 3311 “Eleum:
2812 3243 3058 3300 credetis
3087 3245 3115 3300 ?
3145 3268 3172 3295 ”
3228 3246 3585 3319 Frequenter

173 3332 299 3389 sine
321 3334 870 3400 bonure.Quomodo
895 3352 1031 3410 ergo
1062 3337 1380 3411 computati
1411 3342 1550 3394 sunt
1572 3339 1722 3395 inter
1750 3341 1817 3395 li-

168 3418 277 3477 lios
309 3423 405 3479 Dei
436 3428 495 3480 et
525 3424 679 3481 inter
707 3429 941 3481 sanctos
974 3443 1103 3483 sors
1133 3426 1367 3483 illorum
1398 3433 1488 3484 est
1518 3428 1664 3502 (Sap.
1688 3433 1764 3499 v).
1793 3452 1821 3481 »

243 3533 273 3559 ‹‹
309 3511 429 3568 Non
463 3512 694 3569 mireris
724 3514 863 3585 quia
884 3514 1000 3569 dixi
1021 3515 1148 3585 tibi,
1167 3521 1392 3589 oportet
1415 3534 1513 3574 vos
1535 3519 1695 3574 nasci
1721 3519 1820 3575 de-

172 3620 201 3647 α
233 3617 370 3655 nuo.
392 3624 419 3651 ››
443 3600 591 3668 Quia
620 3601 990 3671 Nicodemmi,
1015 3605 1170 3677 quod
1194 3622 1228 3660 a
1259 3605 1539 3679 magistro
1561 3608 1823 3665 veritatis

169 3688 456 3759 audierat,
489 3691 751 3746 nondum
785 3693 1034 3763 perfecte
1068 3693 1390 3767 intelligere
1422 3700 1669 3768 poterat,
1704 3715 1821 3753 non

172 3778 462 3834 mediocre
497 3778 838 3835 mirabatur.
874 3780 1105 3837 Sciebat
1144 3784 1302 3839 enim
1350 3785 1653 3841 \eritatem
1699 3786 1822 3842 falli

174 3881 293 3921 non
326 3884 493 3940 posse
528 3887 540 3923 :
575 3872 631 3923 et
656 3872 851 3925 tamen
885 3873 1176 3941 quomodo
1209 3873 1391 3939 fieret,
1424 3875 1580 3947 quod
1610 3875 1823 3933 veritas

174 3956 519 4025 proferebat,
546 3974 658 4012 non
691 3956 1070 4030 intelligebat,
1095 3963 1153 4015 et
1184 3959 1311 4017 ideo
1344 3962 1687 4019 mirabatur.
1717 3964 1825 4020 Cu-

168 4043 274 4112 jus
296 4050 541 4102 mentem
569 4046 854 4102 Dominus
877 4048 949 4102 ab
972 4047 1357 4105 admiratione
1382 4066 1705 4119 removens,
1730 4070 1820 4109 sa-

179 4139 535 4190 cramentum
556 4135 826 4191 secunda:
849 4135 1168 4193 nativitatis
1186 4138 1555 4196 manifestius
1572 4140 1825 4197 declara-

180 4219 281 4290 vit,
313 4224 624 4296 subjiciens
657 4241 670 4279 :

255 4333 281 4359 «
315 4312 558 4385 Spiritus
592 4313 691 4368 ubi
721 4313 843 4369 vult
873 4314 1076 4388 spirat,
1098 4318 1154 4371 et
1174 4332 1369 4372 vocem
1403 4317 1532 4388 ejus
1557 4318 1748 4388 audis,
1768 4323 1826 4377 et

185 4420 215 4444 α
246 4400 423 4457 nescis
451 4403 609 4457 unde
638 4402 850 4471 veniat,
883 4408 985 4459 aut
1015 4420 1130 4477 quo
1156 4405 1347 4461 vadat.
1380 4406 1472 4462 Sic
1504 4410 1593 4463 est
1630 4408 1823 4465 omnis

188 4507 217 4533 σε
249 4489 340 4559 qui
369 4496 540 4547 natus
559 4494 650 4547 est
675 4508 742 4547 ex
765 4491 997 4565 spiritu.
1030 4515 1057 4542 υ
1076 4492 1330 4564 Spiritus
1351 4494 1449 4549 ubi
1472 4494 1594 4551 vult
1617 4496 1822 4570 spirat,

188 4576 320 4646 quia
332 4581 734 4653 cujuscunque
751 4585 1006 4637 mentem
1029 4581 1152 4636 vult
1174 4580 1488 4652 illuminat,
1507 4584 1821 4659 sicutApo-

190 4664 380 4733 stolus,
410 4669 773 4725 enumeratis
804 4670 1071 4741 ejusdem
1119 4668 1373 4743 Spiritus
1412 4674 1600 4730 sancti
1631 4675 1821 4744 donis,

192 4752 267 4807 ait
296 4772 309 4810 :
341 4780 365 4805 ‹‹
392 4757 521 4813 Haec
550 4758 751 4814 omnia
779 4762 1052 4831 operatur
1080 4776 1237 4814 unus
1268 4763 1442 4833 atque
1474 4762 1627 4818 idem
1650 4763 1825 4836 spiri-

195 4842 301 4910 tus,
332 4844 589 4902 dividens
621 4846 870 4920 singulis
900 4851 1074 4920 prout
1101 4847 1226 4903 vult
1255 4849 1300 4921 (I
1329 4849 1454 4905 Cor.
1486 4852 1610 4923 xu).
1645 4875 1672 4902 ››
1698 4876 1725 4902 ‹‹
1760 4853 1827 4908 Et

192 4941 373 4988 vocem
430 4936 559 5006 ejus
616 4935 869 5004 audis,»
916 4952 1050 4991 cum
1100 4934 1150 4992 is
1183 4953 1356 5009 quem
1412 4938 1735 5012 repleverit,
1768 4946 1825 4998 te

201 5028 474 5091 prasente,
507 5024 693 5080 Deum
727 5024 1054 5081 conﬁtetur.
1084 5048 1113 5075 «
1145 5025 1257 5081 Sed
1306 5027 1497 5084 nescis
1545 5029 1699 5086 unde
1729 5047 1823 5087 ve-

202 5106 306 5162 niat
323 5116 415 5167 aut
433 5129 549 5184 quo
570 5112 763 5182 vadat,
792 5135 820 5162 ››
842 5113 981 5185 quia
1003 5114 1134 5185 ejus
1155 5131 1258 5170 nec
1282 5114 1535 5187 initium,
1560 5135 1665 5175 nec
1687 5119 1824 5175 finis

198 5193 417 5254 videtur.
450 5199 579 5256 Sive
608 5204 787 5269 certe,
810 5200 1007 5258 nescio
1038 5203 1193 5258 unde
1222 5204 1419 5260 veniat
1448 5211 1549 5261 aut
1578 5223 1693 5279 quo
1724 5225 1821 5264 va-

205 5281 302 5369 dat,
330 5288 459 5359 quia
489 5288 746 5362 qualiter
766 5290 825 5344 in
848 5289 1145 5346 hominem
1167 5290 1551 5364 ingrediatur,
1575 5300 1631 5351 et
1659 5312 1821 5369 egre-

206 5368 386 5443 diatur,
414 5376 606 5433 videre
636 5394 753 5433 non
788 5382 998 5451 potest,
1021 5380 1301 5451 quoniam
1332 5380 1618 5439 visibilem
1646 5368 1823 5442 habet

209 5464 439 5521 naturam
464 5465 763 5524 intantum
792 5472 855 5523 ut
885 5466 956 5534 si,
978 5471 1035 5525 te
1064 5472 1366 5541 praesente,
1388 5471 1457 5525 ad
1491 5471 1695 5529 horam
1718 5473 1824 5530 ali-

208 5562 346 5637 quem
378 5554 620 5626 spiritus
648 5554 965 5629 prophetia:
997 5556 1321 5630 repleverit,
1337 5558 1532 5617 videre
1553 5579 1667 5617 non
1692 5580 1824 5637 pos-

210 5635 296 5695 sis:
317 5641 372 5698 Si
397 5643 552 5701 enim
583 5644 667 5703 tui
699 5644 887 5722 ipsius
915 5644 1188 5724 spiritum
1211 5649 1612 5727 corporalibus
1632 5635 1818 5715 oculis

1931 3330 2215 3387 Dominus
2240 3330 2312 3385 ad
2334 3329 2653 3403 discipulos
2674 3336 2732 3388 et
2753 3333 2825 3389 ad
2849 3335 3052 3391 turbas
3082 3335 3349 3410 loquens,
3375 3338 3581 3396 simili-

1930 3419 2165 3475 tudines
2185 3419 2256 3474 de
2280 3419 2454 3475 rebus
2486 3422 2731 3478 terrenis
2761 3422 3048 3493 adhibuit,
3076 3425 3177 3481 sed
3201 3427 3340 3499 quia
3362 3426 3445 3483 illi
3467 3433 3582 3485 ter-

1932 3526 2070 3564 rena
2100 3512 2158 3565 et
2188 3508 2443 3563 visibilia
2473 3526 2587 3564 non
2636 3511 2966 3581 credebant,
3001 3515 3293 3586 quomodo
3325 3516 3582 3574 cmlestia

1930 3613 2133 3670 capere
2164 3597 2446 3671 possent?
2468 3598 2539 3654 Ut
2560 3603 2754 3655 autem
2782 3617 2852 3656 ex
2880 3600 3083 3657 multis
3115 3621 3298 3660 unum
3329 3605 3582 3678 profera-

1931 3704 2086 3756 mus,
2122 3691 2353 3743 terrena
2383 3688 2668 3743 Dominus
2691 3688 2740 3744 ei
2774 3689 3046 3759 ostendit,
3080 3708 3214 3747 cum
3248 3693 3365 3749 ait:
3392 3718 3419 3744 «
3452 3694 3578 3751 Sol-

1928 3776 2044 3832 vite
2066 3776 2349 3849 templum
2374 3776 2503 3844 hoc,
2527 3781 2585 3833 et
2607 3777 2663 3831 in
2687 3777 2878 3834 triduo
2904 3780 3201 3835 suscitabo
3221 3781 3365 3838 illud
3390 3784 3576 3857 (Joan.

1931 3867 2012 3938 ιι).
2051 3888 2077 3915 ››
2110 3865 2197 3921 Illi
2231 3869 2425 3921 autem
2455 3882 2567 3921 non
2619 3865 3031 3940 intelligentes,
3063 3871 3218 3941 quod
3263 3872 3333 3927 de
3362 3873 3581 3947 templo

1930 3955 2192 4027 corporis
2214 3955 2304 4010 sui
2331 3953 2688 4027 loqueretur,
2710 3956 2781 4011 ad
2806 3958 3126 4013 materialis
3141 3960 3342 4033 templi
3363 3963 3586 4019 destru-

1930 4042 2184 4099 ctionem
2228 4042 2346 4098 sive
2385 4044 2872 4101 restaurationem
2915 4063 3243 4103 sermonem
3294 4055 3586 4107 converte-

1932 4135 2089 4199 runt,
2104 4132 2391 4188 dicentes:
2411 4156 2437 4181 ‹‹
2454 4132 2743 4206 Quadragi
2754 4138 2920 4190 ntaet
2936 4151 3036 4190 sex
3047 4136 3581 4194 annisazditlcatum

1930 4225 2020 4277 est
2066 4220 2351 4294 templum
2401 4220 2530 4289 hoc,
2588 4226 2646 4276 et
2695 4228 2757 4277 tu
2809 4222 2996 4278 tribus
3044 4224 3251 4280 diebus
3303 4226 3582 4283 eXcitabis

1931 4309 2075 4366 illud
2094 4310 2121 4365 ‘?
2146 4334 2173 4359 n
2192 4308 2374 4382 (Ibid.)
2393 4308 2670 4382 Quisquis
2687 4315 2882 4366 autem
2903 4311 3130 4368 cceleste
3147 4319 3581 4372 sacramentum

1931 4416 2280 4473 cognoscere
2310 4398 2623 4468 desiderat,
2648 4398 2930 4472 paulatim
2959 4401 3029 4456 ad
3054 4401 3357 4474 superiora
3385 4419 3584 4460 ascen-

1933 4490 2067 4546 dere
2098 4489 2286 4545 debet.
2332 4487 2494 4544 Unde
2543 4492 2853 4561 postquam
2904 4489 3188 4546 Dominus
3218 4492 3459 4548 modum
3492 4509 3583 4548 se-

1855 4604 1902 4670 D
1933 4579 2137 4635 cundaa
2190 4578 2510 4633 nativitatis
2567 4577 2879 4634 Nicodemo
2927 4579 3175 4652 aperuit,
3221 4580 3583 4638 ascensionis

1935 4687 2054 4726 suae
2086 4668 2404 4741 potentiam
2437 4667 2770 4737 declaravit,
2805 4668 3005 4725 dicens
3039 4686 3052 4725 :

2006 4782 2033 4809 ‹‹
2067 4758 2137 4813 Et
2167 4772 2337 4813 nemo
2371 4757 2635 4812 ascendit
2667 4757 2724 4812 in
2758 4757 3119 4827 ecelum,nisi
3148 4759 3248 4831 qui
3282 4759 3585 4815 descendit

1935 4871 1962 4899 «
1987 4848 2056 4903 de
2078 4846 2242 4913 caelo,
2262 4844 2418 4901 filius
2443 4846 2701 4902 hominis
2723 4846 2933 4919 quiest
2960 4847 3018 4901 in
3052 4846 3214 4903 caelo.
3238 4870 3266 4896 »
3291 4847 3397 4903 Ubi
3421 4864 3584 4920 quaa-

1934 4937 2082 4992 ritur
2111 4935 2403 5008 quomodo
2437 4934 2594 4991 illius
2624 4935 2880 4991 hominis
2911 4936 3281 4992 descendisse
3311 4937 3382 4993 de
3413 4940 3579 5007 ccelo,

1924 5027 2094 5099 juxta
2135 5024 2322 5098 ipsius
2354 5023 2804 5096 promissionem
2838 5029 2895 5080 et
2922 5029 3057 5081 ante
3086 5026 3489 5083 ascensionem
3522 5025 3582 5082 in

1932 5115 2073 5172 cmlo
2090 5132 2219 5171 esse
2239 5114 2467 5169 dicatur
2480 5113 2602 5169 ?Ad
2626 5114 2780 5185 quod
2802 5113 3115 5170 dicendum
3140 5114 3277 5188 quia
3298 5116 3586 5172 mediator

1932 5204 2032 5261 Dei
2055 5208 2111 5261 et
2131 5202 2438 5259 hominum
2461 5202 2747 5258 Dominus
2770 5204 2939 5259 Jesus
2961 5200 3248 5271 Christus,
3270 5204 3330 5259 in
3354 5222 3472 5261 una
3496 5220 3587 5261 ea-

1930 5295 2185 5365 demque
2212 5307 2461 5365 persona
2483 5307 2550 5347 ex
2571 5291 2799 5347 duabus
2822 5290 3169 5348 substantiis
3191 5293 3467 5362 creditur,
3488 5293 3582 5349 di-

1928 5382 2063 5439 vina
2092 5379 2315 5439 scilicet
2344 5384 2399 5436 et
2426 5379 2707 5436 humana.
2732 5381 2878 5447 Quia
2922 5379 3078 5437 idem
3121 5386 3211 5439 est
3247 5382 3427 5439 Filius
3459 5383 3581 5452 Dei,

1930 5472 2032 5545 qui
2062 5475 2118 5527 et
2148 5470 2304 5526 filius
2332 5468 2591 5525 hominis
2618 5487 2630 5525 :
2656 5473 2713 5525 et
2737 5469 2890 5526 idem
2914 5469 3072 5526 {ilius
3095 5470 3375 5541 hominis,
3401 5472 3498 5544 qui
3524 5475 3584 5528 et

1931 5560 2111 5617 Filius
2134 5560 2255 5616 Dei.
2280 5559 2409 5632 Ipse
2432 5574 2568 5632 ergo
2590 5559 2888 5615 descendit
2909 5560 2980 5616 de
3001 5558 3144 5616 caelo
3173 5577 3277 5633 per
3305 5558 3597 5616 humani?

1928 5654 2130 5721 tatem,
2154 5648 2255 5727 qui
2280 5647 2483 5707 eratin
2506 5664 2571 5706 eo
2592 5664 2696 5727 per
2723 5647 3107 5710 divinitatem.
3130 5649 3200 5709 Et
3228 5650 3355 5727 ipse
3383 5662 3581 5710 ascen-
