4050 6174
435 264 553 327 583
995 259 1409 325 HAYMONIS
1456 260 1998 323 HALBERSTA'I‘.
2042 260 2287 324 EPISC.
2336 263 2509 324 OPP.
2555 264 2755 327 PARS
2804 263 2878 326 ll.
2912 296 2982 308 —
3016 264 3281 328 HOMIL.
3676 278 3774 343 584

435 394 521 450 dit
550 397 606 449 in
640 394 847 451 cerium
880 410 980 466 per
1000 393 1445 464 humanitatem,
1472 393 1569 449 ubi
1594 409 1826 466 semper
1845 398 1970 449 erat
1988 411 2090 467 per
2118 396 2171 463 Α
2202 395 2300 450 Vel
2334 396 2472 468 quia
2502 415 2578 452 res
2611 398 3003 454 rubicundum
3036 397 3209 453 habet
3237 399 3488 470 colorem,
3518 420 3686 463 aeneus
3710 411 3778 465 di-

433 483 817 547 divinitatem.
843 484 947 540 Cui
971 484 1159 541 simile
1190 489 1280 541 est
1311 484 1462 557 quod
1499 482 1635 538 alibi
1658 480 1834 540 dicit:
1871 507 1897 533 «
1930 482 2085 540 Exivi
2196 491 2325 545 etus
2354 490 2444 541 est
2471 503 2729 561 serpens,
2756 491 2992 559 propter
3020 486 3256 561 pretiosi
3276 490 3555 565 sanguinis
3580 494 3775 553 eti‘usio-

432 589 466 639 a
496 574 663 632 Patre
693 577 751 635 et
777 575 906 631 veni
939 574 999 637 in
1032 574 1351 633 mundum:
1386 572 1597 629 iterum
1631 569 1898 645 relinquo
1921 589 2087 628 mun-
2195 592 2350 630 nem.
2387 575 2556 648 Igniti
2590 579 2783 633 autem
2807 579 3128 649 serpentes,
3152 594 3389 650 quorum
3412 580 3672 641 morsibus
3696 583 3775 641 ho.

429 663 571 727 dum
604 667 661 725 et
714 664 861 721 vado
919 664 993 720 ad
1043 663 1272 725 Patrem
1333 667 1515 731 (Joan.
1545 661 1682 734 xw).
1722 683 1750 711 »
1800 661 2086 731 Quaeritur
2192 663 3024 738 minesperibant,venenosas
3045 666 3776 753 cogitationesetmortiferas

426 752 645 817 iterum
673 769 853 827 quare
885 753 1080 811 dicat:
1115 775 1144 802 «
1179 753 1361 810 Nemo
1405 750 1669 817 ascendit
1698 750 1756 806 in
1789 750 2022 817 ccelum,
2053 773 2081 800 ››

424 845 561 912 ete.,
582 859 717 901 cum
734 842 927 899 omnis
945 840 1204 907 ﬁdelium
1225 838 1476 899 Ecclesia
1497 838 1595 895 illo
1621 856 1682 895 se
1703 857 2081 905 ascensuram

424 948 553 991 esse
582 933 797 1005 credat,
833 949 947 1005 quo
979 936 1155 1005 caput
1185 948 1356 989 suum
1390 928 1659 1007 memipit
1690 929 2076 1003 praecessisse,

415 1021 588 1092 iuxta
617 1021 804 1094 ipsius
824 1019 1300 1094 promissionem,
1335 1020 1584 1083 dicentis
1610 1037 1625 1074 :
1652 1042 1678 1069 «
1702 1016 1863 1086 Volo,
1888 1019 2076 1088 Pater,

421 1114 487 1175 ut.
508 1110 607 1171 ubi
629 1128 761 1171 sum
785 1127 911 1184 ego,
934 1110 1015 1171 ibi
1036 1110 1114 1173 sit
1135 1115 1193 1166 et
1215 1109 1484 1171 minister
1506 1126 1673 1165 meus
1695 1109 2074 1181 (Joan.xx1).»

419 1199 508 1269 Ad
525 1201 681 1275 quod
703 1200 1018 1261 dicendum
1033 1199 1173 1272 quia
1189 1197 1454 1261 omnium
1470 1197 1784 1253 electorum
1799 1200 1974 1269 caput
1987 1200 2076 1252 est

419 1289 706 1357 Christus,
729 1293 787 1345 et
806 1289 985 1360 hujus
1006 1288 1216 1373 capitis
1228 1288 1492 1345 membra
1513 1290 1866 1344 suntomnes
1884 1284 2074 1373 electi,

417 1381 636 1453 quibus
693 1380 778 1437 ait
828 1368 1174 1452 Apostolus:
1233 1402 1260 1426 ‹‹
1296 1376 1412 1432 Vos
1442 1381 1638 1432 autem
1688 1376 1828 1457 estis
1859 1368 2072 1448 corpus

415 1469 655 1537 Christi,
685 1473 742 1524 et
772 1468 1035 1523 membra
1069 1467 1137 1520 de
1170 1467 1434 1522 membro
1465 1466 1513 1537 (I
1532 1468 1653 1522 Cor.
1676 1465 1798 1536 xu).
1826 1486 1853 1515 ››
1888 1465 2069 1521 Mem—

414 1559 518 1621 bra
544 1574 679 1631 ergo
727 1556 898 1630 capiti
936 1573 1041 1612 suo
1084 1554 1439 1613 adhaerentia
1471 1554 1527 1610 in
1562 1552 1773 1610 coelum
1807 1556 1945 1609 sunt
1974 1570 2069 1609 as-

413 1664 681 1709 censura.
743 1646 855 1703 Sed
905 1645 1046 1718 quia
1094 1644 1293 1700 nullus
1341 1661 1449 1700 sua
1496 1644 1709 1700 virtute
1738 1642 1825 1698 vel
1858 1643 2065 1699 merito

2191 753 2604 837 persuasiones
2635 754 2988 829 signiﬁcant.
3025 757 3180 822 Qum,
3223 772 3353 815 cum
3391 757 3771 823 delectationem

2190 858 2523 915 perversam
2568 860 2755 916 usque
2787 843 2859 903 ad
2894 860 3245 899 consensum
3279 845 3593 918 perducant,
3638 850 3772 921 quasi

2189 932 2502 1009 pungendo
2547 931 2808 988 animam
2860 932 3222 999 interimunt.
3255 933 3395 990 Nam
3438 939 3489 990 et
3518 936 3668 1008 primi
3694 956 3773 1011 pa-

2188 1025 2384 1077 rentes
2415 1020 2600 1077 nostri
2631 1021 2690 1076 in
2722 1019 2992 1095 paradiso
3025 1022 3309 1097 serpentis
3330 1022 3532 1079 astutia
3558 1031 3678 1081 sunt
3702 1028 3775 1085 de-

2187 1108 2360 1183 cepti.
2404 1110 2550 1167 Miro
2598 1127 2732 1185 ergo
2764 1110 2966 1167 ordine
2998 1116 3200 1171 contra
3228 1115 3537 1183 serpentem
3581 1114 3776 1185 ponitur

2184 1215 2450 1271 serpens,
2481 1198 2620 1271 quia
2647 1216 2751 1272 per
2779 1199 2889 1255 hoc
2912 1199 3064 1273 quod
3089 1199 3371 1255 Dominus
3390 1217 3486 1274 pro
3506 1201 3654 1258 nobis
3675 1220 3776 1275 pas-

2184 1287 2411 1343 sionem
2439 1288 2742 1357 sustinuit,
2778 1288 3004 1360 antiqui
3038 1287 3324 1362 serpentis
3344 1293 3511 1361 caput
3530 1289 3772 1346 contrivit.

2182 1378 2525 1450 Quicunque
2582 1393 2718 1451 ergo
2768 1375 3070 1451 originalis
3128 1377 3345 1450 peccati
3376 1377 3678 1450 punctione,
3704 1379 3772 1434 vel

2180 1466 2585 1537 cujuscunque
2597 1465 2856 1537 vulneris
2878 1467 3223 1539 contagione
3238 1466 3361 1522 vult
3381 1466 3775 1536 sanari,intuea-

2178 1560 2275 1611 tur
2291 1560 2616 1629 serpentem
2639 1556 2697 1610 in
2722 1555 2938 1629 stipite,
2965 1556 3019 1610 id
3043 1559 3152 1623 est,
3172 1556 3509 1613 conﬁteatur
3522 1555 3767 1613 Christum

2177 1645 2235 1700 in
2270 1662 2461 1714 cruce,
2494 1649 2551 1701 et
2582 1645 2737 1701 hunc
2768 1645 3135 1702 cruciﬁxum.
3167 1646 3427 1718 Cumque
3456 1644 3548 1700 tali
3578 1644 3676 1700 ﬁde
3700 1662 3771 1702 ar-

413 1736 725 1803 ascendere
752 1739 964 1815 potest,
990 1733 1101 1793 nisi
1125 1751 1227 1807 per
1252 1734 1380 1805 ejus
1406 1732 1678 1805 gratiam,
1703 1732 1803 1804 qui
1823 1732 1893 1786 de
1922 1730 2065 1787 coelo
2094 1775 2145 1843 Β
2175 1737 2370 1790 matus
2400 1733 2751 1790 cruciﬁXerit
2778 1734 3045 1790 membra
3065 1751 3172 1790 sua
3203 1751 3339 1790 cum
3359 1733 3510 1789 vitiis
3528 1737 3581 1789 et
3598 1750 3772 1789 concu-

413 1822 459 1843 εκ
505 1829 550 1843 ι-
634 1841 708 1843 κη-
762 1823 1096 1843 j-_a_hj--c-
1158 1823 1425 1843 J!__--J__-
1482 1824 1560 1843 --ι
1624 1825 1771 1843 .._--L-
1815 1819 2058 1843 J!-!L__._-
2177 1821 2474 1843 ‘3_,_-_Af!_
2531 1840 2638 1843 ___
2672 1822 2854 1843 _A1--_-
2889 1840 2906 1843 -
2937 1823 3140 1843 _-_r,1_'_
3170 1820 3649 1843 _-_2---‘_1!L-.___2
3693 1821 3769 1843 --Δ

410 1822 470 1881 in
501 1829 720 1883 terram
752 1823 1102 1880 descendere
1151 1823 1428 1896 dignatus
1475 1824 1583 1887 est,
1624 1825 1777 1877 recte
1809 1819 2059 1877 dicitur:

410 1934 437 1962 «
471 1912 650 1971 Nemo
700 1911 964 1968 ascendit
992 1912 1051 1966 in
1094 1910 1328 1982 coelum,
1362 1910 1475 1967 nisi
1508 1910 1611 1982 qui
1662 1909 1963 1977 descendit
1990 1910 2063 1973 de

409 2000 571 2070 cmlo,
592 2000 749 2056 ﬁlius
780 1999 1037 2059 hominis
1059 2000 1161 2075 qui
1184 2004 1273 2056 est
1292 1999 1352 2057 in
1370 1998 1530 2057 cmlo.
1563 2023 1589 2048 n
1610 1999 1755 2065 Quia
1776 1998 2061 2057 Dominus

404 2090 576 2147 Jesus
595 2089 862 2146 Christus
879 2107 1012 2146 cum
1031 2090 1155 2146 suis
1170 2089 1450 2147 membris
1468 2105 1651 2145 unum
1672 2089 1923 2145 eftl‘citur
1939 2105 2061 2144 cor-

405 2195 537 2250 pus,
561 2177 663 2255 qui
691 2196 827 2252 ergo
849 2178 1058 2234 cmlum
1084 2178 1396 2239 ascendere
1418 2177 1730 2243 desiderat,
1755 2177 1927 2250 capiti
1951 2194 2058 2233 suo

402 2268 547 2324 totis
572 2269 794 2325 viribus
826 2269 1137 2326 adhaereat.
1170 2269 1237 2323 Et
1254 2268 1395 2340 quia
1420 2267 1584 2340 prius
1608 2266 1837 2323 Domini
1861 2266 2056 2338 passio

400 2359 870 2415 consummanda
900 2361 1046 2435 erat,
1080 2360 1138 2413 et
1184 2361 1315 2432 post
1346 2356 1587 2414 modum
1633 2357 1758 2430 ejus
1791 2355 2055 2413 ascensio

399 2445 768 2517 declaranda,
787 2446 1195 2515 Nicodemum,
1222 2444 1574 2521 magistrum
1597 2445 1860 2500 Mosaicae
1884 2444 2052 2517 legis,

399 2534 687 2595 Dominus
708 2537 781 2595 ad
804 2534 1129 2609 spiritalem
1149 2535 1412 2608 ejusdem
1436 2533 1582 2608 legis
1604 2533 2049 2607 intelligentiam

397 2628 689 2697 provocat,
722 2642 857 2682 cum
888 2625 1195 2701 subjungit
1214 2642 1227 2679 :

467 2736 495 2765 ‹‹
529 2714 598 2773 Et
628 2715 780 2773 sicut
810 2715 1037 2789 Moyses
1059 2712 1331 2773 exaltavit
1353 2717 1681 2787 serpentem
1714 2712 1771 2768 in
1795 2714 2045 2783 deserto,

396 2828 425 2856 ‹‹
457 2805 539 2862 ita
568 2804 807 2867 exaltari
839 2809 1067 2882 oportet
1094 2804 1282 2861 ﬁlium
1303 2803 1582 2861 hominis.
1610 2826 1637 2855 ››
1659 2802 1767 2859 Ubi
1790 2802 2046 2861 historiae

392 2895 601 2955 veteris
631 2894 763 2951 libri
789 2892 1026 2952 Numeri
1048 2893 1333 2950 Dominus
1355 2891 1643 2960 menimit,
1661 2891 1720 2947 in
1738 2908 1856 2965 qua
1876 2891 2045 2949 tazdio

392 2981 551 3063 longi
581 2981 805 3040 itineris
832 2982 1086 3059 populus
1106 2980 1460 3041 Israeliticus
1480 2981 1753 3049 afﬂictus,
1786 2997 2049 3037 murmu-

391 3088 553 3137 rasse
574 3077 777 3139 contra
796 3072 1110 3133 Dominum
1134 3077 1191 3129 et
1205 3072 1443 3145 Moysen
1466 3071 1678 3146 legitur
1698 3072 1879 3145 (Num.
1902 3074 2041 3140 xxx).

2174 1821 2497 1894 piscentiis,
2531 1840 2643 1878 non
2668 1822 2861 1878 solum
2882 1840 2917 1879 a
2937 1823 3143 1879 mortis
3168 1821 3424 1895 periculo
3440 1820 3669 1888 liberari,
3692 1821 3770 1878 sed

2172 1912 2349 1968 etiam
2381 1911 2452 1967 ad
2484 1912 2662 1967 vitam
2685 1912 2981 1985 pervenire
3008 1911 3331 1969 merebitur
3349 1915 3622 1967 (sternam.
3642 1909 3772 1967 Unde

2170 2004 2229 2057 et
2258 2001 2562 2057 subditur:
2598 2023 2625 2051 «
2656 2000 2727 2057 Ut
2758 2001 2950 2057 omnis
2978 2001 3076 2074 qui
3111 2000 3299 2058 credit
3328 2000 3386 2057 in
3415 1999 3554 2072 ipso,
3576 2016 3675 2055 non
3695 2013 3771 2072 pe-

2170 2112 2200 2140 «
2234 2094 2376 2157 rent,
2401 2091 2500 2146 sed
2523 2090 2737 2147 habeat
2756 2090 2930 2145 vitam
2953 2093 3251 2146 reternam.
3283 2113 3310 2140 ››
3335 2113 3359 2138 α
3387 2087 3578 2145 Omnis
3595 2087 3771 2151 enim,»

2168 2178 2247 2235 ait
2261 2179 2615 2252 Scriptura,«
2634 2179 3337 2253 quicunqueinvocaverit
3351 2194 3548 2234 nomen
3560 2175 3771 2242 Domini,

2166 2269 2363 2327 salvus
2391 2269 2501 2325 erit
2541 2271 2674 2339 (Act.
2700 2270 2782 2341 ιι),
2813 2292 2840 2318 ››
2890 2269 3042 2324 sicut
3071 2269 3197 2342 ipse
3227 2268 3488 2325 Salvator
3515 2267 3568 2324 in
3620 2265 3773 2322 Evan-

2164 2358 2314 2434 gelio
2373 2358 2490 2414 ait:
2552 2383 2579 2409 α
2604 2357 2708 2422 Qui
2762 2358 2947 2415 credit
2993 2357 3053 2414 in
3104 2375 3217 2427 me,
3283 2356 3510 2415 etiamsi
3546 2358 3770 2413 mortuus

2163 2449 2358 2517 fuerit,
2393 2447 2561 2504 vivet.
2622 2447 2693 2503 Et
2750 2449 2942 2504 omnis
2973 2446 3072 2520 qui
3101 2447 3239 2503 vivit
3271 2452 3332 2503 et
3359 2444 3533 2503 credit
3584 2443 3635 2498 in
3678 2455 3770 2505 me,

2162 2554 2276 2594 non
2310 2536 2593 2593 morietur
2622 2537 2681 2592 in
2731 2540 3012 2592 mternum
3041 2537 3218 2606 (Joan.
3251 2536 3356 2608 x1).
3393 2559 3421 2584 ››
3472 2533 3565 2590 Ille
3610 2534 3767 2589 autem

2158 2643 2288 2683 vere
2320 2626 2522 2695 credit,
2574 2626 2673 2701 qui
2707 2625 2789 2682 sic
2818 2626 2957 2682 vivit
3000 2625 3154 2683 sicut
3207 2625 3476 2682 Christus
3532 2619 3768 2696 pracipit.

2157 2715 2265 2780 Qui
2296 2720 2491 2773 autem
2525 2716 2833 2771 conﬁtetur
2859 2714 3073 2784 verbis,
3107 2714 3208 2771 sed
3250 2714 3424 2770 factis
3454 2727 3577 2768 eum
3606 2710 3766 2780 negat.

2156 2822 2272 2861 non
2304 2805 2482 2861 vitam
2507 2808 2783 2872 meretur,
2816 2804 2919 2860 sed
2947 2820 3201 2877 poenam.
3227 2804 3399 2873 Quia,
3431 2801 3573 2860 sicut
3599 2797 3671 2853 ait
3692 2795 3767 2851 Ja-

2155 2895 2338 2951 cobus
2368 2893 2707 2967 apostolus:
2740 2916 2767 2943 «
2804 2892 2972 2948 Fides
3004 2892 3131 2947 sine
3161 2893 3442 2966 operibus
3473 2891 3681 2947 mortua
3699 2887 3769 2940 est

2153 2971 2294 3057 (Jac.
2329 2987 2418 3051 ll).
2450 3006 2478 3032 ››
2509 2984 2580 3039 Et
2629 2982 2841 3038 iterum
2873 2998 2885 3039 :
2917 3004 2946 3031 ‹‹
2980 2981 3067 3036 Tu
3103 2980 3297 3038 credis
3347 2979 3497 3054 quod
3531 2992 3668 3033 unus
3709 2972 3769 3029 sit

2153 3073 2355 3129 Deus?
2384 3072 2536 3127 Bene
2566 3071 2731 3138 facis,
2775 3074 2832 3126 et
2862 3071 3154 3126 diemones
3191 3070 3460 3138 credunt,
3494 3071 3547 3124 et
3575 3068 3765 3121 contre-

389 3160 629 3235 Propter
647 3163 801 3239 quod
817 3163 1050 3229 misitin
1068 3179 1169 3219 eos
1187 3162 1477 3219 Dominus
1489 3159 2036 3235 serpentesignitos,
2070 3147 2112 3213 C
2153 3160 2409 3218 miscunt
2439 3160 2645 3233 (16211.).
2679 3180 2707 3211 ››

388 3250 459 3309 ad
491 3268 743 3324 quorum
771 3270 1004 3317 morsus
1053 3268 1188 3309 cum
1220 3250 1419 3326 plures
1450 3253 1836 3315 morerentur,
1863 3265 2037 3306 vene-

386 3345 526 3397 runt
554 3342 626 3401 ad
656 3341 916 3421 Moysen,
949 3340 1250 3397 dicentes:
1279 3362 1306 3389 «
1340 3340 1556 3396 Omnes
1600 3339 1906 3408 morimur,
1936 3355 2037 3396 ora

384 3444 488 3500 pro
520 3430 690 3485 nobis
721 3430 795 3491 ad
822 3428 1159 3489 Dominum.
1186 3450 1214 3479 »
1237 3429 1500 3503 Cumque
1531 3431 1756 3485 orasset
1782 3427 2031 3500 Moyses,

375 3516 560 3587 jussit
579 3534 714 3574 eum
736 3517 1022 3591 Dominus
1044 3519 1230 3575 facere
1252 3519 1580 3589 serpentem
1600 3531 1846 3585 aeneum,
1862 3520 1919 3571 et
1939 3532 2036 3588 po-

383 3619 520 3660 nere
543 3605 600 3662 in
622 3604 819 3681 stipite
840 3623 943 3679 pro
968 3606 1158 3680 signo,
1177 3605 1408 3663 dicens:
1433 3627 1462 3657 «
1480 3605 1537 3659 Si
1563 3603 1695 3679 quis
1717 3620 2033 3676 percussus

381 3709 517 3751 eum
550 3694 863 3769 aspexerit,
894 3694 1116 3750 vivet.»
1171 3696 1453 3766 Factaque
1483 3699 1572 3749 est
1621 3692 1770 3751 mira
1816 3709 1928 3760 res,
1977 3698 2034 3750 et

380 3786 553 3839 antea
597 3782 881 3840 inaudita.
922 3782 1338 3839 Mordehantur
1368 3800 1402 3838 a
1432 3782 1821 3856 serpentibus,
1877 3782 2031 3855 aspi-

379 3870 631 3942 ciebant,
666 3877 1020 3947 serpentem,
1044 3875 1103 3928 et
1132 3872 1519 3929 sanabantur.
1550 3871 1714 3928 dinei
1742 3888 1877 3945 ergo
1908 3889 2027 3929 ser-

379 3959 575 4033 pentis
615 3960 886 4017 exaltatio
942 3960 1175 4019 Domini
1234 3960 1569 4034 passionem
1618 3961 2028 4034 praeﬁguravit,

378 4049 479 4127 qui
513 4048 858 4113 exaltandus
887 4054 1012 4107 erat
1067 4067 1256 4121 cruce,
1289 4049 1444 4106 sicut
1491 4049 1552 4105 in
1600 4050 1869 4121 praesenti
1902 4049 2029 4108 loco

376 4136 652 4213 dignatus
683 4143 771 4195 est
799 4155 1102 4212 exponere.
1136 4139 1216 4195 De
1247 4155 1362 4211 qua
1401 4138 1525 4211 ipse
1571 4137 1711 4194 alibi
1755 4138 1872 4195 ait:
1907 4162 1935 4189 «
1968 4139 2026 4195 Si

374 4227 663 4287 exaltatus
693 4229 855 4285 fuero
879 4245 914 4285 a
944 4231 1117 4298 terra,
1141 4228 1339 4285 omnia
1367 4217 1597 4289 traham
1628 4221 1701 4284 ad
1735 4227 2027 4300 meipsum

375 4317 551 4389 (Joan.
585 4318 707 4390 xu).
734 4340 763 4370 »
795 4318 911 4374 Nec
940 4315 1176 4373 cuilibet
1200 4317 1508 4389 indignum
1529 4315 1710 4372 videri
1744 4316 1934 4386 debet,
1966 4316 2023 4374 id

371 4409 463 4462 est
491 4405 776 4463 Dominus
804 4424 909 4483 per
929 4410 1295 4479 assumptam
1317 4404 1748 4465 humanitatem
1769 4406 2024 4483 serpenti

2722 3303 3025 3360 HOMlLIA
3075 3302 3212 3359 CIX.

2357 3409 2632 3453 DOMINICA
2684 3409 2944 3450 SBCUNDA
2995 3409 3134 3448 POS'I‘
3171 3405 3582 3448 PENTECOSTEN.

2213 3521 2261 3587 (Ι
2284 3518 2451 3575 JOAN.
2483 3517 2577 3590 iv).
2631 3540 2658 3567 «
2693 3516 3073 3574 Charissimi:
3107 3517 3261 3595 Deus
3307 3514 3557 3573 charitas
3585 3514 3683 3567 est.
3710 3506 3760 3562 In

2145 3629 2173 3658 «
2199 3606 2308 3662 hoc
2339 3606 2610 3678 apparuit
2639 3604 2895 3662 charitas
2926 3605 3024 3661 Dei
3055 3606 3112 3660 in
3147 3604 3344 3674 nobis,
3377 3600 3641 3677 quoniam
3687 3594 3763 3652 Fi-

2149 3716 2171 3744 ι
2198 3695 2341 3751 lium
2375 3712 2550 3752 suum
2584 3695 2952 3768 unigenitum
2985 3694 3147 3751 misit
3175 3695 3232 3749 in
3267 3693 3578 3757 mundum,
3616 3692 3673 3742 ut
3697 3684 3763 3737 Vl-

2141 3809 2169 3836 «
2202 3802 2410 3841 vamus
2441 3784 2780 3858 peripsum.
2808 3806 2837 3834 »
2860 3784 2929 3839 Et
2951 3783 3196 3856 reliqua.
3222 3781 3526 3853 Quomodo
3546 3779 3662 3852 ipse
3677 3774 3766 3830 Do-

2140 3874 2339 3931 minus
2369 3873 2484 3931 ait:
2525 3896 2545 3923 α
2574 3874 2852 3946 Majorem
2875 3872 2984 3928 hac
3006 3871 3385 3929 dilectionem
3408 3884 3576 3926 nemo
3596 3864 3763 3923 habet,

2140 3980 2317 4037 quam
2353 3968 2419 4019 ut
2449 3961 2708 4019 animam
2740 3978 2909 4018 suam
2940 3965 3118 4035 ponat
3146 3961 3281 4034 quis
3307 3978 3411 4034 pro
3442 3956 3641 4015 amicis
3663 3948 3768 4009 suis

2140 4053 2314 4125 (Joan.
2348 4051 2464 4123 xv).
2501 4074 2528 4101 »
2562 4051 2632 4107 Et
2666 4049 2745 4106 ibi
2779 4051 3025 4124 probata
3054 4054 3143 4106 est
3197 4048 3437 4105 dilectio
3493 4040 3689 4102 Christi
3719 4038 3767 4092 in

2138 4141 2327 4209 nobis,
2360 4140 2501 4213 quia
2530 4143 2800 4195 mortuus
2831 4142 2920 4195 est
2965 4156 3068 4211 pro
3100 4137 3291 4194 nobis.
3339 4136 3579 4194 Dilectio
3607 4126 3769 4187 Patris

2137 4230 2292 4287 unde
2317 4230 2558 4302 probata
2571 4232 2660 4285 est
2675 4246 2709 4283 a
2729 4227 2940 4284 nobis?
2956 4227 3102 4295 Quia
3126 4226 3338 4283 Filium
3357 4241 3532 4283 suum
3555 4220 3767 4278 unicum

2135 4317 2299 4375 misit
2328 4318 2473 4374 mori
2496 4334 2600 4391 pro
2633 4317 2823 4386 nobis,
2844 4316 2996 4372 sicut
3019 4321 3076 4372 et
3096 4315 3316 4375 Paulus
3348 4311 3644 4389 apostolus
3670 4304 3763 4363 ait:

2135 4431 2163 4458 ‹‹
2197 4407 2301 4475 Qui
2327 4407 2559 4480 proprio
2582 4405 2727 4463 Filio
2758 4423 2864 4462 suo
2895 4423 3007 4462 non
3050 4405 3327 4479 pepercit,
3373 4404 3477 4460 sed
3500 4417 3600 4477 pro
3621 4394 3767 4455 nobis

372 4500 781 4568 comparetur;
812 4480 954 4569 quia
982 4495 1108 4569 ipse
1140 4513 1242 4569 per
1272 4494 1621 4567 Prophetam
1644 4494 1715 4550 de
1735 4480 1926 4566 seipSo
1947 4494 2026 4552 Ιο-
2051 4510 2100 4574 D
2133 4497 2409 4554 omnibus
2431 4495 2673 4552 tradidit
2692 4512 2848 4564 eum,
2873 4494 3166 4568 quomodo
3189 4511 3303 4550 non
3331 4493 3509 4550 etiam
3537 4503 3661 4545 cum
3685 4480 3765 4538 illo

370 4582 609 4655 quitur:
645 4607 671 4634 ‹‹
706 4583 822 4657 Ego
851 4589 1047 4640 autem
1079 4601 1212 4640 sum
1242 4583 1436 4639 vernis
1467 4587 1524 4640 et
1554 4599 1669 4639 non
1696 4581 1893 4652 homo,
1926 4600 2024 4657 op-

368 4671 673 4744 probrium
705 4671 1011 4729 hominum
1043 4676 1101 4729 et
1130 4671 1381 4744 abjectio
1411 4670 1601 4746 plebis
1622 4672 1794 4742 (Psal.
1826 4676 1960 4743 XXI).
1990 4696 2018 4723 »

369 4761 438 4816 Et
463 4762 616 4821 sicut
646 4760 706 4821 in
736 4761 1111 4835 septuaginta
1131 4761 1550 4832 interpretibus
1576 4760 1807 4835 legitur,
1833 4780 2019 4819 scara-

366 4848 527 4906 baeus
555 4850 848 4909 clamabat
878 4852 949 4907 de
980 4849 1159 4929 ligno,
1193 4851 1250 4907 id
1284 4855 1372 4906 est
1419 4850 1684 4907 Christus
1721 4851 1792 4907 de
1824 4868 2014 4910 cruce.

364 4938 526 5001 sicut
554 4941 710 4996 enim
740 4958 981 5017 serpens
1006 4940 1103 4997 ille
1121 4939 1573 4997 similitudinem
1594 4940 1846 4997 habebat
1866 4941 2015 5014 igni-

365 5030 560 5084 torum
591 5031 976 5101 serpentium,
1007 5031 1108 5088 sed
1134 5034 1331 5087 tamen
1357 5046 1392 5086 a
1413 5046 1630 5086 veneno
1653 5030 2013 5102 serpentium

364 5112 592 5172 alienus
609 5122 759 5174 erat:
780 5118 860 5175 sic
880 5118 1165 5176 Dominus
1183 5119 1214 5175 J
1220 5136 1358 5176 esus
1374 5118 1642 5177 Christus
1662 5119 1932 5192 apparuit
1954 5120 2012 5176 in

363 5202 754 5267 similitudine
774 5207 968 5262 carnis
985 5209 1222 5281 peccati,
1250 5208 1476 5266 nullam
1500 5213 1695 5266 tamen
1719 5208 2010 5267 maculam

312 5320 318 5327 ε
362 5292 537 5355 traxit
564 5294 806 5369 peccati.
837 5301 1048 5353 IEneus
1078 5300 1272 5357 autem
1306 5298 1497 5357 dictus
1519 5302 1609 5354 est
1628 5314 1866 5370 serpens
1881 5314 2011 5370 pro-

360 5386 489 5455 pter
517 5382 810 5443 inﬁnitam
844 5385 903 5443 in
950 5384 1177 5445 Christo
1234 5386 1764 5445 aaternitatem.1Es
1812 5392 2007 5447 autem

359 5471 626 5533 durabile
647 5477 736 5533 est
765 5472 1091 5544 metallum,
1122 5479 1180 5531 et
1197 5474 1362 5533 valde
1393 5493 1693 5548 sonorum,
1720 5480 1777 5532 et
1797 5480 2009 5534 natura

358 5563 698 5629 aeternitatis
729 5580 836 5629 nec
866 5562 1101 5627 initium
1130 5565 1356 5646 habuit,
1389 5584 1493 5628 nec
1523 5568 1701 5628 ﬁnem
1745 5566 2003 5631 habebit.

2131 4586 2332 4645 omnia
2362 4585 2532 4641 nobis
2563 4585 2848 4642 donavit?
2882 4607 2910 4635 ››
2941 4586 3112 4658 (Rom.
3145 4587 3295 4653 vui.)

2205 4698 2234 4727 ‹‹
2265 4675 2335 4731 Et
2366 4676 2423 4731 in
2455 4674 2565 4731 hoc
2594 4678 2684 4731 est
2725 4674 3002 4746 charitas,
3044 4691 3157 4730 non
3192 4673 3364 4746 quasi
3421 4687 3529 4727 nos
3578 4664 3765 4735 dilexe-

2129 4787 2157 4815 «
2191 4764 2380 4820 rimus
2412 4769 2617 4831 Deum,
2641 4764 2738 4821 sed
2760 4763 3037 4836 quoniam
3060 4762 3185 4835 ipse
3207 4762 3369 4841 prior
3393 4757 3594 4817 dilexit
3614 4769 3765 4841 nos._»

2127 4855 2252 4910 Non
2286 4852 2457 4908 illum
2488 4852 2801 4908 dileximus
2832 4852 3016 4924 prius,
3048 4869 3184 4907 nam
3209 4837 3282 4908 ad
3313 4851 3428 4907 hoc
3446 4864 3554 4905 nos
3583 4842 3673 4899 ille
3700 4837 3769 4893 di-

2125 4942 2265 5000 lexit
2295 4944 2478 5016 prius,
2507 4944 2572 4998 ut
2600 4941 2920 5016 diligamus
2948 4957 3107 4998 eum.
3136 4941 3335 4998 Gratia
3356 4938 3576 5013 quippe
3604 4927 3768 4988 homi-

2124 5049 2260 5088 nem
2291 5030 2569 5105 przevenit
2600 5035 2666 5088 ut
2694 5030 2901 5104 diligat
2931 5031 3139 5100 Deum,
3163 5030 3302 5102 quia
3322 5025 3635 5084 dilectione
3654 5030 3767 5105 098°

2123 5104 2486 5178 returbona.
2524 5120 2683 5179 Unde
2715 5119 3065 5177 Psalmista:
3101 5144 3128 5170 «
3164 5118 3318 5175 Deus
3342 5133 3539 5186 meus,
3570 5104 3762 5182 inquit:

2124 5209 2583 5267 «misericordia
2634 5209 2941 5283 praeveniet
3001 5225 3093 5265 me
3152 5208 3324 5281 (Psal.
3380 5204 3557 5276 Lvm).
3592 5223 3618 5249 ››
3650 5218 3675 5246 ς(
3702 5192 3763 5253 Et

2121 5324 2148 5351 ‹‹
2179 5299 2341 5356 misit
2364 5297 2575 5356 Filium
2603 5315 2776 5355 suum
2811 5297 3250 5372 propitiatorem
3274 5313 3379 5371 pro
3401 5286 3653 5368 peccatis
3672 5298 3761 5372 no-

2119 5411 2147 5440 ((
2181 5388 2341 5445 stris.
2374 5410 2402 5440 ››
2435 5388 2505 5444 Et
2534 5387 2644 5443 hoc
2670 5391 2760 5453 est
2789 5370 3112 5443 maximum
3145 5385 3203 5441 in
3247 5370 3420 5441 nobis
3450 5379 3653 5447 divina:
3681 5370 3761 5470 ρξε

2115 5478 2255 5535 tatis
2289 5476 2597 5546 indicium,
2622 5476 2761 5549 quia
2792 5493 2926 5533 cum
2963 5476 3215 5532 necdum
3246 5472 3357 5547 ipsi
3391 5487 3498 5546 pro
3529 5464 3762 5544 peccatis

2116 5566 2335 5628 nostris
2356 5582 2491 5627 eum
2508 5573 2699 5643 petere
2717 5582 3049 5638 nossemus,
3070 5564 3234 5623 misit
3251 5561 3345 5622 ille
3364 5559 3579 5621 Filium
3601 5564 3759 5614 suum
