4050 6174
302 334 411 392 585

1536 333 1891 392 HOMIle
1936 332 2035 392 DE
2080 333 2476 393 ΤΕΜΡΟΗΕ.

3585 341 3704 399 586

299 466 364 522 ad
391 482 518 533 nos,
548 465 649 539 qui
682 466 847 521 nobis
891 464 949 520 in
982 483 1045 520 se
1089 465 1460 520 credentibus
1507 466 1658 521 ultro
1706 463 1933 520 veniam
1963 463 2018 531 Α
2048 465 3702 545 gnaetsummamercesDeumcolentibusetdiligrntibus

298 555 481 622 daret,
512 570 733 627 nosque
764 555 835 610 ad
867 558 1119 627 paterna:
1151 554 1347 628 gloriae
1389 555 1724 610 societatem
1771 571 1940 610 voca-

294 649 394 701 ret.
431 634 499 699 In
528 643 882 715 quibusdam
902 643 1210 723 codicibus
1241 643 1334 699 hic
1362 643 1686 701 versiculus
1704 643 1783 699 ita
1804 642 1942 717 legi-

293 735 417 789 tur:
453 757 482 783 «
517 734 586 788 Et
617 732 779 789 misit
806 731 1017 788 Filium
1048 750 1223 788 suum
1257 734 1526 789 litatorem
1555 750 1658 806 pro
1688 733 1939 805 peccatis

290 821 529 877 nostris.
566 844 593 872 ››
628 821 844 877 Litator
874 825 1066 876 autem
1086 820 1563 877 sacrilicatorest.
1584 820 1942 877 Sacriﬁcavit

286 911 445 966 enim
483 911 665 966 Filius
691 909 790 965 Dei
822 927 926 982 pro
958 911 1209 983 peccatis
1260 910 1499 977 nostris,
1536 927 1650 965 non
1684 910 1937 966 hostiam

284 1001 606 1073 pecudum,
630 1000 732 1055 sed
762 1001 1024 1073 seipsum
1057 999 1539 1056 offerendo.Unde
1558 1001 1702 1056 bene
1725 1000 1939 1057 Paulus

283 1090 637 1157 admonens,
672 1090 780 1145 ait:
830 1112 856 1139 «
892 1090 1084 1145 Estote
1133 1089 1458 1145 imitatores
1507 1089 1603 1145 Dei
1653 1089 1806 1146 sicut
1834 1089 1938 1144 lilii

279 1178 715 1245 charissimi,et
740 1177 1037 1234 ambulate
1074 1178 1133 1233 in
1170 1178 1508 1247 delectione,
1532 1178 1685 1235 sicut
1706 1183 1761 1235 et
1780 1179 1941 1234 Chri-

278 1273 418 1324 stus
448 1268 650 1324 dilexit
682 1284 809 1336 nos,
845 1271 904 1323 et
932 1267 1173 1323 tradidit
1201 1268 1585 1340 semetipsum
1620 1285 1723 1340 pro
1768 1267 1938 1324 nobis

276 1355 643 1413 oblationem
677 1360 733 1412 et
781 1355 1033 1412 hostiam
1080 1355 1196 1412 Deo
1245 1355 1304 1411 in
1345 1357 1579 1413 odorem
1631 1355 1937 1413 suavitatis

276 1448 321 1517 (Ι
357 1447 493 1503 Cor.
529 1445 624 1518 ιν).
660 1467 689 1494 ››
734 1432 913 1517 Cujus
957 1445 1256 1501 sententias
1302 1445 1557 1501 concinit
1602 1445 1730 1513 hoc,
1778 1446 1933 1517 quod

272 1534 374 1590 hic
407 1552 645 1608 quoque
673 1534 928 1590 Joannes
959 1534 1315 1591 exhortando
1345 1535 1675 1608 subjungit,
1700 1534 1931 1591 dicens:

348 1646 379 1674 ‹‹
418 1622 789 1689 Charissimi,
821 1623 870 1678 si
902 1622 986 1677 sic
1018 1627 1172 1678 Deus
1202 1622 1403 1678 dilexit
1435 1640 1561 1691 nos,
1593 1628 1650 1678 et
1692 1641 1798 1699 nos
1830 1624 1933 1678 de-

277 1736 306 1765 ‹‹
337 1714 558 1769 bemus
588 1712 834 1769 invicem
864 1711 1127 1784 diligere.
1163 1734 1191 1760 ››
1224 1712 1385 1778 Quod
1418 1716 1611 1768 autem
1645 1711 1930 1784 sequitur:

272 1826 300 1854 ί(
329 1803 528 1858 Deum
561 1817 731 1857 nemo
760 1800 904 1855 vidit
934 1817 1216 1872 unquam,
1256 1823 1283 1850 »
1305 1802 1523 1873 majore
1539 1801 1933 1873 disputatione
1966 1841 2012 1905 Β

270 1891 527 1965 indiget,
558 1907 692 1945 cum
727 1889 1010 1945 Dominus
1041 1894 1097 1945 et
1129 1889 1466 1945 hominibus
1499 1891 1719 1946 mundo
1764 1892 1934 1946 corde

268 1981 467 2036 Deum
502 1978 818 2034 videndum
850 1978 1170 2051 promittat,
1196 1980 1341 2035 etde
1359 1978 1578 2035 sanctis
1611 1979 1931 2051 dicatquod

266 2067 473 2141 angeli
507 2084 710 2124 eorum
743 2067 802 2122 in
850 2066 1011 2123 emlis
1058 2084 1292 2139 semper
1337 2068 1572 2123 videant
1618 2068 1677 2123 in
1728 2069 1932 2125 faciem

260 2157 490 2213 Patris.
520 2157 681 2212 Hanc
723 2160 917 2211 autem
961 2156 1311 2212 sententiam
1363 2157 1421 2212 in
1468 2156 1777 2230 Evangelio
1827 2175 1933 2213 suo

258 2246 445 2320 ponit
479 2246 634 2301 idem
660 2245 935 2313 Joannes,
964 2245 1063 2300 ubi
1078 2245 1250 2301 etiam
1266 2246 1559 2317 quomodo
1587 2248 1733 2303 Deus
1756 2245 1934 2302 videri

252 2333 1475 2409 possit,consequenteradjungitdicensm
1503 2334 1930 2408 UnigenitusFi-

247 2425 383 2480 lius
423 2423 535 2495 qui
561 2427 650 2478 est
673 2421 732 2477 in
762 2422 896 2477 sinu
929 2421 1136 2491 Patris,
1163 2422 1286 2494 ipse
1307 2424 1599 2479 enarravit
1621 2428 1803 2493 (Joun.
1839 2430 1933 2495 1).»

247 2514 464 2581 Quod,
529 2513 737 2567 beatus
794 2516 961 2583 pater
1005 2511 1352 2567 Ambrosius
1414 2513 1495 2568 ita
1540 2513 1830 2586 exposuit:
1866 2514 1934 2568 Et

246 2603 399 2658 ideo
440 2601 632 2656 Deum
664 2615 834 2656 nemo
866 2598 1011 2656 vidit
1044 2616 1327 2672 unquam,
1362 2601 1499 2673 quia
1536 2618 1664 2657 eam
1714 2620 1840 2674 quae
1872 2602 1931 2656 in

246 2698 379 2748 Deo
416 2690 652 2745 habitat
680 2688 1109 2761 plenitudinem
1136 2687 1475 2757 divinitatis,
1501 2706 1672 2746 nemo
1695 2707 1934 2763 conspe-
1959 2688 1965 2694 ’

244 2782 364 2848 xit,
406 2795 594 2834 nemo
648 2781 842 2834 mente
875 2782 979 2833 aut
1026 2776 1214 2833 oculis
1267 2778 1726 2850 comprehendit.
1775 2778 1935 2834 Vidit

242 2871 457 2936 enim,
494 2868 570 2923 ad
602 2871 918 2939 utrumque
949 2866 1317 2922 referendum
1348 2870 1454 2922 est.
1499 2867 1757 2939 Denique
1796 2884 1929 2923 cum

246 2958 549 3015 additur:
586 2977 614 3006 ‹‹
647 2954 990 3028 Unigenitus
1023 2954 1201 3011 Filius
1231 2956 1331 3028 qui
1363 2959 1450 3011 est
1483 2973 1538 3027 in
1565 2955 1697 3011 sinu
1723 2956 1931 3023 Patris,

250 3049 389 3120 ipse
429 3048 748 3116 enarravit,
784 3067 813 3093 ››
845 3045 1128 3100 mentium
1162 3044 1351 3117 magis
1402 3062 1579 3116 quam
1628 3044 1929 3102 oculorum

255 3135 416 3191 visio
450 3132 801 3188 declaratur.
836 3132 1070 3206 Species
1099 3133 1254 3189 enim
1287 3133 1530 3200 videtur,
1566 3134 1753 3190 virtus
1798 3151 1929 3190 vero

261 3227 586 3280 narratur:
620 3220 720 3277 illa
748 3220 954 3289 oculis,
992 3221 1114 3277 haec
1161 3227 1355 3278 mente
1397 3223 1928 3295 comprehenditur.
1962 3207 2005 3273 Ο

264 3313 419 3369 Item
454 3312 664 3367 beatus
690 3311 1054 3383 Augustinus
1085 3311 1143 3366 in
1176 3312 1415 3368 libroDe
1434 3312 1685 3368 videndo
1705 3318 1840 3382 Deo,
1860 3313 1930 3369 de

272 3402 486 3456 eadem
501 3399 811 3472 disputans
832 3400 1175 3472 quaestione,
1190 3400 1430 3472 proinde
1449 3402 1505 3457 in
1520 3419 1636 3474 qua
1658 3406 1931 3469 narrante

277 3488 595 3562 Unigenito
627 3488 725 3563 qui
759 3488 919 3545 estin
938 3480 1928 3560 sinuPatrisnarrationeinell‘abili,

282 3583 551 3634 creatura
582 3577 886 3634 rationalis
915 3578 1138 3633 munda
1169 3583 1226 3634 et
1255 3583 1477 3646 sancta,
1525 3579 1803 3653 impletur
1834 3580 1933 3637 Dei

287 3667 507 3722 visione
539 3665 836 3735 ineffabili,
871 3684 1050 3740 quam
1080 3672 1222 3724 tunc
1251 3685 1698 3741 consequemur,
1723 3687 1857 3725 cum
1881 3670 1932 3726 ei

289 3755 537 3829 equales
568 3754 703 3811 facti
735 3755 1349 3829 fuerimuszquoniam
1368 3758 1934 3815 sicutvidenturista

292 3843 538 3900 visibilis
566 3844 825 3918 corporis
856 3845 1153 3914 sensibus,
1187 3863 1302 3903 non
1336 3846 1415 3901 ita
1441 3851 1625 3903 Deum
1658 3846 1798 3903 vidit
1825 3866 1933 3904 un-

296 3949 485 4004 quam.
519 3933 805 4000 Quoniam
828 3933 878 3990 si
900 3934 1215 4007 aliquando
1229 3952 1294 3991 eo
1328 3936 1500 3991 modo
1512 3935 1673 3991 visus
1691 3941 1798 4003 est,
1818 3953 1934 3992 non

294 4021 441 4078 sicut
466 4022 579 4079 ista
608 4026 820 4078 natura
869 4022 1116 4092 videtur,
1163 4026 1262 4079 sed
1293 4022 1588 4080 voluntate
1639 4025 1800 4081 visus
1846 4028 1937 4081 est

296 4109 497 4181 specie,
530 4128 646 4183 qua
673 4110 855 4168 voluit
884 4128 1192 4184 apparens,
1218 4111 1432 4168 latente
1450 4116 1657 4169 natura
1682 4117 1858 4186 atque
1878 4113 1935 4169 in

298 4214 357 4253 se
386 4198 944 4257 incommutabiliter
972 4205 1373 4272 permanente.
1408 4202 1487 4257 Eo
1536 4206 1732 4257 autem
1765 4204 1936 4259 modo

297 4303 408 4358 quo
436 4287 662 4344 videtur
690 4288 864 4345 sicuti
894 4291 1002 4356 est,
1037 4305 1193 4345 nunc
1226 4290 1471 4346 fortasse
1500 4290 1728 4347 videtur
1748 4308 1781 4347 a
1801 4292 1936 4363 qui-

297 4375 538 4433 busdam
571 4377 794 4451 angelis
825 4377 949 4433 suis
979 4378 1221 4434 sanctis.
1240 4381 1286 4433 A
1304 4377 1469 4434 nobis
1489 4383 1683 4435 autem
1706 4381 1940 4436 tuncita

297 4463 596 4536 videbitur,
630 4483 765 4523 cum
797 4467 849 4522 ei
880 4467 1016 4523 facti
1068 4468 1354 4523 fuerimus
1402 4467 1676 4539 aequales,
1710 4473 1769 4525 et
1804 4474 1939 4542 post

299 4551 590 4627 aliquanto
636 4572 929 4627 exponens
978 4555 1329 4612 sententiam
1382 4557 1569 4612 sancti
1614 4559 1937 4615 Ambrosii:
1970 4579 2019 4644 Ι)

299 4644 469 4699 Deum
493 4660 664 4699 nemo
691 4643 838 4700 vidit
866 4660 1152 4717 unquam,
1186 4643 1269 4700 vel
1294 4643 1354 4699 in
1387 4644 1494 4700 hac
1508 4645 1624 4701 vita
1645 4646 1797 4702 sicut
1816 4646 1942 4720 ipse

295 4735 401 4802 est,
429 4731 513 4788 vel
542 4732 803 4788 etiamin
835 4732 1178 4806 angelorum
1197 4733 1333 4801 vita,
1356 4733 1508 4789 sicut
1537 4734 1938 4803 visibiliaista,

300 4834 423 4890 quae
451 4820 736 4895 corporali
767 4820 988 4877 visione
1018 4826 1357 4891 cernuntur,
1407 4822 1548 4894 quia
1595 4822 1941 4895 Unigenitus

300 4907 471 4966 Filius
500 4910 599 4983 qui
632 4914 721 4966 est
754 4909 813 4965 in
843 4910 976 4966 sinu
1022 4911 1236 4978 Patris,
1282 4910 1406 4983 ipse
1455 4913 1763 4967 enarravit.
1797 4914 1942 4978 Quia

301 5012 412 5053 non
442 4999 512 5054 ad
543 4997 847 5055 oculorum
880 4998 1293 5072 corporalium,
1325 4998 1427 5055 sed
1458 5000 1529 5055 ad
1552 5001 1838 5058 mentium
1858 5003 1939 5057 vi-

298 5084 517 5142 sionem
546 5088 771 5143 dictum
822 5090 913 5145 est
971 5087 1258 5161 pertinere
1299 5087 1454 5159 quod
1512 5091 1767 5145 narravit
1797 5090 1939 5147 Item

302 5178 433 5243 post
452 5175 659 5233 multa:
709 5176 794 5232 Ad
816 5192 945 5233 eam
974 5192 1109 5233 vero
1158 5176 1440 5233 visionem
1475 5193 1591 5248 qua
1617 5176 1945 5236 videbimus

299 5259 479 5319 Deum
509 5264 686 5321 sicuti
716 5269 823 5334 est,
858 5265 1202 5322 mundanda
1217 5265 1782 5323 cordacommonuit.
1803 5268 1948 5333 Quia

298 5351 453 5407 enim
482 5352 807 5426 corporalia
834 5353 1257 5410 consuetudine
1279 5353 1556 5426 loquendi
1576 5353 1826 5411 visibilia
1847 5375 1947 5413 no-

297 5438 618 5510 minantur,
653 5447 959 5515 propterea
979 5443 1132 5498 Deus
1153 5441 1460 5497 invisibilis
1484 5442 1723 5511 dicitur,
1744 5461 1814 5500 ne
1827 5462 1948 5501 cor-

299 5543 410 5599 pus
438 5547 567 5588 esse
599 5531 888 5586 credatur.
923 5531 1119 5601 Neque
1148 5530 1304 5587 enim
1342 5531 1519 5587 corda
1566 5532 1789 5588 munda
1827 5552 1945 5591 suae

299 5618 641 5680 substantiae
668 5619 1155 5693 contemplatione
1184 5620 1500 5695 fraudabit,
1533 5637 1667 5682 cum
1684 5622 1806 5685 haec
1828 5640 1947 5686 ma-

616 5748 880 5814 l’uaon.
927 5747 1194 5817 CXVIII.

2050 553 2443 624 promittatur,
2478 554 2703 611 dicente
2736 556 2862 628 ipso
2894 555 3161 625 Domino,
3187 558 3420 629 quando
3441 568 3706 632 corpora-

2049 639 2205 697 libus
2236 641 2422 699 oculis
2450 642 2760 700 visibiliter
2788 645 3111 717 apparebit.
3145 649 3200 701 et
3243 639 3596 704 inviébilem
3640 666 3705 707 se

2051 731 2447 787 contuendum
2490 732 2730 787 mundis
2777 734 3052 790 cordibus
3102 733 3498 807 promittebat.
3533 760 3560 787 «
3595 737 3701 802 Qui

2051 819 2243 893 diligit
2273 837 2385 889 me,
2437 820 2714 894 diligetur
2761 839 2794 878 a
2824 823 2993 878 Patre
3041 840 3190 892 meo,
3218 828 3275 879 et
3303 841 3409 898 ego
3459 824 3702 899 diligam

2048 923 2205 976 eum,
2240 916 2296 965 et
2322 910 2709 966 manifestabo
2740 910 2790 966 ci
2825 911 3118 985 meipsum
3152 913 3326 985 (Jean.
3359 914 3493 986 xxv).
3526 936 3546 964 ιο
3574 918 3703 971 Haec

2049 997 2266 1070 quippe
2298 1002 2508 1054 natura
2538 1000 2666 1070 ejus
2696 1000 2999 1073 aequaliter
3018 1018 3152 1056 cum
3171 1002 3338 1057 Patre
3366 1001 3701 1073 invisibilis,

2048 1086 2202 1142 sicut
2233 1087 3010 1162 aequaliterincorruptibilis
3023 1094 3129 1161 est,
3151 1090 3290 1162 quia
3317 1090 3703 1148 continuatim

2046 1176 2362 1248 Apostolus
2393 1176 2609 1248 posuit,
2643 1178 2843 1234 dicens
2875 1180 2920 1251 (Ι
2949 1180 3081 1234 Tim.
3115 1178 3187 1252 1):
3212 1178 3350 1252 Regi
3375 1182 3570 1236 autem
3603 1197 3704 1235 saa-

2050 1262 2315 1341 culorum
2348 1265 2648 1335 invisibili,
2681 1266 3406 1340 incorruptibili,divinam
3425 1268 3700 1326 substan-

2050 1351 2191 1408 tiam
2224 1370 2341 1426 qua
2366 1354 2554 1427 potuit
2575 1354 2915 1412 hominibus
2946 1355 3357 1429 praedicatione
3401 1372 3700 1414 commen-

2045 1442 2214 1497 dans.
2252 1443 2405 1499 Deus
2434 1460 2569 1517 ergo
2588 1444 2923 1516 invisibilis,
2952 1440 3347 1518 neque'oculo,
3382 1446 3481 1501 sed
3505 1450 3699 1503 mente

2044 1531 2392 1602 quaerendus
2433 1537 2540 1605 est,
2573 1534 2682 1590 Sed
2702 1534 3200 1606 quemadmodum
3223 1533 3273 1590 si
3306 1533 3487 1591 solem
3512 1534 3696 1591 istum

2044 1618 2237 1676 videre
2281 1620 2544 1691 velimus,
2580 1622 2778 1679 oculos
2809 1622 3069 1695 corporis
3101 1639 3508 1696 purgaremus,
3544 1623 3697 1679 unde

2046 1706 2146 1762 lux
2179 1709 2356 1763 videri
2380 1712 2605 1782 potest:
2636 1710 2897 1767 volentes
2942 1712 3138 1767 videre
3195 1712 3403 1779 Deum,
3459 1710 3696 1768 oculum

2043 1796 2256 1864 cordis,
2292 1815 2407 1870 quo
2435 1799 2588 1854 Deus
2618 1799 2797 1854 videri
2840 1803 3049 1872 potest,
3102 1815 3441 1874 purgemus.
3474 1822 3503 1851 ‹‹
3538 1799 3696 1857 Beati

2045 1885 2202 1940 enim
2235 1887 2454 1943 mundo
2486 1888 2677 1954 corde,
2712 1889 2993 1961 quoniam
3043 1888 3156 1960 ipsi
3188 1888 3374 1944 Deum
3420 1889 3698 1946 videbunt

2044 1975 2264 2046 (Matth.
2296 1978 2375 2045 v).
2412 1998 2441 2025 ››
2474 1977 2688 2032 Verum
2720 1977 2859 2049 quia
2890 1977 3009 2033 haec
3039 1976 3183 2033 visio
3216 1976 3275 2033 in
3292 1978 3486 2033 futuro
3505 1994 3698 2050 spera-

2042 2067 2158 2131 tur,
2193 2064 2330 2137 quid
2364 2067 2655 2137 agendum
2689 2071 2777 2121 est
2808 2066 2998 2133 nobis,
3019 2067 3160 2122 dum
3186 2066 3376 2123 adhuc
3395 2066 3695 2123 constituti

2042 2151 2101 2207 in
2133 2170 2393 2225 corpore,
2445 2155 2890 2226 peregrinamur
2934 2172 2967 2212 a
3001 2154 3286 2212 Domino?
3335 2157 3457 2223 Quo
3490 2154 3695 2213 solatio

2046 2242 2352 2313 utendum,
2389 2242 2487 2298 ubi
2519 2243 2718 2300 divina
2748 2243 2967 2300 visione
2998 2243 3248 2302 necdum
3284 2245 3419 2301 licet
3447 2244 3698 2319 perfrui?

2115 2382 2143 2408 «
2177 2358 2231 2412 Si
2264 2358 2582 2432 diligamus
2611 2358 2879 2426 invicem,
2916 2359 3069 2415 Deus
3101 2359 3160 2414 in
3208 2359 3376 2416 nobis
3415 2362 3633 2416 manet.
3664 2382 3693 2409 ››

2044 2447 2152 2503 Sed
2188 2464 2358 2503 nemo
2418 2451 2583 2519 putet
2626 2447 2777 2503 hanc
2836 2447 3229 2516 dilectionem,
3264 2447 3323 2503 in
3373 2465 3489 2521 qua
3541 2448 3694 2505 Deus

2042 2540 2258 2603 manet,
2295 2537 2521 2607 abjecta
2551 2542 2606 2592 et
2636 2537 2930 2593 desidiosa
2947 2538 3200 2610 quadam
3217 2536 3688 2608 mansuetudine,

2042 2625 2159 2680 imo
2192 2643 2304 2680 non
2339 2626 2925 2695 mansuetudine,scd
2943 2625 3288 2682 remissione
3311 2631 3367 2682 et
3398 2625 3690 2699 negligen-

2042 2714 2122 2769 tia
2152 2713 2451 2770 rcservari.
2486 2715 2611 2770 Non
2670 2714 2784 2770 ista
2813 2718 2902 2769 est
2957 2714 3230 2771 charitas.
3268 2715 3369 2770 sed
3419 2713 3688 2787 languor.

2042 2803 2277 2858 Ferveat
2304 2802 2557 2859 Charitas
2590 2803 2662 2859 ad
2687 2802 3120 2876 corrigendum,
3142 2802 3213 2859 ad
3228 2802 3686 2860 emendandum.

2042 2891 2152 2947 Sed
2187 2890 2237 2945 si
2266 2896 2404 2947 sunt
2417 2889 3472 2965 bonimores,dilatentur:suntmali,
3498 2906 3691 2946 emen-

2040 2981 2253 3036 dentur
2282 2981 2786 3054 corriganturque.
2825 2980 2882 3037 Si
2917 2997 3052 3054 ergo
3080 2980 3397 3053 diligamus
3442 2978 3688 3036 invicem

2039 3068 2268 3126 sincera
2296 3074 2353 3125 ct
2404 3068 2823 3142 disciplinabili
2876 3068 3178 3138 charitate,
3234 3068 3388 3125 Deus
3428 3068 3488 3125 in
3520 3067 3689 3125 nobis

2040 3160 2255 3215 manet.
2289 3158 2575 3229 Operibus
2608 3158 2845 3231 quidem
2874 3157 3065 3230 ipsius
3093 3156 3394 3214 charitatis
3437 3157 3689 3213 manife-

2040 3252 2246 3322 statur,
2282 3247 2547 3319 quamvis
2579 3247 2841 3303 nondum
2872 3245 3177 3303 visibiliter
3217 3263 3527 3319 apparens,
3560 3268 3589 3296 ‹‹
3623 3247 3690 3302 Et

2041 3360 2068 3389 «
2098 3335 2351 3393 cbaritas
2381 3337 2507 3408 ejus
2538 3335 2597 3390 in
2626 3335 2794 3391 nobis
2826 3335 3080 3408 perfecta
3108 3339 3213 3391 est.
3248 3357 3277 3386 »
3299 3335 3687 3402 Quaerendum

2040 3430 2237 3482 autem
2269 3425 2561 3498 quomodo
2593 3424 2748 3480 dicat
2776 3424 3188 3497 perfectionem
3239 3423 3447 3480 divinas
3499 3422 3686 3480 chari-

2038 3514 2179 3570 tatis
2210 3514 2269 3569 in
2311 3517 2517 3569 mutua
2545 3513 2855 3569 dilectione
2886 3512 3373 3581 consistere,cum
3406 3510 3689 3568 Dominus

2040 3603 2099 3658 in
2133 3602 2440 3676 Evangelia
2472 3602 2829 3675 pronuntiet,
2861 3619 2976 3657 non
3007 3618 3134 3657 esse
3167 3618 3470 3676 magnum,
3491 3601 3544 3658 si
3566 3600 3695 3657 dili-

2040 3710 2250 3765 gamus
2278 3710 2377 3748 eos
2408 3691 2508 3764 qui
2540 3709 2647 3748 nos
2678 3690 2951 3764 diligunt,
2986 3690 3100 3748 nisi
3133 3692 3204 3747 ad
3227 3690 3498 3747 inimicos
3515 3691 3693 3747 etiam

2041 3781 2135 3851 (de
2166 3782 2381 3853 quibus
2413 3781 2507 3836 hic
2522 3781 2961 3854 penitustaccre
2974 3780 3221 3854 videtur)
3240 3781 3446 3837 eadem
3465 3779 3696 3836 dilectio

2042 3871 2356 3942 pertingat,
2391 3870 2505 3926 nisi
2531 3870 2677 3926 forte
2710 3870 2867 3942 ipsos
2889 3886 3122 3942 quoque
3156 3869 3427 3926 inimicos
3458 3868 3698 3927 fraterni

2043 3959 2262 4014 amoris
2296 3958 2513 4014 intuitu
2545 3958 2785 4031 diligere
2825 3959 3129 4030 jubemur,
3175 3957 3446 4016 videlicet
3476 3963 3540 4015 ut
3583 3975 3698 4015 non

2044 4064 2275 4119 semper
2298 4046 2521 4103 inimici
2552 4051 2913 4114 remaneant,
2947 4047 3049 4103 sed
3064 4046 3411 4120 resipiscant
3431 4065 3465 4104 a
3481 4046 3701 4104 diaboli

2044 4135 2294 4209 laqueis,
2329 4135 2614 4207 nobisque
2642 4152 2922 4208 germano
2965 4135 3177 4192 fmdere
3225 4135 3540 4191 socientur.
3577 4156 3606 4186 «
3638 4126 3700 4191 Si

2046 4248 2073 4278 «
2108 4225 2446 4299 diligamus,
2480 4224 2694 4296 inquit,
2711 4222 3194 4290 «invicem,Deus
3221 4222 3279 4279 in
3296 4223 3463 4279 nobis
3480 4226 3698 4293 manet,

2050 4339 2069 4365 α
2106 4320 2161 4371 et
2190 4313 2449 4370 charitas
2482 4314 2611 4385 ejus
2660 4312 2916 4385 perfecta
2973 4315 3080 4369 est.
3115 4335 3141 4363 ››
3196 4311 3391 4386 Incipe
3431 4310 3700 4386 diligere,

2048 4404 2358 4477 perficiens
2391 4402 2617 4475 cmpisti
2647 4401 2929 4476 diligere?
2959 4401 3132 4475 coepit
3174 4401 3232 4457 in
3264 4406 3319 4458 te
3344 4401 3499 4458 Deus
3538 4398 3701 4458 habi-

2049 4497 2193 4562 tare,
2228 4497 2291 4548 ut
2320 4491 2634 4566 perfectius
2682 4491 3001 4547 habitando
3050 4490 3228 4547 faciat
3256 4496 3309 4547 te
3352 4490 3697 4565 perfectum.

2123 4641 2150 4669 «
2187 4618 2249 4673 In
2276 4616 2386 4673 hoc
2416 4616 2827 4690 cognoscimus
2840 4618 2991 4688 quod
3014 4615 3072 4671 in
3088 4632 3156 4672 eo
3171 4615 3700 4687 manemus,etipse

2053 4730 2080 4757 ‹‹
2114 4708 2171 4762 in
2207 4706 2395 4775 nobis,
2427 4706 2708 4778 quoniam
2740 4706 2811 4762 de
2842 4705 3054 4778 spiritu
3097 4723 3203 4761 suo
3235 4705 3396 4761 dedit
3444 4704 3633 4760 nobis.
3668 4727 3698 4756 ››

2048 4801 2168 4852 Hoc
2198 4796 2391 4868 ipsum
2425 4796 2579 4868 quod
2611 4796 2682 4851 de
2713 4796 2923 4868 spiritu
2956 4812 3062 4851 suo
3093 4794 3254 4851 dedit
3285 4793 3390 4850 tibi
3424 4794 3577 4849 unde
3605 4809 3700 4849 co-

2049 4884 2323 4957 gnoscis?
2357 4890 2657 4957 Interroga
2685 4885 2907 4940 viscera
2937 4888 3057 4951 tua,
3086 4883 3135 4939 si
3169 4882 3343 4955 plena
3361 4886 3500 4939 sunt
3519 4881 3706 4938 chari-

2052 4978 2189 5030 tate.
2222 4972 2400 5029 babes
2428 4973 2702 5045 spiritum
2728 4971 3042 5042 Dei,Paulo
3074 4972 3357 5044 teste,qui
3387 4972 3495 5029 ait:
3514 4994 3541 5023 α
3560 4972 3707 5038 Quia

2052 5063 2304 5120 Charitas
2333 5062 2433 5118 Dei
2464 5062 2681 5118 diffusa
2710 5065 2796 5118 est
2826 5060 2887 5117 in
2917 5061 3193 5117 cordibus
3223 5060 3439 5118 nosiris
3464 5078 3566 5134 per
3584 5061 3709 5135 Spi-

2055 5153 2232 5208 ritum
2265 5155 2555 5219 sanctum,
2589 5150 2689 5223 qui
2720 5151 2894 5207 datus
2925 5154 3015 5206 est
3046 5150 3216 5207 nobis
3240 5151 3416 5223 (Rom.
3449 5152 3527 5224 v).
3561 5172 3591 5202 »

2128 5291 2155 5318 ‹‹
2190 5269 2259 5323 Et
2288 5284 2393 5324 nos
2424 5266 2678 5324 vidimus
2709 5270 2766 5323 et
2792 5266 3196 5335 testiﬁeamur,
3230 5267 3508 5340 quoniam
3540 5268 3710 5324 Pater

2056 5379 2084 5407 ‹‹
2117 5356 2281 5413 misit
2313 5356 2521 5412 Filium
2556 5373 2732 5412 suum
2757 5355 3101 5413 salvatorem
3121 5356 3347 5413 mundi.
3381 5380 3410 5408 ››
3440 5358 3620 5413 Nemo
3635 5356 3708 5413 de

2053 5446 2247 5502 salute
2277 5462 2384 5502 sua
2413 5444 2857 5517 desperet,quia
2871 5444 3347 5519 etsimagnisunt
3375 5445 3564 5502 morbi
3580 5460 3708 5501 sce-

2054 5535 2244 5592 lerum
2276 5533 2377 5607 qui
2406 5532 2765 5606 deprimunt,
2781 5533 3151 5608 omnipotens
3168 5535 3322 5592 Deus
3335 5539 3422 5591 est
3442 5532 3705 5590 medicus

2055 5625 2160 5708 qui
2173 5622 2376 5698 salvat,
2391 5626 2624 5685 tantum
2638 5622 3250 5701 memineritquisque,
3275 5623 3429 5695 quod
3444 5622 3598 5678 idem
3612 5618 3703 5678 Fr-

3307 5747 3386 5835 19
