4050 6174
380 334 383 335 ⁷
485 329 601 390 587

1024 323 1432 387 IlAYMONlS
1479 323 2012 385 llALBERSTA'l‘.
2061 316 2313 383 EPISC.
2360 320 2532 380 OPP.
2577 320 2805 383 PARS.
2855 321 2933 382 ll.
2964 351 3043 369 -
3072 320 3334 384 HOMIL.
3718 328 3813 391 588

486 462 603 519 lius:
632 461 861 533 Dei,qui
894 459 1047 514 venit
1077 459 1236 515 mitis
1267 464 1331 515 ut
1353 458 1619 523 salvaret,
1646 461 1923 511 venturus
1956 458 2041 509 est
2068 459 2126 507 ut
2155 454 2211 519 Α
2233 452 2465 522 judicii,
2503 475 2530 503 ‹‹
2564 454 2701 525 quia
2733 455 2889 510 sicut
2915 456 3012 510 ille
3043 461 3152 527 est,
3184 462 3238 512 et
3284 474 3385 512 nos
3414 473 3602 512 sumus
3648 459 3697 513 in
3724 460 3813 518 hoc

487 551 789 613 districtus
810 548 1056 621 judicet.

561 666 589 695 «
623 640 967 711 Quicunque
997 638 1300 714 confessus
1332 636 1502 693 fuerit
1532 635 1807 709 quoniam
1846 634 2018 690 Jesus
2044 636 2135 689 est

491 756 517 783 ‹‹
553 730 736 786 Filius
761 727 885 798 Dei,
919 728 1072 782 Deus
1110 726 1167 781 in
1200 743 1264 781 eo
1316 730 1531 791 manet,
1566 732 1619 779 et
1654 725 1775 796 ipse
1830 723 1887 778 in
1936 727 2069 777 Deo.
2104 742 2131 769 »

491 820 808 878 Perfectam
843 817 1035 872 cordis
1067 814 1487 871 confessionem
1514 813 1672 880 dicit,
1694 812 1846 884 quod
1868 830 1967 866 nec
1987 800 2135 866 male

491 906 862 967 suadentium
879 906 1277 961 haereticorum
1295 904 1479 977 possit
1494 904 1695 959 fraude
1708 901 2136 973 corrumpi,nec

492 995 965 1073 persequentium
1007 1011 1367 1067 paganorum
1399 992 1705 1049 tormentis
1732 989 2133 1063 conquassari,

494 1105 597 1144 nec
629 1083 950 1142 carnalium
982 1084 1225 1139 fratrum
1245 1082 1543 1155 exemplis,
1568 1099 1672 1138 nec
1698 1080 1941 1153 prem-ire
1969 1079 2140 1151 fragi-

492 1176 672 1232 litatis
703 1173 951 1247 segnitia
984 1173 1254 1229 titubare.
1290 1174 1438 1228 Sunt
1467 1171 1680 1227 etenim
1701 1171 1797 1243 qui
1820 1170 1996 1225 etiam
2019 1184 2143 1223 ver-

491 1265 582 1322 bis
614 1263 1180 1336 negantesseJesum
1195 1262 1403 1317 Filium
1424 1260 1542 1328 Dei,
1558 1258 1762 1332 quales
1779 1257 1944 1314 multi
1961 1256 2139 1312 fuisse

446 1412 453 1418 ,
492 1354 820 1428 produntur
850 1369 914 1407 eo
945 1353 1072 1424 ipso
1103 1350 1645 1423 tempore,quoha~.c
1659 1347 2140 1403 scribebatJoan-

492 1461 615 1499 nes.
648 1443 797 1499 Sunt
827 1442 966 1496 item
999 1441 1098 1513 qui
1124 1442 1476 1495 conﬁtentur
1504 1439 1714 1503 verbis,
1748 1437 1916 1492 factis
1946 1440 2141 1491 autem

492 1536 727 1605 negant.
767 1532 923 1587 Unde
956 1531 1098 1585 bene
1130 1530 1228 1602 qui
1264 1546 1416 1584 nunc
1450 1528 1560 1583 ait:
1592 1554 1616 1576 ‹‹
1644 1527 1985 1598 Quicunque
2006 1543 2142 1580 con-

491 1621 681 1678 fessus
713 1620 886 1675 fuerit
916 1618 1193 1691 quoniam
1217 1618 1388 1673 Jesus
1419 1622 1506 1672 est
1539 1615 1719 1671 Filius
1748 1614 1869 1681 Dei,
1904 1615 2057 1670 Deus
2086 1614 2142 1668 in

490 1728 557 1767 eo
589 1714 808 1778 manet,
839 1712 896 1764 et
934 1708 1058 1779 ipse
1106 1708 1164 1762 in
1219 1708 1353 1775 Deo,
1394 1731 1419 1755 υ
1480 1705 1606 1778 ipse
1654 1703 1827 1776 paulo
1874 1702 2145 1775 superius

493 1799 676 1855 dixit:
711 1822 738 1848 «
772 1797 829 1851 Si
862 1796 1175 1870 diligamus
1208 1795 1473 1863 invicem,
1527 1795 1680 1850 Deus
1709 1794 1767 1848 in
1814 1792 1981 1847 nobis
2020 1809 2143 1847 ma-
2176 1825 2220 1890 Β

491 1886 960 1955 net,»insinuans
990 1885 1245 1957 profecto
1259 1884 1394 1957 quia
1409 1882 1676 1956 quisquis
1700 1881 2064 1937 dilectionem
2084 1881 2140 1935 in

491 1978 705 2033 fratres
736 1974 934 2042 habet,
968 1972 1063 2029 ille
1092 1973 1294 2029 Jesum
1330 1972 1430 2027 Dei
1462 1988 1589 2027 esse
1622 1970 1832 2026 Filium
1873 1974 2141 2025 testatur.

573 2087 601 2116 ‹‹
638 2066 704 2121 Et
732 2081 837 2120 nos
867 2062 1245 2136 cognovimus
1267 2061 1629 2118 etcredimus
1658 2058 2142 2131 charitati,quam

502 2178 529 2205 ‹‹
561 2154 738 2210 habet
770 2158 922 2209 Deus
956 2152 1016 2207 in
1066 2151 1254 2208 nobis.
1292 2174 1319 2201 »
1369 2150 1755 2223 Cognovimus
1804 2148 1941 2221 quia
1970 2148 2143 2205 Jesus

494 2248 584 2300 est
623 2241 803 2299 Filius
834 2241 956 2310 Dei,
989 2245 1047 2297 et
1075 2240 1212 2313 quia
1238 2240 1408 2295 Pater
1439 2240 1599 2294 misit
1629 2255 1763 2293 eum
1796 2238 2141 2293 salvatorem

494 2329 721 2400 mundi,
755 2335 812 2386 et
841 2329 1135 2385 credimus
1166 2328 1457 2392 cliaritati,
1493 2345 1669 2399 quam
1703 2326 1878 2382 habet
1898 2326 2051 2382 Deus
2083 2326 2140 2382 in

495 2421 684 2490 nobis,
714 2418 853 2492 quia
881 2417 1148 2475 videlicet
1176 2434 1309 2472 cum
1359 2416 1599 2472 haberet
1650 2416 1913 2482 unicum,
1957 2413 2143 2470 noluit

492 2526 620 2567 esse
650 2525 856 2576 unum,
891 2507 991 2562 sed
1008 2507 1291 2562 utfratres
1306 2504 1565 2572 haberet,
1586 2503 2027 2577 adoptavitillos
2040 2504 2141 2576 qui

495 2616 628 2655 cum
657 2597 756 2653 illo
810 2595 1177 2670 possiderent
1223 2595 1401 2650 vitam
1451 2597 1748 2661 externam,
1801 2594 1954 2650 Deus
2004 2594 2141 2649 cha-

492 2688 686 2744 «ritas
716 2690 824 2743 est.
862 2709 888 2735 ››
920 2690 984 2740 In
1019 2684 1129 2740 hoc
1156 2683 1429 2756 superius
1464 2681 1708 2754 dixerat,
1757 2699 1885 2739 ecce
1926 2683 2140 2738 iterum

492 2776 651 2834 dicit.
677 2768 1075 2848 Amplius-tibi
1109 2790 1223 2828 non
1237 2772 1427 2844 potuit
1445 2771 1841 2828 commendari
1863 2772 2138 2839 charitas,

468 2870 673 2938 'quam
705 2869 769 2920 ut
797 2863 1088 2919 diceretur
1114 2861 1469 2917 Deus.Forte
1498 2860 2140 2932 munusDeicontemp-

462 2950 660 3011 'turus
690 2970 842 3019 eras,
876 2952 1143 3024 nunquid
1175 2954 1231 3006 et
1261 2951 1441 3005 Deum
1475 2948 1841 3005 contemnis?
1875 2970 1902 2998 ‹‹
1933 2949 2002 3004 Et
2041 2948 2140 3021 qui

497 3066 525 3094 α
557 3045 753 3098 manet
784 3040 842 3095 in
874 3039 1178 3105 charitate,
1212 3040 1269 3094 in
1304 3044 1415 3094 Deo
1450 3043 1645 3094 manet
1675 3042 1730 3093 et
1761 3038 1913 3093 Deus
1936 3037 1993 3091 in
2016 3054 2138 3093 eo.»

494 3130 767 3187 Vicissim
800 3130 858 3185 in
885 3146 946 3186 se
974 3129 1261 3196 habitant,
1287 3128 1384 3200 qui
1409 3127 1662 3182 continet
1684 3130 1738 3182 et
1761 3125 1860 3198 qui
1882 3127 2141 3183 contine-

494 3226 609 3277 tur.
643 3219 883 3277 Habitas
915 3218 973 3274 in
1007 3219 1143 3286 Deo,
1178 3217 1276 3273 sed
1306 3197 1373 3270 ut
1405 3197 1792 3272 contineariszi
1828 3214 2053 3272 habitat
2086 3217 2142 3272 in
2174 3197 2217 3263 (ἶ

495 3315 550 3367 te
582 3312 754 3379 Deus,
790 3309 892 3367 sed
924 3312 987 3363 ut
1016 3307 1309 3363 contineat
1339 3309 1393 3359 te
1426 3323 1495 3360 ne
1536 3305 1735 3366 cadas.
1781 3304 1940 3375 quia,
1991 3305 2143 3362 sicut

454 3458 463 3465 _
494 3400 806 3473 Apostolus
840 3398 909 3452 de
932 3396 1062 3468 ipsa
1082 3394 1361 3450 charitate
1383 3393 1543 3459 dicit,
1567 3392 1823 3449 charitas
1837 3411 2140 3466 nunquam

493 3487 647 3544 cadit
679 3487 724 3559 (ι
754 3487 874 3542 Cor.
912 3485 1047 3556 xui).
1089 3482 1387 3549 Quomodo
1432 3481 1607 3546 cadit,
1657 3498 1828 3553 quem
1883 3484 2142 3541 continet

621 3593 649 3629 S

621 3593 649 3629 s

494 3574 693 3719 Deiri:
724 3661 832 3719 hoc
866 3659 1120 3733 perlecta
1151 3661 1237 3714 est
1264 3656 1518 3714 charitas
1549 3658 1879 3726 nobiscum,
1902 3664 1965 3716 ut
1992 3663 2139 3718 ﬁdu-

493 3775 521 3803 «
557 3751 707 3807 ciam
738 3746 1139 3805 habeamusin
1162 3746 1486 3817 diejudicii‘
1519 3746 1833 3819 nQuisquis
1862 3749 2138 3807 ﬁduciam

489 3839 667 3895 habet
693 3838 751 3894 in
786 3837 876 3893 die
925 3834 1154 3908 judicii,
1211 3835 1465 3907 perfecta
1497 3839 1585 3891 est
1643 3836 1697 3891 in
1732 3836 1826 3892 illo
1860 3837 2133 3895 charitas.

490 3928 638 3995 Quid
670 3931 758 3983 est
787 3926 1002 3982 habere
1037 3924 1308 3980 ﬁduciam
1336 3924 1389 3978 in
1424 3924 1777 3996 diejudicii?
1800 3944 1914 3981 non
1935 3929 2137 3984 timere

488 4034 559 4073 ne
590 4016 781 4072 veniat
811 4015 936 4071 dies
959 4014 1191 4085 judicii.
1225 4016 1367 4069 Cum
1381 4013 1535 4070 enim
1551 4013 1737 4086 primo
1754 4015 1823 4069 ad
1849 4017 2134 4087 pmniten-

380 4156 381 4159 η
486 4105 629 4163 dum
663 4122 724 4162 se
754 4106 824 4162 de
855 4103 1027 4160 malis
1055 4103 1282 4159 actibus
1313 4102 1677 4169 converterit,
1712 4103 2135 4176 incipittimere

484 4196 638 4251 diem
663 4194 894 4266 judicii,
917 4210 989 4249 ne
1001 4191 1989 4264 videlicetapparentejustojudice,
2011 4194 2136 4266 ipse

484 4284 813 4341 damnetur.
848 4283 1129 4339 Processu
1161 4299 1291 4337 vero
1325 4282 1487 4337 bona:
1520 4282 1977 4338 conversationis
2008 4284 2133 4338 ani-

484 4378 701 4439 matus,
734 4372 905 4429 discit
934 4388 1047 4427 non
1082 4371 1287 4426 timere
1320 4370 1473 4441 quod
1508 4369 1770 4437 timebat,
1805 4370 1905 4425 sed
1937 4371 2135 4442 potius

482 4468 705 4534 optare,
735 4466 801 4517 ut
830 4461 1021 4516 veniat
1052 4459 1145 4515 ille
1174 4460 1541 4514 desideratus
1591 4460 1817 4514 cunctis
1859 4460 2132 4531 gentibus

2245 543 2486 597 mundo.
2511 566 2539 593 ››
2557 543 2842 601 lmitando
2858 543 3126 600 videlicet
3136 544 3530 617 perfectionem
3542 545 3815 606 dilectionis

2242 631 2302 689 in
2337 633 2577 701 mundo,
2612 634 2781 705 cujus
2812 633 2906 690 ille
2935 632 3264 705 exemplum
3295 634 3818 710 nobisquotidiepm-

2243 722 2339 777 bet
2371 723 2441 777 de
2471 722 2632 779 00010.
2675 724 2749 779 De
2781 740 2896 795 qua
2926 722 3189 780 Salvator
3220 723 3279 778 in
3307 723 3621 797 Evangelio:
3655 749 3678 775 ‹‹
3705 726 3819 783 Dili-

2242 811 2380 882 gite,
2418 836 2440 858 ιι
2477 810 2688 883 inquit,
2727 835 2754 861 ‹‹
2790 812 3058 868 inimicos
3088 816 3327 879 vestros,
3358 817 3413 868 et
3438 816 3586 868 orate
3612 829 3701 885 pro
3718 832 3817 887 per-

2245 900 2625 972 sequentibus
2658 918 2757 956 vos
2790 901 2999 956 utsitis
3028 900 3126 956 ﬁlii
3147 901 3333 957 Patris
3370 902 3530 957 vestri
3566 903 3651 974 qui
3672 904 3721 959 in
3739 921 3824 960 ca:-

2245 988 2319 1045 lis
2349 993 2461 1057 est,
2489 989 2587 1061 qui
2612 988 2792 1044 solem
2811 1006 2984 1045 suum
3003 989 3139 1045 oriri
3167 989 3821 1062 facitsuperbonosetma—

2244 1077 2352 1146 los,
2386 1083 2441 1132 et
2472 1076 2620 1150 pluit
2649 1094 2827 1150 super
2866 1079 3066 1149 justos
3094 1082 3150 1133 et
3197 1077 3445 1150 injustos
3490 1078 3675 1151 (Matth.
3711 1082 3773 1150 ν).
3802 1105 3822 1130 η

2319 1190 2345 1216 ‹‹
2380 1166 2581 1221 Timor
2610 1183 2724 1222 non
2758 1171 2838 1221 est
2874 1166 2933 1221 in
2965 1166 3268 1234 charitate,
3303 1190 3329 1215 ››
3363 1166 3423 1223 In
3473 1167 3563 1222 tali
3612 1168 3824 1224 videlicet

2250 1255 2550 1323 charitate,
2599 1272 2726 1328 quae
2777 1256 2848 1311 ad
2904 1255 3289 1311 imitationem
3338 1255 3533 1311 divina:
3578 1256 3821 1324 bonitatis,

2249 1345 2424 1400 etiam
2461 1344 2715 1400 inimicis
2764 1344 3121 1413 benefacere,
3178 1348 3235 1400 et
3274 1344 3379 1399 hos
3425 1344 3646 1418 diligere
3686 1348 3821 1413 novit,

2252 1456 2279 1483 ‹‹
2314 1434 2413 1489 sed
2446 1434 2702 1506 perfecta
2733 1433 2988 1489 charitas
3023 1433 3179 1489 foras
3218 1432 3394 1488 mittit
3435 1434 3695 1488 timorem.
3726 1432 3826 1489 nll-

2253 1522 2375 1579 lum
2409 1522 2629 1578 scilicet
2665 1523 2956 1591 timorem,
2984 1523 3056 1578 de
3086 1540 3200 1595 quo
3232 1522 3472 1577 dicitur:
3508 1521 3827 1578 «lnitiumsa-

2254 1611 2481 1685 pientice
2515 1612 2690 1667 timor
2725 1611 2952 1668 Domini
2983 1613 3155 1681 (Psal.
3190 1616 3302 1680 cx).
3337 1634 3363 1661 ››
3394 1613 3511 1676 Quo
3539 1610 3687 1666 timet
3702 1612 3826 1683 quis-

2254 1719 2391 1774 que,
2422 1700 2709 1773 incipiens
2739 1718 2914 1774 opera
2935 1701 3203 1773 justitiaa,
3238 1718 3311 1757 ne
3339 1700 3527 1757 veniat
3535 1699 3745 1773 justitie
3761 1700 3827 1756 di-

2254 1791 2494 1847 strictus
2524 1790 2726 1862 judex,
2761 1794 2816 1845 et
2866 1807 2928 1846 se
2960 1790 3158 1847 minus
3206 1790 3545 1863 castigatum
3589 1790 3827 1845 inveniens

2251 1880 2506 1935 damnet.
2543 1878 2647 1935 Illa
2675 1879 2931 1935 charitas
2961 1878 3123 1952 pellit
3150 1880 3306 1936 foras
3334 1879 3607 1947 timorem,
3630 1895 3734 1951 qua
3751 1895 3827 1951 pro

2251 1969 2456 2026 merito
2474 1970 2716 2041 justitim
2751 1969 3025 2044 ﬁduciam
3056 1970 3236 2026 habet
3266 1970 3322 2025 in
3354 1967 3661 2041 diejudicii.
3682 1968 3828 2024 Sedet

2250 2059 2627 2132 praesentium
2659 2058 3076 2115 adversitatum
3100 2058 3372 2115 timorem
3384 2055 3829 2132 perlectacharitas

2250 2148 2405 2220 ejicit
2434 2165 2502 2204 ex
2533 2148 2751 2216 animo,
2779 2165 2956 2220 quam
2974 2147 3190 2204 habere
3210 2145 3625 2221 quaerebat,qui
3639 2146 3828 2202 Domino

2251 2235 2609 2309 supplicans,
2644 2236 2756 2292 ait:
2792 2260 2819 2287 ‹‹
2854 2238 2892 2293 Α
2941 2237 3150 2293 timore
3176 2236 3399 2293 inimici
3447 2235 3590 2309 eripe
3624 2234 3828 2291 animam

2252 2344 2441 2382 meam
2473 2327 2644 2397 (Psal.
2679 2330 2856 2397 um),
2892 2349 2919 2376 ››
2953 2343 3129 2399 quam
3160 2326 3416 2383 habebat
3441 2325 3537 2398 qui
3564 2324 3705 2380 dixit:
3725 2321 3829 2387 Quis

2251 2432 2359 2471 nos
2389 2414 2685 2488 separabit
2713 2433 2747 2471 a
2776 2415 3056 2471 charitate
3085 2413 3829 2471 Christi?tribulatio?anan-

2250 2503 2483 2578 gustia?
2514 2522 2587 2559 an
2619 2504 2973 2577 persecutio?
3005 2521 3078 2560 an
3100 2504 3318 2561 fames?
3344 2522 3417 2560 an
3434 2501 3829 2572 nuditas?anpe-

2251 2593 2534 2650 riculum?
2552 2611 2624 2649 an
2644 2592 2904 2666 gladius?
2921 2594 3094 2665 (Rom.
3108 2595 3231 2665 VIII)
3256 2597 3362 2650 etc.
3383 2618 3409 2643 ‹‹
3427 2591 3683 2659 Quoniam
3697 2589 3830 2645 timor

2254 2706 2281 2734 ‹‹
2315 2700 2546 2756 pmnam
2579 2683 2777 2739 habet.
2811 2706 2839 2734 ››
2874 2683 3130 2755 Torquet
3156 2699 3261 2739 cor
3277 2680 3829 2753 conscientiapeccato—

2251 2790 2404 2836 rum,
2437 2773 2697 2829 nondum
2726 2773 2874 2827 facta
2901 2776 2991 2828 est
3021 2771 3318 2845 cogitatio.
3343 2770 3544 2828 Ideoin
3566 2767 3758 2825 Psalmo
3773 2764 3826 2820 de

2252 2862 2379 2935 ipsa
2419 2860 2768 2934 perfectione
2811 2860 3086 2933 justitim:
3143 2883 3169 2911 ‹‹
3201 2860 3560 2927 Converlisti,
3594 2881 3618 2908 ιι
3662 2854 3824 2927 inquit.

2251 2976 2277 3001 ‹‹
2313 2950 2611 3022 planctum
2643 2966 2838 3006 meum
2861 2950 2917 3005 in
2932 2950 3215 3022 gaudium
3236 2949 3401 3015 mihi,
3420 2944 3825 3005 conscidistisac-

2251 3057 2383 3095 cum
2419 3056 2613 3095 meum
2645 3042 2702 3095 et
2733 3038 3084 3111 prmcinxisti
3116 3056 3207 3095 me
3238 3037 3467 3094 laetitia:
3501 3029 3823 3092 utcantettibi

2250 3129 2436 3203 gloria
2464 3145 2613 3198 mea,
2646 3132 2704 3184 et
2729 3145 2842 3184 non
2876 3145 3240 3201 compungar
3273 3128 3418 3184 Psal.
3438 3127 3601 3197 xxxx).
3626 3145 3644 3175 ο
3668 3122 3717 3179 Id
3743 3123 3823 3186 est,

2251 3236 2366 3274 non
2398 3218 2476 3273 sit
2506 3218 2660 3289 quod
2678 3216 2939 3273 stimulet
2951 3216 3372 3274 conscientiam
3392 3232 3589 3273 meam.
3606 3207 3827 3270 Stimulat

2250 3307 2553 3375 timor,sed
2573 3305 2685 3363 noli
2703 3305 3112 3372 timere,intrat
3122 3306 3379 3363 charitas
3390 3322 3511 3379 qua:
3523 3306 3826 3371 sanat,quem

2249 3395 2515 3453 vulnerat
2544 3396 2721 3451 timor
2751 3417 2778 3445 «
2812 3395 2919 3461 Qui
2948 3398 3143 3451 autem
3158 3396 3347 3463 timet;
3364 3412 3473 3451 non
3504 3389 3827 3465 estperfoctus

2249 3488 2309 3544 in
2335 3487 2636 3544 charitate.
2672 3509 2698 3535 ››
2730 3486 2875 3551 Quia
2904 3486 3183 3542 nimirum
3216 3487 3397 3541 timor
3425 3498 3640 3557 ι)ωοοω
3676 3477 3827 3538 habet.

2251 3575 2516 3649 quamvis
2547 3574 3027 3631 sicutsectionem
3040 3574 3252 3631 medici
3268 3573 3431 3631 salus
3456 3573 3655 3644 optata,
3675 3562 3826 3622 istati-

2250 3682 2472 3721 morem
2495 3664 2749 3720 charitas
2779 3663 3107 3720 desiderata
3135 3662 3531 3735 subsequitur.
3553 3658 3652 3713 Nec
3676 3649 3825 3728 putari

2249 3756 2420 3811 debet
2435 3752 2694 3809 his'beati
2716 3753 2961 3810 Joannis
2974 3752 3351 3808 sermonibus
3371 3768 3492 3808 esse
3506 3743 3826 3805 contrarium.

2249 3844 2403 3917 quod
2418 3840 2729 3899 Psalmista
2742 3841 2901 3898 dicit:
2925 3863 2952 3892 ‹‹
2966 3842 3165 3897 Timor
3176 3840 3409 3898 Domini
3423 3843 3644 3896 sanctus
3654 3844 3831 3906 perma-

2249 3938 2346 3988 net
2358 3932 2415 3987 in
2430 3930 2709 3987 smculnm
2724 3930 3099 4003 sceculi(Psal.
3119 3931 3300 4003 xviii).
3313 3955 3338 3979 ››
3352 3930 3474 3986 Duo
3489 3938 3713 3996 namque
3724 3918 3827 3974 sunt

2247 4019 2504 4076 timores.
2543 4020 2719 4087 Unus,
2753 4035 2867 4090 quo
2899 4017 3108 4073 timent
3136 4017 3410 4073 homines
3441 4016 3610 4072 Deum
3643 4027 3703 4067 ne
3720 4006 3825 4063 mit-

2244 4114 2446 4165 tantur
2474 4108 2531 4163 in
2562 4108 2908 4181 gehennam.
2944 4107 3071 4179 Ipse
3095 4110 3184 4162 est
3205 4106 3384 4163 timor
3413 4094 3824 4175 illequiintrodu-

2245 4198 2322 4254 cit
2379 4198 2744 4265 eharitatem,
2804 4196 2903 4251 sed
2935 4195 3019 4251 sic
3074 4195 3233 4250 venit
3263 4199 3329 4251 ut
3379 4197 3555 4251 exeat.
3606 4188 3659 4245 Si
3700 4182 3821 4242 enim

2244 4287 2435 4341 adhuc
2467 4289 2699 4358 propter
2728 4301 2928 4357 pmnas
2960 4284 3132 4339 times
3170 4283 3377 4351 Deum,
3424 4280 3666 4338 nondum
3699 4283 3825 4329 amas

2244 4392 2416 4448 quem
2451 4376 2533 4431 sic
2566 4374 2762 4430 times:
2799 4391 2913 4429 non
2941 4374 3093 4429 bona
3126 4372 3447 4438 desideras,
3480 4367 3577 4425 sed
3608 4361 3826 4448 malaca-

2240 4444 2360 4535 ves,
2390 4463 2502 4519 Sed
2534 4479 2601 4518 cx
2631 4478 2697 4516 eo
2728 4461 2881 4533 quod
2914 4460 3071 4517 mala
3095 4477 3305 4517 cavens
3329 4457 3565 4531 corrigis
3585 4444 3826 4535 te,incipi8

483 4533 634 4622 (.«lgg.
670 4550 754 4622 ιι),
786 4567 1030 4622 sperans
1061 4566 1121 4605 se
1158 4565 1290 4603 cum
1324 4548 1541 4603 sanctis
1561 4547 1767 4603 merito
1789 4547 1949 4603 bans:
1964 4549 2134 4605 actio-
2164 4566 2211 4632 Ι)
2243 4558 2299 4610 et
2329 4533 2483 4610 bona
2513 4550 2861 4607 desiderare.
2894 4550 3040 4605 Cum
3073 4550 3226 4605 bona
3257 4548 3581 4605 desiderare
3614 4533 3825 4611 carperis,

482 4639 574 4695 nis
605 4656 732 4695 esse
764 4639 1181 4694 coronandum.
1207 4636 1369 4691 Unde
1384 4639 1577 4691 autem
1613 4636 1958 4692 ﬁduciamin
1974 4638 2129 4694 diem

472 4728 684 4800 judicii
716 4728 931 4785 habere
963 4742 1303 4799 possumus,
1335 4724 1564 4796 plenius
1597 4725 1901 4782 subdcndo
1943 4728 2128 4783 mani-

481 4819 671 4875 festat.
708 4843 735 4870 «
770 4818 917 4883 QUl't
946 4818 1098 4873 sicut
1128 4814 1223 4870 ille
1269 4818 1375 4879 est,
1428 4818 1483 4868 et
1515 4831 1620 4870 nos
1653 4831 1861 4870 sumus
1910 4816 1967 4871 in
2020 4816 2129 4873 hoc

479 4931 505 4959 «
542 4911 784 4976 mundo,
823 4931 849 4956 »
882 4904 1161 4977 Nunquid
1196 4920 1328 4959 vero
1361 4906 1549 4974 potest
1580 4919 1706 4959 esse
1754 4903 1927 4959 homo
1978 4905 2131 4961 sicut

476 4999 665 5055 Deus?
696 4998 795 5054 sed
828 5001 883 5052 et
916 4993 1254 5050 meminisse
1281 4995 1526 5064 oportet,
1566 4992 1717 5062 quod
1753 4997 1809 5047 et
1843 5009 2020 5064 supra
2042 4994 2128 5048 di-

477 5091 636 5142 ctum
667 5090 774 5141 est.
808 5085 945 5155 quia
977 5101 1091 5139 non
1126 5099 1358 5153 semper
1389 5080 1457 5135 ad
1492 5079 1887 5152 mqualitatem
1918 5080 2133 5137 dicitur

474 5176 635 5242 sicut,
669 5174 767 5229 sed
802 5173 1016 5228 dicitur
1045 5172 1115 5227 ad
1150 5171 1465 5243 quamdam
1491 5167 1959 5224 similitudinem.
1985 5171 2130 5234 Quo-

477 5262 654 5317 modo
683 5260 839 5317 enim
867 5262 1036 5326 dicis,
1088 5259 1241 5315 sicut
1288 5276 1458 5315 aures
1507 5257 1710 5312 habeo.
1744 5257 1823 5312 ita
1870 5257 2043 5315 habet
2073 5264 2131 5316 et

474 5349 711 5422 imago?
740 5350 1019 5421 Nunquid
1081 5348 1341 5404 omnimo
1391 5346 1512 5402 sic?
1570 5347 1678 5401 Sed
1716 5350 1908 5401 tamen
1960 5346 2124 5415 dicis,

470 5439 631 5494 sicut.
665 5437 723 5494 Si
755 5436 912 5492 enim
945 5437 1080 5494 facti
1115 5454 1323 5493 sumus
1354 5436 1425 5492 ad
1460 5435 1773 5507 imaginem
1809 5435 1926 5502 Dei,
1947 5452 2126 5507 quare

474 5544 591 5583 non
623 5526 778 5585 sicut
810 5527 961 5584 Deus
975 5526 1229 5583 sumus?
1251 5526 1372 5581 Non
1389 5526 1458 5580 ad
1476 5523 1889 5596 aequalitatem,
1906 5524 2006 5580 sed
2021 5543 2125 5598 pro

471 5615 710 5678 modulo
739 5621 956 5678 nostro.
995 5614 1134 5676 Inde
1163 5632 1300 5690 ergo
1327 5613 1496 5673 nobis
1517 5613 1689 5671 datur
1708 5612 1926 5673 ﬁducia
1957 5612 2124 5675 indie

2241 4643 2350 4697 erit
2377 4642 2433 4695 in
2466 4646 2521 4695 te
2554 4640 2730 4695 timor
2759 4642 3018 4707 sanctus,
3048 4637 3143 4693 ille
3173 4637 3414 4709 scilicet,
3443 4652 3513 4690 ne
3558 4632 3671 4703 ipsa
3709 4626 3827 4679 bona

2238 4731 2493 4795 amittas,
2525 4745 2595 4783 ne
2622 4727 2874 4782 mittaris
2905 4726 2965 4782 in
2996 4726 3345 4800 gehennam,
3370 4724 3470 4783 sed
3498 4726 3551 4778 et
3580 4734 3643 4775 ne
3662 4712 3826 4787 ipsa“

2239 4818 2469 4873 deserat
2490 4814 2798 4888 praesentia
2828 4814 3082 4883 Domini,
3118 4831 3293 4887 quem
3342 4803 3701 4885 amplecteris,
3736 4807 3825 4867 quo

2239 4913 2520 4962 aeternum
2552 4904 2665 4960 frui
2698 4902 3019 4960 desideras.
3763 4973 3771 4982 ι

2312 5019 2338 5046 ‹‹
2371 4994 2487 5050 Nos
2515 5011 2649 5067 ergo
2680 4992 2998 5066 diligamus
3027 4997 3231 5060 Deum,
3265 4988 3538 5064 quoniam
3568 4985 3677 5073 ipse

2244 5106 2265 5135 α
2301 5083 2504 5139 dilexit
2549 5057 2673 5137 nos.
2710 5104 2738 5131 »
2787 5057 2935 5137 Iv‘lam
2983 5080 3141 5136 unde
3188 5057 3578 5155 diligeremus,
3625 5065 3721 5125 nisi
3750 5057 3824 5159 ille

2239 5173 2398 5245 prior
2427 5169 2724 5227 dilexisset
2753 5170 2898 5226 nos?
2932 5170 3076 5225 Hinc
3126 5170 3282 5226 enim
3313 5169 3437 5241 ipse
3467 5166 3521 5221 in
3571 5149 3823 5225 Evangelio

2240 5244 2405 5317 dicit:
2441 5285 2467 5311 «
2502 5260 2629 5315 Non
2677 5276 2778 5315 vos
2810 5276 2902 5314 me
2951 5257 3234 5331 elegistis,
3281 5258 3381 5314 sed
3429 5270 3529 5327 ego
3558 5244 3688 5319 elegl
3727 5249 3820 5333 vos:

2237 5353 2414 5421 (Joan.
2444 5349 2561 5421 xv).
2598 5372 2626 5399 »
2658 5352 2951 5404 ltaautem
2966 5332 3821 5421 perfectierimusincharitateﬁl

2236 5419 2733 5511 quemadmodum
2766 5419 2987 5492 nullius
3018 5435 3280 5504 alterius,
3301 5433 3410 5489 nisi
3438 5425 3634 5486 salutis
3651 5419 3820 5511 uestri?

2234 5528 2443 5600 gratia,
2474 5526 2630 5599 prior
2657 5524 2860 5581 dilexit
2881 5542 2988 5581 nos
3016 5524 3135 5594 ille,
3170 5522 3445 5580 nimirum
3484 5531 3585 5573 nos
3630 5510 3819 5600 qUO‘l‘f‘

2233 5597 2316 5676 ita
2344 5597 2489 5676 cuni
2511 5614 2731 5674 nullius
2760 5614 2865 5686 rei,
2898 5613 3010 5675 nisi
3027 5614 3120 5675 sui
3136 5617 3364 5674 tantum
3377 5597 3818 5671 amorisdilexeﬂ'
