3908 6172
140 319 249 380 889

1360 315 1712 378 HOMlLI/E
1754 316 1855 376 DE
1898 316 2295 378 TEMPORE.

3406 321 3530 384 590

136 469 259 507 mus
287 451 545 506 obtentu.
601 450 815 504 Verum
850 448 988 520 quia
1048 454 1186 504 sunt
1232 450 1333 521 qui
1391 450 1563 503 verbo
1597 454 1768 504 tenus
1796 450 1847 516 Α
1888 467 1946 503 ro
1970 449 2317 504 vestimenta
2349 451 2420 506 ad
2456 451 2687 505 inanem
2716 450 3104 522 gloriam.Sed
3129 469 3243 523 quo
3266 454 3440 510 ditior
3467 456 3526 510 in

133 541 307 596 Deum
341 540 614 613 diligunt,
648 537 913 594 consulte
943 538 1364 612 subjungitur:

192 652 220 679 α
251 629 311 684 Si
344 628 480 701 quis
509 627 738 693 dixerit,
785 628 1064 699 quoniam
1118 627 1296 699 diligo
1340 628 1522 683 Deum
1572 633 1628 684 et
1658 628 1773 682 fra-

127 740 153 768 ‹‹
182 724 331 774 trem
364 733 541 772 suum
572 716 778 782 oderit,
811 716 1060 771 mendax
1091 721 1235 772 est.»
1260 716 1422 773 Unde
1452 717 1773 787 probamus

123 808 258 880 quia
288 805 542 861 mendax
571 804 703 859 est?
733 804 889 859 audi.
924 827 951 854 «
977 804 1081 870 Qui
1115 805 1271 859 enim
1305 821 1421 859 non
1452 804 1643 877 diligit
1665 806 1775 860 fra-

123 920 144 947 ‹‹
172 903 323 950 trem
358 910 533 950 suum
564 909 739 966 quem
780 893 957 958 videt,
991 892 1174 947 Deum
1229 909 1403 964 quem
1449 908 1565 947 non
1595 893 1772 958 videt,

121 1010 145 1039 κ
176 984 478 1056 quomodo
507 986 701 1056 potest
730 981 970 1054 diligere
993 981 1021 1035 ‘?
1043 1003 1071 1030 »
1105 981 1252 1045 Quid
1276 981 1561 1054 ergo?Qui
1583 981 1777 1053 diligit

118 1076 356 1130 fratrem
384 1088 582 1135 suum,
610 1075 666 1127 et
696 1087 813 1125 non
845 1067 1040 1142 diligit
1086 1069 1293 1127 Deum.
1329 1086 1565 1126 necesse
1591 1076 1680 1124 est
1712 1074 1777 1125 ut

115 1154 323 1235 diligat
344 1162 528 1216 Deum
539 1163 598 1215 et
617 1158 826 1232 diligat
841 1158 1028 1231 ipsam
1052 1158 1604 1214 dilectionem.Deus
1616 1158 1773 1213 enim

113 1249 348 1306 dilectio
379 1248 562 1305 est.Et
582 1264 655 1302 ne
686 1248 820 1319 quis
833 1247 1023 1303 dicere
1044 1247 1284 1302 auderet
1309 1247 1399 1302 :Et
1420 1247 1558 1319 quid
1582 1248 1777 1303 obstat

114 1339 358 1411 diligere
387 1343 593 1403 Deum,
643 1336 874 1392 etiamsi
924 1352 1039 1391 non
1088 1335 1268 1407 diligo
1323 1336 1584 1403 fratrem,
1619 1341 1776 1392 recte

116 1428 410 1485 subdidit:
448 1427 550 1482 «Et
570 1425 680 1481 hoc
711 1425 1054 1480 mandatum
1080 1425 1370 1481 habemus
1400 1442 1434 1480 a
1463 1425 1580 1480 Deo
1598 1425 1773 1496 utqui

118 1517 308 1589 diligit
340 1517 555 1583 Deum,
588 1514 800 1586 diligat
830 1519 887 1569 et
919 1515 1153 1569 fratrem
1187 1530 1383 1568 suum.
1419 1536 1446 1562 ››
1477 1513 1775 1576 Quomodo

118 1607 269 1663 enim
292 1605 493 1678 diligis
523 1604 858 1675 eum,cujus
882 1602 1054 1658 odisti
1093 1603 1442 1658 mandatum
1466 1602 1493 1657 ?
1515 1602 1655 1669 Quis
1685 1606 1775 1658 est

124 1702 215 1769 qui
247 1694 425 1760 dicat,
456 1691 636 1765 diligo
663 1691 1079 1763 imperatorem
1131 1692 1233 1746 sed
1281 1691 1375 1745 odi
1416 1690 1573 1763 leges
1606 1690 1776 1762 ejus?

124 1784 239 1841 Non
269 1782 352 1841 ita
380 1785 472 1838 est
498 1797 671 1836 verus
702 1779 803 1835 Dei
859 1784 1104 1847 amator,
1139 1780 1240 1835 sed
1274 1803 1299 1829 «
1346 1780 1476 1834 vide
1508 1779 1771 1851 nunquid

124 1898 148 1923 τι
178 1873 314 1946 quia
345 1873 624 1928 mandata
651 1873 755 1924 tua
783 1868 1253 1935 dilexi,Domine,
1294 1890 1320 1916 »
1352 1873 1407 1923 et
1438 1868 1568 1922 ideo
1588 1870 1767 1923 conii-

127 1964 318 2017 denter
347 1959 638 2033 adjungit,
669 1980 697 2008 «
732 1958 791 2012 in
826 1963 927 2012 tua
971 1956 1371 2013 misericordia
1418 1957 1647 2011 vivifica
1676 1973 1769 2011 me

126 2052 285 2123 (Psal.
318 2049 534 2105 cxmll.
566 2069 595 2099 ››

717 2190 1021 2248 HOMILIA
1062 2188 1170 2244 CX.

347 2272 624 2338 nomisma
663 2296 923 2337 saeuam
963 2296 1101 2337 POST
1140 2293 1551 2334 rsurscosrnn.

189 2410 493 2479 (Luc.xvu.)
524 2429 551 2455 ‹‹
582 2406 645 2461 In
676 2404 776 2460 illo
806 2409 1067 2475 tempore
1097 2403 1241 2458 dixit
1264 2403 1438 2458 Jesus
1459 2402 1770 2474 discipulis

130 2523 153 2548 ι(
181 2497 342 2554 suis:
374 2496 562 2551 Homo
611 2493 849 2565 quidam
899 2496 1026 2547 erat
1072 2492 1253 2558 dives,
1313 2496 1369 2545 et
1415 2491 1773 2545 induebatur

130 2609 153 2635 «ι
180 2601 438 2658 purpura
465 2588 524 2639 et
555 2584 748 2655 bysso.
786 2604 813 2630 ››
845 2582 914 2636 Et
960 2572 1204 2653 reliqua.
1259 2579 1559 2650 Scriptura
1607 2595 1772 2634 sacra

131 2675 402 2730 divinitus
430 2672 739 2744 inspirata,
776 2687 890 2725 non
941 2669 1130 2725 solum
1178 2669 1463 2724 bonorum
1514 2666 1771 2722 actiones

130 2764 192 2819 ad
219 2762 572 2818 imitandum
607 2757 1155 2824 commemorat,sed
1178 2755 1350 2812 etiam
1380 2760 1671 2813 tormenta
1692 2771 1775 2810 re-

133 2852 435 2923 proborum
469 2854 701 2905 narrat:
736 2851 801 2902 ut
831 2863 980 2919 quos
1010 2845 1081 2901 ad
1131 2846 1276 2900 bene
1311 2845 1621 2901 vivendum
1654 2860 1769 2897 non

134 2941 436 3010 provocant
465 2935 733 3008 exempla
761 2935 1014 3008 piorum,
1038 2932 1247 2989 saltem
1271 2936 1526 2988 terreant
1556 2932 1775 2987 denun-

133 3028 264 3083 tiata
294 3025 584 3100 supplicia
607 3024 1009 3096 reproborum.
1042 3022 1205 3088 Quod
1240 3025 1555 3091 utrumque
1583 3020 1642 3074 in
1666 3019 1773 3074 hac

132 3115 364 3172 lectione
384 3113 973 3185 ostenditur,quando
995 3128 1109 3166 non
1136 3109 1327 3166 solum
1350 3109 1580 3181 requies
1602 3109 1774 3164 Laza-

1883 537 2279 604 facultatibus,
2313 555 2380 594 eo
2412 539 2662 595 deterior
2691 540 2749 593 in
2790 540 3167 595 cruciatibus.
3201 566 3225 590 ‹‹
3263 541 3532 599 Potentes

1884 627 2189 693 enim,»ait
2219 628 2540 700 Scriptura,
2578 650 2605 677 «
2638 633 2903 700 potenter
2933 633 3226 684 tormenta
3241 630 3537 702 patientur

1886 716 2037 787 (Sep.
2068 716 2168 787 v1).
2202 738 2228 764 ››
2262 718 2411 771 Sunt
2438 717 2596 772 enim
2626 716 3021 790 nonnulli,qui
3045 722 3253 790 putant
3283 717 3345 773 in
3375 719 3536 775 cultu

1886 804 2276 876 pretiosarum
2306 805 2559 861 vestium
2593 810 2898 877 peccatum
2946 824 3064 861 non
3112 822 3260 862 esse.
3294 807 3453 873 Quod
3487 808 3537 864 si

1885 894 2126 949 omnino
2146 910 2258 949 non
2282 899 2839 967 esset,nequaquam
2859 896 3147 950 Dominus
3176 896 3536 952 mentionem

1884 983 2192 1053 purpurati
2215 982 2539 1053 divitis,qui
2560 982 2619 1038 iu
2644 983 2870 1038 interno
2885 983 3532 1055 torquebatur,faciens,

1884 1071 2283 1142 praemitteret,
2315 1071 2515 1127 dicens
2540 1088 2552 1125 :
2588 1094 2615 1121 «
2636 1071 2818 1126 Homo
2844 1072 3084 1143 quidam
3116 1074 3242 1127 erat
3269 1072 3449 1141 dives,
3477 1077 3535 1129 et

1883 1158 2242 1217 induebatur
2262 1176 2519 1232 purpura
2539 1165 2596 1215 et
2616 1160 2810 1232 bysso.
2844 1181 2872 1208 ››
2906 1161 2973 1215 Et
2998 1158 3111 1214 nisi
3131 1159 3190 1214 in
3213 1158 3373 1214 cultu
3400 1177 3528 1231 pre-

1884 1248 2169 1303 tiosarum
2203 1249 2451 1305 vestium
2480 1252 2782 1320 peccatum
2807 1248 3410 1323 fuisset,nequaquam
3436 1249 3535 1305 Pe-

1883 1340 2011 1391 trus
2046 1337 2293 1392 feminas
2324 1342 2738 1410 compesceret,
2772 1337 3010 1393 dicens:
3038 1336 3194 1391 «Non
3226 1337 3304 1393 sit
3322 1338 3539 1393 extrin-

1886 1442 2056 1480 secus
2088 1426 2450 1498 capillatura,
2503 1432 2604 1481 aut
2635 1426 3016 1482 circumdatio
3047 1425 3194 1494 auri,
3230 1430 3333 1481 aut
3358 1426 3531 1482 indu-

1886 1515 2065 1569 menti
2098 1514 2580 1571 vestimentorum
2605 1515 2798 1570 cultus
2828 1515 2874 1586 (Ι
2898 1515 3043 1569 Patr.
3078 1515 3296 1583 111).»Et
3317 1515 3533 1572 Paulus

1885 1602 2187 1675 apostolus
2217 1603 2276 1657 in
2309 1602 2554 1675 epistola
2582 1605 2654 1659 ad
2687 1602 3090 1659 Timotheum:
3116 1627 3143 1654 «
3168 1605 3237 1659 Et
3256 1603 3534 1661 mulieres

1883 1690 2013 1746 volo
2045 1708 2173 1747 esse
2198 1693 2257 1746 in
2293 1691 2493 1747 habitu
2541 1697 2766 1758 ornato,
2798 1709 2932 1747 cum
2978 1692 3328 1748 verecundia
3355 1689 3413 1749 et
3440 1709 3533 1749 so-

1888 1781 2134 1836 brietate
2165 1786 2439 1836 ornantes
2488 1798 2575 1857 se,
2621 1798 2736 1836 non
2786 1781 2844 1835 in
2893 1781 3062 1837 tortis
3119 1781 3399 1853 crinibus,
3434 1787 3536 1838 aut

1886 1886 2047 1938 auro,
2083 1874 2185 1926 aut
2210 1871 2565 1943 margaritis,
2596 1870 2685 1926 vel
2728 1876 2885 1924 veste
2934 1870 3209 1942 pretiosa,
3244 1872 3345 1926 sed
3376 1874 3532 1943 quod

1880 1959 2046 2014 decet
2075 1958 2371 2027 mulieres,
2420 1960 2827 2032 promittentes
2874 1958 3150 2031 pietatem
3209 1975 3313 2031 per
3358 1976 3535 2032 opera

1879 2047 2033 2102 bona
2058 2048 2104 2119 (ι
2138 2049 2271 2103 Tim.
2305 2050 2387 2116 ιι).
2426 2071 2452 2097 ››
2506 2049 2573 2103 Et
2620 2048 2669 2104 si
2728 2047 2836 2102 hoc
2891 2047 3320 2104 observandum
3379 2054 3468 2105 est
3496 2066 3531 2105 a

1882 2134 2251 2202 mulieribus,
2287 2141 2507 2208 quanto
2534 2136 2723 2209 magis
2753 2135 2988 2193 aviris?
3018 2136 3343 2210 Unicuique
3372 2139 3528 2195 enim

1880 2241 1987 2279 sua
2017 2224 2373 2280 conscientia
2403 2225 2568 2281 testis
2600 2230 2707 2290 est,
2732 2223 2868 2296 quia
2896 2226 3151 2296 pretiosa
3178 2226 3356 2283 vestis
3387 2244 3528 2284 non-

1879 2311 1990 2367 nisi
2018 2318 2253 2385 propter
2284 2313 2515 2368 inanem
2547 2313 2795 2387 gloriam
2843 2313 3180 2387 requiritur.
3215 2314 3361 2381 Quia
3391 2333 3525 2371 cum

1880 2402 1940 2456 in
1974 2407 2193 2458 secreto
2225 2402 2430 2470 sit,ubi
2459 2419 2493 2457 a
2518 2402 2750 2459 nemine
2778 2403 3183 2471 vidcatur,non
3206 2411 3372 2463 curat
3391 2425 3538 2480 qua-

1878 2486 2270 2561 libuscunque
2298 2489 2544 2545 indutus
2575 2491 2652 2545 sit
2693 2491 2972 2545 vestibus.
3023 2493 3097 2546 At
3142 2510 3275 2550 vero
3296 2513 3430 2554 cum
3465 2500 3525 2557 in

1880 2576 2182 2648 publicum
2216 2578 2580 2649 processerit,
2605 2576 2858 2649 pretiosa
2885 2579 3232 2637 vestimenta
3262 2586 3532 2657 requirit,

1880 2682 1997 2720 non
2031 2670 2094 2720 ut
2125 2667 2401 2731 sanctior,
2434 2668 2534 2721 sed
2569 2674 2632 2721 ut
2658 2667 3054 2723 honorabilior
3099 2672 3323 2727 caeteris
3352 2691 3535 2747 appa-

1880 2758 2025 2810 reat.
2058 2753 2202 2818 Quia
2230 2772 2363 2810 vero
2388 2755 2575 2810 virtus
2606 2760 2695 2811 est
2714 2755 2927 2811 vilibus
2952 2757 3316 2815 vestimentis
3339 2761 3537 2834 indui,

1880 2859 1911 2896 e
1943 2843 2171 2899 diverso
2201 2842 2532 2916 colligimus
2565 2848 2870 2916 peccatum
2902 2861 3019 2901 non
3050 2846 3254 2904 deesse
3282 2850 3539 2920 pretiosa

1879 2934 2228 2987 vestimenta
2259 2932 2573 3004 requirere.
2621 2932 2681 2987 Si
2724 2933 2881 2988 enim
2930 2934 2991 2988 in
3035 2933 3255 2992 vilitate
3284 2940 3535 2998 vestium

1881 3019 2064 3075 virtus
2095 3037 2209 3076 non
2241 3023 2414 3084 esset,
2448 3038 2818 3093 nequaquam
2840 3023 3197 3095 evangelista
3218 3026 3288 3082 de
3318 3030 3537 3101 asperi-

1882 3113 1999 3164 tate
2029 3109 2120 3164 sui
2169 3109 2499 3165 vestimenti
2545 3111 2831 3166 Joannem
2880 3110 3199 3168 laudasset.
3240 3114 3281 3170 E
3315 3117 3531 3188 quibus

135 3206 173 3259 ri
202 3181 817 3269 commemoratur,sed
851 3201 1026 3256 etiam
1051 3216 1220 3273 poma
1239 3197 1682 3270 superbidivitis
1698 3198 1769 3253 ad
1801 3181 1844 3250 α
1881 3198 2159 3267 exemplis
2188 3214 2536 3270 cognoscere
2566 3214 2903 3270 possumus,
2937 3201 3075 3272 quia
3103 3205 3269 3259 tanta
3294 3181 3360 3261 ac
3390 3205 3533 3265 talia

134 3294 465 3349 memoriam
499 3290 818 3358 reducitur,
852 3295 918 3344 ut
946 3289 1004 3344 in
1038 3305 1152 3344 uno
1202 3288 1454 3343 habeant
1484 3301 1770 3358 pauperes

135 3383 281 3452 quod
310 3382 633 3448 imitentur,
669 3379 728 3434 in
760 3379 943 3435 altero
984 3383 1182 3433 autem
1231 3376 1440 3431 divites
1471 3375 1625 3430 unde
1654 3379 1772 3429 ter-

134 3471 530 3526 reantur.Nam
550 3486 683 3524 cum
705 3467 978 3539 superius
999 3465 1284 3522 Dominus
1305 3468 1507 3521 contra
1518 3463 1770 3520 avaritias

134 3558 330 3616 Vitium
360 3560 706 3631 disputaret,
754 3556 1122 3612 admonendo
1168 3553 1493 3623 subjunxit,
1528 3553 1729 3608 dicens
1753 3570 1770 3605 :

136 3669 160 3695 ιε
188 3648 377 3704 Facite
422 3647 588 3702 vobis
626 3644 849 3701 amicos
895 3645 964 3700 de
1022 3658 1363 3698 mammona
1420 3640 1769 3712 iniquitatis,

132 3739 191 3800 _ut
213 3754 349 3792 cum
380 3733 1023 3806 defeceritis,recipiant
1050 3749 1151 3787 vos
1182 3732 1239 3785 in
1273 3735 1490 3786 aeterna
1508 3730 1776 3785 taberna-

126 3824 259 3879 cula
290 3827 431 3893 (Luc.
460 3828 599 3894 xvr).
634 3843 662 3873 ››
696 3823 809 3879 Sed
840 3821 980 3895 quia
1011 3821 1224 3882 omnis,
1259 3819 1359 3892 qui
1390 3836 1455 3874 ex
1484 3818 1624 3873 vitio
1655 3834 1773 3873 non

130 3913 249 3969 vult
280 3914 509 3987 corrigi,
543 3930 610 3969 ex
660 3911 1022 3983 correptione
1075 3909 1328 3965 deterior
1378 3906 1777 3978 ﬁt,subjunxit

132 4002 499 4077 evangelista,
528 4000 728 4057 dicens
757 4017 770 4055 :
804 4022 833 4050 «
864 3999 1199 4054 Audiebant
1240 3996 1439 4052 omnia
1470 3995 1592 4050 haec
1624 3994 1775 4049 Pha-

131 4089 309 4161 risei,
336 4091 433 4165 qui
461 4094 629 4146 erant
660 4086 837 4151 avari,
870 4091 927 4142 et
974 4086 1317 4142 deridebant
1363 4102 1514 4140 eum.
1555 4106 1583 4133 ››
1632 4083 1779 4148 Quia

132 4193 263 4235 cum
301 4180 586 4236 malorum
638 4176 986 4251 perversitas
1036 4174 1265 4240 crescit,
1297 4172 1630 4245 praedicatio
1662 4189 1776 4228 non

132 4268 322 4324 solum
353 4267 538 4324 minui
562 4284 677 4323 non
711 4266 900 4333 debet,
935 4265 1035 4320 sed
1068 4264 1244 4319 etiam
1289 4261 1507 4334 augeri.
1540 4261 1612 4316 Ut
1641 4277 1777 4316 con-

134 4354 388 4414 firmaret
432 4356 719 4414 Dominus
762 4353 1062 4425 exemplis,
1123 4352 1277 4425 quod
1337 4352 1614 4406 docuerat
1653 4366 1779 4405 ver-

134 4439 246 4509 bis,
278 4447 539 4519 adjunxit
573 4447 683 4501 hoc
715 4461 817 4517 per
846 4440 1481 4512 similitudinem,quod
1516 4439 1572 4494 in
1594 4439 1781 4510 capite

1877 3286 2225 3343 vestimenta
2237 3303 2496 3357 quaerere
2510 3287 3288 3361 debemus,quianuditatem
3303 3294 3533 3365 possint

1880 3374 2105 3449 operire
2131 3391 2198 3430 ac
2228 3376 2417 3447 frigus
2465 3392 2679 3432 arcere.
2711 3378 2874 3442 Quod
2923 3377 3208 3437 Dominus
3252 3383 3530 3454 ostendit,

1881 3464 2116 3535 quando
2130 3464 2189 3519 in
2204 3463 2371 3520 initio
2384 3464 2612 3536 primus
2630 3464 2898 3521 homines
2915 3483 3031 3522 non
3061 3484 3406 3540 purpuram,
3431 3473 3534 3529 sed

1881 3552 2110 3608 tunicas
2139 3552 2411 3625 pelliceas
2440 3552 2651 3608 induit.
2673 3553 2835 3610 Unde
2857 3554 3071 3611 Paulus
3098 3574 3205 3613 nos
3229 3559 3529 3629 admonet,

1883 3640 2122 3695 dieens:
2156 3664 2184 3689 ‹‹
2222 3640 2378 3696 Nihil
2411 3640 2721 3697 intulimus
2769 3642 2829 3697 in
2877 3643 3035 3699 hunc
3085 3640 3398 3717 mundum,
3431 3649 3534 3705 sed

1883 3745 2074 3800 neque
2104 3728 2326 3801 aliquid
2360 3731 2588 3786 auferre
2632 3748 2972 3803 possumus,
3006 3732 3289 3791 habentes
3337 3741 3538 3792 autem

1883 3817 2102 3872 victum
2134 3822 2193 3874 et
2210 3818 2617 3885 vestitum,his
2635 3820 2890 3876 contenti
2914 3821 3103 3877 simus
3125 3823 3170 3895 (ι
3205 3825 3339 3880 Tim.
3372 3829 3471 3894 v1).
3507 3847 3538 3877 »

1885 3906 2035 3961 Sunt
2060 3910 2255 3961 autem
2288 3906 2407 3971 alii,
2440 3907 2541 3978 qui
2582 3913 2870 3979 praecepta
2915 3909 3140 3967 Veteris
3178 3912 3538 3969 Testamenti

1886 3994 2354 4051 austerioraesse
2366 4000 2593 4067 putant,
2624 4013 2805 4067 quam
2818 3996 2980 4052 Novi.
3006 3999 3116 4054 Sed
3131 3999 3190 4054 hi
3213 4000 3542 4072 improvida

1885 4083 2354 4139 consideratione
2399 4083 2700 4151 falluntur,
2733 4085 2875 4139 dum
2916 4091 3300 4160 utrorumque
3328 4090 3538 4145 Testa-

1888 4178 2217 4228 mentornm
2231 4176 2519 4245 praecepta
2530 4172 2809 4229 subtilius
2828 4191 2943 4229 non
2960 4175 3303 4232 discutiunt.
3318 4176 3465 4233 Nam
3478 4176 3538 4232 in

1886 4262 2081 4318 Veteri
2103 4262 2475 4318 Testamento
2497 4260 2745 4317 dicitur:
2768 4262 3030 4336 «Diliges
3060 4264 3315 4322 amicum
3345 4270 3537 4335 tuum,

1890 4356 1946 4406 et
1961 4350 2093 4407 odio
2110 4349 2353 4407 habebis
2371 4349 2678 4406 inimicum
2696 4355 2863 4406 tuum
2884 4354 3258 4425 (Levit.x1x).»
3290 4354 3352 4409 In
3384 4359 3540 4410 Novo

1889 4444 2087 4495 autem
2114 4439 2397 4494 Dominus
2424 4439 2541 4495 ait:
2579 4463 2600 4489 α
2629 4438 2861 4510 Diligite
2892 4439 3164 4497 inimicos
3192 4443 3542 4511 vestros,be-

137 4526 314 4605 hujus
334 4535 599 4592 lectionis
623 4532 978 4600 audivimus,
1005 4531 1207 4586 dicens
1233 4548 1245 4585 :
1275 4553 1301 4580 ‹‹
1329 4530 1512 4585 Homo
1542 4528 1779 4601 quidam
1816 4527 2140 4612 Dpel‘acite
2171 4527 2262 4582 his
2291 4526 2389 4599 qui
2445 4528 2697 4583 oderunt
2743 4544 2867 4596 vos,
2897 4534 2954 4584 et
3000 4534 3161 4586 orate
3207 4548 3313 4603 pro
3342 4547 3545 4604 perse-

140 4640 166 4664 (ε
197 4630 320 4679 erat
343 4626 519 4693 dives,
554 4622 656 4695 qui
705 4620 1063 4676 induebatur
1108 4635 1369 4690 purpura
1396 4622 1453 4672 et
1501 4618 1696 4689 bysso,
1730 4621 1786 4671 et

142 4728 167 4753 ει
203 4713 545 4783 epulabatur
574 4710 833 4784 quotidie
862 4707 1185 4780 splendide.
1208 4707 1568 4761 »Ostendens
1588 4720 1788 4776 super-

144 4792 285 4856 bum
314 4803 542 4859 divitem
575 4816 703 4857 esse
728 4795 1355 4867 condemnatum,quia
1385 4794 1495 4850 sibi
1530 4794 1785 4849 amicum

144 4881 414 4949 Lazarum
446 4892 519 4948 de
563 4904 904 4945 mammona
946 4884 1278 4956 iniquitatis
1325 4882 1512 4938 facere
1562 4881 1786 4937 noluis-

145 4982 248 5035 βαι.
299 4980 470 5037 Valde
528 4978 687 5036 enim
743 4976 918 5032 homo
979 4974 1089 5029 iste
1148 4973 1309 5028 dives
1367 4970 1548 5027 fuisse
1596 4974 1787 5026 osten-

145 5062 317 5135 ditur,
343 5086 472 5124 cum
522 5082 790 5141 purpura
845 5068 903 5120 et
959 5064 1136 5135 bysso
1192 5061 1440 5116 indutus
1497 5075 1787 5114 memora-

148 5150 262 5209 tur.
292 5156 549 5232 Purpura
577 5155 737 5212 enim
786 5152 955 5226 regiae
1007 5149 1310 5225 dignitatis
1367 5153 1457 5211 est
1502 5148 1784 5203 habitus:

148 5234 349 5315 byssus
392 5263 551 5309 vero.
612 5260 800 5318 genus
868 5245 957 5298 est
1013 5239 1309 5312 quoddam
1352 5237 1457 5292 lini
1509 5236 1787 5293 suavissi-

150 5331 233 5385 mi
260 5339 311 5390 et
337 5332 736 5391 candidissimi
786 5328 1030 5386 decoris.
1063 5329 1148 5384 Ad
1193 5331 1578 5399 augmentum
1639 5343 1788 5398 quo-

154 5431 262 5491 qm
288 5422 620 5498 temporalis
652 5420 867 5495 gloriae,
911 5417 1170 5491 quotidie
1222 5414 1571 5488 epulabatur
1599 5413 1791 5485 splen-

152 5508 278 5568 dida
312 5513 554 5569 diversis
588 5511 851 5568 ciborum
909 5506 1290 5580 apparatibus
1328 5503 1513 5560 ventri
1558 5502 1790 5559 satisfa-

154 5599 519 5680 ciensEpulie
533 5600 689 5659 enim
704 5598 775 5659 ad
794 5596 1094 5676 crapulam
1107 5594 1421 5674 pertinent,
1437 5591 1790 5671 pretiosave-

1894 4616 2212 4688 quentibus
2258 4621 2314 4670 et
2369 4614 2871 4671 calumniantibus
2918 4634 3020 4673 vos
3064 4620 3274 4688 (Maith.
3305 4626 3383 4689 v).
3421 4642 3448 4668 ››
3480 4619 3544 4675 In

1894 4704 2088 4759 Veteri
2142 4705 2512 4759 Testamento
2569 4704 2959 4761 homicidium
3041 4712 3226 4766 morte
3274 4707 3548 4781 plectitur

1898 4794 2087 4866 (Deut.
2118 4792 2377 4863 xxxv).ln
2401 4793 2556 4849 Novo
2578 4794 2866 4850 Dominus
2888 4795 3026 4851 dicit
3049 4813 3063 4852 :
3097 4796 3240 4864 «Qui
3273 4796 3548 4854 irascitur

1896 4881 2060 4937 fratri
2090 4897 2221 4949 suo,
2252 4898 2387 4936 reus
2417 4882 2526 4937 erit
2567 4883 2793 4955 judicio
2825 4883 3031 4956 (Matth.
3081 4885 3154 4957 v).
3189 4908 3216 4937 »ι
3259 4886 3324 4941 In
3352 4884 3547 4942 Veteri

1897 4969 2147 5025 dicitur:
2184 4993 2211 5019 ‹‹
2248 4968 2495 5025 Oculum
2545 4988 2649 5043 pro
2697 4970 2885 5039 oculo,
2936 4975 3171 5030 dentem
3213 4991 3317 5048 pro
3350 4974 3546 5043 dente,

1899 5074 2141 5113 manum
2174 5075 2277 5130 pro
2310 5074 2487 5113 manu
2547 5060 2720 5123 (Deut.
2774 5060 2911 5133 xxx).
2948 5084 2974 5110 »
3008 5061 3070 5117 In
3130 5063 3286 5119 Novo
3342 5064 3549 5137 praeci-

1897 5146 2092 5218 pitur:
2127 5168 2154 5195 «
2191 5142 2247 5201 Si
2282 5146 2415 5217 quis
2448 5147 2599 5218 quod
2633 5151 2803 5203 tuum
2834 5154 2922 5205 est
2950 5150 3170 5219 tulerit,
3195 5168 3266 5207 ne
3296 5155 3548 5225 repetas.

1898 5236 1964 5289 Et
1980 5234 2079 5306 qui
2100 5232 2346 5289 voluerit
2359 5238 2551 5290 tecum
2574 5237 2922 5293 contendere
2952 5239 3011 5294 in
3027 5239 3271 5312 judicio,
3306 5244 3363 5296 et
3392 5239 3552 5296 tuni-

1898 5339 2027 5378 cam
2059 5326 2221 5377 tuam
2244 5321 2465 5390 tollere,
2498 5322 2727 5381 dimitte
2759 5324 2831 5381 ei
2860 5330 2918 5382 et
2963 5326 3230 5399 pallium.
3264 5328 3336 5385 Et
3365 5329 3467 5401 qui
3494 5333 3551 5384 te

1900 5409 2285 5484 angariaverit
2314 5410 2473 5466 mille
2495 5415 2876 5483 passus,vade
2906 5432 3037 5471 cum
3071 5416 3170 5475 illo
3203 5417 3317 5473 duo
3341 5415 3547 5472 millia.

1899 5500 1969 5555 Et
1994 5515 2099 5572 ego
2131 5498 2259 5555 dico
2288 5499 2660 5566 vobis,nolite
2682 5502 2951 5560 resistere
2982 5505 3135 5563 malo
3158 5523 3170 5536 ·
3205 5505 3305 5563 sed
3332 5504 3382 5560 si
3416 5503 3551 5577 quis

1899 5593 1957 5647 te
1976 5587 2334 5668 percusserit
2353 5587 2415 5648 in
2438 5589 2734 5651 dexteram
2748 5592 3266 5676 maxillam,pr¢ebe
3286 5590 3371 5649 illi
3393 5594 3450 5649 et
3470 5588 3551 5649 sl-
