3908 6172
130 334 230 401 597

1304 332 1660 396 HUMILIIE
1699 329 1804 395 DE
1846 331 2003 395 TEM
2020 332 2246 401 l’OltE.

3361 338 3480 403 598

130 490 155 521 «ι
179 464 447 525 nitentiam
473 467 660 541 agent.
694 485 723 516 ι)
750 463 821 523 Et
849 464 988 541 quia
1018 468 1106 538 (ut
1151 467 1231 523 ait
1278 466 1573 540 Salomon)
1607 483 1711 524 nec
1741 464 1797 534 Α
1824 464 2152 540 Aliquando
2182 466 2367 524 malos
2397 465 2683 537 doctores,
2708 466 2861 527 sicut
2889 485 2991 543 per
3020 466 3361 545 prophetam
3394 474 3481 531 di-

120 572 366 631 opus,nec
396 554 552 623 ratio,
581 571 686 611 nec
712 554 975 625 scientia,
1029 572 1219 630 neque
1272 558 1586 629 prudentia
1633 562 1724 614 est

120 645 246 719 apud
273 644 474 700 inferos
504 644 689 715 (Eccle.
724 645 824 715 ιν),
856 646 1049 701 adhuc
1072 647 1350 703 subditur
1382 666 1394 702 :
1425 671 1449 696 «ι
1487 648 1545 702 Si
1564 647 1721 719 Moy-

120 758 143 786 α
168 750 255 791 seu
284 737 337 788 et
364 732 668 806 prophetas
697 750 813 790 non
845 736 1120 803 audiunt,
1149 751 1337 809 neque
1388 736 1435 791 si
1490 737 1624 809 quis
1654 752 1723 791 ex

118 845 141 873 ιι
165 822 383 878 mortuis
413 823 802 889 resurrexerit,
818 825 1124 880 credent.»
1148 827 1271 890 Qua
1287 827 1572 882 sententia
1592 824 1719 881 luce

120 912 304 968 clarius
329 914 496 984 patet,
529 911 665 983 quia
692 912 795 983 qui
824 913 1060 986 Moysen
1084 921 1140 970 et
1171 915 1485 988 prophetas
1518 915 1719 971 audire

117 1004 560 1072 contempserunt,
607 1000 903 1058 Christum
946 1020 980 1059 a
1019 1004 1268 1061 mortuis
1315 1009 1716 1077 resurgentem

117 1090 307 1146 credere
334 1087 661 1145 noluerunt:
684 1089 772 1145 vel
803 1093 902 1163 qui
936 1097 1223 1166 praecepta
1255 1094 1482 1150 Veteris
1512 1096 1718 1149 Testa-

115 1178 258 1235 menti
292 1182 683 1245 contemnunt,
717 1180 919 1252 utique
966 1182 1271 1239 veritatem
1320 1185 1459 1238 Novi
1511 1187 1714 1241 Testa-

113 1265 405 1338 menti,qua:
419 1266 631 1323 Christi
655 1269 1138 1326 resurrectionem
1165 1273 1441 1344 praedicat
1468 1274 1712 1330 minime

112 1356 307 1428 implere
330 1360 590 1429 possunt.
615 1358 722 1413 Sed
747 1358 888 1429 quia
917 1359 1039 1415 haec
1072 1361 1370 1417 moraliter
1401 1363 1473 1418 ad
1498 1368 1713 1420 terren-

110 1445 215 1499 dam
240 1443 466 1498 divitum
479 1445 806 1512 avaritiam,
822 1451 878 1502 et
892 1464 1213 1519 pauperum
1228 1449 1486 1521 inopiam
1502 1468 1606 1507 con
1616 1469 1708 1507 so-

109 1532 298 1588 landam
318 1531 588 1599 diximus,
614 1534 750 1590 hinc
783 1536 1031 1592 breviter
1055 1539 1154 1610 qui
1191 1538 1500 1611 allegorice
1530 1541 1709 1611 signi-

110 1621 583 1687 ﬁcent,videamus.
604 1628 709 1678 Per
728 1624 971 1681 divitem
1006 1628 1161 1683 cnim
1179 1633 1235 1683 et
1266 1646 1578 1700 pauperem
1594 1631 1711 1685 duo

108 1714 337 1782 praecepta
366 1711 557 1783 populi
596 1712 1026 1785 significantur,
1050 1716 1385 1773 Judzeorum
1419 1718 1711 1773 scilicetct

1836 557 1989 612 citur
2021 573 2033 613 :
2075 578 2095 607 ι
2132 556 2539 630 Speculatores
2569 559 2698 629 ejus
2729 558 2861 615 caeci
2891 576 3115 629 omnes,
3150 562 3479 620 nescierunt

1832 645 2084 701 universi
2118 664 2291 702 canes
2323 647 2493 714 muti,
2528 665 2642 702 non
2675 648 2929 705 valentes
2959 648 3190 718 latrare,
3220 650 3479 709 videntes

1829 752 1979 790 vana
2024 740 2081 790 et
2123 741 2387 792 amantes
2437 735 2664 791 somnia
2694 742 2826 804 (Isa.
2880 742 3014 807 ενι).
3052 762 3078 787 ››
3107 740 3177 795 Et
3212 740 3424 797 iterum
3460 758 3474 796 :

1832 847 1859 873 «
1876 824 2061 880 Canes
2082 824 2533 896 impudicissimi
2568 827 2903 882 nescierunt
2915 827 3282 885 saturitatem
3306 832 3433 900 (Ιὸ.)
3448 854 3475 880 η

1830 917 1895 968 Et
1923 914 2179 969 Joannes
2206 914 2265 968 in
2291 913 2713 987 Apocalbpsi:«
2732 916 2891 972 Foris
2922 934 3096 972 canes
3127 922 3184 973 et
3215 920 3472 988 venefici,

1828 1006 1886 1058 et
1916 1002 2291 1075 impudici,ot
2320 1003 2512 1058 omnis
2542 1004 2641 1075 qui
2674 1009 2832 1059 amat
2857 1010 2913 1060 et
2944 1006 3080 1062 facit
3101 1008 3473 1065 mendacium

1827 1091 2010 1164 (Apoc.
2039 1093 2197 1161 XXII).
2224 1114 2250 1139 ››
2282 1091 2394 1146 Sed
2417 1091 2473 1146 in
2509 1093 2615 1148 hoc
2665 1091 2788 1148 loco
2836 1094 3021 1151 bonos
3065 1096 3474 1168 praedicatores

1827 1179 2179 1251 significant,
2194 1180 2264 1235 de
2285 1178 2501 1251 quibus
2524 1197 2623 1251 per
2648 1180 3017 1237 Psalmistam
3037 1183 3280 1241 dicitur:
3299 1208 3327 1235 «
3345 1186 3473 1241 Lin-

1825 1285 1941 1340 gua
1958 1284 2168 1324 canum
2196 1272 2429 1322 tuorum
2454 1284 2519 1323 ex
2535 1268 2788 1324 inimicis
2810 1270 2882 1325 ab
2898 1270 3024 1343 ipso
3048 1273 3215 1343 (Psal.
3232 1278 3421 1342 van).
3442 1297 3468 1324 ››

1824 1357 1996 1412 Canis
2026 1356 2180 1412 enim
2213 1355 2426 1411 vulnus
2457 1357 2610 1428 quod
2646 1356 3023 1429 lingit,eitius
3054 1360 3125 1415 ad
3157 1360 3465 1419 sanitatem

1823 1446 2106 1519 perducit.
2141 1446 2289 1512 Quid
2324 1449 2518 1500 autem
2554 1450 2693 1500 sunt
2739 1446 2982 1501 vulnera
3026 1449 3139 1504 nisi
3189 1452 3469 1521 peccata?

1822 1535 1985 1591 Sicut
2014 1535 2169 1590 enim
2201 1532 2415 1588 vulnus
2444 1535 2516 1589 ab
2549 1534 2923 1590 interioribus
2952 1536 3272 1595 visceribus
3314 1539 3467 1597 foras

1820 1622 1878 1678 in
1912 1628 2040 1678 cute
2070 1622 2443 1695 erumpit,sic
2476 1628 2711 1694 peccata
2743 1640 2844 1694 per
2871 1626 3296 1683 confessionem
3322 1647 3463 1702 pan-

1819 1712 2011 1767 denda
2041 1716 2199 1779 sunt,
2234 1715 2298 1765 ut
2327 1712 2397 1766 ad
2427 1711 2737 1767 sanitatem
2773 1714 2980 1767 animm
3004 1715 3135 1785 quis
3168 1718 3465 1787 pervenire

107 1798 1070 1870 gentium.PerdivitemJudmorum
1097 1806 1346 1878 populus
1370 1808 1704 1881 prmﬁgura-
1740 1840 1783 1903 Β
1823 1801 2231 1903 pcssit.lgitur
2261 1799 2405 1903 nihil
2440 1798 2597 1854 aliud
2629 1804 3121 1903 est‘pec'fatnrum
3153 1806 3460 1903 confessio,

108 1888 296 1959 tur,qui
321 1905 427 1944 non
455 1888 649 1945 solum
681 1892 945 1948 carnales
975 1893 1349 1959 divitiaa,sed
1380 1896 1553 1951 etiam
1579 1897 1701 1968 spi-

106 1975 260 2032 ritales
280 1994 375 2049 per
396 1976 540 2051 legis
572 1979 842 2036 notitiam
874 1983 1118 2054 accepit,
1151 1983 1366 2056 quibus
1410 1986 1598 2059 magis
1630 1987 1697 2041 ad

106 2064 322 2134 nitorem,
352 2082 523 2139 quam
552 2068 631 2124 ad
666 2069 976 2126 utilitatem
1011 2089 1157 2129 usus
1178 2074 1405 2140 est..Qui
1444 2092 1703 2147 purpura

106 2150 298 2209 indutus
325 2160 407 2210 est
438 2155 495 2210 in
529 2157 1105 2231 martyribus,hysso
1128 2160 1186 2215 in
1208 2160 1562 2233 virginibus:
1582 2161 1700 2217 sive

103 2257 310 2314 purpura
338 2243 394 2298 in
426 2244 590 2317 regia
621 2244 1197 2320 dignitate,hyssoin
1222 2248 1406 2322 gloria
1436 2250 1699 2306 sacerdo-

102 2329 194 2385 tali.
219 2330 556 2403 Epulabatur
589 2334 855 2405 quotidie
886 2335 1211 2408 splendide,
1232 2338 1289 2392 in
1322 2338 1554 2394 Patrum
1588 2337 1701 2395 elo-

104 2418 220 2491 quiis
237 2422 572 2479 meditando.
616 2423 721 2478 Per
751 2441 1064 2497 pauperem
1092 2443 1227 2482 vero
1258 2427 1539 2481 Lazarum
1554 2443 1700 2499 gen-

103 2507 192 2563 tilis
216 2509 443 2581 populus
465 2510 838 2584 designatur,
855 2514 953 2585 qui
970 2531 1191 2586 pauper
1210 2516 1450 2581 exstitit,
1465 2516 1698 2588 quando

107 2595 267 2669 elegis
293 2598 488 2654 notitia
518 2605 581 2655 et
615 2600 945 2675 cognitione
975 2603 1075 2658 Dei
1107 2603 1335 2660 alienus
1374 2605 1503 2658 fuit.
1532 2606 1696 2659 Jace-

104 2684 177 2740 bat
194 2686 492 2757 adjanuam
514 2691 673 2761 ejus,
689 2691 828 2763 quia
853 2691 1259 2765 intrajanuam
1287 2693 1699 2766 scientiaelegis

110 2773 281 2846 ingredi
318 2792 423 2832 non
476 2782 732 2850 poterat.
768 2779 1073 2837 Ulceribus
1110 2781 1338 2854 plenus,
1375 2783 1430 2837 id
1478 2787 1567 2839 est
1605 2782 1698 2837 di-

111 2862 250 2920 versis
276 2870 637 2939 peccatorum
671 2868 1015 2925 criminibus
1039 2872 1303 2927 foadatus.
1331 2872 1583 2943 Cupiens
1605 2889 1695 2927 sa-

110 2950 206 3006 tiari
231 2953 291 3008 de
320 2955 499 3023 micis,
528 2974 665 3030 qua:
697 2958 985 3015 cadebant
1031 2960 1102 3015 de
1150 2977 1353 3016 mensa
1392 2960 1606 3028 divitis,
1640 2963 1698 3016 et

111 3053 237 3096 nemo
257 3040 328 3097 illi
356 3042 554 3114 dabat;
573 3045 721 3117 quia
743 3045 839 3101 illo
863 3048 1151 3119 superbus
1172 3047 1504 3103 Judazorum
1519 3064 1697 3120 popu-

111 3124 176 3182 lus
197 3131 363 3199 verba,
385 3150 509 3205 quae
542 3135 624 3190 de
653 3134 799 3208 legis
829 3135 1073 3192 scientia
1093 3137 1479 3208 profluebant,
1509 3137 1695 3210 genti-

1816 1890 1923 1945 nisi
1958 1890 2227 1961 qumdam
2257 1888 2565 1944 vulnerum
2600 1889 2813 1962 ruptio.
2844 1891 2913 1945 Et
2943 1907 3050 1946 nos
3099 1909 3233 1965 ergo
3283 1898 3460 1950 conti-

1812 1979 1986 2034 tendo
2012 1983 2248 2051 peccata
2278 1977 2423 2032 nihil
2456 1978 2613 2033 aliud
2646 1979 3026 2050 agimus,nisi
3049 1982 3203 2052 quod
3228 1984 3463 2054 pestifc-

1810 2084 1941 2122 rum
1975 2068 2034 2122 in
2058 2072 2250 2122 mente
2280 2066 2515 2133 latebat,
2550 2067 2867 2138 aperimus.
2894 2068 3041 2134 Quia
3088 2087 3225 2143 ergo
3275 2073 3459 2129 sancti

1809 2156 2219 2229 praedicatorea
2241 2154 2514 2227 gentilcm
2540 2155 2822 2227 populum
2841 2158 2913 2211 ad
2939 2163 3307 2229 peccatorum
3330 2179 3463 2218 con-

1808 2245 2123 2301 fessionem
2151 2247 2519 2311 vocaverunt,
2537 2243 2704 2315 quasi
2728 2246 3020 2317 spiritales
3037 2264 3210 2305 canes
3223 2250 3461 2307 vulnera

1811 2334 2008 2389 Lazari
2044 2332 2316 2404 tingendo
2346 2339 2713 2388 curaverunt.
2747 2335 2906 2390 Unde
2924 2336 3069 2391 bene
3100 2338 3253 2394 idem
3287 2341 3460 2396 Laza-

1809 2423 2168 2493 rus,adjutus
2196 2422 2639 2494 interpretatur:
2660 2424 2798 2495 quia
2831 2424 2911 2478 illi
2946 2427 3016 2480 ad
3051 2426 3298 2484 salutem
3324 2446 3458 2485 eum

1808 2512 2178 2582 adjuverunt,
2213 2512 2311 2583 qui
2347 2516 2581 2582 peccata
2612 2528 2720 2567 sua
2748 2531 2882 2567 eum
2937 2517 3199 2571 confiteri
3248 2518 3456 2574 docue-

1808 2605 1964 2656 runt.
1996 2601 2062 2655 Et
2091 2601 2231 2672 quia
2258 2600 2507 2671 gentiles
2539 2617 2640 2671 per
2668 2603 2837 2656 [idem
2878 2602 2976 2656 lilii
3005 2605 3247 2660 Abrahae
3271 2608 3456 2663 ell‘ecti

1808 2693 1964 2757 sunt,
1990 2695 2143 2744 recte
2165 2688 2575 2760 subjungitur:
2603 2709 2624 2737 ι
2652 2690 2887 2746 Factum
2916 2697 3006 2745 est
3036 2697 3230 2749 autem
3259 2699 3322 2749 ut
3340 2713 3459 2751 mo-

1806 2781 2034 2834 reretur
2058 2778 2363 2833 mendicus
2394 2782 2450 2833 ct
2480 2781 2811 2849 portaretur
2841 2780 2912 2834 ab
2934 2780 3158 2853 angelis
3177 2783 3232 2836 in
3258 2782 3454 2839 sinum

1805 2866 2068 2923 Abrahae.
2095 2889 2122 2915 ››
2157 2867 2382 2938 Pauper
2412 2872 2605 2921 autem
2640 2867 2700 2921 in
2734 2866 2930 2923 sinum
2964 2869 3204 2925 Abrahae
3254 2877 3454 2943 porta-
3484 2894 3489 2899 λ

1805 2960 1922 3021 tur,
1956 2956 2093 3027 quia
2121 2972 2223 3027 per
2254 2956 2425 3010 {idem
2459 2956 2697 3027 gentilis
2729 2956 2981 3029 populus
3012 2959 3083 3014 ad
3111 2960 3450 3017 societatem

1806 3045 2272 3117 patriarcharum
2306 3042 2620 3116 colligitur,
2653 3045 2900 3102 Domino
2933 3046 3195 3103 dicente:
3232 3070 3262 3099 «
3286 3049 3451 3106 Multi

1806 3134 2040 3190 venient
2070 3134 2142 3188 ab
2173 3133 2393 3189 oriente
2423 3137 2480 3188 et
2508 3134 2823 3201 occidente,
2858 3139 2916 3190 et
2946 3138 3287 3193 recumbent
3316 3156 3451 3195 cum
3488 3158 3491 3163 ‘

110 3213 188 3271 bus
209 3218 327 3275 dare
347 3221 644 3279 nolebant.
661 3207 885 3280 Etdum
910 3207 1214 3298 praceptis
1243 3226 1388 3299 legis
1415 3207 1603 3300 magis
1621 3227 1688 3280 ad
1724 3207 1766 3273 C
1804 3223 2097 3278 Abraham
2129 3228 2185 3277 et
2214 3227 2377 3277 Isaac
2406 3227 2463 3277 et
2480 3224 2654 3277 Jacob
2678 3223 2737 3277 in
2756 3240 2934 3295 regno
2955 3224 3224 3281 caelorum
3240 3227 3447 3296 (Matth.
3519 3228 3527 3234 ’

109 3302 373 3377 elationem,
404 3328 581 3383 quam
620 3313 690 3367 ad
726 3314 1069 3371 charitatem
1101 3320 1158 3371 et
1187 3313 1498 3372 utilitatem
1549 3333 1694 3371 usus

108 3396 183 3457 est,
209 3399 351 3468 quasi
376 3416 441 3455 ex
471 3403 734 3475 acceptis
765 3403 1017 3477 dapibus
1046 3405 1285 3461 tumuit.
1305 3406 1506 3462 Mensa
1535 3405 1692 3461 enim

106 3484 398 3555 Scripturam
425 3495 697 3546 sanctam
731 3492 1043 3565 significat,
1079 3494 1230 3549 sicut
1260 3495 1544 3567 scriptum
1576 3499 1689 3551 est:

108 3590 128 3617 α
151 3569 325 3629 Parasti
356 3576 409 3632 in
442 3584 761 3651 conspectu
794 3598 924 3637 meo
955 3598 1218 3639 mensam
1252 3585 1531 3640 adversus
1592 3602 1692 3640 eos

108 3660 176 3729 qui
211 3664 463 3722 tribulant
513 3684 615 3723 me
646 3668 817 3740 (Pent.
852 3671 1009 3742 XXII).
1042 3690 1067 3723 η
1108 3671 1267 3727 Mica:
1322 3678 1539 3741 autem,
1565 3691 1691 3746 qua:

108 3748 332 3837 cadebant
358 3754 425 3811 de
453 3773 668 3814 mensa
683 3757 1087 3825 divitis,verba
1122 3766 1423 3834 sunt,quae
1454 3763 1523 3817 de
1538 3763 1691 3837 regis

107 3836 310 3912 scientia,
340 3850 399 3899 ut
428 3845 716 3915 diximus,
749 3849 1137 3920 proﬂuebant.
1163 3851 1278 3906 llas
1310 3853 1579 3924 cupiebat
1595 3836 1690 3908 ac-

108 3924 249 4013 cipere
270 3929 366 3987 iste
394 3951 642 4008 pauper,
678 3936 914 4009 gentilis
946 3938 1168 3995 scilicet
1187 3939 1690 4013 populus,dequi-

109 4009 186 4069 bus
203 4024 308 4075 erat
335 4021 429 4079 illa
459 4024 680 4081 mulier
707 4025 1031 4084 Cbananaea
1062 4009 1454 4100 quae—Domino
1475 4009 1689 4087 sibidi-

109 4104 236 4171 ωηῐίν
263 4131 288 4157 ι(
316 4110 431 4167 Non
460 4118 549 4169 est
580 4114 807 4170 bonum
839 4133 1071 4173 sumere
1105 4134 1312 4189 panem
1348 4118 1692 4185 flliorum,et

109 4190 282 4252 mittere
306 4202 560 4271 canibus,
605 4227 627 4255 ι
661 4205 965 4276 respondit
993 4205 1193 4261 dicens
1226 4222 1238 4261 :
1278 4229 1304 4255 ‹‹
1332 4206 1557 4278 Utique,
1585 4208 1691 4263 Do-

110 4279 371 4349 mine,nam
401 4295 456 4345 et
476 4291 674 4348 catelli
704 4294 887 4349 edunt
911 4295 981 4350 dc
1016 4296 1203 4359 micis,
1228 4312 1355 4367 qua:
1387 4297 1690 4353 caduntde

109 4380 260 4459 pensa
284 4376 649 4438 dominorum
683 4399 926 4439 suorum
961 4385 1168 4456 (Matth.
1204 4387 1319 4455 xv).
1338 4408 1359 4436 ι
1380 4386 1489 4441 Sed
1513 4404 1687 4459 quem

110 4452 223 4513 dives
247 4469 571 4537 contemnit,
607 4469 763 4525 Deus
795 4488 909 4526 non
951 4452 1216 4542 despicit.
1242 4452 1484 4535 Quando
1533 4452 1686 4527 enim

1803 3313 1940 3384 vm).
1977 3334 2006 3361 »
2037 3314 2107 3367 At
2135 3328 2268 3367 vero
2298 3312 2634 3367 Judzeorum
2667 3312 3056 3385 populus,qui
3089 3315 3320 3371 credere
3341 3333 3452 3373 no-

1804 3401 1935 3466 luit,
1970 3404 2207 3474 propter
2236 3401 2538 3473 perfidiam
2572 3402 2892 3473 repellitur.
2928 3403 3090 3459 Unde
3132 3405 3277 3461 bene
3306 3406 3447 3461 dici-

1802 3496 1900 3547 tur
1933 3508 1944 3545 :
1979 3491 2244 3546 Mortuus
2273 3494 2363 3546 est
2390 3494 2582 3545 autem
2627 3490 2807 3553 dives,
2838 3495 2895 3547 et
2943 3492 3209 3564 sepultus
3255 3498 3343 3550 est
3389 3495 3449 3550 in

1800 3580 2050 3635 inferno.
2083 3601 2111 3629 »
2147 3580 2318 3634 ltcctc
2354 3579 2407 3633 in
2442 3580 2629 3652 capite
2657 3579 2835 3651 hujus
2883 3579 3148 3637 lectionis
3199 3582 3454 3654 primum

1806 3670 2003 3743 posuit
2034 3668 2292 3733 divitem,
2325 3668 2535 3723 deinde
2567 3685 2918 3740 pauperem:
2954 3687 3109 3725 nunc
3156 3688 3290 3727 vero
3340 3672 3457 3745 pri-

1802 3776 1966 3814 mum
1998 3757 2565 3831 paupercm,deinde
2595 3758 2935 3824 divitem,ut
2960 3760 3292 3817 ostenderet
3323 3762 3461 3833 quia

1800 3847 2083 3904 Judaicus
2120 3846 2393 3918 populus,
2419 3846 2519 3918 qui
2544 3848 2733 3901 fuerat
2762 3847 2819 3901 in
2852 3848 3041 3920 capite
3071 3850 3459 3921 superbiendo

1800 3940 1858 3993 et
1889 3953 1951 3992 se
1977 3935 2307 3999 exaltando,
2339 3936 2529 3990 factus
2562 3941 2651 3991 est
2683 3935 2741 3990 in
2775 3937 2988 3991 cauda:
3014 3938 3251 4010 gentilis
3271 3939 3458 3995 sebu-

1801 4023 2101 4090 miliaudo,
2135 4023 2235 4094 qui
2267 4028 2391 4078 erat
2423 4023 2805 4091 novissimus,
2839 4026 3026 4081 factus
3069 4031 3158 4081 est
3209 4028 3458 4099 primus,

1800 4113 1959 4185 quia,
1979 4111 2131 4167 sicut
2162 4128 2263 4183 per
2291 4111 2802 4183 sapientissimum
2821 4114 3191 4169 Salomonem
3215 4115 3457 4181 dicitur;

1801 4202 2178 4273 «Superbum
2212 4200 2479 4271 sequitur
2512 4200 2861 4271 ignominia,
2879 4202 3235 4258 cthumilem
3250 4203 3458 4274 spiritu

1800 4289 1986 4363 gloria
2017 4291 2199 4361 (Prov.
2235 4291 2410 4354 xxix).
2431 4310 2458 4337 »
2481 4288 2643 4343 Unde
2676 4294 2729 4343 et
2760 4290 3042 4345 Dominus
3073 4290 3125 4343 in
3150 4289 3459 4362 Evangelio

1800 4380 1924 4435 ait:
1964 4401 1992 4428 «
2044 4378 2250 4434 Omnis
2297 4378 2394 4449 qui
2449 4395 2510 4433 se
2560 4376 2800 4443 exaltat,
2851 4377 3265 4434 humiliabitur
3306 4380 3456 4449 (Luc.

1798 4486 1895 4524 xxv
1928 4468 2116 4535 xvm).
2157 4491 2178 4518 ι
2222 4468 2281 4521 Et
2316 4467 2525 4521 iterum
2562 4483 2574 4521 :
2613 4490 2637 4516 ‹‹
2674 4468 2858 4521 Erunt
2915 4466 3089 4539 primi
3134 4467 3459 4534 novissimi,

111 4545 312 4607 excelsus
337 4554 486 4611 Deus
519 4557 767 4614 humilis
801 4558 990 4615 factus
1021 4564 1108 4613 est
1138 4560 1333 4627 homo,
1368 4578 1481 4616 non
1498 4562 1685 4617 solum
1724 4577 1770 4640 D
1802 4562 1859 4613 et
1891 4557 2200 4611 novissimi
2253 4555 2425 4626 primi
2476 4557 2679 4627 (Matth.
2715 4557 2849 4625 xm).
2888 4578 2914 4605 ››
2945 4556 3049 4620 Qui
3100 4556 3395 4613 Abraham
3429 4576 3463 4613 a

114 4632 164 4723 fil
186 4634 482 4701 Judteorum
518 4647 831 4720 populum,
856 4649 956 4704 sed
990 4648 1164 4704 etiam
1191 4650 1261 4704 ad
1286 4651 1545 4722 gentium
1562 4669 1698 4723 prae-

114 4715 342 4809 dicatores
360 4748 494 4789 suos
519 4715 754 4791 mittere
778 4715 1057 4809 dignatus
1084 4742 1191 4792 est.
1226 4715 1389 4793 Unde
1428 4715 1578 4795 bene
1610 4742 1698 4795 di-

113 4804 252 4899 citur:
280 4840 305 4865 α
333 4822 436 4876 Sed
467 4827 525 4878 et
555 4840 732 4880 canes
762 4804 1075 4883 veniebant
1104 4830 1161 4881 et
1190 4825 1702 4899 lingebantulccra

115 4894 222 4991 ﬁliis.
242 4922 267 4950 ι)
294 4908 463 4966 Canes
493 4912 551 4967 in
586 4912 1136 4986 Scripturis,varias
1165 4894 1384 4971 habent
1414 4906 1701 4989 significa-

114 4985 269 5076 liones.
281 4993 599 5068 Aliquando
614 4985 894 5074 populum
909 5002 1245 5057 Judaaorum
1265 5003 1414 5076 signi
1427 4985 1620 5072 licent,
1639 5012 1702 5062 ut

113 5071 154 5161 l1}
176 5071 369 5138 Psalmo
397 5071 640 5161 legitur—z
657 5071 1514 5149 «Circumdedcruntme'canes
1531 5094 1697 5149 multi

111 5156 239 5223 (Ρεαι.
280 5176 406 5243 xxx).
453 5156 481 5226 ἶ
528 5178 857 5252 Aliquando
916 5178 1093 5235 falsos
1156 5181 1499 5249 catholicos,
1551 5184 1704 5239 sicut

111 5257 186 5340 P7?
206 5256 681 5327 sapientisslmum
714 5268 1085 5326 Salomonem
1118 5269 1333 5325 dicitur
1354 5287 1366 5325 :
1384 5295 1410 5320 «
1429 5271 1591 5327 Sicut
1607 5289 1700 5327 ca-

108 5346 174 5432 ξ¹³
197 5344 281 5411 εἶιιὶ
310 5355 612 5411 revertitur
628 5359 697 5413 ad
721 5359 1007 5415 vomitum
1031 5375 1228 5426 suum,
1250 5360 1330 5413 ita
1354 5360 1571 5415 stultus
1598 5361 1697 5432 qui

106 5422 576 5519 iterat‘stultitiam
628 5460 816 5503 suam.
870 5449 1052 5514 (Prov.
1088 5422 1264 5517 xxvi).
1304 5473 1329 5496 »ι
1364 5422 1693 5519 Aliquando

114 5505 542 5607 heﬁelicosaicut
571 5505 882 5607 Apostolus
904 5538 1056 5592 aitzu
1074 5505 1276 5592 Videte
1307 5505 1698 5603 caneslvidete

123 5600 272 5664 ⁸³⁸108
299 5620 600 5691 operarios,
619 5600 813 5684 videte
843 5626 1235 5683 concisionem
1269 5627 1493 5698 (ΡΙειἸίρ.
1528 5627 1631 5698 m).
1664 5646 1691 5678 »

1808 4646 1977 4718 longe
2010 4645 2313 4717 conspicit,
2349 4645 2485 4716 quia
2516 4645 2563 4699 ei
2602 4662 2703 4717 per
2734 4645 3140 4711 imitationem,
3162 4646 3458 4715 utdictum

1809 4740 1919 4801 est,
1953 4734 2253 4806 proximus
2288 4733 2409 4789 fieri
2436 4732 2765 4799 noluit.Qui
2793 4733 2924 4806 plus
2954 4734 3011 4788 in
3035 4734 3308 4807 linguase
3332 4752 3459 4791 cru-

1810 4823 1947 4880 ciari
1980 4823 2268 4896 perhibet,
2304 4822 2443 4894 quia
2470 4824 2645 4879 verba
2674 4822 2839 4895 legis,
2874 4840 3001 4893 qum
3032 4823 3088 4877 in
3122 4840 3219 4877 ore
3250 4824 3457 4891 tenuit,

1810 4929 1982 4986 opere
2012 4911 2256 4984 implere
2279 4913 2652 4984 contempsit.
2668 4913 2840 4967 Recte
2862 4912 3036 4966 etiam
3052 4911 3107 4965 in
3124 4910 3324 4983 lingua
3337 4928 3460 4967 ma-

1811 5003 1906 5076 gis
1961 5002 2164 5057 ardere
2206 5000 2438 5068 dicitur,
2486 5001 2625 5073 quia
2672 5000 2855 5056 Judaei
2902 5004 3187 5055 acuerunt
3230 4999 3462 5073 linguas

1812 5108 1952 5148 suas
1986 5090 2137 5145 sient
2167 5094 2487 5161 serpentes,
2523 5088 2756 5160 quando
2779 5092 2978 5142 contra
3008 5093 3304 5144 auctorem
3335 5090 3461 5145 vitae

1811 5180 2084 5235 dixerunt
2114 5194 2127 5234 :
2164 5202 2190 5227 «
2228 5178 2534 5249 Crucitigc,
2568 5176 2840 5249 crucilige
2869 5178 3160 5233 cum.Non
3178 5178 3463 5237 habemus

1811 5285 2002 5339 regem
2038 5265 2151 5321 nisi
2182 5266 2467 5320 Cmsarem
2493 5266 2987 5337 (Joan.x1x).»Qui
3017 5268 3463 5324 uhextremodi-

1809 5359 1929 5432 gito
1963 5355 2161 5411 Lazari
2193 5372 2254 5409 se
2285 5356 2611 5427 refrigerari
2647 5363 2936 5427 precatur,
2971 5357 3109 5429 quia
3136 5356 3217 5412 illi
3262 5360 3358 5430 qui
3402 5359 3460 5414 in

1809 5452 2022 5502 aeterno
2048 5443 2332 5515 supplicio
2365 5449 2505 5499 sunt
2529 5445 3093 5510 damnati,minimis
3126 5453 3460 5503 sanctorum

1815 5532 2113 5606 Operibus,
2150 5533 2197 5585 si
2235 5533 2357 5586 tierl
2392 5539 2608 5605 posset,
2642 5537 2911 5605 optarent
2962 5552 3092 5592 esse
3131 5536 3459 5606 participes.

1821 5622 1983 5689 Quod
2017 5620 2157 5693 quia
2186 5627 2316 5693 post
2345 5628 2592 5679 mortem
2625 5624 2748 5680 ﬁeri
2770 5641 2883 5680 non
2906 5629 3118 5697 potest,
3134 5628 3285 5680 recte
3301 5623 3463 5677 diviti
