  <div class='ocr_page' id='page_1' title='image "/cluster/home/n/w/nwhite01/storage/ocr_20150623/118/hvd.32044073505158/305.png"; bbox 0 0 3908 6172; ppageno 0'>
   <div class='ocr_carea' id='block_1_1' title="bbox 395 293 516 357">
    <p class='ocr_par' dir='ltr' id='par_1_1' title="bbox 395 293 516 357">
     <span class='ocr_line' id='line_1_1' title="bbox 395 293 516 357; baseline -0.041 0"><span class='ocrx_word' id='word_1_1' title='bbox 395 293 516 357; x_wconf 79' lang='lat'>599</span> 
     </span>
    </p>
   </div>
   <div class='ocr_carea' id='block_1_2' title="bbox 958 284 3696 361">
    <p class='ocr_par' dir='ltr' id='par_1_2' title="bbox 958 284 3696 361">
     <span class='ocr_line' id='line_1_2' title="bbox 958 284 3696 361; baseline -0.001 -10"><span class='ocrx_word' id='word_1_2' title='bbox 958 287 1372 352; x_wconf 80' lang='lat' dir='ltr'>HAYMONIS</span> <span class='ocrx_word' id='word_1_3' title='bbox 1414 286 1958 359; x_wconf 77' lang='lat' dir='ltr'>HALBERSTAT.</span> <span class='ocrx_word' id='word_1_4' title='bbox 2004 284 2248 355; x_wconf 78' lang='lat' dir='ltr'>EPJSC.</span> <span class='ocrx_word' id='word_1_5' title='bbox 2294 287 2466 349; x_wconf 82' lang='grc' dir='ltr'><strong>ΟΡΡ.</strong></span> <span class='ocrx_word' id='word_1_6' title='bbox 2512 287 2712 349; x_wconf 80' lang='lat' dir='ltr'>PARS</span> <span class='ocrx_word' id='word_1_7' title='bbox 2757 287 2939 348; x_wconf 90' lang='lat' dir='ltr'>II.—-</span> <span class='ocrx_word' id='word_1_8' title='bbox 2966 287 3221 351; x_wconf 86' lang='lat' dir='ltr'>HOMIL.</span> <span class='ocrx_word' id='word_1_9' title='bbox 3604 298 3696 361; x_wconf 74' lang='grc' dir='ltr'>δυο</span> 
     </span>
    </p>
   </div>
   <div class='ocr_carea' id='block_1_3' title="bbox 394 419 3700 495">
    <p class='ocr_par' dir='ltr' id='par_1_3' title="bbox 394 419 3700 495">
     <span class='ocr_line' id='line_1_3' title="bbox 394 419 3700 495; baseline 0.001 -12"><span class='ocrx_word' id='word_1_10' title='bbox 394 440 535 483; x_wconf 84' lang='lat' dir='ltr'>voce</span> <span class='ocrx_word' id='word_1_11' title='bbox 562 420 806 482; x_wconf 59' lang='lat' dir='ltr'>Abrahae</span> <span class='ocrx_word' id='word_1_12' title='bbox 835 421 1057 480; x_wconf 90' lang='lat' dir='ltr'>dicitur</span> <span class='ocrx_word' id='word_1_13' title='bbox 1088 438 1102 482; x_wconf 88' lang='lat'><strong>:</strong></span> <span class='ocrx_word' id='word_1_14' title='bbox 1139 446 1167 476; x_wconf 85' lang='lat'>«</span> <span class='ocrx_word' id='word_1_15' title='bbox 1198 422 1629 493; x_wconf 90' lang='lat' dir='ltr'>Memento,ﬁli,</span> <span class='ocrx_word' id='word_1_16' title='bbox 1654 422 1794 495; x_wconf 85' lang='lat' dir='ltr'>quia</span> <span class='ocrx_word' id='word_1_17' title='bbox 1825 421 2045 494; x_wconf 87' lang='lat' dir='ltr'>recepi-</span> <span class='ocrx_word' id='word_1_18' title='bbox 2075 420 2130 487; x_wconf 84' lang='grc' dir='ltr'><strong>Α</strong></span> <span class='ocrx_word' id='word_1_19' title='bbox 2162 442 2189 469; x_wconf 93' lang='grc'>‹‹</span> <span class='ocrx_word' id='word_1_20' title='bbox 2214 419 2311 476; x_wconf 92' lang='lat' dir='ltr'>bet</span> <span class='ocrx_word' id='word_1_21' title='bbox 2333 419 2511 476; x_wconf 82' lang='lat' dir='ltr'>vitam</span> <span class='ocrx_word' id='word_1_22' title='bbox 2546 419 2602 475; x_wconf 90' lang='lat' dir='ltr'>in</span> <span class='ocrx_word' id='word_1_23' title='bbox 2635 438 2698 476; x_wconf 89' lang='lat' dir='ltr'>se</span> <span class='ocrx_word' id='word_1_24' title='bbox 2728 425 3081 478; x_wconf 89' lang='lat' dir='ltr'>manentem.</span> <span class='ocrx_word' id='word_1_25' title='bbox 3108 444 3135 473; x_wconf 84' lang='lat'><strong>»</strong></span> <span class='ocrx_word' id='word_1_26' title='bbox 3155 423 3292 480; x_wconf 88' lang='lat' dir='ltr'>Nam</span> <span class='ocrx_word' id='word_1_27' title='bbox 3316 424 3405 481; x_wconf 88' lang='lat' dir='ltr'>ubi</span> <span class='ocrx_word' id='word_1_28' title='bbox 3432 427 3700 487; x_wconf 84' lang='lat' dir='ltr'>retributio-</span> 
     </span>
    </p>
   </div>
   <div class='ocr_carea' id='block_1_4' title="bbox 397 512 2045 583">
    <p class='ocr_par' dir='ltr' id='par_1_4' title="bbox 397 512 2045 583">
     <span class='ocr_line' id='line_1_4' title="bbox 397 512 2045 583; baseline 0.001 -12"><span class='ocrx_word' id='word_1_29' title='bbox 397 515 473 572; x_wconf 86' lang='lat' dir='ltr'>sti</span> <span class='ocrx_word' id='word_1_30' title='bbox 505 514 659 570; x_wconf 88' lang='lat' dir='ltr'>bona</span> <span class='ocrx_word' id='word_1_31' title='bbox 689 513 749 583; x_wconf 88' lang='lat' dir='ltr'>in</span> <span class='ocrx_word' id='word_1_32' title='bbox 769 514 887 569; x_wconf 88' lang='lat' dir='ltr'>vita</span> <span class='ocrx_word' id='word_1_33' title='bbox 912 517 1033 579; x_wconf 90' lang='lat' dir='ltr'>tua,</span> <span class='ocrx_word' id='word_1_34' title='bbox 1048 517 1107 570; x_wconf 88' lang='lat' dir='ltr'>et</span> <span class='ocrx_word' id='word_1_35' title='bbox 1132 518 1378 568; x_wconf 77' lang='lat' dir='ltr'>Lazarus</span> <span class='ocrx_word' id='word_1_36' title='bbox 1401 512 1673 569; x_wconf 75' lang='lat' dir='ltr'>similiter</span> <span class='ocrx_word' id='word_1_37' title='bbox 1690 514 1863 571; x_wconf 89' lang='lat' dir='ltr'>mala.</span> <span class='ocrx_word' id='word_1_38' title='bbox 1880 517 2045 573; x_wconf 89' lang='lat' dir='ltr'>Nunc</span> 
     </span>
    </p>
   </div>
   <div class='ocr_carea' id='block_1_5' title="bbox 396 602 2045 678">
    <p class='ocr_par' dir='ltr' id='par_1_5' title="bbox 396 602 2045 678">
     <span class='ocr_line' id='line_1_5' title="bbox 396 602 2045 678; baseline 0.001 -16"><span class='ocrx_word' id='word_1_39' title='bbox 396 609 591 663; x_wconf 72' lang='lat' dir='ltr'>autem</span> <span class='ocrx_word' id='word_1_40' title='bbox 624 603 719 659; x_wconf 90' lang='lat' dir='ltr'>hic</span> <span class='ocrx_word' id='word_1_41' title='bbox 750 602 1104 674; x_wconf 80' lang='lat' dir='ltr'>consolatur,</span> <span class='ocrx_word' id='word_1_42' title='bbox 1125 608 1186 657; x_wconf 90' lang='lat' dir='ltr'>tu</span> <span class='ocrx_word' id='word_1_43' title='bbox 1220 618 1352 658; x_wconf 92' lang='lat' dir='ltr'>vero</span> <span class='ocrx_word' id='word_1_44' title='bbox 1384 602 1681 659; x_wconf 88' lang='lat' dir='ltr'>cruciaris.</span> <span class='ocrx_word' id='word_1_45' title='bbox 1718 626 1746 653; x_wconf 89' lang='grc'><strong>››</strong></span> <span class='ocrx_word' id='word_1_46' title='bbox 1780 605 2045 678; x_wconf 86' lang='lat' dir='ltr'>Quinque</span> 
     </span>
    </p>
   </div>
   <div class='ocr_carea' id='block_1_6' title="bbox 394 690 2045 766">
    <p class='ocr_par' dir='ltr' id='par_1_6' title="bbox 394 690 2045 766">
     <span class='ocr_line' id='line_1_6' title="bbox 394 690 2045 766; baseline -0.001 -15"><span class='ocrx_word' id='word_1_47' title='bbox 394 696 593 764; x_wconf 72' lang='lat' dir='ltr'>autem</span> <span class='ocrx_word' id='word_1_48' title='bbox 625 692 834 748; x_wconf 84' lang='lat' dir='ltr'>fratres</span> <span class='ocrx_word' id='word_1_49' title='bbox 867 690 1029 747; x_wconf 85' lang='lat' dir='ltr'>dives</span> <span class='ocrx_word' id='word_1_50' title='bbox 1059 708 1120 748; x_wconf 92' lang='lat' dir='ltr'>se</span> <span class='ocrx_word' id='word_1_51' title='bbox 1149 691 1363 747; x_wconf 88' lang='lat' dir='ltr'>habere</span> <span class='ocrx_word' id='word_1_52' title='bbox 1392 691 1738 760; x_wconf 80' lang='lat' dir='ltr'>testabatur,</span> <span class='ocrx_word' id='word_1_53' title='bbox 1774 694 1913 765; x_wconf 87' lang='lat' dir='ltr'>quia</span> <span class='ocrx_word' id='word_1_54' title='bbox 1944 711 2045 766; x_wconf 91' lang='lat' dir='ltr'>po-</span> 
     </span>
    </p>
   </div>
   <div class='ocr_carea' id='block_1_7' title="bbox 394 780 2046 857">
    <p class='ocr_par' dir='ltr' id='par_1_7' title="bbox 394 780 2046 857">
     <span class='ocr_line' id='line_1_7' title="bbox 394 780 2046 857; baseline 0.001 -18"><span class='ocrx_word' id='word_1_55' title='bbox 394 782 571 857; x_wconf 89' lang='lat' dir='ltr'>pulus</span> <span class='ocrx_word' id='word_1_56' title='bbox 596 782 881 839; x_wconf 86' lang='lat' dir='ltr'>Judaicus</span> <span class='ocrx_word' id='word_1_57' title='bbox 912 781 1171 853; x_wconf 91' lang='lat' dir='ltr'>quinque</span> <span class='ocrx_word' id='word_1_58' title='bbox 1201 780 1384 837; x_wconf 89' lang='lat' dir='ltr'>libros</span> <span class='ocrx_word' id='word_1_59' title='bbox 1416 780 1595 852; x_wconf 82' lang='lat' dir='ltr'>Moysi</span> <span class='ocrx_word' id='word_1_60' title='bbox 1622 782 1862 854; x_wconf 89' lang='lat' dir='ltr'>accepit.</span> <span class='ocrx_word' id='word_1_61' title='bbox 1883 783 2046 840; x_wconf 86' lang='lat' dir='ltr'>Unde</span> 
     </span>
    </p>
   </div>
   <div class='ocr_carea' id='block_1_8' title="bbox 397 869 2049 946">
    <p class='ocr_par' dir='ltr' id='par_1_8' title="bbox 397 869 2049 946">
     <span class='ocr_line' id='line_1_8' title="bbox 397 869 2049 946; baseline 0 -17"><span class='ocrx_word' id='word_1_62' title='bbox 397 876 549 929; x_wconf 86' lang='lat' dir='ltr'>recte</span> <span class='ocrx_word' id='word_1_63' title='bbox 590 888 693 945; x_wconf 87' lang='lat' dir='ltr'>per</span> <span class='ocrx_word' id='word_1_64' title='bbox 739 870 1027 926; x_wconf 80' lang='lat' dir='ltr'>Abraham</span> <span class='ocrx_word' id='word_1_65' title='bbox 1080 869 1296 925; x_wconf 88' lang='lat' dir='ltr'>dicitur</span> <span class='ocrx_word' id='word_1_66' title='bbox 1325 886 1338 924; x_wconf 75' lang='grc' dir='ltr'><strong>ι</strong></span> <span class='ocrx_word' id='word_1_67' title='bbox 1367 892 1395 919; x_wconf 88' lang='grc'>‹‹</span> <span class='ocrx_word' id='word_1_68' title='bbox 1428 870 1657 927; x_wconf 86' lang='lat' dir='ltr'>Habent</span> <span class='ocrx_word' id='word_1_69' title='bbox 1706 872 1940 946; x_wconf 81' lang='lat' dir='ltr'>Moysen</span> <span class='ocrx_word' id='word_1_70' title='bbox 1992 878 2049 929; x_wconf 90' lang='lat' dir='ltr'>et</span> 
     </span>
    </p>
   </div>
   <div class='ocr_carea' id='block_1_9' title="bbox 397 958 2050 1034">
    <p class='ocr_par' dir='ltr' id='par_1_9' title="bbox 397 958 2050 1034">
     <span class='ocr_line' id='line_1_9' title="bbox 397 958 2050 1034; baseline 0 -16"><span class='ocrx_word' id='word_1_71' title='bbox 397 960 732 1034; x_wconf 75' lang='lat' dir='ltr'>prophetas.</span> <span class='ocrx_word' id='word_1_72' title='bbox 757 981 784 1010; x_wconf 76' lang='grc' dir='ltr'>›ι</span> <span class='ocrx_word' id='word_1_73' title='bbox 817 958 920 1014; x_wconf 88' lang='lat' dir='ltr'>Vel</span> <span class='ocrx_word' id='word_1_74' title='bbox 951 958 1092 1030; x_wconf 91' lang='lat' dir='ltr'>quia</span> <span class='ocrx_word' id='word_1_75' title='bbox 1120 959 1382 1030; x_wconf 92' lang='lat' dir='ltr'>ejusdem</span> <span class='ocrx_word' id='word_1_76' title='bbox 1417 976 1553 1031; x_wconf 90' lang='lat' dir='ltr'>pars</span> <span class='ocrx_word' id='word_1_77' title='bbox 1582 960 1917 1033; x_wconf 88' lang='lat' dir='ltr'>populi,qui</span> <span class='ocrx_word' id='word_1_78' title='bbox 1952 963 2050 1018; x_wconf 90' lang='lat' dir='ltr'>ad-</span> 
     </span>
    </p>
   </div>
   <div class='ocr_carea' id='block_1_10' title="bbox 399 1046 2048 1120">
    <p class='ocr_par' dir='ltr' id='par_1_10' title="bbox 399 1046 2048 1120">
     <span class='ocr_line' id='line_1_10' title="bbox 399 1046 2048 1120; baseline 0.001 -14"><span class='ocrx_word' id='word_1_79' title='bbox 399 1050 516 1106; x_wconf 88' lang='lat' dir='ltr'>huc</span> <span class='ocrx_word' id='word_1_80' title='bbox 546 1049 604 1104; x_wconf 89' lang='lat' dir='ltr'>in</span> <span class='ocrx_word' id='word_1_81' title='bbox 634 1048 901 1120; x_wconf 66' lang='lat' dir='ltr'>prasenti</span> <span class='ocrx_word' id='word_1_82' title='bbox 934 1047 1054 1103; x_wconf 86' lang='lat' dir='ltr'>vita</span> <span class='ocrx_word' id='word_1_83' title='bbox 1084 1046 1374 1115; x_wconf 79' lang='lat' dir='ltr'>subsistit,</span> <span class='ocrx_word' id='word_1_84' title='bbox 1402 1047 1461 1103; x_wconf 92' lang='lat' dir='ltr'>in</span> <span class='ocrx_word' id='word_1_85' title='bbox 1495 1048 1755 1120; x_wconf 91' lang='lat' dir='ltr'>quinque</span> <span class='ocrx_word' id='word_1_86' title='bbox 1776 1052 2048 1108; x_wconf 82' lang='lat' dir='ltr'>sensibus</span> 
     </span>
    </p>
   </div>
   <div class='ocr_carea' id='block_1_11' title="bbox 403 1137 2051 1211">
    <p class='ocr_par' dir='ltr' id='par_1_11' title="bbox 403 1137 2051 1211">
     <span class='ocr_line' id='line_1_11' title="bbox 403 1137 2051 1211; baseline 0.001 -16"><span class='ocrx_word' id='word_1_87' title='bbox 403 1137 661 1209; x_wconf 78' lang='lat' dir='ltr'>corporis</span> <span class='ocrx_word' id='word_1_88' title='bbox 689 1140 939 1205; x_wconf 87' lang='lat' dir='ltr'>constat,</span> <span class='ocrx_word' id='word_1_89' title='bbox 974 1154 1121 1209; x_wconf 91' lang='lat' dir='ltr'>quos</span> <span class='ocrx_word' id='word_1_90' title='bbox 1153 1154 1362 1193; x_wconf 88' lang='lat' dir='ltr'>sensus</span> <span class='ocrx_word' id='word_1_91' title='bbox 1394 1137 1493 1211; x_wconf 88' lang='lat' dir='ltr'>qui</span> <span class='ocrx_word' id='word_1_92' title='bbox 1526 1138 1599 1193; x_wconf 91' lang='lat' dir='ltr'>ad</span> <span class='ocrx_word' id='word_1_93' title='bbox 1623 1138 1945 1210; x_wconf 82' lang='lat' dir='ltr'>spiritalem</span> <span class='ocrx_word' id='word_1_94' title='bbox 1966 1141 2051 1197; x_wconf 90' lang='lat' dir='ltr'>in-</span> 
     </span>
    </p>
   </div>
   <div class='ocr_carea' id='block_1_12' title="bbox 402 1225 2049 1295">
    <p class='ocr_par' dir='ltr' id='par_1_12' title="bbox 402 1225 2049 1295">
     <span class='ocr_line' id='line_1_12' title="bbox 402 1225 2049 1295; baseline 0.002 -13"><span class='ocrx_word' id='word_1_95' title='bbox 402 1225 701 1282; x_wconf 88' lang='lat' dir='ltr'>tellectum</span> <span class='ocrx_word' id='word_1_96' title='bbox 732 1226 961 1281; x_wconf 88' lang='lat' dir='ltr'>ﬁectere</span> <span class='ocrx_word' id='word_1_97' title='bbox 986 1225 1215 1295; x_wconf 87' lang='lat' dir='ltr'>nolunt,</span> <span class='ocrx_word' id='word_1_98' title='bbox 1237 1230 1392 1281; x_wconf 89' lang='lat' dir='ltr'>recte</span> <span class='ocrx_word' id='word_1_99' title='bbox 1414 1226 1483 1282; x_wconf 88' lang='lat' dir='ltr'>de</span> <span class='ocrx_word' id='word_1_100' title='bbox 1513 1243 1713 1282; x_wconf 89' lang='lat' dir='ltr'>eorum</span> <span class='ocrx_word' id='word_1_101' title='bbox 1748 1233 2049 1285; x_wconf 82' lang='lat' dir='ltr'>contuma-</span> 
     </span>
    </p>
   </div>
   <div class='ocr_carea' id='block_1_13' title="bbox 406 1313 2053 1388">
    <p class='ocr_par' dir='ltr' id='par_1_13' title="bbox 406 1313 2053 1388">
     <span class='ocr_line' id='line_1_13' title="bbox 406 1313 2053 1388; baseline 0.004 -19"><span class='ocrx_word' id='word_1_102' title='bbox 406 1314 495 1370; x_wconf 86' lang='lat' dir='ltr'>cia</span> <span class='ocrx_word' id='word_1_103' title='bbox 523 1313 923 1369; x_wconf 88' lang='lat' dir='ltr'>subinfertur:</span> <span class='ocrx_word' id='word_1_104' title='bbox 960 1337 988 1364; x_wconf 89' lang='grc'>‹‹</span> <span class='ocrx_word' id='word_1_105' title='bbox 1025 1313 1084 1369; x_wconf 91' lang='lat' dir='ltr'>Si</span> <span class='ocrx_word' id='word_1_106' title='bbox 1117 1315 1351 1387; x_wconf 63' lang='lat' dir='ltr'>Moysen</span> <span class='ocrx_word' id='word_1_107' title='bbox 1385 1320 1437 1370; x_wconf 91' lang='lat' dir='ltr'>et</span> <span class='ocrx_word' id='word_1_108' title='bbox 1472 1316 1787 1388; x_wconf 84' lang='lat' dir='ltr'>prophetas</span> <span class='ocrx_word' id='word_1_109' title='bbox 1818 1335 1931 1374; x_wconf 92' lang='lat' dir='ltr'>non</span> <span class='ocrx_word' id='word_1_110' title='bbox 1955 1336 2053 1375; x_wconf 87' lang='lat' dir='ltr'>au-</span> 
     </span>
    </p>
   </div>
   <div class='ocr_carea' id='block_1_14' title="bbox 406 1402 2052 1475">
    <p class='ocr_par' dir='ltr' id='par_1_14' title="bbox 406 1402 2052 1475">
     <span class='ocr_line' id='line_1_14' title="bbox 406 1402 2052 1475; baseline 0.002 -16"><span class='ocrx_word' id='word_1_111' title='bbox 406 1403 598 1471; x_wconf 90' lang='lat' dir='ltr'>diunt,</span> <span class='ocrx_word' id='word_1_112' title='bbox 640 1419 829 1475; x_wconf 89' lang='lat' dir='ltr'>neque</span> <span class='ocrx_word' id='word_1_113' title='bbox 877 1402 923 1457; x_wconf 90' lang='lat' dir='ltr'>si</span> <span class='ocrx_word' id='word_1_114' title='bbox 974 1404 1108 1475; x_wconf 85' lang='lat' dir='ltr'>quis</span> <span class='ocrx_word' id='word_1_115' title='bbox 1156 1421 1223 1459; x_wconf 78' lang='lat' dir='ltr'>ex</span> <span class='ocrx_word' id='word_1_116' title='bbox 1268 1404 1519 1460; x_wconf 85' lang='lat' dir='ltr'>mortuis</span> <span class='ocrx_word' id='word_1_117' title='bbox 1569 1406 1883 1461; x_wconf 86' lang='lat' dir='ltr'>resurrexit</span> <span class='ocrx_word' id='word_1_118' title='bbox 1929 1424 2052 1463; x_wconf 90' lang='lat' dir='ltr'>cre-</span> 
     </span>
    </p>
   </div>
   <div class='ocr_carea' id='block_1_15' title="bbox 407 1491 2053 1565">
    <p class='ocr_par' dir='ltr' id='par_1_15' title="bbox 407 1491 2053 1565">
     <span class='ocr_line' id='line_1_15' title="bbox 407 1491 2053 1565; baseline 0.002 -16"><span class='ocrx_word' id='word_1_119' title='bbox 407 1493 568 1549; x_wconf 85' lang='lat' dir='ltr'>dent.</span> <span class='ocrx_word' id='word_1_120' title='bbox 597 1516 625 1543; x_wconf 89' lang='grc'>‹‹</span> <span class='ocrx_word' id='word_1_121' title='bbox 658 1492 791 1550; x_wconf 91' lang='lat' dir='ltr'>Ideo</span> <span class='ocrx_word' id='word_1_122' title='bbox 820 1492 976 1549; x_wconf 89' lang='lat' dir='ltr'>enim</span> <span class='ocrx_word' id='word_1_123' title='bbox 1002 1492 1060 1547; x_wconf 93' lang='lat' dir='ltr'>in</span> <span class='ocrx_word' id='word_1_124' title='bbox 1090 1491 1408 1561; x_wconf 77' lang='lat' dir='ltr'>Christum,</span> <span class='ocrx_word' id='word_1_125' title='bbox 1442 1494 1541 1565; x_wconf 88' lang='lat' dir='ltr'>qui</span> <span class='ocrx_word' id='word_1_126' title='bbox 1572 1510 1639 1549; x_wconf 87' lang='lat' dir='ltr'>ex</span> <span class='ocrx_word' id='word_1_127' title='bbox 1688 1496 1935 1551; x_wconf 88' lang='lat' dir='ltr'>mortuis</span> <span class='ocrx_word' id='word_1_128' title='bbox 1965 1513 2053 1552; x_wconf 89' lang='lat' dir='ltr'>re-</span> 
     </span>
    </p>
   </div>
   <div class='ocr_carea' id='block_1_16' title="bbox 408 1580 2053 1656">
    <p class='ocr_par' dir='ltr' id='par_1_16' title="bbox 408 1580 2053 1656">
     <span class='ocr_line' id='line_1_16' title="bbox 408 1580 2053 1656; baseline 0.002 -20"><span class='ocrx_word' id='word_1_129' title='bbox 408 1580 679 1649; x_wconf 83' lang='lat' dir='ltr'>surrexit,</span> <span class='ocrx_word' id='word_1_130' title='bbox 694 1598 808 1637; x_wconf 92' lang='lat' dir='ltr'>non</span> <span class='ocrx_word' id='word_1_131' title='bbox 835 1580 1256 1653; x_wconf 90' lang='lat' dir='ltr'>credunt,quia</span> <span class='ocrx_word' id='word_1_132' title='bbox 1280 1581 1513 1653; x_wconf 79' lang='lat' dir='ltr'>Moysen</span> <span class='ocrx_word' id='word_1_133' title='bbox 1548 1586 1605 1638; x_wconf 90' lang='lat' dir='ltr'>et</span> <span class='ocrx_word' id='word_1_134' title='bbox 1637 1584 2053 1656; x_wconf 88' lang='lat' dir='ltr'>prophetarum</span> 
     </span>
    </p>
   </div>
   <div class='ocr_carea' id='block_1_17' title="bbox 407 1669 2057 1743">
    <p class='ocr_par' dir='ltr' id='par_1_17' title="bbox 407 1669 2057 1743">
     <span class='ocr_line' id='line_1_17' title="bbox 407 1669 2057 1743; baseline 0.003 -18"><span class='ocrx_word' id='word_1_135' title='bbox 407 1670 565 1726; x_wconf 89' lang='lat' dir='ltr'>dicta</span> <span class='ocrx_word' id='word_1_136' title='bbox 593 1669 976 1743; x_wconf 89' lang='lat' dir='ltr'>spiritualiter</span> <span class='ocrx_word' id='word_1_137' title='bbox 998 1686 1113 1725; x_wconf 91' lang='lat' dir='ltr'>non</span> <span class='ocrx_word' id='word_1_138' title='bbox 1132 1670 1486 1743; x_wconf 90' lang='lat' dir='ltr'>intelligunt.</span> <span class='ocrx_word' id='word_1_139' title='bbox 1506 1671 1669 1729; x_wconf 87' lang='lat' dir='ltr'>Unde</span> <span class='ocrx_word' id='word_1_140' title='bbox 1701 1673 1962 1730; x_wconf 85' lang='lat' dir='ltr'>Salvator</span> <span class='ocrx_word' id='word_1_141' title='bbox 1976 1674 2057 1730; x_wconf 88' lang='lat' dir='ltr'>ait</span> 
     </span>
    </p>
   </div>
   <div class='ocr_carea' id='block_1_18' title="bbox 2155 510 3699 591">
    <p class='ocr_par' dir='ltr' id='par_1_18' title="bbox 2155 510 3699 591">
     <span class='ocr_line' id='line_1_18' title="bbox 2155 510 3699 591; baseline 0.007 -26"><span class='ocrx_word' id='word_1_142' title='bbox 2155 510 2247 566; x_wconf 91' lang='lat' dir='ltr'>nis</span> <span class='ocrx_word' id='word_1_143' title='bbox 2296 512 2528 581; x_wconf 83' lang='lat' dir='ltr'>tempus</span> <span class='ocrx_word' id='word_1_144' title='bbox 2576 510 2892 579; x_wconf 78' lang='lat' dir='ltr'>advenerit,</span> <span class='ocrx_word' id='word_1_145' title='bbox 2926 528 3056 566; x_wconf 91' lang='lat' dir='ltr'>cum</span> <span class='ocrx_word' id='word_1_146' title='bbox 3086 511 3217 569; x_wconf 88' lang='lat' dir='ltr'>Cain</span> <span class='ocrx_word' id='word_1_147' title='bbox 3267 513 3361 585; x_wconf 88' lang='lat' dir='ltr'>qui</span> <span class='ocrx_word' id='word_1_148' title='bbox 3394 532 3455 570; x_wconf 83' lang='lat' dir='ltr'>ex</span> <span class='ocrx_word' id='word_1_149' title='bbox 3495 517 3699 591; x_wconf 86' lang='lat' dir='ltr'>maligno</span> 
     </span>
    </p>
   </div>
   <div class='ocr_carea' id='block_1_19' title="bbox 2156 598 3700 677">
    <p class='ocr_par' dir='ltr' id='par_1_19' title="bbox 2156 598 3700 677">
     <span class='ocr_line' id='line_1_19' title="bbox 2156 598 3700 677; baseline 0.006 -23"><span class='ocrx_word' id='word_1_150' title='bbox 2156 602 2299 667; x_wconf 89' lang='lat' dir='ltr'>erat,</span> <span class='ocrx_word' id='word_1_151' title='bbox 2315 598 2692 654; x_wconf 82' lang='lat' dir='ltr'>damnabitur</span> <span class='ocrx_word' id='word_1_152' title='bbox 2711 600 2887 655; x_wconf 88' lang='lat' dir='ltr'>etiam</span> <span class='ocrx_word' id='word_1_153' title='bbox 2911 600 3010 672; x_wconf 90' lang='lat' dir='ltr'>qui</span> <span class='ocrx_word' id='word_1_154' title='bbox 3031 601 3135 657; x_wconf 90' lang='lat' dir='ltr'>hoc</span> <span class='ocrx_word' id='word_1_155' title='bbox 3155 601 3429 658; x_wconf 87' lang='lat' dir='ltr'>homicidii</span> <span class='ocrx_word' id='word_1_156' title='bbox 3447 621 3620 677; x_wconf 86' lang='lat' dir='ltr'>genere</span> <span class='ocrx_word' id='word_1_157' title='bbox 3633 615 3700 663; x_wconf 86' lang='lat' dir='ltr'>te-</span> 
     </span>
    </p>
   </div>
   <div class='ocr_carea' id='block_1_20' title="bbox 2156 688 3699 765">
    <p class='ocr_par' dir='ltr' id='par_1_20' title="bbox 2156 688 3699 765">
     <span class='ocr_line' id='line_1_20' title="bbox 2156 688 3699 765; baseline 0.006 -22"><span class='ocrx_word' id='word_1_158' title='bbox 2156 688 2496 756; x_wconf 78' lang='lat' dir='ltr'>netur(Gen.</span> <span class='ocrx_word' id='word_1_159' title='bbox 2529 688 2626 758; x_wconf 85' lang='lat' dir='ltr'>1v),</span> <span class='ocrx_word' id='word_1_160' title='bbox 2661 693 2727 743; x_wconf 89' lang='lat' dir='ltr'>ut</span> <span class='ocrx_word' id='word_1_161' title='bbox 2754 689 3047 744; x_wconf 86' lang='lat' dir='ltr'>discordet</span> <span class='ocrx_word' id='word_1_162' title='bbox 3078 694 3134 745; x_wconf 91' lang='lat' dir='ltr'>et</span> <span class='ocrx_word' id='word_1_163' title='bbox 3161 689 3435 759; x_wconf 85' lang='lat' dir='ltr'>dissideat,</span> <span class='ocrx_word' id='word_1_164' title='bbox 3466 698 3515 747; x_wconf 90' lang='lat' dir='ltr'>et</span> <span class='ocrx_word' id='word_1_165' title='bbox 3545 711 3699 765; x_wconf 88' lang='lat' dir='ltr'>pacem</span> 
     </span>
    </p>
   </div>
   <div class='ocr_carea' id='block_1_21' title="bbox 2156 777 3701 855">
    <p class='ocr_par' dir='ltr' id='par_1_21' title="bbox 2156 777 3701 855">
     <span class='ocr_line' id='line_1_21' title="bbox 2156 777 3701 855; baseline 0.006 -23"><span class='ocrx_word' id='word_1_166' title='bbox 2156 795 2289 832; x_wconf 89' lang='lat' dir='ltr'>cum</span> <span class='ocrx_word' id='word_1_167' title='bbox 2332 778 2612 833; x_wconf 81' lang='lat' dir='ltr'>fratribus</span> <span class='ocrx_word' id='word_1_168' title='bbox 2642 793 2757 832; x_wconf 87' lang='lat' dir='ltr'>non</span> <span class='ocrx_word' id='word_1_169' title='bbox 2794 777 3026 833; x_wconf 88' lang='lat' dir='ltr'>habeat.</span> <span class='ocrx_word' id='word_1_170' title='bbox 3056 778 3369 835; x_wconf 76' lang='lat' dir='ltr'>Notandum</span> <span class='ocrx_word' id='word_1_171' title='bbox 3413 781 3546 838; x_wconf 86' lang='lat' dir='ltr'>enim</span> <span class='ocrx_word' id='word_1_172' title='bbox 3586 788 3701 855; x_wconf 88' lang='lat' dir='ltr'>quod</span> 
     </span>
    </p>
   </div>
   <div class='ocr_carea' id='block_1_22' title="bbox 2156 867 3703 933">
    <p class='ocr_par' dir='ltr' id='par_1_22' title="bbox 2156 867 3703 933">
     <span class='ocr_line' id='line_1_22' title="bbox 2156 867 3703 933; baseline 0.004 -10"><span class='ocrx_word' id='word_1_173' title='bbox 2156 885 2270 924; x_wconf 91' lang='lat' dir='ltr'>non</span> <span class='ocrx_word' id='word_1_174' title='bbox 2302 868 2383 923; x_wconf 86' lang='lat' dir='ltr'>ait</span> <span class='ocrx_word' id='word_1_175' title='bbox 2413 868 2697 933; x_wconf 88' lang='lat' dir='ltr'>absolute,</span> <span class='ocrx_word' id='word_1_176' title='bbox 2722 892 2748 917; x_wconf 89' lang='grc'>‹‹</span> <span class='ocrx_word' id='word_1_177' title='bbox 2783 867 3076 924; x_wconf 84' lang='lat' dir='ltr'>homicida</span> <span class='ocrx_word' id='word_1_178' title='bbox 3104 886 3214 924; x_wconf 91' lang='lat' dir='ltr'>non</span> <span class='ocrx_word' id='word_1_179' title='bbox 3243 870 3405 926; x_wconf 87' lang='lat' dir='ltr'>habet</span> <span class='ocrx_word' id='word_1_180' title='bbox 3428 872 3576 927; x_wconf 86' lang='lat' dir='ltr'>vitam</span> <span class='ocrx_word' id='word_1_181' title='bbox 3594 873 3703 930; x_wconf 85' lang='lat' dir='ltr'>inse</span> 
     </span>
    </p>
   </div>
   <div class='ocr_carea' id='block_1_23' title="bbox 2158 957 3707 1030">
    <p class='ocr_par' dir='ltr' id='par_1_23' title="bbox 2158 957 3707 1030">
     <span class='ocr_line' id='line_1_23' title="bbox 2158 957 3707 1030; baseline 0.004 -16"><span class='ocrx_word' id='word_1_182' title='bbox 2158 962 2490 1014; x_wconf 89' lang='lat' dir='ltr'>manentem</span> <span class='ocrx_word' id='word_1_183' title='bbox 2522 974 2534 1013; x_wconf 91' lang='lat'>:</span> <span class='ocrx_word' id='word_1_184' title='bbox 2574 979 2599 1006; x_wconf 71' lang='grc' dir='ltr'>υ</span> <span class='ocrx_word' id='word_1_185' title='bbox 2628 958 2728 1013; x_wconf 91' lang='lat' dir='ltr'>sed</span> <span class='ocrx_word' id='word_1_186' title='bbox 2761 957 2973 1024; x_wconf 86' lang='lat' dir='ltr'>omnis,</span> <span class='ocrx_word' id='word_1_187' title='bbox 3006 958 3212 1030; x_wconf 85' lang='lat' dir='ltr'>inquit,</span> <span class='ocrx_word' id='word_1_188' title='bbox 3244 959 3707 1025; x_wconf 82' lang='lat' dir='ltr'>homicida,scilioet</span> 
     </span>
    </p>
   </div>
   <div class='ocr_carea' id='block_1_24' title="bbox 2158 1046 3709 1122">
    <p class='ocr_par' dir='ltr' id='par_1_24' title="bbox 2158 1046 3709 1122">
     <span class='ocr_line' id='line_1_24' title="bbox 2158 1046 3709 1122; baseline 0.003 -19"><span class='ocrx_word' id='word_1_189' title='bbox 2158 1065 2274 1103; x_wconf 90' lang='lat' dir='ltr'>non</span> <span class='ocrx_word' id='word_1_190' title='bbox 2308 1046 2498 1103; x_wconf 87' lang='lat' dir='ltr'>solum</span> <span class='ocrx_word' id='word_1_191' title='bbox 2532 1046 2629 1103; x_wconf 90' lang='lat' dir='ltr'>ille</span> <span class='ocrx_word' id='word_1_192' title='bbox 2650 1046 2749 1120; x_wconf 91' lang='lat' dir='ltr'>qui</span> <span class='ocrx_word' id='word_1_193' title='bbox 2785 1047 3169 1115; x_wconf 87' lang='lat' dir='ltr'>ferro,verum</span> <span class='ocrx_word' id='word_1_194' title='bbox 3199 1052 3255 1104; x_wconf 88' lang='lat' dir='ltr'>et</span> <span class='ocrx_word' id='word_1_195' title='bbox 3279 1048 3371 1105; x_wconf 87' lang='lat' dir='ltr'>ille</span> <span class='ocrx_word' id='word_1_196' title='bbox 3397 1051 3485 1122; x_wconf 90' lang='lat' dir='ltr'>qui</span> <span class='ocrx_word' id='word_1_197' title='bbox 3512 1052 3709 1108; x_wconf 78' lang='lat' dir='ltr'>odiol&#39;ra-</span> 
     </span>
    </p>
   </div>
   <div class='ocr_carea' id='block_1_25' title="bbox 2159 1136 2693 1209">
    <p class='ocr_par' dir='ltr' id='par_1_25' title="bbox 2159 1136 2693 1209">
     <span class='ocr_line' id='line_1_25' title="bbox 2159 1136 2693 1209; baseline -0.002 -17"><span class='ocrx_word' id='word_1_198' title='bbox 2159 1141 2310 1193; x_wconf 87' lang='lat' dir='ltr'>trem</span> <span class='ocrx_word' id='word_1_199' title='bbox 2341 1136 2693 1209; x_wconf 88' lang='lat' dir='ltr'>insequitur.</span> 
     </span>
    </p>
   </div>
   <div class='ocr_carea' id='block_1_26' title="bbox 2233 1243 3713 1318">
    <p class='ocr_par' dir='ltr' id='par_1_26' title="bbox 2233 1243 3713 1318">
     <span class='ocr_line' id='line_1_26' title="bbox 2233 1243 3713 1318; baseline 0.004 -20"><span class='ocrx_word' id='word_1_200' title='bbox 2233 1268 2261 1293; x_wconf 83' lang='lat'><strong><em>«</em></strong></span> <span class='ocrx_word' id='word_1_201' title='bbox 2288 1244 2347 1299; x_wconf 93' lang='lat' dir='ltr'>In</span> <span class='ocrx_word' id='word_1_202' title='bbox 2374 1243 2480 1298; x_wconf 87' lang='lat' dir='ltr'>hoc</span> <span class='ocrx_word' id='word_1_203' title='bbox 2512 1243 2893 1315; x_wconf 82' lang='lat' dir='ltr'>cognovimus</span> <span class='ocrx_word' id='word_1_204' title='bbox 2923 1244 3258 1300; x_wconf 87' lang='lat' dir='ltr'>charitatem</span> <span class='ocrx_word' id='word_1_205' title='bbox 3276 1244 3713 1318; x_wconf 88' lang='lat' dir='ltr'>Dei,quoniamille</span> 
     </span>
    </p>
   </div>
   <div class='ocr_carea' id='block_1_27' title="bbox 2164 1332 3715 1408">
    <p class='ocr_par' dir='ltr' id='par_1_27' title="bbox 2164 1332 3715 1408">
     <span class='ocr_line' id='line_1_27' title="bbox 2164 1332 3715 1408; baseline 0.004 -21"><span class='ocrx_word' id='word_1_206' title='bbox 2164 1357 2190 1381; x_wconf 87' lang='grc'>‹‹</span> <span class='ocrx_word' id='word_1_207' title='bbox 2226 1350 2329 1406; x_wconf 89' lang='lat' dir='ltr'>pro</span> <span class='ocrx_word' id='word_1_208' title='bbox 2361 1332 2531 1388; x_wconf 87' lang='lat' dir='ltr'>nobis</span> <span class='ocrx_word' id='word_1_209' title='bbox 2559 1333 2817 1388; x_wconf 90' lang='lat' dir='ltr'>animam</span> <span class='ocrx_word' id='word_1_210' title='bbox 2853 1350 3021 1389; x_wconf 89' lang='lat' dir='ltr'>suam</span> <span class='ocrx_word' id='word_1_211' title='bbox 3055 1333 3305 1406; x_wconf 78' lang='lat' dir='ltr'>posuit.»</span> <span class='ocrx_word' id='word_1_212' title='bbox 3327 1334 3507 1399; x_wconf 82' lang='lat' dir='ltr'>Qualis</span> <span class='ocrx_word' id='word_1_213' title='bbox 3524 1337 3715 1408; x_wconf 83' lang='lat' dir='ltr'>perfecta</span> 
     </span>
    </p>
   </div>
   <div class='ocr_carea' id='block_1_28' title="bbox 2163 1422 3712 1499">
    <p class='ocr_par' dir='ltr' id='par_1_28' title="bbox 2163 1422 3712 1499">
     <span class='ocr_line' id='line_1_28' title="bbox 2163 1422 3712 1499; baseline 0.003 -22"><span class='ocrx_word' id='word_1_214' title='bbox 2163 1423 2420 1478; x_wconf 90' lang='lat' dir='ltr'>charitas</span> <span class='ocrx_word' id='word_1_215' title='bbox 2451 1438 2578 1477; x_wconf 89' lang='lat' dir='ltr'>esse</span> <span class='ocrx_word' id='word_1_216' title='bbox 2609 1423 2817 1499; x_wconf 83' lang='lat' dir='ltr'>debeat</span> <span class='ocrx_word' id='word_1_217' title='bbox 2846 1422 2901 1477; x_wconf 90' lang='lat' dir='ltr'>in</span> <span class='ocrx_word' id='word_1_218' title='bbox 2938 1422 3125 1489; x_wconf 84' lang='lat' dir='ltr'>nobis,</span> <span class='ocrx_word' id='word_1_219' title='bbox 3152 1424 3446 1479; x_wconf 72' lang='lat' dir='ltr'>Dominicaa</span> <span class='ocrx_word' id='word_1_220' title='bbox 3488 1425 3712 1496; x_wconf 86' lang='lat' dir='ltr'>passionis</span> 
     </span>
    </p>
   </div>
   <div class='ocr_carea' id='block_1_29' title="bbox 2162 1511 3718 1586">
    <p class='ocr_par' dir='ltr' id='par_1_29' title="bbox 2162 1511 3718 1586">
     <span class='ocr_line' id='line_1_29' title="bbox 2162 1511 3718 1586; baseline 0.001 -18"><span class='ocrx_word' id='word_1_221' title='bbox 2162 1512 2425 1584; x_wconf 83' lang='lat' dir='ltr'>exemplo</span> <span class='ocrx_word' id='word_1_222' title='bbox 2442 1511 2779 1567; x_wconf 88' lang='lat' dir='ltr'>didicimus.</span> <span class='ocrx_word' id='word_1_223' title='bbox 2802 1535 2830 1563; x_wconf 85' lang='grc'><em>‹‹</em></span> <span class='ocrx_word' id='word_1_224' title='bbox 2849 1512 3125 1583; x_wconf 88' lang='lat' dir='ltr'>Majorem</span> <span class='ocrx_word' id='word_1_225' title='bbox 3151 1530 3394 1586; x_wconf 89' lang='lat' dir='ltr'>namque</span> <span class='ocrx_word' id='word_1_226' title='bbox 3410 1514 3509 1569; x_wconf 85' lang='lat' dir='ltr'>hac</span> <span class='ocrx_word' id='word_1_227' title='bbox 3526 1513 3718 1570; x_wconf 80' lang='lat' dir='ltr'>dilectio-</span> 
     </span>
    </p>
   </div>
   <div class='ocr_carea' id='block_1_30' title="bbox 2164 1600 3720 1675">
    <p class='ocr_par' dir='ltr' id='par_1_30' title="bbox 2164 1600 3720 1675">
     <span class='ocr_line' id='line_1_30' title="bbox 2164 1600 3720 1675; baseline 0.002 -20"><span class='ocrx_word' id='word_1_228' title='bbox 2164 1618 2297 1656; x_wconf 89' lang='lat' dir='ltr'>nem</span> <span class='ocrx_word' id='word_1_229' title='bbox 2322 1617 2492 1657; x_wconf 88' lang='lat' dir='ltr'>nemo</span> <span class='ocrx_word' id='word_1_230' title='bbox 2514 1600 2706 1667; x_wconf 86' lang='lat' dir='ltr'>habet,</span> <span class='ocrx_word' id='word_1_231' title='bbox 2724 1618 2899 1675; x_wconf 91' lang='lat' dir='ltr'>quam</span> <span class='ocrx_word' id='word_1_232' title='bbox 2926 1608 2989 1658; x_wconf 87' lang='lat' dir='ltr'>ut</span> <span class='ocrx_word' id='word_1_233' title='bbox 3006 1602 3263 1659; x_wconf 88' lang='lat' dir='ltr'>animam</span> <span class='ocrx_word' id='word_1_234' title='bbox 3286 1619 3442 1659; x_wconf 88' lang='lat' dir='ltr'>suam</span> <span class='ocrx_word' id='word_1_235' title='bbox 3463 1604 3575 1675; x_wconf 86' lang='lat' dir='ltr'>quis</span> <span class='ocrx_word' id='word_1_236' title='bbox 3591 1609 3720 1675; x_wconf 80' lang='lat' dir='ltr'>ponat</span> 
     </span>
    </p>
   </div>
   <div class='ocr_carea' id='block_1_31' title="bbox 2166 1685 3721 1763">
    <p class='ocr_par' dir='ltr' id='par_1_31' title="bbox 2166 1685 3721 1763">
     <span class='ocr_line' id='line_1_31' title="bbox 2166 1685 3721 1763; baseline 0.003 -18"><span class='ocrx_word' id='word_1_237' title='bbox 2166 1708 2268 1763; x_wconf 92' lang='lat' dir='ltr'>pro</span> <span class='ocrx_word' id='word_1_238' title='bbox 2301 1690 2506 1747; x_wconf 87' lang='lat' dir='ltr'>amicis</span> <span class='ocrx_word' id='word_1_239' title='bbox 2540 1691 2665 1747; x_wconf 86' lang='lat' dir='ltr'>suis</span> <span class='ocrx_word' id='word_1_240' title='bbox 2697 1685 2901 1763; x_wconf 63' lang='grc' dir='ltr'>(Μ)αηῖ</span> <span class='ocrx_word' id='word_1_241' title='bbox 2918 1693 3028 1755; x_wconf 85' lang='lat' dir='ltr'>xv).</span> <span class='ocrx_word' id='word_1_242' title='bbox 3066 1716 3094 1743; x_wconf 83' lang='grc'><strong>››</strong></span> <span class='ocrx_word' id='word_1_243' title='bbox 3118 1693 3277 1749; x_wconf 90' lang='lat' dir='ltr'>Unde</span> <span class='ocrx_word' id='word_1_244' title='bbox 3315 1698 3367 1750; x_wconf 90' lang='lat' dir='ltr'>et</span> <span class='ocrx_word' id='word_1_245' title='bbox 3407 1693 3595 1749; x_wconf 87' lang='lat' dir='ltr'>Paulus</span> <span class='ocrx_word' id='word_1_246' title='bbox 3629 1695 3721 1750; x_wconf 89' lang='lat' dir='ltr'>ait:</span> 
     </span>
    </p>
   </div>
   <div class='ocr_carea' id='block_1_32' title="bbox 407 1757 3722 1861">
    <p class='ocr_par' dir='ltr' id='par_1_32' title="bbox 407 1757 3722 1861">
     <span class='ocr_line' id='line_1_32' title="bbox 407 1757 3722 1861; baseline 0.005 -47"><span class='ocrx_word' id='word_1_247' title='bbox 407 1758 468 1814; x_wconf 90' lang='lat' dir='ltr'>in</span> <span class='ocrx_word' id='word_1_248' title='bbox 499 1757 1232 1831; x_wconf 87' lang='lat' dir='ltr'>Evangelio:Sicrederetis</span> <span class='ocrx_word' id='word_1_249' title='bbox 1266 1758 1796 1833; x_wconf 77' lang='lat' dir='ltr'>Moysi,croderetis</span> <span class='ocrx_word' id='word_1_250' title='bbox 1811 1762 2050 1821; x_wconf 84' lang='lat' dir='ltr'>forsitan</span> <span class='ocrx_word' id='word_1_251' title='bbox 2086 1795 2134 1861; x_wconf 78' lang='grc' dir='ltr'><strong><em>Β</em></strong></span> <span class='ocrx_word' id='word_1_252' title='bbox 2166 1757 2194 1831; x_wconf 67' lang='grc' dir='ltr'>ξ(</span> <span class='ocrx_word' id='word_1_253' title='bbox 2225 1781 2608 1837; x_wconf 63' lang='lat' dir='ltr'>commendat</span> <span class='ocrx_word' id='word_1_254' title='bbox 2638 1757 2834 1838; x_wconf 52' lang='lat' dir='ltr'>mitem</span> <span class='ocrx_word' id='word_1_255' title='bbox 2868 1782 3023 1839; x_wconf 71' lang='lat' dir='ltr'>Deus</span> <span class='ocrx_word' id='word_1_256' title='bbox 3055 1800 3224 1839; x_wconf 70' lang='lat' dir='ltr'>suam</span> <span class='ocrx_word' id='word_1_257' title='bbox 3256 1782 3564 1839; x_wconf 54' lang='lat' dir='ltr'>Chal-imam</span> <span class='ocrx_word' id='word_1_258' title='bbox 3585 1783 3633 1839; x_wconf 78' lang='lat' dir='ltr'>in</span> <span class='ocrx_word' id='word_1_259' title='bbox 3655 1800 3722 1838; x_wconf 82' lang='grc' dir='ltr'>ηο-</span> 
     </span>
    </p>
   </div>
   <div class='ocr_carea' id='block_1_33' title="bbox 408 1845 1780 1923">
    <p class='ocr_par' dir='ltr' id='par_1_33' title="bbox 408 1845 1780 1923">
     <span class='ocr_line' id='line_1_33' title="bbox 408 1845 1780 1923; baseline 0.002 -20"><span class='ocrx_word' id='word_1_260' title='bbox 408 1851 465 1903; x_wconf 91' lang='lat' dir='ltr'>et</span> <span class='ocrx_word' id='word_1_261' title='bbox 491 1847 656 1903; x_wconf 89' lang='lat' dir='ltr'>mihi.</span> <span class='ocrx_word' id='word_1_262' title='bbox 684 1851 764 1903; x_wconf 88' lang='lat' dir='ltr'>De</span> <span class='ocrx_word' id='word_1_263' title='bbox 795 1864 888 1903; x_wconf 88' lang='lat' dir='ltr'>me</span> <span class='ocrx_word' id='word_1_264' title='bbox 918 1846 1075 1904; x_wconf 88' lang='lat' dir='ltr'>enim</span> <span class='ocrx_word' id='word_1_265' title='bbox 1107 1845 1202 1903; x_wconf 90' lang='lat' dir='ltr'>ille</span> <span class='ocrx_word' id='word_1_266' title='bbox 1232 1848 1469 1921; x_wconf 88' lang='lat' dir='ltr'>scripsit</span> <span class='ocrx_word' id='word_1_267' title='bbox 1499 1848 1672 1920; x_wconf 85' lang='lat' dir='ltr'>(Joan.</span> <span class='ocrx_word' id='word_1_268' title='bbox 1704 1850 1780 1923; x_wconf 85' lang='lat' dir='ltr'>v).</span> 
     </span>
    </p>
   </div>
   <div class='ocr_carea' id='block_1_34' title="bbox 985 1987 1468 2046">
    <p class='ocr_par' dir='ltr' id='par_1_34' title="bbox 985 1987 1468 2046">
     <span class='ocr_line' id='line_1_34' title="bbox 985 1987 1468 2046; baseline 0.004 -2"><span class='ocrx_word' id='word_1_269' title='bbox 985 1987 1290 2045; x_wconf 87' lang='lat' dir='ltr'>HOMILIA</span> <span class='ocrx_word' id='word_1_270' title='bbox 1332 1989 1468 2046; x_wconf 84' lang='lat' dir='ltr'>CXI.</span> 
     </span>
    </p>
   </div>
   <div class='ocr_carea' id='block_1_35' title="bbox 660 2092 1798 2138">
    <p class='ocr_par' dir='ltr' id='par_1_35' title="bbox 660 2092 1798 2138">
     <span class='ocr_line' id='line_1_35' title="bbox 660 2092 1798 2138; baseline 0.006 -7"><span class='ocrx_word' id='word_1_271' title='bbox 660 2092 934 2132; x_wconf 78' lang='lat' dir='ltr'>DOMINICA</span> <span class='ocrx_word' id='word_1_272' title='bbox 970 2094 1170 2134; x_wconf 79' lang='lat' dir='ltr'>TERTIA</span> <span class='ocrx_word' id='word_1_273' title='bbox 1210 2095 1349 2136; x_wconf 87' lang='lat' dir='ltr'>POST</span> <span class='ocrx_word' id='word_1_274' title='bbox 1388 2096 1798 2138; x_wconf 79' lang='lat' dir='ltr'>PENTECOSTEN.</span> 
     </span>
    </p>
   </div>
   <div class='ocr_carea' id='block_1_36' title="bbox 484 2201 2058 2273">
    <p class='ocr_par' dir='ltr' id='par_1_36' title="bbox 484 2201 2058 2273">
     <span class='ocr_line' id='line_1_36' title="bbox 484 2201 2058 2273; baseline 0.005 -16"><span class='ocrx_word' id='word_1_275' title='bbox 484 2202 527 2273; x_wconf 89' lang='grc' dir='ltr'>(Ι</span> <span class='ocrx_word' id='word_1_276' title='bbox 556 2201 846 2265; x_wconf 61' lang='grc' dir='ltr'>δοΑΝΑιι).</span> <span class='ocrx_word' id='word_1_277' title='bbox 871 2202 1095 2261; x_wconf 66' lang='lat' dir='ltr'>«Nolite</span> <span class='ocrx_word' id='word_1_278' title='bbox 1126 2202 1412 2272; x_wconf 90' lang='lat' dir='ltr'>mirari,si</span> <span class='ocrx_word' id='word_1_279' title='bbox 1445 2206 1569 2262; x_wconf 92' lang='lat' dir='ltr'>odit</span> <span class='ocrx_word' id='word_1_280' title='bbox 1597 2223 1699 2263; x_wconf 88' lang='lat' dir='ltr'>vos</span> <span class='ocrx_word' id='word_1_281' title='bbox 1733 2210 2058 2267; x_wconf 83' lang='lat' dir='ltr'>mundus.»</span> 
     </span>
    </p>
   </div>
   <div class='ocr_carea' id='block_1_37' title="bbox 410 2289 2062 2364">
    <p class='ocr_par' dir='ltr' id='par_1_37' title="bbox 410 2289 2062 2364">
     <span class='ocr_line' id='line_1_37' title="bbox 410 2289 2062 2364; baseline 0.007 -19"><span class='ocrx_word' id='word_1_282' title='bbox 410 2290 480 2346; x_wconf 89' lang='lat' dir='ltr'>Et</span> <span class='ocrx_word' id='word_1_283' title='bbox 512 2289 756 2364; x_wconf 86' lang='lat' dir='ltr'>reliqua.</span> <span class='ocrx_word' id='word_1_284' title='bbox 809 2292 1117 2360; x_wconf 87' lang='lat' dir='ltr'>Mundum,</span> <span class='ocrx_word' id='word_1_285' title='bbox 1150 2292 1459 2350; x_wconf 88' lang='lat' dir='ltr'>dilectores</span> <span class='ocrx_word' id='word_1_286' title='bbox 1506 2297 1711 2351; x_wconf 91' lang='lat' dir='ltr'>mundi</span> <span class='ocrx_word' id='word_1_287' title='bbox 1759 2297 1919 2354; x_wconf 88' lang='lat' dir='ltr'>dicit.</span> <span class='ocrx_word' id='word_1_288' title='bbox 1948 2301 2062 2357; x_wconf 89' lang='lat' dir='ltr'>Nec</span> 
     </span>
    </p>
   </div>
   <div class='ocr_carea' id='block_1_38' title="bbox 413 2378 2062 2453">
    <p class='ocr_par' dir='ltr' id='par_1_38' title="bbox 413 2378 2062 2453">
     <span class='ocr_line' id='line_1_38' title="bbox 413 2378 2062 2453; baseline 0.005 -17"><span class='ocrx_word' id='word_1_289' title='bbox 413 2378 749 2436; x_wconf 90' lang='lat' dir='ltr'>mirandum</span> <span class='ocrx_word' id='word_1_290' title='bbox 807 2380 945 2453; x_wconf 89' lang='lat' dir='ltr'>quia</span> <span class='ocrx_word' id='word_1_291' title='bbox 998 2381 1099 2453; x_wconf 87' lang='lat' dir='ltr'>qui</span> <span class='ocrx_word' id='word_1_292' title='bbox 1156 2387 1357 2439; x_wconf 91' lang='lat' dir='ltr'>amant</span> <span class='ocrx_word' id='word_1_293' title='bbox 1404 2385 1714 2453; x_wconf 90' lang='lat' dir='ltr'>mundum,</span> <span class='ocrx_word' id='word_1_294' title='bbox 1748 2387 1985 2444; x_wconf 91' lang='lat' dir='ltr'>fratrem</span> <span class='ocrx_word' id='word_1_295' title='bbox 2028 2407 2062 2445; x_wconf 91' lang='lat' dir='ltr'>a</span> 
     </span>
    </p>
   </div>
   <div class='ocr_carea' id='block_1_39' title="bbox 413 2469 2063 2543">
    <p class='ocr_par' dir='ltr' id='par_1_39' title="bbox 413 2469 2063 2543">
     <span class='ocr_line' id='line_1_39' title="bbox 413 2469 2063 2543; baseline 0.006 -18"><span class='ocrx_word' id='word_1_296' title='bbox 413 2469 618 2525; x_wconf 89' lang='lat' dir='ltr'>mundi</span> <span class='ocrx_word' id='word_1_297' title='bbox 641 2485 838 2526; x_wconf 90' lang='lat' dir='ltr'>amore</span> <span class='ocrx_word' id='word_1_298' title='bbox 858 2475 1195 2543; x_wconf 88' lang='lat' dir='ltr'>separatum</span> <span class='ocrx_word' id='word_1_299' title='bbox 1222 2476 1276 2528; x_wconf 90' lang='lat' dir='ltr'>et</span> <span class='ocrx_word' id='word_1_300' title='bbox 1307 2472 1640 2529; x_wconf 86' lang='lat' dir='ltr'>coelestibus</span> <span class='ocrx_word' id='word_1_301' title='bbox 1662 2479 1889 2531; x_wconf 89' lang='lat' dir='ltr'>tantum</span> <span class='ocrx_word' id='word_1_302' title='bbox 1913 2478 2063 2535; x_wconf 91' lang='lat' dir='ltr'>desi-</span> 
     </span>
    </p>
   </div>
   <div class='ocr_carea' id='block_1_40' title="bbox 414 2558 2063 2634">
    <p class='ocr_par' dir='ltr' id='par_1_40' title="bbox 414 2558 2063 2634">
     <span class='ocr_line' id='line_1_40' title="bbox 414 2558 2063 2634; baseline 0.006 -19"><span class='ocrx_word' id='word_1_303' title='bbox 414 2558 592 2615; x_wconf 88' lang='lat' dir='ltr'>deriis</span> <span class='ocrx_word' id='word_1_304' title='bbox 622 2558 937 2626; x_wconf 86' lang='lat' dir='ltr'>intentum,</span> <span class='ocrx_word' id='word_1_305' title='bbox 958 2576 1157 2617; x_wconf 88' lang='lat' dir='ltr'>amare</span> <span class='ocrx_word' id='word_1_306' title='bbox 1177 2578 1291 2617; x_wconf 92' lang='lat' dir='ltr'>non</span> <span class='ocrx_word' id='word_1_307' title='bbox 1316 2562 1564 2634; x_wconf 90' lang='lat' dir='ltr'>possint.</span> <span class='ocrx_word' id='word_1_308' title='bbox 1580 2564 1952 2623; x_wconf 88' lang='lat' dir='ltr'>Abominatio</span> <span class='ocrx_word' id='word_1_309' title='bbox 1974 2572 2063 2624; x_wconf 86' lang='lat' dir='ltr'>est</span> 
     </span>
    </p>
   </div>
   <div class='ocr_carea' id='block_1_41' title="bbox 412 2648 1879 2724">
    <p class='ocr_par' dir='ltr' id='par_1_41' title="bbox 412 2648 1879 2724">
     <span class='ocr_line' id='line_1_41' title="bbox 412 2648 1879 2724; baseline 0.003 -17"><span class='ocrx_word' id='word_1_310' title='bbox 412 2648 568 2707; x_wconf 88' lang='lat' dir='ltr'>enim</span> <span class='ocrx_word' id='word_1_311' title='bbox 603 2648 889 2721; x_wconf 90' lang='lat' dir='ltr'>peccatori</span> <span class='ocrx_word' id='word_1_312' title='bbox 921 2649 1147 2723; x_wconf 87' lang='lat' dir='ltr'>religio,</span> <span class='ocrx_word' id='word_1_313' title='bbox 1182 2655 1247 2706; x_wconf 90' lang='lat' dir='ltr'>ut</span> <span class='ocrx_word' id='word_1_314' title='bbox 1276 2649 1579 2724; x_wconf 88' lang='lat' dir='ltr'>Scriptura</span> <span class='ocrx_word' id='word_1_315' title='bbox 1611 2658 1879 2712; x_wconf 90' lang='lat' dir='ltr'>testatur.</span> 
     </span>
    </p>
   </div>
   <div class='ocr_carea' id='block_1_42' title="bbox 482 2737 2060 2810">
    <p class='ocr_par' dir='ltr' id='par_1_42' title="bbox 482 2737 2060 2810">
     <span class='ocr_line' id='line_1_42' title="bbox 482 2737 2060 2810; baseline 0.006 -17"><span class='ocrx_word' id='word_1_316' title='bbox 482 2760 511 2788; x_wconf 87' lang='grc'>‹‹</span> <span class='ocrx_word' id='word_1_317' title='bbox 528 2738 645 2794; x_wconf 92' lang='lat' dir='ltr'>Nos</span> <span class='ocrx_word' id='word_1_318' title='bbox 677 2737 897 2793; x_wconf 89' lang='lat' dir='ltr'>scimus</span> <span class='ocrx_word' id='word_1_319' title='bbox 924 2737 1062 2810; x_wconf 89' lang='lat' dir='ltr'>quia</span> <span class='ocrx_word' id='word_1_320' title='bbox 1083 2739 1349 2795; x_wconf 88' lang='lat' dir='ltr'>translati</span> <span class='ocrx_word' id='word_1_321' title='bbox 1379 2758 1589 2798; x_wconf 87' lang='lat' dir='ltr'>sumus</span> <span class='ocrx_word' id='word_1_322' title='bbox 1610 2742 1681 2799; x_wconf 90' lang='lat' dir='ltr'>de</span> <span class='ocrx_word' id='word_1_323' title='bbox 1702 2747 1970 2802; x_wconf 88' lang='lat' dir='ltr'>mortead</span> <span class='ocrx_word' id='word_1_324' title='bbox 1984 2747 2060 2802; x_wconf 89' lang='lat' dir='ltr'>vi-</span> 
     </span>
    </p>
   </div>
   <div class='ocr_carea' id='block_1_43' title="bbox 414 2826 2058 2900">
    <p class='ocr_par' dir='ltr' id='par_1_43' title="bbox 414 2826 2058 2900">
     <span class='ocr_line' id='line_1_43' title="bbox 414 2826 2058 2900; baseline 0.008 -21"><span class='ocrx_word' id='word_1_325' title='bbox 414 2826 914 2899; x_wconf 79' lang='lat' dir='ltr'>«-tam,quoniam</span> <span class='ocrx_word' id='word_1_326' title='bbox 947 2826 1253 2900; x_wconf 86' lang='lat' dir='ltr'>diligimus</span> <span class='ocrx_word' id='word_1_327' title='bbox 1274 2830 1546 2886; x_wconf 83' lang='lat' dir='ltr'>fratres.»</span> <span class='ocrx_word' id='word_1_328' title='bbox 1577 2832 1756 2887; x_wconf 91' lang='lat' dir='ltr'>Nemo</span> <span class='ocrx_word' id='word_1_329' title='bbox 1777 2850 1840 2888; x_wconf 89' lang='lat' dir='ltr'>se</span> <span class='ocrx_word' id='word_1_330' title='bbox 1859 2836 1929 2890; x_wconf 92' lang='lat' dir='ltr'>de</span> <span class='ocrx_word' id='word_1_331' title='bbox 1944 2837 2058 2892; x_wconf 86' lang='lat' dir='ltr'>vir-</span> 
     </span>
    </p>
   </div>
   <div class='ocr_carea' id='block_1_44' title="bbox 411 2914 2063 2998">
    <p class='ocr_par' dir='ltr' id='par_1_44' title="bbox 411 2914 2063 2998">
     <span class='ocr_line' id='line_1_44' title="bbox 411 2914 2063 2998; baseline 0.005 -26"><span class='ocrx_word' id='word_1_332' title='bbox 411 2916 636 2972; x_wconf 43' lang='lat' dir='ltr'>lutib&#39;us</span> <span class='ocrx_word' id='word_1_333' title='bbox 667 2914 814 2972; x_wconf 85' lang='lat' dir='ltr'>falso</span> <span class='ocrx_word' id='word_1_334' title='bbox 845 2916 1098 2986; x_wconf 80' lang='lat' dir='ltr'>extollat,</span> <span class='ocrx_word' id='word_1_335' title='bbox 1116 2934 1287 2974; x_wconf 88' lang='lat' dir='ltr'>nemo</span> <span class='ocrx_word' id='word_1_336' title='bbox 1321 2936 1561 2975; x_wconf 87' lang='lat' dir='ltr'>suarum</span> <span class='ocrx_word' id='word_1_337' title='bbox 1583 2920 1794 2977; x_wconf 90' lang='lat' dir='ltr'>virium</span> <span class='ocrx_word' id='word_1_338' title='bbox 1820 2940 2063 2998; x_wconf 90' lang='lat' dir='ltr'>pauper-</span> 
     </span>
    </p>
   </div>
   <div class='ocr_carea' id='block_1_45' title="bbox 410 3002 2056 3081">
    <p class='ocr_par' dir='ltr' id='par_1_45' title="bbox 410 3002 2056 3081">
     <span class='ocr_line' id='line_1_45' title="bbox 410 3002 2056 3081; baseline 0.007 -22"><span class='ocrx_word' id='word_1_339' title='bbox 410 3007 590 3061; x_wconf 86' lang='lat' dir='ltr'>tatem</span> <span class='ocrx_word' id='word_1_340' title='bbox 625 3002 1049 3061; x_wconf 79' lang='lat' dir='ltr'>ultra&#39;modum</span> <span class='ocrx_word' id='word_1_341' title='bbox 1074 3010 1613 3081; x_wconf 89' lang='lat' dir='ltr'>metuat.Apertum</span> <span class='ocrx_word' id='word_1_342' title='bbox 1634 3011 1729 3067; x_wconf 85' lang='lat' dir='ltr'>dat</span> <span class='ocrx_word' id='word_1_343' title='bbox 1753 3012 2056 3070; x_wconf 87' lang='lat' dir='ltr'>indicium.</span> 
     </span>
    </p>
   </div>
   <div class='ocr_carea' id='block_1_46' title="bbox 414 3092 2060 3175">
    <p class='ocr_par' dir='ltr' id='par_1_46' title="bbox 414 3092 2060 3175">
     <span class='ocr_line' id='line_1_46' title="bbox 414 3092 2060 3175; baseline 0.008 -28"><span class='ocrx_word' id='word_1_344' title='bbox 414 3116 441 3143; x_wconf 71' lang='grc' dir='ltr'>«ι</span> <span class='ocrx_word' id='word_1_345' title='bbox 475 3092 757 3165; x_wconf 91' lang='lat' dir='ltr'>quoniam</span> <span class='ocrx_word' id='word_1_346' title='bbox 789 3093 1090 3167; x_wconf 85' lang='lat' dir='ltr'>diligimus</span> <span class='ocrx_word' id='word_1_347' title='bbox 1121 3096 1398 3166; x_wconf 82' lang='lat' dir='ltr'>fratres,»</span> <span class='ocrx_word' id='word_1_348' title='bbox 1422 3098 1561 3171; x_wconf 91' lang='lat' dir='ltr'>quia</span> <span class='ocrx_word' id='word_1_349' title='bbox 1593 3099 1929 3175; x_wconf 89' lang='lat' dir='ltr'>quicunque</span> <span class='ocrx_word' id='word_1_350' title='bbox 1954 3105 2060 3161; x_wconf 84' lang='lat' dir='ltr'>fra-</span> 
     </span>
    </p>
   </div>
   <div class='ocr_carea' id='block_1_47' title="bbox 410 3167 2131 3256">
    <p class='ocr_par' dir='ltr' id='par_1_47' title="bbox 410 3167 2131 3256">
     <span class='ocr_line' id='line_1_47' title="bbox 410 3167 2131 3256; baseline 0.007 -18"><span class='ocrx_word' id='word_1_351' title='bbox 410 3184 579 3238; x_wconf 84' lang='lat' dir='ltr'>terna</span> <span class='ocrx_word' id='word_1_352' title='bbox 607 3179 917 3239; x_wconf 88' lang='lat' dir='ltr'>dilectione</span> <span class='ocrx_word' id='word_1_353' title='bbox 948 3183 1157 3256; x_wconf 91' lang='lat' dir='ltr'>plenus</span> <span class='ocrx_word' id='word_1_354' title='bbox 1186 3189 1295 3253; x_wconf 86' lang='lat' dir='ltr'>est,</span> <span class='ocrx_word' id='word_1_355' title='bbox 1328 3186 1400 3243; x_wconf 90' lang='lat' dir='ltr'>ad</span> <span class='ocrx_word' id='word_1_356' title='bbox 1440 3167 1689 3244; x_wconf 77' lang='lat' dir='ltr'>salutem</span> <span class='ocrx_word' id='word_1_357' title='bbox 1740 3167 2056 3249; x_wconf 79' lang='lat' dir='ltr'>electorum</span> <span class='ocrx_word' id='word_1_358' title='bbox 2088 3167 2131 3235; x_wconf 71' lang='grc' dir='ltr'><strong>Ο</strong></span> 
     </span>
    </p>
   </div>
   <div class='ocr_carea' id='block_1_48' title="bbox 411 3270 2060 3345">
    <p class='ocr_par' dir='ltr' id='par_1_48' title="bbox 411 3270 2060 3345">
     <span class='ocr_line' id='line_1_48' title="bbox 411 3270 2060 3345; baseline 0.006 -16"><span class='ocrx_word' id='word_1_359' title='bbox 411 3270 835 3345; x_wconf 87' lang='lat' dir='ltr'>pertinet,quia</span> <span class='ocrx_word' id='word_1_360' title='bbox 863 3271 1186 3345; x_wconf 90' lang='lat' dir='ltr'>portionem</span> <span class='ocrx_word' id='word_1_361' title='bbox 1218 3275 1430 3331; x_wconf 86' lang='lat' dir='ltr'>habere</span> <span class='ocrx_word' id='word_1_362' title='bbox 1458 3275 1518 3331; x_wconf 92' lang='lat' dir='ltr'>in</span> <span class='ocrx_word' id='word_1_363' title='bbox 1560 3281 1713 3335; x_wconf 85' lang='lat' dir='ltr'>terra</span> <span class='ocrx_word' id='word_1_364' title='bbox 1740 3280 2060 3339; x_wconf 78' lang='lat' dir='ltr'>viventium</span> 
     </span>
    </p>
   </div>
   <div class='ocr_carea' id='block_1_49' title="bbox 413 3361 647 3418">
    <p class='ocr_par' dir='ltr' id='par_1_49' title="bbox 413 3361 647 3418">
     <span class='ocr_line' id='line_1_49' title="bbox 413 3361 647 3418; baseline -0.009 0"><span class='ocrx_word' id='word_1_365' title='bbox 413 3361 647 3418; x_wconf 88' lang='lat' dir='ltr'>meruit.</span> 
     </span>
    </p>
   </div>
   <div class='ocr_carea' id='block_1_50' title="bbox 487 3449 2062 3525">
    <p class='ocr_par' dir='ltr' id='par_1_50' title="bbox 487 3449 2062 3525">
     <span class='ocr_line' id='line_1_50' title="bbox 487 3449 2062 3525; baseline 0.008 -22"><span class='ocrx_word' id='word_1_366' title='bbox 487 3473 515 3500; x_wconf 86' lang='lat'><strong>«</strong></span> <span class='ocrx_word' id='word_1_367' title='bbox 549 3450 654 3514; x_wconf 84' lang='lat' dir='ltr'>Qui</span> <span class='ocrx_word' id='word_1_368' title='bbox 679 3466 793 3506; x_wconf 92' lang='lat' dir='ltr'>non</span> <span class='ocrx_word' id='word_1_369' title='bbox 825 3449 1036 3525; x_wconf 87' lang='lat' dir='ltr'>diligit,</span> <span class='ocrx_word' id='word_1_370' title='bbox 1071 3456 1268 3509; x_wconf 90' lang='lat' dir='ltr'>manet</span> <span class='ocrx_word' id='word_1_371' title='bbox 1297 3453 1356 3508; x_wconf 90' lang='lat' dir='ltr'>in</span> <span class='ocrx_word' id='word_1_372' title='bbox 1392 3459 1598 3512; x_wconf 91' lang='lat' dir='ltr'>morte.</span> <span class='ocrx_word' id='word_1_373' title='bbox 1619 3478 1646 3505; x_wconf 87' lang='lat'>»</span> <span class='ocrx_word' id='word_1_374' title='bbox 1662 3457 1903 3515; x_wconf 90' lang='lat' dir='ltr'>Mortem</span> <span class='ocrx_word' id='word_1_375' title='bbox 1918 3459 2062 3516; x_wconf 91' lang='lat' dir='ltr'>dieit</span> 
     </span>
    </p>
   </div>
   <div class='ocr_carea' id='block_1_51' title="bbox 415 3538 2062 3617">
    <p class='ocr_par' dir='ltr' id='par_1_51' title="bbox 415 3538 2062 3617">
     <span class='ocr_line' id='line_1_51' title="bbox 415 3538 2062 3617; baseline 0.007 -23"><span class='ocrx_word' id='word_1_376' title='bbox 415 3538 641 3595; x_wconf 78' lang='lat' dir='ltr'>animae.</span> <span class='ocrx_word' id='word_1_377' title='bbox 696 3560 724 3588; x_wconf 85' lang='lat'><strong>«</strong></span> <span class='ocrx_word' id='word_1_378' title='bbox 773 3540 983 3596; x_wconf 88' lang='lat' dir='ltr'>Anima</span> <span class='ocrx_word' id='word_1_379' title='bbox 1021 3557 1149 3612; x_wconf 74' lang='lat' dir='ltr'>quae</span> <span class='ocrx_word' id='word_1_380' title='bbox 1216 3544 1557 3614; x_wconf 77' lang='lat' dir='ltr'>peccaverit,</span> <span class='ocrx_word' id='word_1_381' title='bbox 1605 3544 1734 3617; x_wconf 89' lang='lat' dir='ltr'>ipsa</span> <span class='ocrx_word' id='word_1_382' title='bbox 1779 3548 2062 3605; x_wconf 89' lang='lat' dir='ltr'>morietur</span> 
     </span>
    </p>
   </div>
   <div class='ocr_carea' id='block_1_52' title="bbox 415 3626 2059 3703">
    <p class='ocr_par' dir='ltr' id='par_1_52' title="bbox 415 3626 2059 3703">
     <span class='ocr_line' id='line_1_52' title="bbox 415 3626 2059 3703; baseline 0.007 -21"><span class='ocrx_word' id='word_1_383' title='bbox 415 3626 627 3700; x_wconf 76' lang='lat' dir='ltr'>(Ezech.</span> <span class='ocrx_word' id='word_1_384' title='bbox 677 3629 854 3701; x_wconf 75' lang='lat' dir='ltr'>xvrn),</span> <span class='ocrx_word' id='word_1_385' title='bbox 890 3629 1076 3685; x_wconf 76' lang='lat' dir='ltr'>»Vita</span> <span class='ocrx_word' id='word_1_386' title='bbox 1125 3629 1342 3703; x_wconf 85' lang='lat' dir='ltr'>quippe</span> <span class='ocrx_word' id='word_1_387' title='bbox 1390 3632 1604 3700; x_wconf 89' lang='lat' dir='ltr'>carnis,</span> <span class='ocrx_word' id='word_1_388' title='bbox 1662 3634 1860 3691; x_wconf 89' lang='lat' dir='ltr'>anima</span> <span class='ocrx_word' id='word_1_389' title='bbox 1895 3653 1906 3692; x_wconf 94' lang='lat'><strong>:</strong></span> <span class='ocrx_word' id='word_1_390' title='bbox 1941 3638 2059 3693; x_wconf 87' lang='lat' dir='ltr'>vita</span> 
     </span>
    </p>
   </div>
   <div class='ocr_carea' id='block_1_53' title="bbox 412 3715 2054 3792">
    <p class='ocr_par' dir='ltr' id='par_1_53' title="bbox 412 3715 2054 3792">
     <span class='ocr_line' id='line_1_53' title="bbox 412 3715 2054 3792; baseline 0.007 -21"><span class='ocrx_word' id='word_1_391' title='bbox 412 3715 640 3784; x_wconf 69' lang='lat' dir='ltr'>animae,</span> <span class='ocrx_word' id='word_1_392' title='bbox 679 3721 828 3773; x_wconf 86' lang='lat' dir='ltr'>Deus</span> <span class='ocrx_word' id='word_1_393' title='bbox 853 3720 961 3773; x_wconf 90' lang='lat' dir='ltr'>est.</span> <span class='ocrx_word' id='word_1_394' title='bbox 989 3718 1144 3773; x_wconf 86' lang='lat' dir='ltr'>Mors</span> <span class='ocrx_word' id='word_1_395' title='bbox 1170 3720 1448 3792; x_wconf 90' lang='lat' dir='ltr'>corporis,</span> <span class='ocrx_word' id='word_1_396' title='bbox 1478 3722 1745 3778; x_wconf 88' lang='lat' dir='ltr'>amittere</span> <span class='ocrx_word' id='word_1_397' title='bbox 1763 3725 2054 3783; x_wconf 90' lang='lat' dir='ltr'>animam:</span> 
     </span>
    </p>
   </div>
   <div class='ocr_carea' id='block_1_54' title="bbox 412 3805 2056 3885">
    <p class='ocr_par' dir='ltr' id='par_1_54' title="bbox 412 3805 2056 3885">
     <span class='ocr_line' id='line_1_54' title="bbox 412 3805 2056 3885; baseline 0.006 -25"><span class='ocrx_word' id='word_1_398' title='bbox 412 3822 570 3863; x_wconf 90' lang='lat' dir='ltr'>mors</span> <span class='ocrx_word' id='word_1_399' title='bbox 603 3806 832 3873; x_wconf 70' lang='lat' dir='ltr'>animae,</span> <span class='ocrx_word' id='word_1_400' title='bbox 866 3805 1132 3862; x_wconf 89' lang='lat' dir='ltr'>amittere</span> <span class='ocrx_word' id='word_1_401' title='bbox 1164 3808 1368 3864; x_wconf 91' lang='lat' dir='ltr'>Deum.</span> <span class='ocrx_word' id='word_1_402' title='bbox 1390 3808 1548 3863; x_wconf 90' lang='lat' dir='ltr'>Unde</span> <span class='ocrx_word' id='word_1_403' title='bbox 1565 3812 1967 3885; x_wconf 88' lang='lat' dir='ltr'>constat,quia</span> <span class='ocrx_word' id='word_1_404' title='bbox 1998 3815 2056 3871; x_wconf 92' lang='lat' dir='ltr'>in</span> 
     </span>
    </p>
   </div>
   <div class='ocr_carea' id='block_1_55' title="bbox 409 3894 2055 3972">
    <p class='ocr_par' dir='ltr' id='par_1_55' title="bbox 409 3894 2055 3972">
     <span class='ocr_line' id='line_1_55' title="bbox 409 3894 2055 3972; baseline 0.005 -21"><span class='ocrx_word' id='word_1_405' title='bbox 409 3894 607 3951; x_wconf 87' lang='lat' dir='ltr'>anima</span> <span class='ocrx_word' id='word_1_406' title='bbox 638 3894 851 3950; x_wconf 84' lang='lat' dir='ltr'>mortui</span> <span class='ocrx_word' id='word_1_407' title='bbox 883 3911 1087 3951; x_wconf 88' lang='lat' dir='ltr'>omnes</span> <span class='ocrx_word' id='word_1_408' title='bbox 1120 3897 1179 3951; x_wconf 92' lang='lat' dir='ltr'>in</span> <span class='ocrx_word' id='word_1_409' title='bbox 1211 3897 1360 3953; x_wconf 88' lang='lat' dir='ltr'>hanc</span> <span class='ocrx_word' id='word_1_410' title='bbox 1388 3896 1575 3954; x_wconf 88' lang='lat' dir='ltr'>lucem</span> <span class='ocrx_word' id='word_1_411' title='bbox 1596 3900 1913 3972; x_wconf 88' lang='lat' dir='ltr'>nascimur,</span> <span class='ocrx_word' id='word_1_412' title='bbox 1939 3907 2055 3959; x_wconf 89' lang='lat' dir='ltr'>tra-</span> 
     </span>
    </p>
   </div>
   <div class='ocr_carea' id='block_1_56' title="bbox 407 3984 2053 4060">
    <p class='ocr_par' dir='ltr' id='par_1_56' title="bbox 407 3984 2053 4060">
     <span class='ocr_line' id='line_1_56' title="bbox 407 3984 2053 4060; baseline 0.005 -21"><span class='ocrx_word' id='word_1_413' title='bbox 407 3984 614 4041; x_wconf 88' lang='lat' dir='ltr'>hentes</span> <span class='ocrx_word' id='word_1_414' title='bbox 646 4000 713 4039; x_wconf 81' lang='lat' dir='ltr'>ex</span> <span class='ocrx_word' id='word_1_415' title='bbox 765 3984 949 4040; x_wconf 86' lang='lat' dir='ltr'>Adam</span> <span class='ocrx_word' id='word_1_416' title='bbox 999 3985 1281 4060; x_wconf 83' lang='lat' dir='ltr'>originale</span> <span class='ocrx_word' id='word_1_417' title='bbox 1331 3992 1656 4060; x_wconf 87' lang='lat' dir='ltr'>peccatum,</span> <span class='ocrx_word' id='word_1_418' title='bbox 1689 3991 1786 4046; x_wconf 90' lang='lat' dir='ltr'>sed</span> <span class='ocrx_word' id='word_1_419' title='bbox 1839 3991 2053 4047; x_wconf 82' lang='lat' dir='ltr'>Christi</span> 
     </span>
    </p>
   </div>
   <div class='ocr_carea' id='block_1_57' title="bbox 407 4072 2055 4149">
    <p class='ocr_par' dir='ltr' id='par_1_57' title="bbox 407 4072 2055 4149">
     <span class='ocr_line' id='line_1_57' title="bbox 407 4072 2055 4149; baseline 0.005 -21"><span class='ocrx_word' id='word_1_420' title='bbox 407 4073 594 4147; x_wconf 85' lang='lat' dir='ltr'>gratia</span> <span class='ocrx_word' id='word_1_421' title='bbox 626 4072 897 4130; x_wconf 77' lang='lat' dir='ltr'>fidelibus</span> <span class='ocrx_word' id='word_1_422' title='bbox 930 4076 1322 4147; x_wconf 82' lang='lat' dir='ltr'>regenerando</span> <span class='ocrx_word' id='word_1_423' title='bbox 1350 4077 1643 4149; x_wconf 87' lang='lat' dir='ltr'>agitur,ut</span> <span class='ocrx_word' id='word_1_424' title='bbox 1674 4078 1731 4134; x_wconf 91' lang='lat' dir='ltr'>in</span> <span class='ocrx_word' id='word_1_425' title='bbox 1764 4080 2055 4136; x_wconf 88' lang='lat' dir='ltr'>animavi-</span> 
     </span>
    </p>
   </div>
   <div class='ocr_carea' id='block_1_58' title="bbox 404 4163 2053 4242">
    <p class='ocr_par' dir='ltr' id='par_1_58' title="bbox 404 4163 2053 4242">
     <span class='ocr_line' id='line_1_58' title="bbox 404 4163 2053 4242; baseline 0.004 -24"><span class='ocrx_word' id='word_1_426' title='bbox 404 4178 538 4219; x_wconf 89' lang='lat' dir='ltr'>vere</span> <span class='ocrx_word' id='word_1_427' title='bbox 558 4163 1037 4235; x_wconf 89' lang='lat' dir='ltr'>possint.V.erum</span> <span class='ocrx_word' id='word_1_428' title='bbox 1070 4166 1443 4238; x_wconf 86' lang='lat' dir='ltr'>baptismatis</span> <span class='ocrx_word' id='word_1_429' title='bbox 1465 4172 1522 4223; x_wconf 90' lang='lat' dir='ltr'>et</span> <span class='ocrx_word' id='word_1_430' title='bbox 1544 4167 1677 4223; x_wconf 89' lang='lat' dir='ltr'>ﬁdei</span> <span class='ocrx_word' id='word_1_431' title='bbox 1711 4170 2053 4242; x_wconf 81' lang='lat' dir='ltr'>mysterium</span> 
     </span>
    </p>
   </div>
   <div class='ocr_carea' id='block_1_59' title="bbox 407 4250 2055 4328">
    <p class='ocr_par' dir='ltr' id='par_1_59' title="bbox 407 4250 2055 4328">
     <span class='ocr_line' id='line_1_59' title="bbox 407 4250 2055 4328; baseline 0.005 -22"><span class='ocrx_word' id='word_1_432' title='bbox 407 4250 526 4307; x_wconf 89' lang='lat' dir='ltr'>illis</span> <span class='ocrx_word' id='word_1_433' title='bbox 557 4252 746 4308; x_wconf 89' lang='lat' dir='ltr'>solum</span> <span class='ocrx_word' id='word_1_434' title='bbox 779 4254 1037 4325; x_wconf 88' lang='lat' dir='ltr'>prodest,</span> <span class='ocrx_word' id='word_1_435' title='bbox 1070 4255 1201 4311; x_wconf 89' lang='lat' dir='ltr'>illos</span> <span class='ocrx_word' id='word_1_436' title='bbox 1231 4256 1303 4311; x_wconf 91' lang='lat' dir='ltr'>de</span> <span class='ocrx_word' id='word_1_437' title='bbox 1337 4261 1523 4312; x_wconf 92' lang='lat' dir='ltr'>morte</span> <span class='ocrx_word' id='word_1_438' title='bbox 1552 4257 1731 4313; x_wconf 87' lang='lat' dir='ltr'>trahit</span> <span class='ocrx_word' id='word_1_439' title='bbox 1762 4259 1831 4313; x_wconf 88' lang='lat' dir='ltr'>ad</span> <span class='ocrx_word' id='word_1_440' title='bbox 1850 4258 2055 4328; x_wconf 87' lang='lat' dir='ltr'>vitam,</span> 
     </span>
    </p>
   </div>
   <div class='ocr_carea' id='block_1_60' title="bbox 408 4340 2053 4416">
    <p class='ocr_par' dir='ltr' id='par_1_60' title="bbox 408 4340 2053 4416">
     <span class='ocr_line' id='line_1_60' title="bbox 408 4340 2053 4416; baseline 0.005 -23"><span class='ocrx_word' id='word_1_441' title='bbox 408 4340 506 4411; x_wconf 92' lang='lat' dir='ltr'>qui</span> <span class='ocrx_word' id='word_1_442' title='bbox 541 4340 768 4396; x_wconf 85' lang='lat' dir='ltr'>sincera</span> <span class='ocrx_word' id='word_1_443' title='bbox 798 4345 992 4397; x_wconf 88' lang='lat' dir='ltr'>mente</span> <span class='ocrx_word' id='word_1_444' title='bbox 1015 4342 1266 4415; x_wconf 84' lang='lat' dir='ltr'>diligunt</span> <span class='ocrx_word' id='word_1_445' title='bbox 1297 4344 1524 4400; x_wconf 88' lang='lat' dir='ltr'>fratres.</span> <span class='ocrx_word' id='word_1_446' title='bbox 1558 4348 1744 4416; x_wconf 82' lang='lat' dir='ltr'>Atque</span> <span class='ocrx_word' id='word_1_447' title='bbox 1794 4346 1922 4402; x_wconf 92' lang='lat' dir='ltr'>ideo</span> <span class='ocrx_word' id='word_1_448' title='bbox 1952 4364 2053 4403; x_wconf 90' lang='lat' dir='ltr'>no-</span> 
     </span>
    </p>
   </div>
   <div class='ocr_carea' id='block_1_61' title="bbox 408 4427 2056 4502">
    <p class='ocr_par' dir='ltr' id='par_1_61' title="bbox 408 4427 2056 4502">
     <span class='ocr_line' id='line_1_61' title="bbox 408 4427 2056 4502; baseline 0.007 -21"><span class='ocrx_word' id='word_1_449' title='bbox 408 4427 680 4494; x_wconf 84' lang='lat' dir='ltr'>tandum,</span> <span class='ocrx_word' id='word_1_450' title='bbox 704 4428 860 4497; x_wconf 91' lang='lat' dir='ltr'>quod</span> <span class='ocrx_word' id='word_1_451' title='bbox 884 4445 995 4483; x_wconf 92' lang='lat' dir='ltr'>non</span> <span class='ocrx_word' id='word_1_452' title='bbox 1022 4430 1102 4484; x_wconf 89' lang='lat' dir='ltr'>ait</span> <span class='ocrx_word' id='word_1_453' title='bbox 1126 4446 1139 4482; x_wconf 89' lang='lat'>:</span> <span class='ocrx_word' id='word_1_454' title='bbox 1163 4431 1269 4492; x_wconf 88' lang='lat' dir='ltr'>Qui</span> <span class='ocrx_word' id='word_1_455' title='bbox 1303 4448 1417 4485; x_wconf 89' lang='lat' dir='ltr'>non</span> <span class='ocrx_word' id='word_1_456' title='bbox 1450 4431 2056 4502; x_wconf 77' lang='lat' dir='ltr'>diligit,ventnrusest</span> 
     </span>
    </p>
   </div>
   <div class='ocr_carea' id='block_1_62' title="bbox 412 4512 2130 4606">
    <p class='ocr_par' dir='ltr' id='par_1_62' title="bbox 412 4512 2130 4606">
     <span class='ocr_line' id='line_1_62' title="bbox 412 4512 2130 4606; baseline 0.008 -39"><span class='ocrx_word' id='word_1_457' title='bbox 412 4512 473 4568; x_wconf 89' lang='lat' dir='ltr'>in</span> <span class='ocrx_word' id='word_1_458' title='bbox 494 4516 764 4580; x_wconf 80' lang='lat' dir='ltr'>mortem,</span> <span class='ocrx_word' id='word_1_459' title='bbox 785 4514 955 4584; x_wconf 88' lang='lat' dir='ltr'>quasi</span> <span class='ocrx_word' id='word_1_460' title='bbox 973 4516 1043 4570; x_wconf 90' lang='lat' dir='ltr'>de</span> <span class='ocrx_word' id='word_1_461' title='bbox 1067 4534 1233 4587; x_wconf 76' lang='lat' dir='ltr'>pmna</span> <span class='ocrx_word' id='word_1_462' title='bbox 1256 4522 1535 4589; x_wconf 87' lang='lat' dir='ltr'>perpetua</span> <span class='ocrx_word' id='word_1_463' title='bbox 1557 4518 1911 4592; x_wconf 82' lang='lat' dir='ltr'>loqueretur,</span> <span class='ocrx_word' id='word_1_464' title='bbox 1927 4541 2054 4596; x_wconf 66' lang='lat' dir='ltr'>qua}</span> <span class='ocrx_word' id='word_1_465' title='bbox 2088 4542 2130 4606; x_wconf 71' lang='grc' dir='ltr'>Ι)</span> 
     </span>
    </p>
   </div>
   <div class='ocr_carea' id='block_1_63' title="bbox 411 4602 2054 4673">
    <p class='ocr_par' dir='ltr' id='par_1_63' title="bbox 411 4602 2054 4673">
     <span class='ocr_line' id='line_1_63' title="bbox 411 4602 2054 4673; baseline 0.008 -16"><span class='ocrx_word' id='word_1_466' title='bbox 411 4603 595 4659; x_wconf 86' lang='lat' dir='ltr'>restat</span> <span class='ocrx_word' id='word_1_467' title='bbox 625 4602 1025 4673; x_wconf 80' lang='lat' dir='ltr'>peccatoribus</span> <span class='ocrx_word' id='word_1_468' title='bbox 1056 4604 1113 4660; x_wconf 86' lang='lat' dir='ltr'>in</span> <span class='ocrx_word' id='word_1_469' title='bbox 1142 4606 1373 4673; x_wconf 85' lang='lat' dir='ltr'>futuro;</span> <span class='ocrx_word' id='word_1_470' title='bbox 1407 4607 1505 4661; x_wconf 88' lang='lat' dir='ltr'>sed</span> <span class='ocrx_word' id='word_1_471' title='bbox 1541 4630 1568 4657; x_wconf 92' lang='grc'>‹‹</span> <span class='ocrx_word' id='word_1_472' title='bbox 1601 4608 1708 4673; x_wconf 86' lang='lat' dir='ltr'>Qui</span> <span class='ocrx_word' id='word_1_473' title='bbox 1758 4628 1871 4667; x_wconf 89' lang='lat' dir='ltr'>non</span> <span class='ocrx_word' id='word_1_474' title='bbox 1922 4613 2054 4669; x_wconf 89' lang='lat' dir='ltr'>dili-</span> 
     </span>
    </p>
   </div>
   <div class='ocr_carea' id='block_1_64' title="bbox 409 4690 2053 4770">
    <p class='ocr_par' dir='ltr' id='par_1_64' title="bbox 409 4690 2053 4770">
     <span class='ocr_line' id='line_1_64' title="bbox 409 4690 2053 4770; baseline 0.009 -25"><span class='ocrx_word' id='word_1_475' title='bbox 409 4692 517 4765; x_wconf 80' lang='lat' dir='ltr'>git,</span> <span class='ocrx_word' id='word_1_476' title='bbox 556 4690 764 4764; x_wconf 90' lang='lat' dir='ltr'>inpuit,</span> <span class='ocrx_word' id='word_1_477' title='bbox 815 4696 1014 4748; x_wconf 87' lang='lat' dir='ltr'>manet</span> <span class='ocrx_word' id='word_1_478' title='bbox 1062 4693 1119 4750; x_wconf 91' lang='lat' dir='ltr'>in</span> <span class='ocrx_word' id='word_1_479' title='bbox 1170 4700 1376 4762; x_wconf 87' lang='lat' dir='ltr'>morte,</span> <span class='ocrx_word' id='word_1_480' title='bbox 1407 4718 1435 4745; x_wconf 86' lang='grc'>››</span> <span class='ocrx_word' id='word_1_481' title='bbox 1486 4697 1557 4753; x_wconf 90' lang='lat' dir='ltr'>de</span> <span class='ocrx_word' id='word_1_482' title='bbox 1606 4715 1724 4770; x_wconf 90' lang='lat' dir='ltr'>qua</span> <span class='ocrx_word' id='word_1_483' title='bbox 1768 4702 1943 4759; x_wconf 85' lang='lat' dir='ltr'>etiam</span> <span class='ocrx_word' id='word_1_484' title='bbox 1994 4703 2053 4759; x_wconf 91' lang='lat' dir='ltr'>in</span> 
     </span>
    </p>
   </div>
   <div class='ocr_carea' id='block_1_65' title="bbox 408 4779 2050 4864">
    <p class='ocr_par' dir='ltr' id='par_1_65' title="bbox 408 4779 2050 4864">
     <span class='ocr_line' id='line_1_65' title="bbox 408 4779 2050 4864; baseline 0.007 -26"><span class='ocrx_word' id='word_1_485' title='bbox 408 4781 517 4839; x_wconf 91' lang='lat' dir='ltr'>hac</span> <span class='ocrx_word' id='word_1_486' title='bbox 546 4781 683 4850; x_wconf 88' lang='lat' dir='ltr'>vita,</span> <span class='ocrx_word' id='word_1_487' title='bbox 718 4779 768 4839; x_wconf 89' lang='lat' dir='ltr'>si</span> <span class='ocrx_word' id='word_1_488' title='bbox 801 4782 1008 4840; x_wconf 87' lang='lat' dir='ltr'>fratres</span> <span class='ocrx_word' id='word_1_489' title='bbox 1040 4784 1291 4856; x_wconf 86' lang='lat' dir='ltr'>perfecte</span> <span class='ocrx_word' id='word_1_490' title='bbox 1323 4792 1565 4856; x_wconf 86' lang='lat' dir='ltr'>amaret,</span> <span class='ocrx_word' id='word_1_491' title='bbox 1591 4804 1898 4861; x_wconf 80' lang='lat' dir='ltr'>exsurgere</span> <span class='ocrx_word' id='word_1_492' title='bbox 1919 4809 2050 4864; x_wconf 89' lang='lat' dir='ltr'>pos-</span> 
     </span>
    </p>
   </div>
   <div class='ocr_carea' id='block_1_66' title="bbox 408 4871 2053 4949">
    <p class='ocr_par' dir='ltr' id='par_1_66' title="bbox 408 4871 2053 4949">
     <span class='ocr_line' id='line_1_66' title="bbox 408 4871 2053 4949; baseline 0.005 -20"><span class='ocrx_word' id='word_1_493' title='bbox 408 4876 517 4930; x_wconf 88' lang='lat' dir='ltr'>set.</span> <span class='ocrx_word' id='word_1_494' title='bbox 552 4871 698 4929; x_wconf 85' lang='lat' dir='ltr'>Iiinc</span> <span class='ocrx_word' id='word_1_495' title='bbox 727 4871 943 4929; x_wconf 90' lang='lat' dir='ltr'>ctenim</span> <span class='ocrx_word' id='word_1_496' title='bbox 966 4872 1179 4929; x_wconf 91' lang='lat' dir='ltr'>dicitur</span> <span class='ocrx_word' id='word_1_497' title='bbox 1199 4874 1258 4930; x_wconf 88' lang='lat' dir='ltr'>in</span> <span class='ocrx_word' id='word_1_498' title='bbox 1282 4875 1624 4949; x_wconf 79' lang='lat' dir='ltr'>Apocalypsi</span> <span class='ocrx_word' id='word_1_499' title='bbox 1652 4894 1664 4933; x_wconf 91' lang='lat'><strong>:</strong></span> <span class='ocrx_word' id='word_1_500' title='bbox 1692 4901 1717 4928; x_wconf 85' lang='lat'><strong>«</strong></span> <span class='ocrx_word' id='word_1_501' title='bbox 1752 4878 1965 4936; x_wconf 80' lang='lat' dir='ltr'>Beatus</span> <span class='ocrx_word' id='word_1_502' title='bbox 1996 4886 2053 4937; x_wconf 92' lang='lat' dir='ltr'>ct</span> 
     </span>
    </p>
   </div>
   <div class='ocr_carea' id='block_1_67' title="bbox 408 4961 2050 5039">
    <p class='ocr_par' dir='ltr' id='par_1_67' title="bbox 408 4961 2050 5039">
     <span class='ocr_line' id='line_1_67' title="bbox 408 4961 2050 5039; baseline 0.005 -22"><span class='ocrx_word' id='word_1_503' title='bbox 408 4961 784 5035; x_wconf 86' lang='lat' dir='ltr'>sanctus,qui</span> <span class='ocrx_word' id='word_1_504' title='bbox 815 4963 991 5019; x_wconf 85' lang='lat' dir='ltr'>habet</span> <span class='ocrx_word' id='word_1_505' title='bbox 1012 4980 1175 5036; x_wconf 89' lang='lat' dir='ltr'>spem</span> <span class='ocrx_word' id='word_1_506' title='bbox 1209 4964 1268 5020; x_wconf 89' lang='lat' dir='ltr'>in</span> <span class='ocrx_word' id='word_1_507' title='bbox 1304 4965 1729 5023; x_wconf 87' lang='lat' dir='ltr'>resurrectione</span> <span class='ocrx_word' id='word_1_508' title='bbox 1750 4968 1958 5039; x_wconf 90' lang='lat' dir='ltr'>prima,</span> <span class='ocrx_word' id='word_1_509' title='bbox 1991 4970 2050 5026; x_wconf 91' lang='lat' dir='ltr'>in</span> 
     </span>
    </p>
   </div>
   <div class='ocr_carea' id='block_1_68' title="bbox 408 5048 2047 5128">
    <p class='ocr_par' dir='ltr' id='par_1_68' title="bbox 408 5048 2047 5128">
     <span class='ocr_line' id='line_1_68' title="bbox 408 5048 2047 5128; baseline 0.007 -25"><span class='ocrx_word' id='word_1_510' title='bbox 408 5048 500 5105; x_wconf 89' lang='lat' dir='ltr'>his</span> <span class='ocrx_word' id='word_1_511' title='bbox 531 5053 787 5107; x_wconf 90' lang='lat' dir='ltr'>secunda</span> <span class='ocrx_word' id='word_1_512' title='bbox 814 5070 972 5109; x_wconf 87' lang='lat' dir='ltr'>mors</span> <span class='ocrx_word' id='word_1_513' title='bbox 992 5070 1106 5109; x_wconf 88' lang='lat' dir='ltr'>non</span> <span class='ocrx_word' id='word_1_514' title='bbox 1131 5054 1306 5111; x_wconf 86' lang='lat' dir='ltr'>habet</span> <span class='ocrx_word' id='word_1_515' title='bbox 1328 5059 1674 5127; x_wconf 87' lang='lat' dir='ltr'>potestatem</span> <span class='ocrx_word' id='word_1_516' title='bbox 1691 5057 1869 5128; x_wconf 74' lang='lat' dir='ltr'>(Apoc.</span> <span class='ocrx_word' id='word_1_517' title='bbox 1887 5062 2002 5128; x_wconf 82' lang='lat' dir='ltr'>xx).</span> <span class='ocrx_word' id='word_1_518' title='bbox 2020 5082 2047 5109; x_wconf 84' lang='lat'>»</span> 
     </span>
    </p>
   </div>
   <div class='ocr_carea' id='block_1_69' title="bbox 479 5138 2052 5213">
    <p class='ocr_par' dir='ltr' id='par_1_69' title="bbox 479 5138 2052 5213">
     <span class='ocr_line' id='line_1_69' title="bbox 479 5138 2052 5213; baseline 0.008 -22"><span class='ocrx_word' id='word_1_519' title='bbox 479 5161 505 5187; x_wconf 77' lang='grc' dir='ltr'><strong>(ι</strong></span> <span class='ocrx_word' id='word_1_520' title='bbox 541 5138 747 5196; x_wconf 88' lang='lat' dir='ltr'>Omnis</span> <span class='ocrx_word' id='word_1_521' title='bbox 778 5140 879 5211; x_wconf 89' lang='lat' dir='ltr'>qui</span> <span class='ocrx_word' id='word_1_522' title='bbox 909 5142 1032 5198; x_wconf 90' lang='lat' dir='ltr'>odit</span> <span class='ocrx_word' id='word_1_523' title='bbox 1064 5146 1301 5199; x_wconf 85' lang='lat' dir='ltr'>fratrem</span> <span class='ocrx_word' id='word_1_524' title='bbox 1334 5162 1531 5213; x_wconf 88' lang='lat' dir='ltr'>suum,</span> <span class='ocrx_word' id='word_1_525' title='bbox 1569 5144 1861 5201; x_wconf 87' lang='lat' dir='ltr'>homicida</span> <span class='ocrx_word' id='word_1_526' title='bbox 1889 5150 1996 5202; x_wconf 87' lang='lat' dir='ltr'>est.</span> <span class='ocrx_word' id='word_1_527' title='bbox 2025 5171 2052 5196; x_wconf 88' lang='grc'>››</span> 
     </span>
    </p>
   </div>
   <div class='ocr_carea' id='block_1_70' title="bbox 407 5225 2053 5307">
    <p class='ocr_par' dir='ltr' id='par_1_70' title="bbox 407 5225 2053 5307">
     <span class='ocr_line' id='line_1_70' title="bbox 407 5225 2053 5307; baseline 0.007 -26"><span class='ocrx_word' id='word_1_528' title='bbox 407 5225 465 5281; x_wconf 86' lang='lat' dir='ltr'>Si</span> <span class='ocrx_word' id='word_1_529' title='bbox 489 5228 896 5284; x_wconf 86' lang='lat' dir='ltr'>contemnebat</span> <span class='ocrx_word' id='word_1_530' title='bbox 916 5230 1167 5302; x_wconf 90' lang='lat' dir='ltr'>quisque</span> <span class='ocrx_word' id='word_1_531' title='bbox 1190 5233 1389 5287; x_wconf 87' lang='lat' dir='ltr'>odium</span> <span class='ocrx_word' id='word_1_532' title='bbox 1419 5234 1760 5302; x_wconf 89' lang='lat' dir='ltr'>fraternum,</span> <span class='ocrx_word' id='word_1_533' title='bbox 1787 5235 2053 5307; x_wconf 88' lang='lat' dir='ltr'>nunquid</span> 
     </span>
    </p>
   </div>
   <div class='ocr_carea' id='block_1_71' title="bbox 407 5313 2052 5394">
    <p class='ocr_par' dir='ltr' id='par_1_71' title="bbox 407 5313 2052 5394">
     <span class='ocr_line' id='line_1_71' title="bbox 407 5313 2052 5394; baseline 0.006 -24"><span class='ocrx_word' id='word_1_534' title='bbox 407 5318 462 5370; x_wconf 89' lang='lat' dir='ltr'>ct</span> <span class='ocrx_word' id='word_1_535' title='bbox 486 5313 866 5371; x_wconf 87' lang='lat' dir='ltr'>homicidium</span> <span class='ocrx_word' id='word_1_536' title='bbox 898 5316 958 5370; x_wconf 91' lang='lat' dir='ltr'>in</span> <span class='ocrx_word' id='word_1_537' title='bbox 990 5319 1160 5375; x_wconf 85' lang='lat' dir='ltr'>corde</span> <span class='ocrx_word' id='word_1_538' title='bbox 1182 5336 1287 5376; x_wconf 90' lang='lat' dir='ltr'>suo</span> <span class='ocrx_word' id='word_1_539' title='bbox 1320 5326 1763 5394; x_wconf 86' lang='lat' dir='ltr'>contempturus</span> <span class='ocrx_word' id='word_1_540' title='bbox 1783 5328 1872 5378; x_wconf 91' lang='lat' dir='ltr'>est</span> <span class='ocrx_word' id='word_1_541' title='bbox 1891 5324 1918 5379; x_wconf 86' lang='lat'><strong>?</strong></span> <span class='ocrx_word' id='word_1_542' title='bbox 1935 5341 2052 5380; x_wconf 90' lang='lat' dir='ltr'>non</span> 
     </span>
    </p>
   </div>
   <div class='ocr_carea' id='block_1_72' title="bbox 408 5404 2055 5478">
    <p class='ocr_par' dir='ltr' id='par_1_72' title="bbox 408 5404 2055 5478">
     <span class='ocr_line' id='line_1_72' title="bbox 408 5404 2055 5478; baseline 0.007 -20"><span class='ocrx_word' id='word_1_543' title='bbox 408 5407 598 5459; x_wconf 82' lang='lat' dir='ltr'>movet</span> <span class='ocrx_word' id='word_1_544' title='bbox 611 5420 820 5459; x_wconf 87' lang='lat' dir='ltr'>manus</span> <span class='ocrx_word' id='word_1_545' title='bbox 834 5404 906 5459; x_wconf 89' lang='lat' dir='ltr'>ad</span> <span class='ocrx_word' id='word_1_546' title='bbox 937 5405 1317 5463; x_wconf 81' lang='lat' dir='ltr'>occidendum</span> <span class='ocrx_word' id='word_1_547' title='bbox 1339 5409 1662 5478; x_wconf 79' lang='lat' dir='ltr'>hominem,</span> <span class='ocrx_word' id='word_1_548' title='bbox 1680 5417 1735 5467; x_wconf 90' lang='lat' dir='ltr'>et</span> <span class='ocrx_word' id='word_1_549' title='bbox 1762 5411 2055 5469; x_wconf 84' lang='lat' dir='ltr'>homicida</span> 
     </span>
    </p>
   </div>
   <div class='ocr_carea' id='block_1_73' title="bbox 397 5492 2054 5570">
    <p class='ocr_par' dir='ltr' id='par_1_73' title="bbox 397 5492 2054 5570">
     <span class='ocr_line' id='line_1_73' title="bbox 397 5492 2054 5570; baseline 0.007 -25"><span class='ocrx_word' id='word_1_550' title='bbox 397 5492 421 5565; x_wconf 86' lang='lat' dir='ltr'>j</span> <span class='ocrx_word' id='word_1_551' title='bbox 446 5509 525 5546; x_wconf 51' lang='lat' dir='ltr'>‘m</span> <span class='ocrx_word' id='word_1_552' title='bbox 558 5495 786 5548; x_wconf 91' lang='lat' dir='ltr'>tenetur</span> <span class='ocrx_word' id='word_1_553' title='bbox 814 5510 848 5551; x_wconf 91' lang='lat' dir='ltr'>a</span> <span class='ocrx_word' id='word_1_554' title='bbox 876 5493 1014 5559; x_wconf 90' lang='lat' dir='ltr'>Deo,</span> <span class='ocrx_word' id='word_1_555' title='bbox 1048 5493 1183 5550; x_wconf 84' lang='lat' dir='ltr'>vivit</span> <span class='ocrx_word' id='word_1_556' title='bbox 1212 5496 1328 5563; x_wconf 88' lang='lat' dir='ltr'>ille,</span> <span class='ocrx_word' id='word_1_557' title='bbox 1354 5503 1411 5553; x_wconf 90' lang='lat' dir='ltr'>et</span> <span class='ocrx_word' id='word_1_558' title='bbox 1432 5498 1541 5554; x_wconf 91' lang='lat' dir='ltr'>iste</span> <span class='ocrx_word' id='word_1_559' title='bbox 1565 5499 1692 5570; x_wconf 89' lang='lat' dir='ltr'>jam</span> <span class='ocrx_word' id='word_1_560' title='bbox 1720 5500 2054 5558; x_wconf 81' lang='lat' dir='ltr'>interfector</span> 
     </span>
    </p>
   </div>
   <div class='ocr_carea' id='block_1_74' title="bbox 396 5580 2051 5655">
    <p class='ocr_par' dir='ltr' id='par_1_74' title="bbox 396 5580 2051 5655">
     <span class='ocr_line' id='line_1_74' title="bbox 396 5580 2051 5655; baseline 0.007 -19"><span class='ocrx_word' id='word_1_561' title='bbox 396 5580 717 5652; x_wconf 89' lang='lat' dir='ltr'>judicatur.</span> <span class='ocrx_word' id='word_1_562' title='bbox 751 5605 777 5630; x_wconf 89' lang='grc'>‹‹</span> <span class='ocrx_word' id='word_1_563' title='bbox 810 5583 876 5639; x_wconf 85' lang='lat' dir='ltr'>Et</span> <span class='ocrx_word' id='word_1_564' title='bbox 909 5580 1071 5639; x_wconf 88' lang='lat' dir='ltr'>scitis</span> <span class='ocrx_word' id='word_1_565' title='bbox 1104 5583 1238 5655; x_wconf 88' lang='lat' dir='ltr'>quia</span> <span class='ocrx_word' id='word_1_566' title='bbox 1271 5586 1461 5644; x_wconf 88' lang='lat' dir='ltr'>omnis</span> <span class='ocrx_word' id='word_1_567' title='bbox 1492 5585 1786 5644; x_wconf 86' lang='lat' dir='ltr'>homicida</span> <span class='ocrx_word' id='word_1_568' title='bbox 1808 5606 1921 5645; x_wconf 90' lang='lat' dir='ltr'>non</span> <span class='ocrx_word' id='word_1_569' title='bbox 1954 5590 2051 5647; x_wconf 88' lang='lat' dir='ltr'>ha-</span> 
     </span>
    </p>
   </div>
   <div class='ocr_carea' id='block_1_75' title="bbox 2168 1870 3725 1946">
    <p class='ocr_par' dir='ltr' id='par_1_75' title="bbox 2168 1870 3725 1946">
     <span class='ocr_line' id='line_1_75' title="bbox 2168 1870 3725 1946; baseline 0 -19"><span class='ocrx_word' id='word_1_570' title='bbox 2168 1870 2576 1943; x_wconf 88' lang='lat' dir='ltr'>bis,quoniam</span> <span class='ocrx_word' id='word_1_571' title='bbox 2608 1887 2741 1926; x_wconf 90' lang='lat' dir='ltr'>cum</span> <span class='ocrx_word' id='word_1_572' title='bbox 2773 1871 2966 1928; x_wconf 89' lang='lat' dir='ltr'>adhuc</span> <span class='ocrx_word' id='word_1_573' title='bbox 2996 1876 3325 1946; x_wconf 89' lang='lat' dir='ltr'>peccatores</span> <span class='ocrx_word' id='word_1_574' title='bbox 3344 1889 3594 1940; x_wconf 85' lang='lat' dir='ltr'>essemus,</span> <span class='ocrx_word' id='word_1_575' title='bbox 3612 1871 3725 1928; x_wconf 86' lang='lat' dir='ltr'>Chri-</span> 
     </span>
    </p>
   </div>
   <div class='ocr_carea' id='block_1_76' title="bbox 2170 1960 3725 2033">
    <p class='ocr_par' dir='ltr' id='par_1_76' title="bbox 2170 1960 3725 2033">
     <span class='ocr_line' id='line_1_76' title="bbox 2170 1960 3725 2033; baseline 0.003 -20"><span class='ocrx_word' id='word_1_576' title='bbox 2170 1966 2298 2016; x_wconf 89' lang='lat' dir='ltr'>stus</span> <span class='ocrx_word' id='word_1_577' title='bbox 2328 1976 2431 2033; x_wconf 91' lang='lat' dir='ltr'>pro</span> <span class='ocrx_word' id='word_1_578' title='bbox 2462 1960 2630 2016; x_wconf 87' lang='lat' dir='ltr'>nobis</span> <span class='ocrx_word' id='word_1_579' title='bbox 2652 1964 2923 2018; x_wconf 90' lang='lat' dir='ltr'>mortuus</span> <span class='ocrx_word' id='word_1_580' title='bbox 2952 1965 3235 2032; x_wconf 77' lang='lat' dir='ltr'>est(llom.</span> <span class='ocrx_word' id='word_1_581' title='bbox 3260 1969 3353 2029; x_wconf 75' lang='grc' dir='ltr'>γι).</span> <span class='ocrx_word' id='word_1_582' title='bbox 3380 1986 3404 2014; x_wconf 87' lang='grc'><strong>››</strong></span> <span class='ocrx_word' id='word_1_583' title='bbox 3425 1963 3725 2019; x_wconf 85' lang='lat' dir='ltr'>Hancheatus</span> 
     </span>
    </p>
   </div>
   <div class='ocr_carea' id='block_1_77' title="bbox 2169 2049 3727 2120">
    <p class='ocr_par' dir='ltr' id='par_1_77' title="bbox 2169 2049 3727 2120">
     <span class='ocr_line' id='line_1_77' title="bbox 2169 2049 3727 2120; baseline 0.003 -16"><span class='ocrx_word' id='word_1_584' title='bbox 2169 2049 2374 2105; x_wconf 87' lang='lat' dir='ltr'>Petrus</span> <span class='ocrx_word' id='word_1_585' title='bbox 2422 2049 2634 2106; x_wconf 88' lang='lat' dir='ltr'>habere</span> <span class='ocrx_word' id='word_1_586' title='bbox 2683 2052 3054 2120; x_wconf 86' lang='lat' dir='ltr'>monebatur,</span> <span class='ocrx_word' id='word_1_587' title='bbox 3089 2070 3226 2108; x_wconf 91' lang='lat' dir='ltr'>cum</span> <span class='ocrx_word' id='word_1_588' title='bbox 3275 2054 3502 2110; x_wconf 91' lang='lat' dir='ltr'>Domino</span> <span class='ocrx_word' id='word_1_589' title='bbox 3543 2052 3727 2115; x_wconf 84' lang='lat' dir='ltr'>dicente,</span> 
     </span>
    </p>
   </div>
   <div class='ocr_carea' id='block_1_78' title="bbox 2174 2139 3729 2215">
    <p class='ocr_par' dir='ltr' id='par_1_78' title="bbox 2174 2139 3729 2215">
     <span class='ocr_line' id='line_1_78' title="bbox 2174 2139 3729 2215; baseline 0.001 -21"><span class='ocrx_word' id='word_1_590' title='bbox 2174 2160 2202 2189; x_wconf 86' lang='grc'>‹‹</span> <span class='ocrx_word' id='word_1_591' title='bbox 2231 2139 2413 2207; x_wconf 91' lang='lat' dir='ltr'>Petre,</span> <span class='ocrx_word' id='word_1_592' title='bbox 2448 2156 2612 2195; x_wconf 90' lang='lat' dir='ltr'>amas</span> <span class='ocrx_word' id='word_1_593' title='bbox 2662 2141 2802 2197; x_wconf 84' lang='lat' dir='ltr'>me?</span> <span class='ocrx_word' id='word_1_594' title='bbox 2833 2157 3007 2214; x_wconf 87' lang='lat' dir='ltr'>pasce</span> <span class='ocrx_word' id='word_1_595' title='bbox 3056 2159 3193 2199; x_wconf 84' lang='lat' dir='ltr'>oves</span> <span class='ocrx_word' id='word_1_596' title='bbox 3241 2159 3413 2208; x_wconf 88' lang='lat' dir='ltr'>meas,</span> <span class='ocrx_word' id='word_1_597' title='bbox 3445 2166 3471 2192; x_wconf 82' lang='lat'><strong>»</strong></span> <span class='ocrx_word' id='word_1_598' title='bbox 3498 2142 3729 2215; x_wconf 89' lang='lat' dir='ltr'>respondit</span> 
     </span>
    </p>
   </div>
   <div class='ocr_carea' id='block_1_79' title="bbox 2170 2228 3728 2303">
    <p class='ocr_par' dir='ltr' id='par_1_79' title="bbox 2170 2228 3728 2303">
     <span class='ocr_line' id='line_1_79' title="bbox 2170 2228 3728 2303; baseline 0.003 -21"><span class='ocrx_word' id='word_1_599' title='bbox 2170 2243 2232 2283; x_wconf 90' lang='lat' dir='ltr'>se</span> <span class='ocrx_word' id='word_1_600' title='bbox 2264 2228 2813 2303; x_wconf 87' lang='lat' dir='ltr'>amare,statimque</span> <span class='ocrx_word' id='word_1_601' title='bbox 2844 2232 3096 2287; x_wconf 85' lang='lat' dir='ltr'>audivit:</span> <span class='ocrx_word' id='word_1_602' title='bbox 3128 2232 3269 2288; x_wconf 91' lang='lat' dir='ltr'>Cum</span> <span class='ocrx_word' id='word_1_603' title='bbox 3302 2237 3481 2289; x_wconf 89' lang='lat' dir='ltr'>autem</span> <span class='ocrx_word' id='word_1_604' title='bbox 3510 2230 3728 2298; x_wconf 85' lang='lat' dir='ltr'>senuerls,</span> 
     </span>
    </p>
   </div>
   <div class='ocr_carea' id='block_1_80' title="bbox 2171 2318 3733 2396">
    <p class='ocr_par' dir='ltr' id='par_1_80' title="bbox 2171 2318 3733 2396">
     <span class='ocr_line' id='line_1_80' title="bbox 2171 2318 3733 2396; baseline 0.001 -25"><span class='ocrx_word' id='word_1_605' title='bbox 2171 2318 2442 2374; x_wconf 84' lang='lat' dir='ltr'>extendes</span> <span class='ocrx_word' id='word_1_606' title='bbox 2490 2335 2702 2374; x_wconf 87' lang='lat' dir='ltr'>manus</span> <span class='ocrx_word' id='word_1_607' title='bbox 2745 2323 2899 2389; x_wconf 89' lang='lat' dir='ltr'>tuas,</span> <span class='ocrx_word' id='word_1_608' title='bbox 2930 2325 2988 2376; x_wconf 89' lang='lat' dir='ltr'>et</span> <span class='ocrx_word' id='word_1_609' title='bbox 3025 2321 3181 2378; x_wconf 87' lang='lat' dir='ltr'>alius</span> <span class='ocrx_word' id='word_1_610' title='bbox 3229 2328 3285 2379; x_wconf 92' lang='lat' dir='ltr'>te</span> <span class='ocrx_word' id='word_1_611' title='bbox 3313 2323 3510 2396; x_wconf 81' lang='lat' dir='ltr'>cinget,</span> <span class='ocrx_word' id='word_1_612' title='bbox 3538 2326 3587 2378; x_wconf 91' lang='lat' dir='ltr'>et</span> <span class='ocrx_word' id='word_1_613' title='bbox 3608 2323 3733 2377; x_wconf 79' lang='lat' dir='ltr'>ducet</span> 
     </span>
    </p>
   </div>
   <div class='ocr_carea' id='block_1_81' title="bbox 2172 2408 3729 2494">
    <p class='ocr_par' dir='ltr' id='par_1_81' title="bbox 2172 2408 3729 2494">
     <span class='ocr_line' id='line_1_81' title="bbox 2172 2408 3729 2494; baseline 0.004 -33"><span class='ocrx_word' id='word_1_614' title='bbox 2172 2422 2285 2477; x_wconf 91' lang='lat' dir='ltr'>quo</span> <span class='ocrx_word' id='word_1_615' title='bbox 2315 2411 2375 2462; x_wconf 86' lang='lat' dir='ltr'>tu</span> <span class='ocrx_word' id='word_1_616' title='bbox 2409 2425 2523 2463; x_wconf 91' lang='lat' dir='ltr'>non</span> <span class='ocrx_word' id='word_1_617' title='bbox 2554 2408 2662 2464; x_wconf 94' lang='lat' dir='ltr'>vis.</span> <span class='ocrx_word' id='word_1_618' title='bbox 2694 2410 2811 2465; x_wconf 86' lang='lat' dir='ltr'>Hoc</span> <span class='ocrx_word' id='word_1_619' title='bbox 2852 2415 3049 2467; x_wconf 88' lang='lat' dir='ltr'>autem</span> <span class='ocrx_word' id='word_1_620' title='bbox 3100 2411 3247 2468; x_wconf 78' lang='lat' dir='ltr'>dixit</span> <span class='ocrx_word' id='word_1_621' title='bbox 3276 2414 3377 2482; x_wconf 90' lang='lat' dir='ltr'>(ait</span> <span class='ocrx_word' id='word_1_622' title='bbox 3410 2411 3729 2494; x_wconf 67' lang='lat' dir='ltr'>Evangelium)</span> 
     </span>
    </p>
   </div>
   <div class='ocr_carea' id='block_1_82' title="bbox 2171 2495 3731 2587">
    <p class='ocr_par' dir='ltr' id='par_1_82' title="bbox 2171 2495 3731 2587">
     <span class='ocr_line' id='line_1_82' title="bbox 2171 2495 3731 2587; baseline 0.004 -38"><span class='ocrx_word' id='word_1_623' title='bbox 2171 2495 2513 2567; x_wconf 86' lang='lat' dir='ltr'>signiﬁcans</span> <span class='ocrx_word' id='word_1_624' title='bbox 2563 2515 2679 2570; x_wconf 89' lang='lat' dir='ltr'>qua</span> <span class='ocrx_word' id='word_1_625' title='bbox 2722 2504 2907 2555; x_wconf 91' lang='lat' dir='ltr'>morte</span> <span class='ocrx_word' id='word_1_626' title='bbox 2954 2500 3377 2587; x_wconf 77' lang='lat' dir='ltr'>clariﬁcaturus</span> <span class='ocrx_word' id='word_1_627' title='bbox 3429 2506 3565 2558; x_wconf 88' lang='lat' dir='ltr'>esset</span> <span class='ocrx_word' id='word_1_628' title='bbox 3599 2500 3731 2557; x_wconf 83' lang='lat' dir='ltr'>Deum</span> 
     </span>
    </p>
   </div>
   <div class='ocr_carea' id='block_1_83' title="bbox 2170 2587 3733 2654">
    <p class='ocr_par' dir='ltr' id='par_1_83' title="bbox 2170 2587 3733 2654">
     <span class='ocr_line' id='line_1_83' title="bbox 2170 2587 3733 2654; baseline 0.003 -14"><span class='ocrx_word' id='word_1_629' title='bbox 2170 2587 2348 2654; x_wconf 82' lang='lat' dir='ltr'>(Joan.</span> <span class='ocrx_word' id='word_1_630' title='bbox 2381 2589 2519 2653; x_wconf 77' lang='lat' dir='ltr'>xxx).</span> <span class='ocrx_word' id='word_1_631' title='bbox 2553 2609 2580 2637; x_wconf 87' lang='lat'>»</span> <span class='ocrx_word' id='word_1_632' title='bbox 2618 2587 2762 2643; x_wconf 83' lang='lat' dir='ltr'>Cum</span> <span class='ocrx_word' id='word_1_633' title='bbox 2813 2589 2970 2645; x_wconf 90' lang='lat' dir='ltr'>enim</span> <span class='ocrx_word' id='word_1_634' title='bbox 3021 2608 3285 2648; x_wconf 91' lang='lat' dir='ltr'>amorem</span> <span class='ocrx_word' id='word_1_635' title='bbox 3330 2591 3595 2648; x_wconf 88' lang='lat' dir='ltr'>conﬁtenti</span> <span class='ocrx_word' id='word_1_636' title='bbox 3635 2607 3733 2645; x_wconf 79' lang='lat' dir='ltr'>suas</span> 
     </span>
    </p>
   </div>
   <div class='ocr_carea' id='block_1_84' title="bbox 2170 2675 3733 2754">
    <p class='ocr_par' dir='ltr' id='par_1_84' title="bbox 2170 2675 3733 2754">
     <span class='ocr_line' id='line_1_84' title="bbox 2170 2675 3733 2754; baseline 0.004 -27"><span class='ocrx_word' id='word_1_637' title='bbox 2170 2675 2606 2731; x_wconf 84' lang='lat' dir='ltr'>commendaret</span> <span class='ocrx_word' id='word_1_638' title='bbox 2656 2694 2810 2745; x_wconf 88' lang='lat' dir='ltr'>oves,</span> <span class='ocrx_word' id='word_1_639' title='bbox 2853 2695 2987 2735; x_wconf 89' lang='lat' dir='ltr'>eum</span> <span class='ocrx_word' id='word_1_640' title='bbox 3036 2679 3097 2736; x_wconf 90' lang='lat' dir='ltr'>in</span> <span class='ocrx_word' id='word_1_641' title='bbox 3150 2681 3530 2738; x_wconf 86' lang='lat' dir='ltr'>testimonium</span> <span class='ocrx_word' id='word_1_642' title='bbox 3559 2680 3733 2754; x_wconf 83' lang='lat' dir='ltr'>perfecti</span> 
     </span>
    </p>
   </div>
   <div class='ocr_carea' id='block_1_85' title="bbox 2170 2762 3732 2844">
    <p class='ocr_par' dir='ltr' id='par_1_85' title="bbox 2170 2762 3732 2844">
     <span class='ocr_line' id='line_1_85' title="bbox 2170 2762 3732 2844; baseline 0.002 -25"><span class='ocrx_word' id='word_1_643' title='bbox 2170 2762 2386 2819; x_wconf 90' lang='lat' dir='ltr'>amoris</span> <span class='ocrx_word' id='word_1_644' title='bbox 2418 2765 2674 2820; x_wconf 88' lang='lat' dir='ltr'>animam</span> <span class='ocrx_word' id='word_1_645' title='bbox 2709 2784 2812 2838; x_wconf 91' lang='lat' dir='ltr'>pro</span> <span class='ocrx_word' id='word_1_646' title='bbox 2843 2768 3062 2825; x_wconf 88' lang='lat' dir='ltr'>eisdem</span> <span class='ocrx_word' id='word_1_647' title='bbox 3096 2771 3305 2826; x_wconf 87' lang='lat' dir='ltr'>ovibus</span> <span class='ocrx_word' id='word_1_648' title='bbox 3325 2787 3520 2844; x_wconf 90' lang='lat' dir='ltr'>ponere</span> <span class='ocrx_word' id='word_1_649' title='bbox 3534 2769 3732 2825; x_wconf 84' lang='lat' dir='ltr'>docebat.</span> 
     </span>
    </p>
   </div>
   <div class='ocr_carea' id='block_1_86' title="bbox 2171 2853 3734 2933">
    <p class='ocr_par' dir='ltr' id='par_1_86' title="bbox 2171 2853 3734 2933">
     <span class='ocr_line' id='line_1_86' title="bbox 2171 2853 3734 2933; baseline 0.005 -27"><span class='ocrx_word' id='word_1_650' title='bbox 2171 2874 2198 2901; x_wconf 85' lang='lat'>«</span> <span class='ocrx_word' id='word_1_651' title='bbox 2232 2853 2301 2907; x_wconf 90' lang='lat' dir='ltr'>Et</span> <span class='ocrx_word' id='word_1_652' title='bbox 2330 2870 2436 2909; x_wconf 90' lang='lat' dir='ltr'>nos</span> <span class='ocrx_word' id='word_1_653' title='bbox 2466 2854 2748 2911; x_wconf 86' lang='lat' dir='ltr'>debemus</span> <span class='ocrx_word' id='word_1_654' title='bbox 2780 2873 2882 2929; x_wconf 90' lang='lat' dir='ltr'>pro</span> <span class='ocrx_word' id='word_1_655' title='bbox 2909 2857 3192 2915; x_wconf 84' lang='lat' dir='ltr'>fratribus</span> <span class='ocrx_word' id='word_1_656' title='bbox 3245 2861 3463 2917; x_wconf 89' lang='lat' dir='ltr'>animas</span> <span class='ocrx_word' id='word_1_657' title='bbox 3506 2873 3691 2933; x_wconf 88' lang='lat' dir='ltr'>ponere.</span> <span class='ocrx_word' id='word_1_658' title='bbox 3716 2880 3734 2905; x_wconf 69' lang='grc' dir='ltr'>ιι</span> 
     </span>
    </p>
   </div>
   <div class='ocr_carea' id='block_1_87' title="bbox 2171 2941 3735 3023">
    <p class='ocr_par' dir='ltr' id='par_1_87' title="bbox 2171 2941 3735 3023">
     <span class='ocr_line' id='line_1_87' title="bbox 2171 2941 3735 3023; baseline 0.003 -27"><span class='ocrx_word' id='word_1_659' title='bbox 2171 2941 2280 2997; x_wconf 89' lang='lat' dir='ltr'>Sed</span> <span class='ocrx_word' id='word_1_660' title='bbox 2313 2942 2455 2997; x_wconf 88' lang='lat' dir='ltr'>dicit</span> <span class='ocrx_word' id='word_1_661' title='bbox 2494 2942 2708 3016; x_wconf 90' lang='lat' dir='ltr'>aliquis</span> <span class='ocrx_word' id='word_1_662' title='bbox 2755 2946 2937 3003; x_wconf 88' lang='lat' dir='ltr'>forte:</span> <span class='ocrx_word' id='word_1_663' title='bbox 2971 2946 3041 3003; x_wconf 88' lang='lat' dir='ltr'>Et</span> <span class='ocrx_word' id='word_1_664' title='bbox 3085 2951 3379 3021; x_wconf 90' lang='lat' dir='ltr'>quomodo</span> <span class='ocrx_word' id='word_1_665' title='bbox 3423 2965 3629 3023; x_wconf 88' lang='lat' dir='ltr'>possum</span> <span class='ocrx_word' id='word_1_666' title='bbox 3663 2946 3735 3000; x_wconf 88' lang='lat' dir='ltr'>ha-</span> 
     </span>
    </p>
   </div>
   <div class='ocr_carea' id='block_1_88' title="bbox 2170 3030 3735 3113">
    <p class='ocr_par' dir='ltr' id='par_1_88' title="bbox 2170 3030 3735 3113">
     <span class='ocr_line' id='line_1_88' title="bbox 2170 3030 3735 3113; baseline 0.003 -28"><span class='ocrx_word' id='word_1_667' title='bbox 2170 3031 2304 3086; x_wconf 91' lang='lat' dir='ltr'>bere</span> <span class='ocrx_word' id='word_1_668' title='bbox 2333 3030 2506 3087; x_wconf 78' lang='lat' dir='ltr'>istam</span> <span class='ocrx_word' id='word_1_669' title='bbox 2541 3033 2929 3091; x_wconf 84' lang='lat' dir='ltr'>charitatem?</span> <span class='ocrx_word' id='word_1_670' title='bbox 2959 3037 3083 3093; x_wconf 79' lang='lat' dir='ltr'>Noli</span> <span class='ocrx_word' id='word_1_671' title='bbox 3118 3038 3235 3095; x_wconf 87' lang='lat' dir='ltr'>cito</span> <span class='ocrx_word' id='word_1_672' title='bbox 3268 3039 3554 3113; x_wconf 88' lang='lat' dir='ltr'>desperare</span> <span class='ocrx_word' id='word_1_673' title='bbox 3594 3038 3649 3092; x_wconf 87' lang='lat' dir='ltr'>de</span> <span class='ocrx_word' id='word_1_674' title='bbox 3676 3040 3735 3109; x_wconf 80' lang='lat' dir='ltr'>te,</span> 
     </span>
    </p>
   </div>
   <div class='ocr_carea' id='block_1_89' title="bbox 2172 3120 3737 3200">
    <p class='ocr_par' dir='ltr' id='par_1_89' title="bbox 2172 3120 3737 3200">
     <span class='ocr_line' id='line_1_89' title="bbox 2172 3120 3737 3200; baseline 0.001 -25"><span class='ocrx_word' id='word_1_675' title='bbox 2172 3120 2316 3176; x_wconf 68' lang='lat' dir='ltr'>forte</span> <span class='ocrx_word' id='word_1_676' title='bbox 2347 3125 2482 3177; x_wconf 89' lang='lat' dir='ltr'>nata</span> <span class='ocrx_word' id='word_1_677' title='bbox 2512 3126 2621 3188; x_wconf 85' lang='lat' dir='ltr'>est,</span> <span class='ocrx_word' id='word_1_678' title='bbox 2654 3124 2752 3179; x_wconf 91' lang='lat' dir='ltr'>sed</span> <span class='ocrx_word' id='word_1_679' title='bbox 2786 3126 3045 3182; x_wconf 88' lang='lat' dir='ltr'>nondum</span> <span class='ocrx_word' id='word_1_680' title='bbox 3080 3129 3337 3200; x_wconf 87' lang='lat' dir='ltr'>perfecta</span> <span class='ocrx_word' id='word_1_681' title='bbox 3366 3134 3465 3194; x_wconf 90' lang='lat' dir='ltr'>est,</span> <span class='ocrx_word' id='word_1_682' title='bbox 3483 3126 3615 3183; x_wconf 90' lang='lat' dir='ltr'>nutri</span> <span class='ocrx_word' id='word_1_683' title='bbox 3629 3141 3737 3189; x_wconf 82' lang='lat' dir='ltr'>eam,</span> 
     </span>
    </p>
   </div>
   <div class='ocr_carea' id='block_1_90' title="bbox 2170 3210 3741 3291">
    <p class='ocr_par' dir='ltr' id='par_1_90' title="bbox 2170 3210 3741 3291">
     <span class='ocr_line' id='line_1_90' title="bbox 2170 3210 3741 3291; baseline 0.003 -27"><span class='ocrx_word' id='word_1_684' title='bbox 2170 3225 2244 3265; x_wconf 89' lang='lat' dir='ltr'>ne</span> <span class='ocrx_word' id='word_1_685' title='bbox 2292 3210 2587 3266; x_wconf 85' lang='lat' dir='ltr'>otl‘ocetur.</span> <span class='ocrx_word' id='word_1_686' title='bbox 2626 3213 2695 3267; x_wconf 89' lang='lat' dir='ltr'>Et</span> <span class='ocrx_word' id='word_1_687' title='bbox 2738 3214 2891 3269; x_wconf 91' lang='lat' dir='ltr'>unde</span> <span class='ocrx_word' id='word_1_688' title='bbox 2939 3215 3091 3284; x_wconf 89' lang='lat' dir='ltr'>novi,</span> <span class='ocrx_word' id='word_1_689' title='bbox 3140 3216 3352 3291; x_wconf 89' lang='lat' dir='ltr'>inquit,</span> <span class='ocrx_word' id='word_1_690' title='bbox 3384 3221 3563 3274; x_wconf 88' lang='lat' dir='ltr'>natam</span> <span class='ocrx_word' id='word_1_691' title='bbox 3604 3215 3649 3270; x_wconf 90' lang='lat' dir='ltr'>in</span> <span class='ocrx_word' id='word_1_692' title='bbox 3675 3229 3741 3270; x_wconf 83' lang='lat' dir='ltr'>me</span> 
     </span>
    </p>
   </div>
   <div class='ocr_carea' id='block_1_91' title="bbox 2170 3298 3740 3379">
    <p class='ocr_par' dir='ltr' id='par_1_91' title="bbox 2170 3298 3740 3379">
     <span class='ocr_line' id='line_1_91' title="bbox 2170 3298 3740 3379; baseline 0 -25"><span class='ocrx_word' id='word_1_693' title='bbox 2170 3316 2298 3355; x_wconf 83' lang='lat' dir='ltr'>esse</span> <span class='ocrx_word' id='word_1_694' title='bbox 2328 3298 2693 3371; x_wconf 87' lang='lat' dir='ltr'>charitatem,</span> <span class='ocrx_word' id='word_1_695' title='bbox 2727 3320 2904 3374; x_wconf 88' lang='lat' dir='ltr'>quam</span> <span class='ocrx_word' id='word_1_696' title='bbox 2938 3305 3204 3363; x_wconf 90' lang='lat' dir='ltr'>nutriam</span> <span class='ocrx_word' id='word_1_697' title='bbox 3225 3308 3254 3363; x_wconf 87' lang='lat'><strong>?</strong></span> <span class='ocrx_word' id='word_1_698' title='bbox 3281 3308 3425 3365; x_wconf 88' lang='lat' dir='ltr'>Audi</span> <span class='ocrx_word' id='word_1_699' title='bbox 3463 3304 3740 3379; x_wconf 85' lang='lat' dir='ltr'>sequentia:</span> 
     </span>
    </p>
   </div>
   <div class='ocr_carea' id='block_1_92' title="bbox 2249 3414 3745 3497">
    <p class='ocr_par' dir='ltr' id='par_1_92' title="bbox 2249 3414 3745 3497">
     <span class='ocr_line' id='line_1_92' title="bbox 2249 3414 3745 3497; baseline 0.001 -27"><span class='ocrx_word' id='word_1_700' title='bbox 2249 3414 2384 3482; x_wconf 77' lang='lat' dir='ltr'>«Qui</span> <span class='ocrx_word' id='word_1_701' title='bbox 2417 3415 2687 3472; x_wconf 84' lang='lat' dir='ltr'>habuerit</span> <span class='ocrx_word' id='word_1_702' title='bbox 2720 3420 3115 3478; x_wconf 86' lang='lat' dir='ltr'>substantiam</span> <span class='ocrx_word' id='word_1_703' title='bbox 3149 3423 3332 3497; x_wconf 85' lang='lat' dir='ltr'>hujus</span> <span class='ocrx_word' id='word_1_704' title='bbox 3357 3418 3745 3492; x_wconf 84' lang='lat' dir='ltr'>mundi,etviclc-</span> 
     </span>
    </p>
   </div>
   <div class='ocr_carea' id='block_1_93' title="bbox 2171 3505 3743 3579">
    <p class='ocr_par' dir='ltr' id='par_1_93' title="bbox 2171 3505 3743 3579">
     <span class='ocr_line' id='line_1_93' title="bbox 2171 3505 3743 3579; baseline 0.004 -24"><span class='ocrx_word' id='word_1_705' title='bbox 2171 3527 2199 3555; x_wconf 94' lang='grc'>‹‹</span> <span class='ocrx_word' id='word_1_706' title='bbox 2234 3505 2308 3559; x_wconf 89' lang='lat' dir='ltr'>rit</span> <span class='ocrx_word' id='word_1_707' title='bbox 2336 3505 2571 3561; x_wconf 89' lang='lat' dir='ltr'>fratrem</span> <span class='ocrx_word' id='word_1_708' title='bbox 2604 3524 2779 3562; x_wconf 89' lang='lat' dir='ltr'>suum</span> <span class='ocrx_word' id='word_1_709' title='bbox 2810 3510 3221 3569; x_wconf 88' lang='lat' dir='ltr'>necessitatem</span> <span class='ocrx_word' id='word_1_710' title='bbox 3242 3513 3468 3579; x_wconf 88' lang='lat' dir='ltr'>habere,</span> <span class='ocrx_word' id='word_1_711' title='bbox 3499 3517 3547 3568; x_wconf 87' lang='lat' dir='ltr'>et</span> <span class='ocrx_word' id='word_1_712' title='bbox 3574 3508 3743 3566; x_wconf 81' lang='lat' dir='ltr'>clause-</span> 
     </span>
    </p>
   </div>
   <div class='ocr_carea' id='block_1_94' title="bbox 2171 3593 3746 3670">
    <p class='ocr_par' dir='ltr' id='par_1_94' title="bbox 2171 3593 3746 3670">
     <span class='ocr_line' id='line_1_94' title="bbox 2171 3593 3746 3670; baseline 0.002 -23"><span class='ocrx_word' id='word_1_713' title='bbox 2171 3593 2289 3648; x_wconf 83' lang='lat' dir='ltr'>«rit</span> <span class='ocrx_word' id='word_1_714' title='bbox 2308 3594 2529 3650; x_wconf 87' lang='lat' dir='ltr'>viscera</span> <span class='ocrx_word' id='word_1_715' title='bbox 2560 3612 2666 3651; x_wconf 89' lang='lat' dir='ltr'>sua</span> <span class='ocrx_word' id='word_1_716' title='bbox 2688 3597 2759 3652; x_wconf 87' lang='lat' dir='ltr'>ab</span> <span class='ocrx_word' id='word_1_717' title='bbox 2791 3614 2876 3666; x_wconf 92' lang='lat' dir='ltr'>eo,</span> <span class='ocrx_word' id='word_1_718' title='bbox 2900 3603 3201 3670; x_wconf 89' lang='lat' dir='ltr'>quomodo</span> <span class='ocrx_word' id='word_1_719' title='bbox 3225 3603 3471 3659; x_wconf 88' lang='lat' dir='ltr'>charitas</span> <span class='ocrx_word' id='word_1_720' title='bbox 3491 3601 3579 3659; x_wconf 86' lang='lat' dir='ltr'>Dei</span> <span class='ocrx_word' id='word_1_721' title='bbox 3599 3601 3746 3655; x_wconf 80' lang='lat' dir='ltr'>manet</span> 
     </span>
    </p>
   </div>
   <div class='ocr_carea' id='block_1_95' title="bbox 2170 3683 3744 3761">
    <p class='ocr_par' dir='ltr' id='par_1_95' title="bbox 2170 3683 3744 3761">
     <span class='ocr_line' id='line_1_95' title="bbox 2170 3683 3744 3761; baseline 0.003 -25"><span class='ocrx_word' id='word_1_722' title='bbox 2170 3704 2197 3731; x_wconf 93' lang='grc'><strong><em>‹‹</em></strong></span> <span class='ocrx_word' id='word_1_723' title='bbox 2232 3683 2289 3737; x_wconf 90' lang='lat' dir='ltr'>in</span> <span class='ocrx_word' id='word_1_724' title='bbox 2323 3683 2433 3737; x_wconf 87' lang='lat' dir='ltr'>co?</span> <span class='ocrx_word' id='word_1_725' title='bbox 2468 3708 2492 3733; x_wconf 86' lang='grc'>››</span> <span class='ocrx_word' id='word_1_726' title='bbox 2526 3685 2669 3741; x_wconf 87' lang='lat' dir='ltr'>Ecce</span> <span class='ocrx_word' id='word_1_727' title='bbox 2699 3687 2852 3741; x_wconf 90' lang='lat' dir='ltr'>unde</span> <span class='ocrx_word' id='word_1_728' title='bbox 2882 3688 3086 3761; x_wconf 87' lang='lat' dir='ltr'>incipit</span> <span class='ocrx_word' id='word_1_729' title='bbox 3130 3691 3411 3748; x_wconf 88' lang='lat' dir='ltr'>charitas.</span> <span class='ocrx_word' id='word_1_730' title='bbox 3444 3693 3497 3748; x_wconf 90' lang='lat' dir='ltr'>Si</span> <span class='ocrx_word' id='word_1_731' title='bbox 3543 3687 3744 3746; x_wconf 86' lang='lat' dir='ltr'>nondum</span> 
     </span>
    </p>
   </div>
   <div class='ocr_carea' id='block_1_96' title="bbox 2167 3771 3748 3849">
    <p class='ocr_par' dir='ltr' id='par_1_96' title="bbox 2167 3771 3748 3849">
     <span class='ocr_line' id='line_1_96' title="bbox 2167 3771 3748 3849; baseline 0.003 -23"><span class='ocrx_word' id='word_1_732' title='bbox 2167 3787 2230 3826; x_wconf 88' lang='lat' dir='ltr'>cs</span> <span class='ocrx_word' id='word_1_733' title='bbox 2263 3771 2505 3827; x_wconf 82' lang='lat' dir='ltr'>idoneus</span> <span class='ocrx_word' id='word_1_734' title='bbox 2540 3774 2686 3828; x_wconf 90' lang='lat' dir='ltr'>mori</span> <span class='ocrx_word' id='word_1_735' title='bbox 2716 3792 2818 3846; x_wconf 90' lang='lat' dir='ltr'>pro</span> <span class='ocrx_word' id='word_1_736' title='bbox 2848 3777 3040 3847; x_wconf 82' lang='lat' dir='ltr'>fratre,</span> <span class='ocrx_word' id='word_1_737' title='bbox 3065 3780 3197 3849; x_wconf 83' lang='lat' dir='ltr'>jam</span> <span class='ocrx_word' id='word_1_738' title='bbox 3230 3782 3473 3837; x_wconf 87' lang='lat' dir='ltr'>idoneus</span> <span class='ocrx_word' id='word_1_739' title='bbox 3507 3783 3614 3836; x_wconf 84' lang='lat' dir='ltr'>esto</span> <span class='ocrx_word' id='word_1_740' title='bbox 3646 3776 3748 3832; x_wconf 81' lang='lat' dir='ltr'>dare</span> 
     </span>
    </p>
   </div>
   <div class='ocr_carea' id='block_1_97' title="bbox 2167 3859 3744 3937">
    <p class='ocr_par' dir='ltr' id='par_1_97' title="bbox 2167 3859 3744 3937">
     <span class='ocr_line' id='line_1_97' title="bbox 2167 3859 3744 3937; baseline 0.006 -24"><span class='ocrx_word' id='word_1_741' title='bbox 2167 3859 2238 3914; x_wconf 92' lang='lat' dir='ltr'>de</span> <span class='ocrx_word' id='word_1_742' title='bbox 2270 3859 2388 3916; x_wconf 83' lang='lat' dir='ltr'>tuis</span> <span class='ocrx_word' id='word_1_743' title='bbox 2412 3861 2785 3920; x_wconf 87' lang='lat' dir='ltr'>facultatibus</span> <span class='ocrx_word' id='word_1_744' title='bbox 2812 3865 2997 3920; x_wconf 86' lang='lat' dir='ltr'>fratri.</span> <span class='ocrx_word' id='word_1_745' title='bbox 3032 3866 3091 3921; x_wconf 90' lang='lat' dir='ltr'>Si</span> <span class='ocrx_word' id='word_1_746' title='bbox 3145 3870 3307 3927; x_wconf 90' lang='lat' dir='ltr'>enim</span> <span class='ocrx_word' id='word_1_747' title='bbox 3348 3868 3640 3927; x_wconf 85' lang='lat' dir='ltr'>molestiam</span> <span class='ocrx_word' id='word_1_748' title='bbox 3674 3880 3744 3937; x_wconf 70' lang='lat' dir='ltr'>pa-</span> 
     </span>
    </p>
   </div>
   <div class='ocr_carea' id='block_1_98' title="bbox 2167 3947 3745 4033">
    <p class='ocr_par' dir='ltr' id='par_1_98' title="bbox 2167 3947 3745 4033">
     <span class='ocr_line' id='line_1_98' title="bbox 2167 3947 3745 4033; baseline 0.006 -29"><span class='ocrx_word' id='word_1_749' title='bbox 2167 3947 2333 4004; x_wconf 87' lang='lat' dir='ltr'>tienti</span> <span class='ocrx_word' id='word_1_750' title='bbox 2367 3966 2481 4005; x_wconf 85' lang='lat' dir='ltr'>non</span> <span class='ocrx_word' id='word_1_751' title='bbox 2513 3953 2877 4023; x_wconf 86' lang='lat' dir='ltr'>compatcris,</span> <span class='ocrx_word' id='word_1_752' title='bbox 2916 3973 3028 4012; x_wconf 87' lang='lat' dir='ltr'>non</span> <span class='ocrx_word' id='word_1_753' title='bbox 3054 3958 3261 4031; x_wconf 89' lang='lat' dir='ltr'>utique</span> <span class='ocrx_word' id='word_1_754' title='bbox 3310 3960 3517 4033; x_wconf 84' lang='lat' dir='ltr'>pateris</span> <span class='ocrx_word' id='word_1_755' title='bbox 3547 3972 3639 4014; x_wconf 79' lang='lat' dir='ltr'>:ex</span> <span class='ocrx_word' id='word_1_756' title='bbox 3662 3966 3745 4026; x_wconf 72' lang='lat' dir='ltr'>quo</span> 
     </span>
    </p>
   </div>
   <div class='ocr_carea' id='block_1_99' title="bbox 2166 4039 3566 4113">
    <p class='ocr_par' dir='ltr' id='par_1_99' title="bbox 2166 4039 3566 4113">
     <span class='ocr_line' id='line_1_99' title="bbox 2166 4039 3566 4113; baseline 0.007 -21"><span class='ocrx_word' id='word_1_757' title='bbox 2166 4039 2339 4094; x_wconf 88' lang='lat' dir='ltr'>ambo</span> <span class='ocrx_word' id='word_1_758' title='bbox 2371 4041 2687 4113; x_wconf 84' lang='lat' dir='ltr'>regenerati</span> <span class='ocrx_word' id='word_1_759' title='bbox 2712 4042 3158 4111; x_wconf 60' lang='lat' dir='ltr'>Estis,charitas</span> <span class='ocrx_word' id='word_1_760' title='bbox 3190 4055 3388 4106; x_wconf 86' lang='lat' dir='ltr'>manet</span> <span class='ocrx_word' id='word_1_761' title='bbox 3417 4049 3471 4104; x_wconf 90' lang='lat' dir='ltr'>in</span> <span class='ocrx_word' id='word_1_762' title='bbox 3499 4052 3566 4105; x_wconf 89' lang='lat' dir='ltr'>te.</span> 
     </span>
    </p>
   </div>
   <div class='ocr_carea' id='block_1_100' title="bbox 2212 4151 3744 4237">
    <p class='ocr_par' dir='ltr' id='par_1_100' title="bbox 2212 4151 3744 4237">
     <span class='ocr_line' id='line_1_100' title="bbox 2212 4151 3744 4237; baseline 0.012 -33"><span class='ocrx_word' id='word_1_763' title='bbox 2212 4167 2266 4203; x_wconf 88' lang='grc'>·‹‹</span> <span class='ocrx_word' id='word_1_764' title='bbox 2300 4151 2487 4208; x_wconf 85' lang='lat' dir='ltr'>Filioli</span> <span class='ocrx_word' id='word_1_765' title='bbox 2521 4155 2654 4223; x_wconf 90' lang='lat' dir='ltr'>mei,</span> <span class='ocrx_word' id='word_1_766' title='bbox 2680 4173 2796 4212; x_wconf 90' lang='lat' dir='ltr'>non</span> <span class='ocrx_word' id='word_1_767' title='bbox 2825 4158 3145 4230; x_wconf 84' lang='lat' dir='ltr'>diligamus</span> <span class='ocrx_word' id='word_1_768' title='bbox 3176 4165 3351 4220; x_wconf 86' lang='lat' dir='ltr'>verbo</span> <span class='ocrx_word' id='word_1_769' title='bbox 3382 4179 3559 4237; x_wconf 88' lang='lat' dir='ltr'>neque</span> <span class='ocrx_word' id='word_1_770' title='bbox 3574 4160 3744 4232; x_wconf 60' lang='lat' dir='ltr'>lingua,</span> 
     </span>
    </p>
   </div>
   <div class='ocr_carea' id='block_1_101' title="bbox 2167 4242 3748 4321">
    <p class='ocr_par' dir='ltr' id='par_1_101' title="bbox 2167 4242 3748 4321">
     <span class='ocr_line' id='line_1_101' title="bbox 2167 4242 3748 4321; baseline 0.004 -28"><span class='ocrx_word' id='word_1_771' title='bbox 2167 4263 2194 4291; x_wconf 85' lang='lat'><strong>«</strong></span> <span class='ocrx_word' id='word_1_772' title='bbox 2228 4242 2329 4297; x_wconf 90' lang='lat' dir='ltr'>sed</span> <span class='ocrx_word' id='word_1_773' title='bbox 2363 4259 2533 4313; x_wconf 90' lang='lat' dir='ltr'>opere</span> <span class='ocrx_word' id='word_1_774' title='bbox 2564 4247 2619 4298; x_wconf 90' lang='lat' dir='ltr'>et</span> <span class='ocrx_word' id='word_1_775' title='bbox 2648 4245 2903 4302; x_wconf 81' lang='lat' dir='ltr'>veritate.</span> <span class='ocrx_word' id='word_1_776' title='bbox 2924 4250 3152 4321; x_wconf 75' lang='lat' dir='ltr'>&gt;&gt;0pcre</span> <span class='ocrx_word' id='word_1_777' title='bbox 3182 4252 3600 4319; x_wconf 87' lang='lat' dir='ltr'>videlicet,cum</span> <span class='ocrx_word' id='word_1_778' title='bbox 3615 4250 3748 4304; x_wconf 81' lang='lat' dir='ltr'>frater</span> 
     </span>
    </p>
   </div>
   <div class='ocr_carea' id='block_1_102' title="bbox 2166 4333 3745 4415">
    <p class='ocr_par' dir='ltr' id='par_1_102' title="bbox 2166 4333 3745 4415">
     <span class='ocr_line' id='line_1_102' title="bbox 2166 4333 3745 4415; baseline 0.009 -30"><span class='ocrx_word' id='word_1_779' title='bbox 2166 4334 2266 4386; x_wconf 90' lang='lat' dir='ltr'>aut</span> <span class='ocrx_word' id='word_1_780' title='bbox 2296 4348 2459 4387; x_wconf 89' lang='lat' dir='ltr'>soror</span> <span class='ocrx_word' id='word_1_781' title='bbox 2490 4333 2631 4387; x_wconf 89' lang='lat' dir='ltr'>nudi</span> <span class='ocrx_word' id='word_1_782' title='bbox 2665 4339 2803 4390; x_wconf 85' lang='lat' dir='ltr'>sunt</span> <span class='ocrx_word' id='word_1_783' title='bbox 2850 4343 2905 4391; x_wconf 92' lang='lat' dir='ltr'>et</span> <span class='ocrx_word' id='word_1_784' title='bbox 2936 4337 3205 4413; x_wconf 85' lang='lat' dir='ltr'>indigent</span> <span class='ocrx_word' id='word_1_785' title='bbox 3249 4342 3401 4399; x_wconf 90' lang='lat' dir='ltr'>victn</span> <span class='ocrx_word' id='word_1_786' title='bbox 3444 4338 3745 4415; x_wconf 74' lang='lat' dir='ltr'>quotidiana.</span> 
     </span>
    </p>
   </div>
   <div class='ocr_carea' id='block_1_103' title="bbox 2166 4419 3749 4505">
    <p class='ocr_par' dir='ltr' id='par_1_103' title="bbox 2166 4419 3749 4505">
     <span class='ocr_line' id='line_1_103' title="bbox 2166 4419 3749 4505; baseline 0.003 -31"><span class='ocrx_word' id='word_1_787' title='bbox 2166 4419 2375 4477; x_wconf 89' lang='lat' dir='ltr'>demus</span> <span class='ocrx_word' id='word_1_788' title='bbox 2406 4420 2490 4476; x_wconf 87' lang='lat' dir='ltr'>cis</span> <span class='ocrx_word' id='word_1_789' title='bbox 2540 4439 2667 4493; x_wconf 74' lang='lat' dir='ltr'>qum</span> <span class='ocrx_word' id='word_1_790' title='bbox 2707 4428 3036 4484; x_wconf 86' lang='lat' dir='ltr'>necessaria</span> <span class='ocrx_word' id='word_1_791' title='bbox 3084 4436 3231 4487; x_wconf 89' lang='lat' dir='ltr'>sunt</span> <span class='ocrx_word' id='word_1_792' title='bbox 3278 4432 3516 4505; x_wconf 89' lang='lat' dir='ltr'>corpori.</span> <span class='ocrx_word' id='word_1_793' title='bbox 3545 4425 3749 4487; x_wconf 85' lang='lat' dir='ltr'>Similter</span> 
     </span>
    </p>
   </div>
   <div class='ocr_carea' id='block_1_104' title="bbox 2164 4510 3751 4594">
    <p class='ocr_par' dir='ltr' id='par_1_104' title="bbox 2164 4510 3751 4594">
     <span class='ocr_line' id='line_1_104' title="bbox 2164 4510 3751 4594; baseline 0.008 -31"><span class='ocrx_word' id='word_1_794' title='bbox 2164 4526 2299 4564; x_wconf 89' lang='lat' dir='ltr'>cum</span> <span class='ocrx_word' id='word_1_795' title='bbox 2330 4510 2693 4581; x_wconf 87' lang='lat' dir='ltr'>spiritalibus</span> <span class='ocrx_word' id='word_1_796' title='bbox 2725 4513 2895 4570; x_wconf 88' lang='lat' dir='ltr'>donis</span> <span class='ocrx_word' id='word_1_797' title='bbox 2924 4532 3023 4572; x_wconf 89' lang='lat' dir='ltr'>eos</span> <span class='ocrx_word' id='word_1_798' title='bbox 3044 4535 3215 4591; x_wconf 86' lang='lat' dir='ltr'>egere</span> <span class='ocrx_word' id='word_1_799' title='bbox 3246 4520 3751 4594; x_wconf 69' lang='lat' dir='ltr'>conspicimus,pl‘63&#39;</span> 
     </span>
    </p>
   </div>
   <div class='ocr_carea' id='block_1_105' title="bbox 2165 4602 3749 4681">
    <p class='ocr_par' dir='ltr' id='par_1_105' title="bbox 2165 4602 3749 4681">
     <span class='ocr_line' id='line_1_105' title="bbox 2165 4602 3749 4681; baseline 0.002 -28"><span class='ocrx_word' id='word_1_800' title='bbox 2165 4602 2388 4653; x_wconf 88' lang='lat' dir='ltr'>stemus</span> <span class='ocrx_word' id='word_1_801' title='bbox 2431 4617 2632 4654; x_wconf 81' lang='lat' dir='ltr'>eorum</span> <span class='ocrx_word' id='word_1_802' title='bbox 2666 4603 2992 4660; x_wconf 82' lang='lat' dir='ltr'>necessitati</span> <span class='ocrx_word' id='word_1_803' title='bbox 3026 4623 3155 4678; x_wconf 71' lang='lat' dir='ltr'>qua:</span> <span class='ocrx_word' id='word_1_804' title='bbox 3186 4626 3519 4681; x_wconf 88' lang='lat' dir='ltr'>possumus.</span> <span class='ocrx_word' id='word_1_805' title='bbox 3550 4606 3749 4661; x_wconf 80' lang='lat' dir='ltr'>Veritate</span> 
     </span>
    </p>
   </div>
   <div class='ocr_carea' id='block_1_106' title="bbox 2166 4691 3751 4771">
    <p class='ocr_par' dir='ltr' id='par_1_106' title="bbox 2166 4691 3751 4771">
     <span class='ocr_line' id='line_1_106' title="bbox 2166 4691 3751 4771; baseline 0.002 -30"><span class='ocrx_word' id='word_1_806' title='bbox 2166 4692 2383 4754; x_wconf 81' lang='lat' dir='ltr'>autem,</span> <span class='ocrx_word' id='word_1_807' title='bbox 2417 4693 2481 4743; x_wconf 89' lang='lat' dir='ltr'>ut</span> <span class='ocrx_word' id='word_1_808' title='bbox 2510 4691 2712 4746; x_wconf 90' lang='lat' dir='ltr'>eadem</span> <span class='ocrx_word' id='word_1_809' title='bbox 2743 4691 2828 4748; x_wconf 89' lang='lat' dir='ltr'>eis</span> <span class='ocrx_word' id='word_1_810' title='bbox 2858 4694 3140 4752; x_wconf 88' lang='lat' dir='ltr'>beneﬁcia</span> <span class='ocrx_word' id='word_1_811' title='bbox 3186 4698 3443 4771; x_wconf 87' lang='lat' dir='ltr'>simplici</span> <span class='ocrx_word' id='word_1_812' title='bbox 3488 4693 3751 4752; x_wconf 83' lang='lat' dir='ltr'>intentione</span> 
     </span>
    </p>
   </div>
   <div class='ocr_carea' id='block_1_107' title="bbox 2162 4776 3749 4855">
    <p class='ocr_par' dir='ltr' id='par_1_107' title="bbox 2162 4776 3749 4855">
     <span class='ocr_line' id='line_1_107' title="bbox 2162 4776 3749 4855; baseline 0.008 -25"><span class='ocrx_word' id='word_1_813' title='bbox 2162 4776 2504 4848; x_wconf 81' lang='lat' dir='ltr'>largiamur,</span> <span class='ocrx_word' id='word_1_814' title='bbox 2538 4784 2595 4834; x_wconf 86' lang='lat' dir='ltr'>et</span> <span class='ocrx_word' id='word_1_815' title='bbox 2624 4797 2738 4837; x_wconf 89' lang='lat' dir='ltr'>non</span> <span class='ocrx_word' id='word_1_816' title='bbox 2770 4789 3008 4855; x_wconf 88' lang='lat' dir='ltr'>propter</span> <span class='ocrx_word' id='word_1_817' title='bbox 3037 4784 3274 4843; x_wconf 89' lang='lat' dir='ltr'>laudem</span> <span class='ocrx_word' id='word_1_818' title='bbox 3320 4788 3638 4854; x_wconf 87' lang='lat' dir='ltr'>humanam,</span> <span class='ocrx_word' id='word_1_819' title='bbox 3663 4797 3749 4838; x_wconf 82' lang='lat' dir='ltr'>non</span> 
     </span>
    </p>
   </div>
   <div class='ocr_carea' id='block_1_108' title="bbox 2162 4867 3747 4948">
    <p class='ocr_par' dir='ltr' id='par_1_108' title="bbox 2162 4867 3747 4948">
     <span class='ocr_line' id='line_1_108' title="bbox 2162 4867 3747 4948; baseline 0.008 -28"><span class='ocrx_word' id='word_1_820' title='bbox 2162 4870 2398 4938; x_wconf 83' lang='lat' dir='ltr'>propter</span> <span class='ocrx_word' id='word_1_821' title='bbox 2420 4867 2789 4939; x_wconf 86' lang='lat' dir='ltr'>jactantiam,</span> <span class='ocrx_word' id='word_1_822' title='bbox 2827 4888 2941 4927; x_wconf 89' lang='lat' dir='ltr'>non</span> <span class='ocrx_word' id='word_1_823' title='bbox 2979 4875 3051 4930; x_wconf 87' lang='lat' dir='ltr'>ad</span> <span class='ocrx_word' id='word_1_824' title='bbox 3091 4875 3373 4948; x_wconf 89' lang='lat' dir='ltr'>injuriam</span> <span class='ocrx_word' id='word_1_825' title='bbox 3403 4876 3646 4941; x_wconf 84' lang='lat' dir='ltr'>aliorum,</span> <span class='ocrx_word' id='word_1_826' title='bbox 3672 4867 3747 4942; x_wconf 80' lang='lat' dir='ltr'>qui</span> 
     </span>
    </p>
   </div>
   <div class='ocr_carea' id='block_1_109' title="bbox 2161 4954 3752 5028">
    <p class='ocr_par' dir='ltr' id='par_1_109' title="bbox 2161 4954 3752 5028">
     <span class='ocr_line' id='line_1_109' title="bbox 2161 4954 3752 5028; baseline 0.006 -19"><span class='ocrx_word' id='word_1_827' title='bbox 2161 4954 2484 5026; x_wconf 83' lang='lat' dir='ltr'>majoribus</span> <span class='ocrx_word' id='word_1_828' title='bbox 2512 4958 2733 5028; x_wconf 77' lang='lat' dir='ltr'>praediti</span> <span class='ocrx_word' id='word_1_829' title='bbox 2765 4962 3110 5020; x_wconf 84' lang='lat' dir='ltr'>substantiis</span> <span class='ocrx_word' id='word_1_830' title='bbox 3130 4964 3214 5020; x_wconf 88' lang='lat' dir='ltr'>nil</span> <span class='ocrx_word' id='word_1_831' title='bbox 3235 4965 3355 5022; x_wconf 81' lang='lat' dir='ltr'>tale</span> <span class='ocrx_word' id='word_1_832' title='bbox 3376 4963 3752 5027; x_wconf 69' lang='lat' dir='ltr'>fecerint.0ua?-</span> 
     </span>
    </p>
   </div>
   <div class='ocr_carea' id='block_1_110' title="bbox 2161 5046 3748 5123">
    <p class='ocr_par' dir='ltr' id='par_1_110' title="bbox 2161 5046 3748 5123">
     <span class='ocr_line' id='line_1_110' title="bbox 2161 5046 3748 5123; baseline 0.006 -25"><span class='ocrx_word' id='word_1_833' title='bbox 2161 5060 2390 5115; x_wconf 87' lang='lat' dir='ltr'>cunque</span> <span class='ocrx_word' id='word_1_834' title='bbox 2411 5046 2566 5101; x_wconf 90' lang='lat' dir='ltr'>enim</span> <span class='ocrx_word' id='word_1_835' title='bbox 2591 5064 2756 5105; x_wconf 88' lang='lat' dir='ltr'>mens</span> <span class='ocrx_word' id='word_1_836' title='bbox 2778 5049 2854 5105; x_wconf 89' lang='lat' dir='ltr'>hu</span> <span class='ocrx_word' id='word_1_837' title='bbox 2853 5052 3310 5122; x_wconf 79' lang='lat' dir='ltr'>jusmodinaevis</span> <span class='ocrx_word' id='word_1_838' title='bbox 3337 5056 3594 5123; x_wconf 82' lang='lat' dir='ltr'>inficitur,</span> <span class='ocrx_word' id='word_1_839' title='bbox 3609 5052 3655 5105; x_wconf 87' lang='lat' dir='ltr'>in</span> <span class='ocrx_word' id='word_1_840' title='bbox 3670 5049 3748 5104; x_wconf 79' lang='lat' dir='ltr'>hac</span> 
     </span>
    </p>
   </div>
   <div class='ocr_carea' id='block_1_111' title="bbox 2164 5133 3750 5212">
    <p class='ocr_par' dir='ltr' id='par_1_111' title="bbox 2164 5133 3750 5212">
     <span class='ocr_line' id='line_1_111' title="bbox 2164 5133 3750 5212; baseline 0.009 -27"><span class='ocrx_word' id='word_1_841' title='bbox 2164 5133 2388 5203; x_wconf 81' lang='lat' dir='ltr'>paritas</span> <span class='ocrx_word' id='word_1_842' title='bbox 2419 5136 2678 5193; x_wconf 81' lang='lat' dir='ltr'>veritatis</span> <span class='ocrx_word' id='word_1_843' title='bbox 2709 5137 2972 5197; x_wconf 86' lang='lat' dir='ltr'>habitare</span> <span class='ocrx_word' id='word_1_844' title='bbox 3004 5159 3119 5198; x_wconf 88' lang='lat' dir='ltr'>non</span> <span class='ocrx_word' id='word_1_845' title='bbox 3149 5142 3331 5212; x_wconf 74' lang='lat' dir='ltr'>valet,</span> <span class='ocrx_word' id='word_1_846' title='bbox 3356 5144 3573 5201; x_wconf 89' lang='lat' dir='ltr'>tametsi</span> <span class='ocrx_word' id='word_1_847' title='bbox 3614 5153 3750 5212; x_wconf 70' lang='lat' dir='ltr'>opera</span> 
     </span>
    </p>
   </div>
   <div class='ocr_carea' id='block_1_112' title="bbox 2164 5221 3482 5302">
    <p class='ocr_par' dir='ltr' id='par_1_112' title="bbox 2164 5221 3482 5302">
     <span class='ocr_line' id='line_1_112' title="bbox 2164 5221 3482 5302; baseline 0.011 -28"><span class='ocrx_word' id='word_1_848' title='bbox 2164 5221 2493 5279; x_wconf 83' lang='lat' dir='ltr'>dilectionis</span> <span class='ocrx_word' id='word_1_849' title='bbox 2526 5225 2804 5296; x_wconf 79' lang='lat' dir='ltr'>proximis</span> <span class='ocrx_word' id='word_1_850' title='bbox 2834 5227 3172 5302; x_wconf 86' lang='lat' dir='ltr'>impendere</span> <span class='ocrx_word' id='word_1_851' title='bbox 3200 5234 3482 5291; x_wconf 86' lang='lat' dir='ltr'>videatur.</span> 
     </span>
    </p>
   </div>
   <div class='ocr_carea' id='block_1_113' title="bbox 2234 5328 3750 5408">
    <p class='ocr_par' dir='ltr' id='par_1_113' title="bbox 2234 5328 3750 5408">
     <span class='ocr_line' id='line_1_113' title="bbox 2234 5328 3750 5408; baseline 0.004 -24"><span class='ocrx_word' id='word_1_852' title='bbox 2234 5352 2260 5377; x_wconf 74' lang='grc' dir='ltr'>(ι</span> <span class='ocrx_word' id='word_1_853' title='bbox 2279 5328 2341 5384; x_wconf 87' lang='lat' dir='ltr'>lh</span> <span class='ocrx_word' id='word_1_854' title='bbox 2357 5328 2465 5385; x_wconf 89' lang='lat' dir='ltr'>hoc</span> <span class='ocrx_word' id='word_1_855' title='bbox 2481 5332 2858 5403; x_wconf 84' lang='lat' dir='ltr'>cognovimus</span> <span class='ocrx_word' id='word_1_856' title='bbox 2890 5337 3165 5408; x_wconf 89' lang='lat' dir='ltr'>quoniam</span> <span class='ocrx_word' id='word_1_857' title='bbox 3184 5358 3250 5396; x_wconf 83' lang='lat' dir='ltr'>ex</span> <span class='ocrx_word' id='word_1_858' title='bbox 3268 5340 3501 5397; x_wconf 82' lang='lat' dir='ltr'>veritate</span> <span class='ocrx_word' id='word_1_859' title='bbox 3517 5351 3705 5395; x_wconf 84' lang='lat' dir='ltr'>sumus.</span> <span class='ocrx_word' id='word_1_860' title='bbox 3732 5356 3750 5377; x_wconf 60' lang='grc' dir='ltr'><strong><em>ν</em></strong></span> 
     </span>
    </p>
   </div>
   <div class='ocr_carea' id='block_1_114' title="bbox 2163 5415 3749 5496">
    <p class='ocr_par' dir='ltr' id='par_1_114' title="bbox 2163 5415 3749 5496">
     <span class='ocr_line' id='line_1_114' title="bbox 2163 5415 3749 5496; baseline 0.004 -27"><span class='ocrx_word' id='word_1_861' title='bbox 2163 5415 2221 5469; x_wconf 92' lang='lat' dir='ltr'>id</span> <span class='ocrx_word' id='word_1_862' title='bbox 2253 5421 2358 5482; x_wconf 85' lang='lat' dir='ltr'>est,</span> <span class='ocrx_word' id='word_1_863' title='bbox 2380 5435 2512 5473; x_wconf 83' lang='lat' dir='ltr'>cum</span> <span class='ocrx_word' id='word_1_864' title='bbox 2533 5437 2708 5491; x_wconf 88' lang='lat' dir='ltr'>opera</span> <span class='ocrx_word' id='word_1_865' title='bbox 2738 5421 2971 5493; x_wconf 88' lang='lat' dir='ltr'>pictatis</span> <span class='ocrx_word' id='word_1_866' title='bbox 3004 5426 3061 5481; x_wconf 92' lang='lat' dir='ltr'>in</span> <span class='ocrx_word' id='word_1_867' title='bbox 3092 5429 3334 5485; x_wconf 88' lang='lat' dir='ltr'>veritate</span> <span class='ocrx_word' id='word_1_868' title='bbox 3367 5423 3749 5496; x_wconf 75' lang='lat' dir='ltr'>facimus,patct</span> 
     </span>
    </p>
   </div>
   <div class='ocr_carea' id='block_1_115' title="bbox 2162 5505 3750 5588">
    <p class='ocr_par' dir='ltr' id='par_1_115' title="bbox 2162 5505 3750 5588">
     <span class='ocr_line' id='line_1_115' title="bbox 2162 5505 3750 5588; baseline 0.01 -31"><span class='ocrx_word' id='word_1_869' title='bbox 2162 5505 2299 5577; x_wconf 88' lang='lat' dir='ltr'>quia</span> <span class='ocrx_word' id='word_1_870' title='bbox 2329 5522 2396 5561; x_wconf 81' lang='lat' dir='ltr'>ex</span> <span class='ocrx_word' id='word_1_871' title='bbox 2425 5507 2662 5564; x_wconf 87' lang='lat' dir='ltr'>veritate</span> <span class='ocrx_word' id='word_1_872' title='bbox 2685 5528 2913 5583; x_wconf 84' lang='lat' dir='ltr'>sumus,</span> <span class='ocrx_word' id='word_1_873' title='bbox 2949 5532 3073 5588; x_wconf 64' lang='lat' dir='ltr'>quas</span> <span class='ocrx_word' id='word_1_874' title='bbox 3122 5522 3274 5573; x_wconf 90' lang='lat' dir='ltr'>Deus</span> <span class='ocrx_word' id='word_1_875' title='bbox 3313 5522 3420 5586; x_wconf 87' lang='lat' dir='ltr'>est,</span> <span class='ocrx_word' id='word_1_876' title='bbox 3456 5520 3635 5588; x_wconf 86' lang='lat' dir='ltr'>utpote</span> <span class='ocrx_word' id='word_1_877' title='bbox 3674 5506 3750 5587; x_wconf 61' lang='lat' dir='ltr'>Qui</span> 
     </span>
    </p>
   </div>
   <div class='ocr_carea' id='block_1_116' title="bbox 2160 5593 3695 5673">
    <p class='ocr_par' dir='ltr' id='par_1_116' title="bbox 2160 5593 3695 5673">
     <span class='ocr_line' id='line_1_116' title="bbox 2160 5593 3695 5673; baseline 0.007 -25"><span class='ocrx_word' id='word_1_878' title='bbox 2160 5593 2286 5665; x_wconf 84' lang='lat' dir='ltr'>ejus</span> <span class='ocrx_word' id='word_1_879' title='bbox 2318 5595 2728 5666; x_wconf 86' lang='lat' dir='ltr'>perfectionem</span> <span class='ocrx_word' id='word_1_880' title='bbox 2763 5618 2864 5673; x_wconf 91' lang='lat' dir='ltr'>pro</span> <span class='ocrx_word' id='word_1_881' title='bbox 2895 5604 3133 5662; x_wconf 90' lang='lat' dir='ltr'>modulo</span> <span class='ocrx_word' id='word_1_882' title='bbox 3163 5610 3363 5663; x_wconf 89' lang='lat' dir='ltr'>nostro</span> <span class='ocrx_word' id='word_1_883' title='bbox 3410 5605 3695 5662; x_wconf 62' lang='lat' dir='ltr'>imitamur;</span> 
     </span>
    </p>
   </div>
   <div class='ocr_carea' id='block_1_117' title="bbox 3852 424 3859 451">
    <p class='ocr_par' dir='ltr' id='par_1_117' title="bbox 3852 424 3859 451">
     <span class='ocr_line' id='line_1_117' title="bbox 3852 424 3859 451; baseline 0 0"><span class='ocrx_word' id='word_1_884' title='bbox 3852 424 3859 451; x_wconf 75' lang='lat' dir='ltr'>&#39;t</span> 
     </span>
    </p>
   </div>
   <div class='ocr_carea' id='block_1_118' title="bbox 3854 460 3859 515">
    <p class='ocr_par' dir='ltr' id='par_1_118' title="bbox 3854 460 3859 515">
     <span class='ocr_line' id='line_1_118' title="bbox 3854 460 3859 515; baseline 0 0"><span class='ocrx_word' id='word_1_885' title='bbox 3854 460 3859 515; x_wconf 60' lang='grc' dir='ltr'><strong>Ὗ</strong></span> 
     </span>
    </p>
   </div>
  </div>
