3908 6172
197 328 291 388 601
776 383 781 388 .
1395 327 1591 389 HOMI
1601 327 1751 390 LUE
1767 383 1770 385 .
1789 326 1896 390 DE
1935 328 2342 392 ll‘EM-PORE.

747 456 1051 515 HOMILIA
1091 456 1250 515 CXII.

425 603 698 650 DOMINICA
733 603 933 640 TERTIA
975 602 1111 640 POST
1149 603 1558 642 PENTECOSTEN.

243 731 405 798 (Luc.
437 729 621 788 x1v).«
645 728 708 783 In
740 726 840 782 illo
863 730 1120 798 tempore
1149 727 1294 782 dixit
1315 728 1486 784 Jesus
1517 727 1822 800 discipulis

186 843 209 870 κ
255 819 381 875 suis
425 816 873 874 similitudinem
924 815 1074 871 hanc
1109 831 1121 869 :
1157 816 1340 872 Homo
1388 816 1626 888 quidam
1693 818 1826 874 fecit

181 931 208 958 «
237 925 462 964 coenam
496 922 791 976 magnam,
826 909 882 960 et
912 904 1141 960 vocavit
1171 905 1408 961 multos.
1440 907 1545 960 nFt
1576 905 1820 978 reliqua.

181 997 557 1069 Omnipotens
578 995 730 1050 Deus
762 993 819 1048 in
847 993 1080 1049 exordia
1101 995 1411 1048 mundanze
1435 995 1819 1063 formationis,

179 1087 242 1142 ad
258 1103 320 1141 se
333 1083 828 1157 cognoscendum,
845 1098 1023 1154 seque
1035 1082 1448 1154 perpetualiter
1462 1083 1822 1139 laudandum

177 1177 318 1230 duas
351 1172 728 1230 rationabiles
741 1175 1057 1239 creaturas,
1075 1171 1398 1244 angelicam
1413 1172 1630 1228 scilicet
1645 1177 1701 1227 et
1723 1173 1825 1228 hu-

177 1261 726 1331 manam,condidit.
744 1260 853 1316 Sed
881 1261 1018 1332 quia
1049 1260 1308 1332 angelica
1333 1277 1546 1333 magna
1574 1279 1641 1316 ex
1663 1266 1824 1334 parte

171 1372 273 1426 per
299 1351 638 1425 superbiam
669 1350 835 1422 lapsa
863 1354 974 1415 est,
999 1349 1258 1404 humana
1288 1354 1511 1405 naturre
1541 1350 1822 1405 stantiin-

168 1443 330 1508 vidit,
382 1456 629 1512 eamque
678 1439 747 1493 ad
795 1437 1028 1510 lapsum
1077 1438 1352 1510 peccandi
1401 1439 1596 1504 traxit,
1649 1443 1822 1512 atque

165 1530 424 1604 paradisi
456 1528 684 1585 deliciis
715 1527 978 1600 privavit.
1003 1527 1166 1582 Unde
1199 1527 1482 1598 scriptum
1524 1532 1649 1582 est:
1678 1552 1706 1578 «
1732 1529 1821 1584 In-

165 1621 324 1676 vidia
369 1618 578 1675 eiaboli
648 1634 807 1673 mors
868 1615 1128 1671 introivit
1177 1617 1235 1670 in
1283 1617 1484 1672 orbem
1535 1623 1822 1673 terrarum

167 1711 319 1782 (Sap.
345 1709 431 1780 ιι).
452 1732 479 1756 ››
504 1708 617 1763 Has
647 1705 882 1762 delicias
907 1706 1133 1776 primus
1164 1705 1339 1760 homo
1358 1706 1822 1778 amisit,quando

169 1800 229 1856 in
260 1797 532 1872 paradiso
564 1799 851 1868 praecepta
871 1794 1000 1849 vita
1023 1794 1392 1866 contempsit.
1409 1795 1699 1872 Expulsus
1721 1813 1820 1850 au-

172 1894 289 1945 tem
317 1905 350 1942 a
383 1887 810 1959 paradiso,tam
834 1884 1003 1955 longe
1031 1883 1101 1938 ab
1133 1885 1260 1955 ejus
1278 1883 1505 1940 deliciis
1531 1886 1823 1958 peccando

178 1979 411 2034 effectus
440 1980 548 2043 est,
577 1978 643 2030 ut
669 1973 761 2028 vix
790 1990 888 2028 eas
921 1971 1250 2028 nominatas
1300 1975 1590 2030 recordari
1642 1975 1826 2046 possit

182 2073 348 2139 atque
377 2063 672 2137 spiritales
705 2067 941 2134 paratus
964 2066 1220 2134 tangere,
1239 2062 1350 2117 nisi
1375 2079 1476 2134 per
1497 2063 1826 2119 similitudi-

182 2173 282 2212 nes
298 2160 353 2210 et
384 2152 712 2226 parabolas.
746 2151 890 2215 Quia
921 2150 1028 2206 hoc
1062 2151 1216 2206 inter
1256 2151 1519 2208 carnales
1559 2157 1615 2208 et
1654 2153 1825 2225 spiri-

181 2243 322 2302 tales
352 2241 588 2298 delicias
619 2238 1108 2311 distat,quoniam
1135 2240 1398 2295 carnales
1427 2240 1664 2306 deliciae,
1691 2259 1824 2298 cum

183 2331 558 2399 habentur,in
591 2329 821 2385 fastidio
853 2332 1172 2384 suntzcum
1203 2346 1337 2384 vero
1369 2346 1484 2384 non
1517 2329 1823 2394 habentur.

183 2420 238 2475 in
271 2419 576 2476 desiderio.
608 2421 680 2474 At
719 2422 941 2484 contra,
975 2416 1268 2489 spiritales
1320 2419 1537 2475 deliciae
1579 2425 1718 2475 tunc
1767 2421 1824 2475 in

185 2509 410 2566 fastidio
423 2513 584 2574 sunt,
601 2524 732 2563 cum
767 2524 881 2562 non
913 2506 1222 2575 habentur,
1239 2508 1520 2563 eduntur:
1542 2513 1827 2582 etquanto

185 2599 369 2670 magis
399 2599 804 2671 degustantur,
829 2600 990 2651 tanto
1015 2595 1268 2666 amplius
1298 2597 1647 2654 desirantur.
1681 2599 1829 2654 Hinc

184 2692 239 2743 et
266 2687 576 2744 Psalmista
606 2687 685 2740 ait
718 2702 729 2740 :
761 2708 788 2735 «
824 2686 1066 2742 Gustate
1091 2689 1147 2740 et
1176 2685 1362 2741 videte
1393 2688 1670 2758 quoniam
1694 2705 1827 2743 sua-

184 2777 270 2833 vis
317 2784 401 2833 est
452 2776 732 2832 Dominus
781 2777 956 2843 (Psal.
1002 2777 1222 2841 xxxm).
1273 2798 1301 2824 ››
1349 2776 1610 2832 Primum
1663 2777 1826 2844 dixit,

187 2871 412 2938 gustata
438 2885 452 2933 ;
485 2865 715 2932 deinde,
748 2864 1052 2920 videte.Ac
1083 2863 1132 2919 si
1162 2864 1416 2921 diceret:
1445 2867 1586 2937 Ejus
1635 2865 1829 2924 dulce-

188 2956 383 3011 dinem
414 2954 711 3028 percipere
740 2971 855 3008 non
883 2953 1145 3025 potestis,
1181 2954 1229 3008 si
1263 2953 1409 3009 hanc
1442 2954 1683 3010 minime
1723 2972 1830 3027 gu-

191 3046 376 3100 statis.
407 3045 484 3100 De
510 3061 628 3116 quo
657 3048 713 3098 et
743 3042 1041 3115 apostolus
1072 3043 1275 3098 Petrus
1306 3042 1448 3098 dicit
1479 3060 1492 3098 :
1528 3065 1556 3094 «
1585 3044 1642 3100 Si
1674 3045 1830 3100 enim

190 3133 434 3206 gustatis
464 3132 740 3205 quoniam
773 3132 961 3187 dulcis
992 3135 1079 3187 est
1108 3131 1390 3187 Dominus
1422 3133 1468 3202 (I
1494 3135 1641 3188 Petr.
1679 3134 1761 3204 ιι).
1797 3154 1824 3183 ››

191 3205 336 3284 Quia
353 3239 482 3295 ergo
515 3223 587 3278 ab
619 3238 821 3278 earum
853 3221 1261 3293 degustatione
1310 3220 1486 3276 homo
1535 3224 1825 3294 peccando
1856 3205 1898 3272 C

188 3308 358 3384 longe
396 3315 731 3378 recesserat,
755 3312 888 3383 pius
937 3315 992 3365 et
1041 3310 1372 3366 misericors
1421 3311 1575 3367 Deus
1625 3312 1828 3368 nolens

188 3398 503 3455 humanam
533 3405 825 3467 naturam,
860 3417 986 3471 quae
1019 3399 1237 3471 aliquid
1279 3399 1481 3470 fragile
1525 3401 1596 3456 ad
1645 3401 1827 3457 delin-

187 3490 484 3559 quendum
515 3489 823 3552 habuerat,
849 3487 1038 3560 perire
1070 3493 1368 3559 perpetuo,
1402 3489 1614 3545 iterum
1656 3490 1832 3563 poeni-

185 3579 442 3634 tentibus
471 3579 579 3634 has
609 3577 852 3634 delicias
900 3577 1260 3649 praeparavit,
1294 3583 1466 3649 atque
1510 3580 1581 3634 ad
1627 3597 1828 3638 earum

184 3681 449 3738 saporem
478 3666 818 3722 hominibus
869 3666 1352 3734 denuntiandam,
1382 3684 1615 3723 servum
1656 3686 1830 3726 suum

185 3755 368 3812 misit.
397 3757 564 3824 Nam,
601 3760 666 3812 ut
696 3773 875 3828 supra
905 3753 1104 3810 retulit
1133 3756 1509 3829 evangelista,
1526 3773 1660 3813 cum
1680 3758 1829 3814 dice-

189 3850 282 3898 ret.
312 3845 583 3900 Dominus
615 3845 973 3911 Pharisazo,a
1003 3861 1118 3914 quo
1152 3844 1341 3899 fuerat
1370 3845 1648 3902 invitatus
1671 3849 1824 3918 (Luc.

186 3933 310 4003 xiv)
342 3951 353 3989 :
389 3957 415 3985 «
444 3935 588 3991 Cum
621 3934 762 3990 facis
797 3933 1106 4006 prandium
1143 3938 1243 3988 aut
1263 3951 1508 4002 coenam,
1543 3935 1657 3990 noli
1691 3936 1831 3991 invi-

189 4026 317 4078 tare
344 4041 434 4080 eos
465 4023 563 4097 qui
591 4028 647 4079 te
676 4023 891 4078 iterum
916 4021 1242 4089 reinvitent,
1267 4026 1323 4078 et
1356 4024 1455 4078 fiat
1507 4025 1608 4079 tibi
1663 4026 1826 4081 retri-

191 4110 374 4180 butio,
404 4114 500 4170 sed
533 4129 673 4168 voca
695 4127 980 4183 pauperes
1012 4128 1075 4165 ac
1105 4110 1347 4178 debiles,
1368 4117 1424 4167 et
1455 4113 1658 4170 beatus
1689 4115 1824 4180 eris,

193 4200 330 4270 quia
357 4219 464 4257 non
493 4201 731 4266 habent,
770 4199 921 4255 unde
953 4197 1277 4254 retribuant
1299 4199 1442 4267 tibi;
1476 4201 1830 4257 retribuetur

191 4288 346 4344 enim
377 4291 474 4346 tibi
507 4291 567 4345 in
597 4288 979 4344 retributione
991 4289 1359 4358 justorum,»
1375 4288 1614 4360 quidam
1633 4289 1827 4345 decir-

193 4378 616 4433 cumstantibus
649 4377 921 4433 dixerunt
951 4393 964 4431 :
992 4399 1020 4426 «
1055 4376 1266 4431 Beatus
1299 4376 1397 4448 qui
1449 4378 1827 4434 manducabit

193 4479 392 4533 panem
424 4467 482 4522 in
513 4483 693 4539 regno
727 4466 847 4522 Dei.
871 4467 975 4520 «Et
1005 4464 1289 4521 Dominus
1321 4466 1388 4520 ad
1424 4464 1580 4522 illos:
1600 4467 1825 4524 «Homo

3459 331 3578 396 602

1851 462 1906 528 Α
1938 462 2154 518 dicitur
2186 479 2199 519 :
2237 484 2266 512 «
2299 460 2656 518 Annuntiavi
2689 465 2745 518 et
2773 461 3004 519 locutus
3035 464 3575 538 sum,multiplicati

1933 556 2073 607 sunt
2101 569 2276 624 super
2307 568 2618 608 numerum
2652 551 2821 623 (Psal.
2850 553 2956 619 ιιι).
2994 573 3022 600 ››
3051 551 3238 623 Super
3265 570 3577 610 numerum

1932 641 2161 714 reprobi
2193 641 2678 713 multiplicantur,
2697 640 2835 713 quia
2863 645 3024 696 extra
3046 658 3357 698 numerum
3379 643 3581 701 electo-

1933 748 2064 786 rum
2095 730 2492 786 inveniuntur.
2529 729 2692 784 Multi
2726 729 2880 785 enim
2924 735 3226 798 vocantur,
3250 733 3360 787 sed
3412 734 3581 804 pauci

1931 819 2197 874 veniunt:
2217 819 2353 891 quia
2386 818 2554 873 multi
2586 818 2807 872 intrant
2839 819 2899 873 in
2925 817 3243 875 Ecclesium
3262 837 3363 892 per
3381 821 3579 894 ﬁdem,

1933 909 2034 963 sed
2066 909 2235 979 pauci
2268 908 2567 962 salvantur
2587 924 2688 979 per
2718 909 3134 979 operationem.
3152 909 3217 964 Et
3239 927 3309 965 ne
3325 911 3395 966 de
3419 909 3581 984 igno-

1932 998 2123 1052 rantia
2151 997 2420 1052 homines
2451 996 2884 1052 excusationem
2917 997 3266 1067 haberent,«
3289 999 3449 1056 misit
3468 1018 3584 1057 ser-

1930 1104 2068 1142 vum
2101 1104 2274 1142 suum
2308 1086 2452 1142 hora
2483 1103 2656 1140 omne:
2673 1086 2863 1141 dicere
2889 1085 3147 1142 invitatis
3171 1092 3234 1142 ut
3250 1089 3532 1146 venirent.
3553 1113 3580 1140 ››

1933 1178 2143 1232 Servus
2173 1177 2280 1231 istc
2303 1175 2401 1248 qui
2424 1176 2498 1230 ad
2527 1174 2856 1230 invitandos
2870 1175 3014 1231 alios
3031 1175 3300 1244 mittitur,
3317 1177 3581 1234 ordinem

1933 1266 2376 1337 praedicatorum
2411 1263 2843 1337 signiﬁcat.Qui
2875 1265 3016 1319 dum
3048 1264 3291 1320 verbum
3319 1266 3582 1323 divinum

1932 1354 2084 1410 intra
2115 1355 2432 1410 Ecelesiam
2464 1353 3022 1426 annuntiant,quasi
3052 1354 3336 1427 plurimos
3367 1357 3437 1412 ad
3470 1373 3584 1413 cm-

1933 1461 2068 1499 nam
2101 1449 2327 1500 vocant.
2362 1444 2487 1498 Non
2519 1442 2712 1499 solum
2745 1443 2902 1498 enim
2935 1443 3140 1498 divinae
3193 1444 3394 1516 pietati
3440 1445 3583 1502 satis

1933 1533 2061 1597 fuit.
2096 1534 2251 1605 quod
2285 1537 2531 1588 aeternas
2573 1531 2812 1587 delicias
2863 1532 3032 1587 nobis
3081 1535 3446 1605 praeparavit,
3479 1536 3583 1591 sed

1933 1623 2105 1678 etiam
2133 1621 2312 1677 servis
2345 1621 2566 1685 missis,
2590 1637 2789 1675 carum
2809 1620 3177 1676 dulcedinem
3209 1622 3380 1679 nobis
3397 1639 3584 1679 enun-

1931 1711 2110 1766 tiavit.
2129 1712 2204 1766 Ex
2235 1710 2451 1782 quibus
2484 1727 2638 1766 unus
2667 1713 2791 1765 erat
2821 1709 2938 1778 ille,
2974 1710 3073 1783 qui
3105 1709 3334 1768 dicebat
3367 1729 3380 1768 :
3418 1736 3446 1762 «
3475 1714 3582 1770 Pro

1931 1800 2160 1855 Christo
2193 1799 2481 1873 legatione
2519 1798 2842 1871 fungimur,
2877 1803 3158 1871 tanquam
3195 1800 3328 1856 ;Deo
3373 1801 3584 1858 exhor-

1933 1894 2091 1944 tante
2116 1906 2219 1962 per
2249 1906 2376 1944 nos.
2412 1888 2710 1962 Rogamus
2750 1904 2886 1960 ergo
2936 1888 2994 1943 in
3043 1889 3295 1956 Christo,
3329 1890 3583 1947 reconci-

1933 1978 2160 2033 liamini
2213 1978 2328 2034 Deo
2380 1979 2459 2046 (11
2504 1980 2626 2034 Οον.
2684 1981 2758 2044 v).
2812 1999 2838 2026 »
2891 1977 3043 2033 Hora
3078 1993 3273 2045 comae,
3325 1979 3461 2035 finis
3497 1984 3588 2036 est

1935 2067 2150 2130 szeculi,
2171 2066 2267 2122 ille
2301 2065 2544 2135 scilicet,
2577 2067 2649 2121 de
2681 2083 2797 2138 quo
2821 2065 3035 2121 Paulus
3069 2065 3179 2122 ait:
3200 2068 3360 2123 «Nos
3377 2084 3586 2126 sumus

1933 2157 1993 2212 in
2039 2173 2185 2228 quos
2237 2157 2381 2210 ﬁnes
2431 2155 2778 2211 saeculorum
2823 2156 3184 2211 devenerunt
3212 2155 3259 2224 (ι
3290 2157 3412 2212 Car.
3445 2157 3522 2229 x).
3555 2179 3583 2207 »

1935 2243 3050 2312 EtJoannes:«Filioli,novissimahora
3071 2248 3160 2300 est
3182 2245 3229 2316 (I
3251 2246 3411 2301 Joan.
3447 2250 3530 2315 ιι).
3556 2269 3584 2296 ››

1935 2336 2209 2400 Quamvis
2236 2335 2393 2390 enim
2425 2334 2579 2406 apud
2606 2334 2880 2406 antiquos
2911 2335 3274 2390 consuetudo
3305 2336 3500 2401 fuerit,
3524 2340 3589 2391 ut

1937 2425 2115 2481 semel
2151 2425 2207 2480 in
2242 2423 2334 2480 die
2365 2424 2738 2496 prenderent,
2771 2428 2828 2480 et
2861 2423 2967 2479 hoc
2999 2423 3586 2497 conviviumetpran-

1936 2515 2098 2570 dium
2132 2518 2188 2568 et
2218 2531 2382 2570 caena
2409 2517 2731 2583 vocaretur,
2758 2517 2954 2567 tamen
2987 2513 3139 2584 apud
3167 2529 3340 2568 usum
3373 2517 3586 2569 nostrae

1935 2603 2416 2674 locutionis,post
2445 2601 2756 2674 prandium
2787 2618 2951 2656 coena
2982 2605 3183 2671 restat,
3207 2605 3339 2672 post
3363 2618 3588 2658 ccenam

1939 2697 2132 2748 autem
2167 2691 2394 2746 nullum
2428 2691 2755 2746 convivium
2780 2695 3058 2746 remanet.
3083 2690 3590 2746 Unde-nonincon-

1937 2795 2080 2851 grue
2109 2796 2212 2851 per
2240 2779 2389 2834 hanc
2419 2795 2640 2834 coenam
2673 2777 3050 2849 diesjudicii,
3082 2777 3201 2833 sive
3245 2777 3390 2833 illud
3425 2782 3587 2834 aeter-

1940 2885 2081 2924 num
2115 2867 2440 2923 convivium
2474 2867 2780 2940 figuratur,
2815 2866 2886 2920 ad
2932 2867 3088 2938 quod
3136 2865 3237 2938 qui
3290 2865 3588 2938 pervenire

1939 2955 2278 3026 meruerint,
2311 2980 2338 3005 «
2382 2973 2496 3011 non
2535 2956 2796 3011 esurient
2844 2971 3032 3027 neque
3071 2953 3274 3011 sitient
3327 2954 3584 3028 amplius

1938 3062 2130 3118 neque
2174 3044 2405 3101 nocebit
2459 3044 2542 3100 eis
2600 3048 2776 3100 aestus
2826 3048 2928 3099 aut
2957 3043 3043 3099 sol
3074 3044 3252 3116 :quia
3280 3043 3588 3101 miserator

1939 3151 2141 3191 eorum
2175 3140 2334 3208 reget
2365 3150 2482 3202 eos,
2515 3137 2572 3189 et
2601 3134 2672 3189 ad
2706 3134 2894 3190 fontes
2925 3150 3210 3205 aquarum
3235 3133 3458 3205 potabit
3487 3150 3586 3191 eos

1937 3226 2064 3294 (Isa.
2096 3224 2267 3294 xux).
2305 3246 2332 3272 »
2367 3223 2446 3279 De
2485 3240 2603 3295 qua
2651 3239 2816 3278 coena
2865 3239 2966 3294 per
3001 3223 3286 3278 Joannem
3311 3221 3537 3277 dicitur
3570 3238 3582 3276 :

1938 3336 1965 3363 ι(
1992 3312 2149 3368 Beati
2175 3312 2276 3384 qui
2308 3313 2380 3368 ad
2404 3328 2626 3367 comam
2651 3311 2990 3383 nuptiarum
3027 3308 3162 3383 agni
3198 3309 3382 3366 vocati
3411 3314 3585 3379 sunt,

1938 3401 1998 3457 in
2026 3401 2116 3457 his
2147 3402 2405 3457 secunda
2435 3417 2593 3457 mors
2615 3417 2746 3456 non
2796 3400 2969 3455 habet
3009 3402 3353 3471 potestatem
3401 3401 3584 3471 (Apoc.

1938 3491 2075 3561 xxx).
2103 3512 2130 3539 »
2161 3490 2344 3561 Cujus
2376 3507 2549 3545 coma)
2582 3487 3087 3561 participationem
3123 3503 3184 3542 se
3216 3491 3456 3542 noverat
3483 3487 3588 3544 ha-

1939 3580 2097 3644 bere,
2124 3579 2226 3650 qui
2255 3579 2490 3635 dicebat
2523 3595 2534 3634 :
2571 3600 2598 3628 ‹‹
2632 3576 2917 3633 Dominus
2961 3574 3148 3649 pascit
3197 3592 3309 3642 me,
3345 3580 3401 3633 et
3442 3576 3588 3632 nihil

1939 3668 2083 3723 mihi
2117 3669 2322 3736 deerit,
2355 3667 2414 3722 in
2445 3667 2570 3723 loco
2599 3683 2826 3738 pascuae
2858 3665 2938 3722 ibi
2971 3682 3066 3721 me
3095 3663 3586 3737 eollocavit(Ps.1.l.

1937 3761 2097 3826 χχιι).
2122 3779 2150 3807 ››
2187 3759 2256 3813 Et
2285 3757 2497 3812 iterum
2535 3773 2546 3811 :
2588 3779 2608 3806 κ
2643 3755 2911 3811 Satiabor
2939 3756 3081 3810 dum
3114 3753 3591 3811 manifestabitur

1937 3846 2124 3918 gloria
2153 3851 2255 3902 tua
2285 3846 2452 3916 (Paul.
2483 3846 2618 3915 xiv).
2653 3867 2682 3895 »
2717 3846 2902 3900 Tanto
2932 3860 3068 3917 ergo
3093 3844 3166 3899 ad
3190 3843 3341 3899 hanc
3365 3860 3589 3900 comam

1937 3935 2310 3991 festinantius
2356 3951 2588 3989 currere
2636 3934 2941 3999 debemus,
2975 3933 3208 4005 quando
3259 3936 3392 4006 post
3441 3933 3591 3992 hanc

1938 4023 2110 4079 aliam
2170 4023 2426 4078 invenire
2479 4038 2593 4077 non
2641 4021 2933 4088 novimus,
2980 4021 3225 4078 Domino
3277 4028 3588 4079 monente:

1937 4136 1965 4163 ‹‹
1999 4111 2225 4168 Currite
2255 4111 2395 4166 dum
2419 4110 2609 4165 lucem
2641 4110 2767 4164 vitae
2803 4110 3138 4178 habetis,ne
3160 4110 3410 4164 tenebrae
3435 4127 3589 4166 mor-

1937 4202 2014 4257 tis
2079 4197 2579 4271 comprehendant
2620 4200 2806 4265 (Joan.
2854 4201 2975 4266 xu).
3028 4219 3056 4246 »
3107 4197 3253 4252 Nam
3309 4201 3373 4252 ut
3422 4197 3588 4253 fasti-

1936 4291 2098 4346 dium
2122 4289 2392 4352 auferret,
2409 4285 2736 4358 subjunxit,
2759 4286 2992 4342 dicens:
3020 4307 3040 4336 α
3059 4285 3204 4350 Quia
3226 4286 3352 4356 jam
3383 4290 3589 4357 parata

1941 4400 1964 4428 α
1999 4383 2139 4434 sunt
2165 4377 2382 4434 omnia.
2422 4399 2447 4423 n
2481 4375 2692 4431 Omnia
2717 4375 2875 4430 enim
2909 4377 3109 4446 parata
3131 4377 3289 4442 sunt,
3325 4375 3464 4446 quia
3492 4373 3588 4430 ille

1935 4465 2254 4541 singularis
2288 4482 2475 4537 agnus
2507 4462 2734 4520 occisus
2767 4463 2952 4531 est,in
2977 4463 3146 4534 cujus
3170 4462 3589 4534 praeparatione

196 4554 422 4622 quidam
455 4555 589 4611 fecit
619 4571 842 4611 comam
879 4571 1173 4627 magnam,
1206 4559 1264 4608 et
1283 4555 1504 4609 vocavit
1535 4555 1824 4612 multos.»
1857 4577 1903 4642 D
1935 4558 2134 4614 omnia
2165 4557 2607 4628 princesscrunt.
2642 4552 2768 4608 Sive
2799 4551 2999 4608 omnia
3027 4555 3232 4625 parata
3267 4555 3427 4618 sunt,
3453 4550 3590 4624 quia

197 4641 569 4712 Spiritualiter
590 4644 763 4700 homo
783 4642 892 4702 iste
913 4644 1066 4700 Deus
1079 4647 1167 4699 est
1192 4642 1605 4716 intelligendus
1621 4645 1691 4700 de
1713 4663 1827 4716 quo

202 4733 462 4806 scriptum
496 4739 621 4790 est:
651 4757 678 4783 ‹‹
711 4733 892 4788 Homo
923 4736 1030 4802 est,
1047 4736 1102 4789 et
1133 4733 1264 4804 quis
1301 4733 1824 4805 cognosciteu‘m?»

202 4818 267 4874 Et
295 4823 490 4879 iterum
525 4841 538 4879 :
574 4847 601 4873 ‹‹
638 4822 820 4878 Homo
853 4825 1026 4877 natus
1047 4827 1134 4877 est
1157 4821 1216 4876 in
1249 4838 1335 4890 ea,
1351 4821 1546 4893 etipse
1562 4822 1826 4878 fundavit

206 4924 320 4966 eam
362 4912 694 4970 Altissimus
739 4913 906 4980 (Psal.
955 4912 1194 4981 Lxxxw).
1247 4933 1276 4960 »
1316 4910 1424 4976 Qui
1471 4927 1602 4967 vero
1651 4911 1825 4968 homo

207 5007 418 5056 vocatur
448 5003 520 5057 ab
551 4999 934 5065 humanitate,
951 4999 1090 5072 quia
1119 4998 1600 5072 benignissimam
1651 4999 1824 5074 largi-

210 5090 368 5144 tatem
413 5089 672 5163 quotidie
720 5089 920 5162 generi
975 5089 1232 5144 humano
1263 5089 1512 5145 exhibet.
1555 5089 1661 5155 Qui
1694 5091 1826 5147 fecit

213 5191 735 5253 caenammagnam,
768 5179 908 5250 quia
932 5177 1359 5234 indeﬁcientem
1389 5179 1713 5241 satietatem
1765 5181 1823 5236 in

215 5269 398 5325 aeterna
426 5268 734 5325 dulcedine
762 5267 964 5324 electis.
981 5266 1290 5323 animabus
1320 5267 1678 5339 praeparavit.
1714 5270 1822 5326 Vo-

216 5357 534 5414 cavitantem
558 5357 797 5425 multos,
819 5356 1074 5428 primum
1088 5373 1190 5427 per
1203 5356 1588 5427 semetipsum
1605 5356 1825 5416 Judaeis

217 5447 568 5515 praedicando,
587 5445 962 5518 postmodum
989 5462 1090 5517 per
1109 5443 1574 5515 praedicationem
1600 5450 1826 5517 aposto-

219 5529 374 5589 lorum
393 5550 460 5591 ex
479 5540 732 5607 quatuor
743 5533 948 5590 mundi
974 5533 1237 5606 partibus
1255 5531 1535 5604 populum
1559 5535 1824 5606 gentium

224 5621 274 5676 ad
299 5623 462 5681 ﬁdem
490 5625 771 5692 vocando,
786 5623 857 5681 de
884 5641 1003 5694 qua
1020 5621 1318 5679 vocatione
1337 5638 1438 5692 per
1457 5619 1825 5682 Psalmistam

1937 4645 2166 4703 nullum
2216 4641 2551 4714 exemplum
2598 4641 2833 4697 virtutis
2870 4645 2977 4709 est,
3013 4640 3168 4713 quod
3218 4641 3290 4696 ad
3325 4645 3586 4696 nostram

1935 4733 2323 4791 imitationem
2359 4733 2418 4787 in
2441 4729 2714 4802 operibus
2738 4734 3073 4786 sanctorum
3093 4745 3206 4784 non
3226 4729 3306 4784 sit
3334 4727 3588 4783 declara-

1934 4829 2085 4880 tum.
2117 4824 2249 4878 Jam
2281 4821 2438 4877 enim
2474 4819 2864 4876 innocentiam
2897 4818 3036 4875 Abel
3070 4817 3423 4884 audivimus,
3445 4817 3586 4873 obe-

1933 4913 2192 4970 dentiam
2235 4911 2497 4978 Abrahze,
2550 4909 2941 4966 constantiam
2992 4908 3173 4975 Isaae,
3209 4906 3580 4963 tolerantiam

1933 5003 2132 5070 Jacob,
2157 4999 2564 5057 castimoniam
2596 4997 2832 5071 Joseph,
2849 4997 3124 5053 mititiam
3145 4995 3348 5070 Moysi,
3364 4994 3588 5052 miseri-

1935 5091 2194 5148 cordiam
2233 5089 2428 5157 David,
2463 5087 2803 5160 patientiam
2853 5088 2988 5156 Job,
3019 5091 3078 5143 et
3124 5087 3302 5142 finem
3353 5085 3584 5142 Domini

1933 5181 2208 5236 vidimus.

2007 5295 2034 5321 ‹‹
2070 5271 2136 5326 Et
2184 5270 2481 5340 coeperunt
2528 5282 2730 5322 omnes
2772 5265 2950 5329 simul
2993 5282 3292 5330 excusare.
3338 5287 3366 5314 ››
3398 5264 3579 5321 Olfert

1935 5361 2089 5416 Deus
2120 5358 2274 5430 quod
2306 5353 2496 5427 rogari
2526 5355 2826 5422 debuerat,
2850 5356 2988 5421 dare
3021 5358 3258 5427 paratus
3303 5357 3394 5410 est
3440 5370 3584 5409 non-

1935 5447 2274 5520 rogatus,de
2305 5459 2419 5515 quo
2450 5443 2542 5498 vix
2571 5444 2726 5498 credi
2759 5442 3353 5517 potuit,quodlargiri
3377 5441 3582 5514 digna-

1935 5543 2116 5602 retur,
2165 5535 2339 5591 etiam
2392 5531 2742 5605 postulatus.
2781 5533 3202 5608 lnvestigandae
3249 5530 3404 5588 enim
3443 5532 3584 5584 sunt

1935 5625 2150 5682 deliciae
2183 5621 2432 5690 Domini,
2464 5621 2693 5679 etiamsi
2725 5623 2976 5680 fuissent
3007 5619 3375 5680 absconditis.
3409 5617 3574 5672 Nunc
