4050 6174
353 320 471 390 603

848 412 852 429 1
912 321 1321 388 HAYMONIS
1368 319 1914 386 HALBERSTAT.
1958 318 2206 386 EPISG.
2240 322 2412 386 OPP.
2460 321 2659 386 PARS
2703 322 2777 387 ΙΙ.
2815 353 2894 370 -
2925 320 3195 388 HOMIL.

3643 320 3762 386 604

353 464 547 519 autem
578 455 886 516 manifeste
915 460 1131 531 paratae
1162 458 1390 522 sunt,et
1417 459 1613 511 tamen
1637 454 1707 510 ad
1726 469 1826 511 eas
1846 453 1995 510 aeci-
2024 453 2082 522 Α
2109 454 2405 529 egreditur
2451 456 2603 525 (Gen.
2635 458 2843 528 xxxnv),
2887 455 2943 513 id
2982 458 3072 513 est
3101 471 3135 513 a
3165 454 3474 530 semetipsa
3506 451 3759 512 recedit:

349 551 595 626 piendas
626 547 777 623 pigri
806 552 863 605 et
893 545 1178 603 fastidiosi
1203 544 1746 609 sumus.Quodideo
1760 543 1843 609 fit,
1859 543 2000 615 quia

350 640 483 716 plus
512 638 760 696 terrenis
789 635 1116 702 desideriis,
1134 652 1311 707 quam
1333 632 1993 689 ccelestibusinhiamus.

349 730 516 788 Unde
546 733 605 785 et
634 727 911 785 subditur
942 742 954 782 :
994 748 1020 775 «
1052 724 1283 779 Primus
1314 722 1461 778 dixit
1490 721 1541 778 ei
1578 738 1590 777 :
1626 721 1837 777 Villam
1857 721 1994 786 emi,

355 842 380 874 ι
413 823 471 877 et
500 834 738 876 necesse
765 817 949 873 habeo
977 813 1131 870 exire
1161 817 1219 868 et
1260 812 1456 867 videre
1503 809 1666 865 illam
1702 827 1714 865 :
1747 826 1887 883 rogo
1918 814 1993 866 te.

350 933 379 959 «
407 908 559 965 habe
591 923 683 963 me
713 908 1072 961 excusatum.
1109 924 1137 951 ››
1169 901 1315 967 Quid
1349 917 1453 972 per
1477 898 1692 965 villam,
1726 897 1840 954 nisi
1881 903 1997 953 ter-

350 1014 492 1055 rena
508 990 1230 1071 designatursubstantia?
1252 988 1402 1045 Exiit
1415 1004 1553 1060 ergo
1566 987 1759 1043 videre
1773 985 1993 1054 villam,

350 1086 450 1160 qui
482 1090 545 1141 ut
574 1090 863 1139 terrenam
897 1079 1162 1150 acquirat
1200 1076 1614 1144 substantiam,
1648 1076 1705 1130 in
1751 1074 1997 1130 exterio-

333 1174 510 1233 ribus
538 1174 714 1229 rebus
744 1167 1126 1239 semetipsum
1157 1165 1443 1238 implicat.
1471 1166 1619 1221 Sunt
1657 1164 1812 1219 enim
1848 1181 1992 1219 non-

348 1262 491 1320 nulli
521 1258 993 1334 qui,divitiarum
1022 1255 1429 1327 temporalium
1463 1253 1785 1326 cupiditate
1812 1252 1989 1324 capti.

346 1356 411 1409 ut
440 1350 679 1407 ditiores
706 1353 763 1403 et
798 1345 1148 1418 potentiores
1196 1343 1326 1400 aliis
1374 1345 1715 1416 appareant,
1746 1341 1993 1397 diversis

347 1441 570 1498 artibus
615 1443 667 1494 et
712 1436 981 1509 ingeniis,
1036 1432 1282 1489 terrenis
1332 1431 1581 1504 negotiis
1644 1429 1989 1485 inserviunt.

343 1533 616 1603 Dumque
648 1532 922 1581 aeternam
955 1524 1132 1578 vitam
1165 1526 1265 1577 aut
1294 1522 1387 1576 vix
1415 1525 1517 1576 aut
1546 1520 1709 1576 tarde
1756 1520 1827 1574 ad
1866 1535 1992 1573 me-

345 1619 592 1677 moriam
623 1618 929 1679 reducunt,
945 1613 1051 1669 etsi
1077 1630 1190 1667 non
1213 1611 1404 1667 verbis
1416 1614 1613 1665 tamen
1626 1608 1901 1680 operibus
1919 1608 1992 1662 ad

344 1707 672 1767 convivium
703 1704 803 1761 Dei
834 1703 1029 1758 venire
1060 1699 1548 1774 negliguutzquia
1578 1698 1732 1753 sicut
1753 1697 1995 1768 aitApo-

345 1798 533 1856 stolus
567 1814 580 1851 :
619 1818 646 1845 ι‹
676 1795 859 1850 Nemo
889 1791 1149 1847 militans
1180 1791 1315 1856 Deo,
1344 1786 1609 1860 implicat
1632 1803 1695 1885 se
1745 1783 1991 1885 negotiis
2020 1821 2070 1886 Β

344 1885 723 1945 εωωΙειι-ἰδιιδ
754 1885 825 1956 (II
850 1884 983 1937 Tim.
1019 1880 1100 1951 ιι).
1136 1900 1164 1927 ››
1197 1879 1268 1932 Et.
1320 1877 1475 1933 sicut
1516 1874 1802 1931 Dominus
1851 1873 1994 1929 dicit

344 1976 402 2032 in
416 1972 748 2047 Evangelio,
762 1970 999 2027 difﬁcile
1013 1968 1113 2042 qui
1140 1967 1418 2040 pecunias
1432 1966 1670 2031 habent,
1688 1963 1993 2019 intrabunt

344 2064 406 2120 in
453 2079 701 2137 regnum
749 2060 1025 2116 caelorum
1075 2058 1283 2131 (Matth.
1334 2074 1450 2112 χιχ.
1492 2055 1676 2130 Igitur
1723 2056 1823 2128 qui
1870 2058 1990 2110 toto

344 2152 632 2210 desiderio
662 2148 1007 2224 peragendis
1040 2146 1355 2220 superﬂuis
1385 2145 1543 2202 curis
1572 2149 1631 2200 et
1672 2144 1990 2200 mundanis

342 2241 613 2307 intendit,
627 2239 814 2313 magis
827 2236 1105 2295 saeculum
1118 2236 1336 2292 imitari
1350 2234 1577 2291 videtur
1587 2250 1765 2306 quam
1779 2234 1898 2290 Deu
1909 2250 1960 2288 ω
1971 2273 1986 2301 ,

345 2330 500 2388 sicut
525 2329 780 2386 Jacobus
801 2326 1103 2401 apostolus
1132 2326 1214 2381 ait
1238 2342 1250 2379 :
1287 2348 1316 2375 ‹‹
1349 2323 1455 2389 Οιιὶ
1484 2322 1733 2379 voluerit
1762 2321 1988 2378 amicus

343 2436 471 2477 esse
500 2415 911 2488 saeculibujus,
924 2413 1202 2470 inimicus
1212 2412 1311 2468 Dei
1329 2411 1943 2480 constituitur(1ac.1v)
1960 2430 1987 2463 α

342 2509 413 2565 Et
442 2508 654 2564 iterum
689 2523 755 2561 :«
786 2503 891 2570 Qui
923 2503 1128 2559 volunt
1174 2496 1380 2557 divites
1431 2500 1575 2569 fieri,
1610 2499 1880 2556 incidunt
1925 2499 1984 2554 in

341 2597 723 2655 tentationem
737 2594 860 2650 etin
884 2592 1158 2665 laqueum
1173 2588 1410 2656 diaboli,
1426 2594 1483 2645 et
1499 2588 1788 2645 desideria
1802 2588 1987 2644 multa

339 2689 399 2743 et
430 2684 659 2741 inutilia
691 2684 734 2757 (I
768 2684 901 2740 Tim.
932 2684 1030 2750 v1)-
1068 2702 1095 2730 »

417 2798 437 2825 ιι
473 2776 543 2831 Et
569 2773 714 2830 alter
741 2771 885 2827 dixit
916 2788 929 2827 :
965 2770 1118 2843 Juga
1146 2770 1324 2825 boum
1355 2767 1470 2824 emi
1503 2767 1787 2841 quinque,
1821 2772 1877 2824 et
1917 2784 1984 2823 eo

339 2887 369 2915 «
403 2863 648 2938 probare
670 2860 799 2928 illa;
823 2876 964 2933 rogo
993 2862 1071 2926 te,
1106 2856 1255 2913 habe
1286 2873 1378 2913 me
1408 2856 1983 2921 exeusatum.»Quid

337 2953 397 3009 in
414 2951 674 3025 quinque
683 2951 707 3023 j
716 2949 846 3023 ugis
860 2949 1063 3014 boum,
1077 2945 1190 3002 nisi
1203 2946 1465 3018 quinque
1477 2962 1687 3001 sensus
1700 2944 1981 3017 corporis,

339 3040 774 3113 intelliguntur,
786 3038 949 3094 visus
960 3035 1241 3101 videlicet,
1257 3034 1516 3100 auditus,
1530 3038 1760 3108 gustus,
1776 3034 1982 3090 odora-

335 3134 434 3188 tus
465 3134 522 3186 et
550 3128 786 3184 tactus?
815 3125 922 3193 Qui
952 3127 1098 3182 bene
1119 3125 1267 3197 juga
1290 3126 1588 3191 vocantur,
1606 3121 1706 3194 qui
1738 3122 1797 3177 in
1829 3125 1982 3179 utro-

336 3236 449 3294 que
479 3234 621 3275 sexu
648 3216 1047 3290 geminantur.
1064 3216 1218 3281 Quos
1241 3228 1451 3268 sensus
1479 3211 1608 3267 ideo
1638 3210 1981 3283 accipimus,
2012 3190 2055 3256 C

335 3313 402 3365 ut
422 3309 576 3364 inter
594 3308 815 3363 bonum
839 3308 896 3360 et
911 3302 1133 3359 malum
1155 3299 1815 3357 diseernerevaleamus.
1832 3300 1983 3356 Sunt

333 3397 548 3455 etenim
575 3392 867 3460 nonnulli,
902 3392 1001 3465 qui
1035 3407 1246 3448 sensus
1276 3386 1556 3460 corporis,
1575 3388 1723 3444 duos
1744 3405 1981 3462 accepe-

333 3490 474 3543 runt
493 3485 564 3541 ad
595 3499 773 3539 usum
800 3485 1042 3545 natura,
1060 3480 1118 3534 in
1142 3494 1317 3534 usum
1330 3481 1672 3533 convertunt
1693 3476 1902 3550 culpge:
1924 3482 1982 3535 et

332 3573 531 3631 oculos
553 3572 791 3644 quidem
805 3570 877 3624 ad
891 3565 1443 3640 concupiscentiam,
1457 3569 1513 3621 et
1526 3582 1698 3621 aures
1710 3568 1981 3639 aperiunt

333 3662 405 3720 ad
451 3658 801 3717 audiendam
850 3656 1099 3712 libenter
1134 3654 1576 3723 detractionem,
1608 3653 1871 3729 linguam
1903 3655 1975 3711 ad

331 3747 1052 3812 maledictionem,manus
1078 3745 1152 3801 ad
1181 3742 1427 3817 proximi
1456 3741 1777 3809 lesionem,
1807 3761 1978 3801 nares

333 3836 692 3896 adillicitum
713 3835 970 3891 odorem.
985 3835 1253 3907 Dumque
1274 3831 1620 3905 semetipsos
1641 3832 1979 3889 obliviscen-

329 3931 439 3996 tes,
454 3925 643 3982 aliena
655 3939 832 3997 epera
842 3923 913 3979 ad
927 3923 1325 3997 derogandum
1341 3920 1633 3978 curiosius
1647 3921 1975 3995 inquirunt,

332 4014 683 4074 scilicetnon
715 4017 779 4069 ut
794 4012 1091 4086 corrigant
1111 4016 1213 4068 aut
1232 4011 1562 4079 emendant,
1578 4012 1678 4067 sed
1693 4016 1755 4066 ut
1767 4012 1823 4067 di
1822 4012 1979 4084 judi-

333 4108 466 4163 oent
495 4106 552 4160 et
580 4105 984 4167 contemnant,
1007 4102 1078 4158 ad
1097 4099 1422 4157 convivium
1446 4100 1548 4155 Dei
1581 4118 1695 4157 non
1712 4100 1973 4157 veniunt.

333 4194 496 4251 Unde
525 4192 671 4248 bene
700 4190 771 4246 de
791 4190 1053 4263 quinque
1074 4189 1427 4264 jugisboum
1458 4189 1693 4259 dicitur,
1712 4212 1739 4239 ‹‹
1760 4207 1825 4246 eo
1844 4207 1974 4263 pro-

331 4283 471 4340 bare
502 4280 624 4336 illa.
649 4303 667 4330 ι
691 4279 851 4336 Solet
881 4278 1035 4335 enim
1069 4279 1333 4353 probatio
1363 4277 1680 4351 aliquando
1700 4279 1771 4334 ad
1789 4278 1976 4335 curio-

333 4371 569 4428 sitatem
602 4366 1029 4442 pertinere.Qui
1052 4368 1211 4423 enim
1241 4367 1312 4422 de
1338 4366 1579 4422 alterius
1610 4365 1779 4422 oculo
1802 4366 1981 4423 festu-

330 4476 457 4515 cam
491 4458 699 4529 ejicere
730 4456 961 4522 nititur,
994 4459 1058 4511 ut
1087 4454 1347 4511 sanctior
1377 4458 1434 4510 et
1454 4453 1674 4526 justior
1709 4454 1977 4511 videatur

2108 545 2311 618 sicque
2340 544 2550 601 violata
2597 545 2928 619 virginitate
2958 547 3028 602 ad
3069 547 3311 602 domum
3341 549 3643 619 paternam
3676 560 3763 599 re-

2105 635 2373 701 vertitur,
2419 634 2557 706 quia
2605 633 2751 691 solet
2805 636 3140 708 contingere
3181 634 3333 690 utin
3364 633 3574 691 iisdem
3604 632 3764 689 vitiis

2106 723 2363 779 deterius
2390 723 2641 791 labatur,
2692 723 2753 779 in
2786 722 3001 795 quibus
3044 724 3238 780 acrius
3267 723 3414 780 alios
3434 722 3764 795 judicabat,

2106 829 2284 884 quam
2317 812 2575 868 decebat.
2606 813 2678 868 Et
2709 811 2862 868 sicut
2895 812 3038 868 Dina
3068 811 3189 868 ﬁlia
3216 812 3417 879 Jacob,
3451 812 3567 869 nisi
3600 817 3765 884 patre

2106 900 2523 957 interveniente
2552 905 2609 957 et
2634 901 2913 957 fratribus
2947 902 3352 975 pugnantibus
3382 901 3615 958 liberari
3648 918 3763 957 non

2105 995 2348 1063 poterat,
2375 991 2455 1045 ita
2471 1006 2704 1063 quoque
2727 991 2875 1046 actio
2897 990 3254 1046 curiositatis
3274 988 3419 1063 eripi
3451 1007 3567 1046 non
3599 995 3764 1063 pote-

2105 1081 2200 1146 rit,
2237 1080 2349 1136 nisi
2385 1079 2633 1135 Domino
2674 1080 2991 1135 miserante
3023 1083 3081 1135 et
3109 1084 3448 1137 sanctorum
3479 1080 3765 1137 orationi-

2104 1171 2215 1227 bus
2246 1168 2786 1225 intervenientibus.
2821 1168 2927 1235 Qui
2964 1184 3100 1242 ergo
3122 1168 3316 1225 adhuc
3334 1168 3393 1223 in
3415 1173 3583 1226 atate
3603 1168 3769 1243 puel-

2102 1258 2232 1326 lari,
2264 1257 2319 1313 id
2354 1262 2443 1313 est
2473 1257 2738 1314 novellus
2772 1258 2826 1313 in
2859 1257 3298 1314 conversatione
3328 1259 3521 1325 fuerit,
3554 1260 3612 1314 in
3658 1276 3765 1332 pa-

2100 1351 2267 1403 terna
2296 1347 2470 1401 domo
2499 1351 2750 1414 maneat,
2784 1346 2841 1401 id
2865 1351 2954 1402 est
2985 1345 3041 1401 in
3066 1350 3289 1402 secreto
3309 1347 3398 1404 sui
3424 1349 3676 1419 pectoris
3702 1365 3768 1405 se

2102 1441 2236 1492 ante
2266 1452 2327 1491 se
2359 1440 2556 1508 ponat,
2590 1440 2648 1490 et
2663 1437 2835 1507 juxta
2864 1435 3158 1508 Evangelii
3199 1441 3555 1508 praeceptum
3585 1436 3767 1494 intret

2101 1525 2159 1581 in
2191 1524 2549 1587 cubiculum,
2600 1528 2657 1578 et
2696 1523 2897 1580 clauso
2947 1524 3094 1580 ostio
3127 1529 3250 1581 oret
3299 1529 3521 1597 patrem
3583 1544 3765 1583 suum

2101 1616 2317 1687 (Matth.
2348 1614 2445 1685 vn).
2497 1612 2584 1669 Illi
2619 1619 2814 1669 autem
2856 1613 2927 1668 ad
2979 1612 3227 1669 aliorum
3279 1613 3535 1671 actiones
3583 1617 3764 1672 corri-

2101 1703 2321 1775 gendae
2354 1704 2509 1779 foras
2538 1703 2844 1774 procedere
2866 1702 3096 1767 debent,
3122 1719 3272 1775 quos
3301 1707 3359 1759 et
3379 1721 3607 1760 morum
3631 1722 3763 1778 gra-

2102 1794 2268 1859 vitas,
2301 1795 2359 1847 et
2404 1792 2593 1848 astatis
2642 1792 2970 1855 maturitas,
3020 1795 3078 1846 et
3124 1791 3404 1847 diuturna
3451 1793 3760 1866 sanctitas,

2102 1886 2277 1954 atque
2299 1884 2621 1954 temperata
2637 1879 2909 1936 discretio
2930 1880 3171 1936 idoneos
3194 1880 3401 1936 reddit.
3421 1881 3759 1938 Notandum

2101 1973 2252 2045 quod
2276 1974 2335 2026 et
2352 1971 2402 2026 is
2423 1971 2522 2043 qui
2547 1974 2783 2043 propter
2806 1968 3028 2036 villam,
3052 1974 3109 2025 et
3133 1969 3182 2024 is
3206 1970 3306 2042 qui
3324 1973 3560 2042 propter
3581 1972 3760 2045 quin-

2100 2078 2213 2134 que
2236 2061 2383 2132 juga
2411 2059 2589 2115 boum
2635 2057 2830 2113 venire
2856 2062 3116 2124 excusat,
3157 2057 3217 2112 in
3248 2059 3618 2115 excusatione
3648 2077 3763 2116 sua

2098 2151 2301 2207 eadem
2347 2147 2525 2204 verba
2577 2147 2901 2219 proferunt,
2950 2163 3084 2202 cum
3130 2146 3371 2204 dicunt:
3424 2170 3453 2198 ι(
3486 2149 3646 2222 Rogo
3677 2152 3758 2217 te,

2098 2239 2249 2294 habe
2281 2254 2374 2294 me
2403 2240 2767 2291 excusatum.
2791 2256 2818 2285 ››
2849 2235 2996 2291 Cum
3028 2235 3186 2292 enim
3214 2236 3376 2304 dicit,
3401 2242 3594 2311 «Rogo
3625 2242 3708 2307 te,
3730 2262 3760 2287 ››

2097 2326 2402 2383 humilitas
2459 2329 2629 2380 sonat
2669 2324 2730 2379 in
2758 2340 2935 2392 voce;
2993 2341 3127 2382 cum
3170 2329 3365 2381 autem
3424 2327 3757 2402 subjuugit,

2098 2440 2127 2469 ‹‹
2160 2416 2310 2472 habe
2328 2431 2420 2470 me
2430 2417 2832 2479 excusatum,»
2855 2413 3130 2486 superbia
3148 2414 3480 2471 ostenditur
3499 2416 3558 2470 in
3581 2417 3758 2473 actio-

2096 2522 2188 2561 ne.
2223 2504 2372 2559 Sunt
2401 2503 2557 2558 enim
2605 2500 2872 2557 nonnulli
2921 2501 3167 2558 inﬁrmat
3200 2503 3412 2561 mentis
3459 2504 3754 2574 homines,

2096 2594 2197 2667 qui
2220 2610 2393 2649 suave
2408 2591 2845 2665 jugumeristi
2867 2591 3163 2664 suscipere
3185 2596 3539 2659 metuunt,et
3551 2596 3750 2650 tamen

2094 2685 2153 2740 in
2186 2681 2596 2755 iniquitatibus
2617 2680 2741 2735 suis
2753 2680 2951 2751 jacere
2980 2696 3096 2736 non
3130 2679 3466 2738 formidant.
3490 2682 3662 2740 Tales
3687 2687 3751 2739 ut

2093 2772 2404 2830 Psalmista
2431 2770 2512 2825 ait
2542 2792 2571 2819 «
2602 2768 2720 2824 illic
2749 2767 3189 2841 trepidaverunt
3233 2770 3462 2839 timore,
3495 2771 3598 2827 ubi
3627 2790 3745 2828 non

2091 2865 2182 2919 est
2227 2860 2405 2916 timor
2448 2859 2622 2926 (Psal.
2653 2856 2796 2929 xm).
2832 2878 2860 2907 »
2893 2857 3121 2923 Quibus
3161 2875 3296 2914 cum
3328 2876 3363 2915 a
3408 2861 3746 2919 doctoribus

2092 2950 2460 3024 praedicatur,
2475 2951 2539 3003 ut
2559 2945 2885 3020 pravitates
2902 2963 3042 3002 suas
3062 2947 3354 3016 deserant,
3369 2952 3427 3004 et
3445 2949 3747 3006 saecularia

2092 3038 2381 3096 desideria
2403 3038 2709 3110 abnegent,
2732 3035 3085 3109 respondere
3104 3035 3330 3092 solent:
3365 3037 3523 3111 Rogo
3542 3042 3620 3106 te,
3643 3057 3745 3096 ora

2093 3146 2196 3202 pro
2229 3144 2342 3195 me,
2375 3127 2484 3183 hoc
2532 3129 2727 3181 tamen
2759 3140 2930 3197 agere
2961 3141 3076 3179 non
3109 3140 3373 3196 possum.
3417 3125 3561 3183 Cum
3608 3144 3743 3201 ergo

2095 3215 2269 3273 dicit:
2307 3217 2466 3288 Rogo
2490 3218 2565 3282 te,
2600 3231 2699 3269 ora
2721 3230 2826 3286 pro
2850 3229 2968 3269 me:
2993 3217 3051 3269 et
3070 3216 3204 3269 eum
3238 3212 3413 3270 dicit:
3439 3215 3557 3272 Hoc
3577 3233 3745 3290 agere

2088 3322 2205 3362 non
2236 3321 2500 3378 possum,
2533 3302 2634 3375 qui
2662 3300 2823 3358 aliud
2852 3304 2960 3369 est,
2996 3300 3111 3357 nisi
3143 3301 3283 3374 quia
3313 3301 3618 3361 humilitas
3647 3322 3743 3363 so—

2087 3398 2189 3450 nat
2210 3392 2269 3449 in
2290 3409 2428 3449 voce
2449 3397 2506 3447 et
2532 3389 2810 3463 superbia
2835 3390 2893 3445 in
2924 3390 3181 3446 actione?
3202 3389 3373 3447 Tales
3394 3392 3744 3466 signiﬁcavit

2086 3484 2292 3540 Petrus
2314 3481 2507 3537 adhuc
2537 3479 2597 3535 in
2619 3477 2963 3535 inﬁrmitate
2983 3479 3232 3551 positus,
3261 3481 3497 3551 quando
3523 3482 3645 3538 viso
3667 3480 3741 3537 mi

2087 3570 2286 3628 raeulo
2316 3569 2593 3644 piscium,
2621 3567 2801 3624 dixit:
2836 3590 2865 3617 ‹‹
2899 3566 3001 3623 Exi
3034 3584 3068 3623 a
3098 3584 3210 3633 me,
3235 3568 3375 3641 quia
3404 3569 3582 3626 homo
3612 3588 3740 3644 pec-

2086 3664 2247 3717 cator
2272 3676 2428 3726 sum,
2453 3658 2696 3714 Domine
2726 3657 2877 3730 (Luc.
2909 3660 2987 3725 v).
3021 3678 3049 3705 »
3081 3656 3192 3714 Sed
3226 3657 3325 3730 qui
3367 3674 3431 3713 se
3478 3663 3740 3732 peccato-

2084 3764 2209 3806 rem
2237 3746 2589 3812 considerat,
2621 3746 2804 3802 Deum
2854 3762 2889 3801 a
2917 3745 3090 3802 corde
3117 3761 3224 3801 suo
3254 3745 3414 3801 nullo
3446 3748 3622 3804 modo
3652 3765 3741 3805 re-

2085 3837 2280 3912 pellat,
2305 3836 2405 3893 sed
2435 3853 2550 3909 quo
2580 3835 2768 3908 magis
2789 3851 2850 3891 se
2874 3833 3122 3908 impium
3144 3833 3436 3910 intelligit,
3462 3852 3530 3892 eo
3555 3838 3746 3911 magis

2087 3924 2553 3983 misericordiam
2583 3923 2683 3980 Dei
2706 3922 3004 3996 imploret.

2158 4037 2186 4065 ‹‹
2219 4015 2289 4070 Et
2317 4012 2468 4069 alius
2500 4012 2681 4068 dixit:
2731 4013 2972 4070 Uxorem
3004 4010 3165 4076 duxi,
3197 4016 3255 4068 et
3283 4011 3412 4069 ideo
3444 4030 3561 4070 non
3614 4032 3746 4089 pos-

2087 4126 2115 4155 «
2151 4120 2283 4160 sum
2312 4102 2590 4158 venire.»
2641 4101 2789 4167 Quid
2844 4117 2950 4174 per
2997 4117 3258 4168 uxorem,
3314 4101 3427 4158 nisi
3477 4103 3748 4178 voluptas

2084 4191 2278 4249 carnis
2309 4191 2653 4265 designatur
2671 4191 2700 4245 ?
2728 4190 2842 4246 Nec
2876 4190 3116 4246 mirum.
3141 4188 3304 4247 Solet
3323 4190 3478 4247 enim
3501 4208 3608 4264 per
3629 4192 3748 4249 lici-

2085 4284 2207 4337 tam
2239 4297 2362 4337 rem
2395 4297 2486 4337 res
2509 4278 2715 4335 illicita
2735 4278 3355 4352 ﬁgurari.ijugium
3379 4296 3641 4354 namque
3661 4288 3749 4339 est

2084 4387 2178 4426 res
2209 4369 2385 4434 licita,
2412 4368 2549 4440 quia
2579 4384 2614 4423 a
2643 4367 2760 4423 Deo
2782 4383 3125 4424 concessum
3149 4371 3258 4435 est,
3284 4367 3437 4423 sicut
3459 4370 3744 4443 scriptum

2085 4462 2209 4516 est:
2245 4481 2273 4508 «
2305 4459 2489 4513 Erunt
2517 4457 2633 4513 duo
2664 4457 2725 4512 in
2756 4472 2929 4513 carne
2959 4473 3077 4512 una
3106 4459 3306 4524 (Marc.
3341 4459 3418 4526 x).
3446 4480 3473 4508 »
3508 4459 3581 4514 Et
3604 4461 3749 4533 Apo-

331 4546 578 4611 ceteris,
614 4544 675 4599 in
723 4561 830 4600 suo
887 4545 1112 4602 trabem
1175 4561 1290 4599 non
1354 4542 1559 4599 videns
1606 4543 1809 4614 (Matth.
1858 4545 1977 4616 vn),
2011 4561 2056 4625 Ι)
2087 4547 2305 4603 stolas:
2336 4570 2357 4595 α
2386 4546 2540 4609 Quos
2570 4544 2722 4601 Deus
2752 4544 3077 4616 conjunxit,
3128 4545 3305 4601 homo
3352 4563 3468 4602 non
3519 4554 3749 4621 separet

332 4633 500 4708 quasi
534 4634 604 4689 ad
639 4633 942 4705 probanda
961 4633 1109 4706 juga
1125 4633 1303 4689 boum
1336 4631 1662 4706 egrediens,
1692 4632 1763 4687 ad
1787 4631 1979 4688 convi-

328 4724 488 4779 vium
520 4720 751 4778 Domini
783 4738 898 4777 non
927 4721 1106 4777 venit.
1141 4721 1324 4777 Grave
1346 4736 1604 4792 namque
1623 4720 1977 4778 curiositatis

331 4810 767 4884 estvitium,qui
785 4810 927 4867 dum
948 4810 1170 4867 alienas
1183 4809 1438 4866 actiones
1451 4809 1979 4881 dijudicat,semet—

329 4901 525 4974 ipsum
557 4898 942 4957 obliviscitur.
962 4899 1131 4956 Tales
1149 4896 1842 4973 signiﬁcavitDinaJacob
1857 4899 1979 4957 ﬁlia

331 4992 800 5061 (Gen.xuu),quze
814 5006 950 5045 cum
966 5005 1201 5063 egressa
1212 4991 1368 5045 esset
1389 4992 1452 5043 ut
1462 4987 1681 5044 videret
1699 4986 1978 5045 mulieres

332 5076 587 5152 regionis
614 5077 795 5147 illius,
826 5077 1090 5136 videlicet
1119 5076 1500 5144 Sichimis,ad
1515 5093 1692 5149 quam
1713 5075 1979 5149 ingressa

332 5167 520 5223 fuerat
557 5183 690 5221 cum
739 5171 905 5239 patre
960 5173 1018 5223 et
1066 5166 1364 5235 fratribus,
1397 5164 1648 5238 turpiter
1679 5182 1714 5221 a
1744 5165 1975 5223 Sichem

331 5255 510 5311 Emor
538 5253 658 5309 tilio
690 5258 1093 5329 consturpata,
1129 5259 1291 5329 patre
1319 5253 1735 5311 interveniente
1774 5258 1832 5310 et
1862 5255 1977 5311 fra-

332 5342 521 5399 tribus
551 5341 954 5415 pugnautibus
992 5344 1257 5411 liberata,
1291 5344 1361 5400 ad
1382 5348 1696 5416 paternam
1735 5344 1977 5400 domum

334 5447 563 5488 reversa
593 5436 701 5487 est.
735 5432 978 5497 Quando
1008 5432 1165 5489 enim
1197 5449 1363 5489 mens
1411 5431 1836 5488 infirmantium
1884 5449 1976 5489 ac-

330 5522 520 5579 tiones
553 5520 783 5577 curiose
814 5524 1241 5594 perserutatur,
1272 5522 1439 5595 quasi
1474 5521 1624 5577 Dina
1654 5520 1775 5577 tilia
1798 5522 1978 5579 Jaeob

335 5610 609 5669 mulieres
632 5609 886 5684 regionis
901 5610 1095 5669 videre
1114 5610 1477 5678 desiderans,
1493 5627 1526 5667 a
1543 5614 1786 5683 paterna
1806 5611 1977 5669 domo

2089 4636 2295 4706 (Ibid.).
2322 4656 2350 4685 »
2381 4634 2492 4690 Sed
2525 4634 2666 4689 dum
2698 4631 2964 4707 plerique
2993 4649 3109 4690 non
3139 4650 3244 4707 pro
3275 4634 3567 4691 desiderio
3596 4636 3745 4693 filio-

2087 4724 2346 4790 rum,sed
2370 4740 2474 4796 pro
2504 4720 2630 4779 sola
2658 4722 2852 4779 carnis
2882 4722 3264 4780 delectatione
3294 4723 3579 4796 explenda
3601 4725 3743 4782 illud

2087 4814 2438 4887 suscipiunt,
2472 4812 2545 4869 ad
2577 4811 2904 4869 convivium
2934 4812 3033 4869 Dei
3060 4812 3258 4869 venire
3286 4818 3743 4877 recusant,com-

2086 4901 2273 4976 parati
2295 4901 2586 4974 jumentis
2616 4899 3055 4973 insipientibus,
3088 4905 3147 4957 et
3173 4900 3403 4957 similes
3438 4902 3573 4957 facti
3603 4908 3742 4959 sunt

2085 4992 2224 5060 illis,
2259 4991 2318 5046 in
2350 5006 2602 5063 quorum
2622 4988 3110 5063 vituperationem
3142 5006 3246 5062 per
3273 4990 3620 5063 prophetam
3653 4992 3739 5048 di-

2087 5081 2276 5137 citur:
2311 5103 2338 5130 «
2372 5078 2517 5152 Equi
2566 5083 2857 5135 amatores
2886 5082 2943 5134 et
2987 5077 3298 5148 emissarii,
3331 5078 3737 5154 unusquisque

2086 5170 2162 5226 ud
2188 5183 2426 5225 uxorem
2452 5166 2698 5239 proximi
2732 5168 2823 5224 sui
2854 5167 3159 5225 hinniebat
3198 5170 3328 5240 (Jer.
3361 5169 3438 5238 v).
3472 5191 3501 5220 ››
3534 5169 3606 5225 Et
3634 5168 3734 5225 ite-

2086 5276 2217 5315 rum
2244 5275 2257 5314 :
2310 5282 2338 5307 «
2365 5257 2622 5322 Quorum
2655 5273 2860 5313 carnes
2891 5255 3047 5313 sicut
3070 5274 3276 5315 carnes
3306 5259 3633 5325 asinorum,
3682 5262 3737 5315 et

2087 5348 2242 5404 sicut
2272 5346 2463 5402 ﬂuxus
2493 5361 2776 5416 equorum
2809 5345 3000 5402 fluxus
3031 5363 3234 5403 eorum
3259 5346 3474 5420 (Ezech.
3506 5349 3684 5414 mu),
3706 5369 3731 5397 »

2087 5436 2305 5509 quibus
2334 5450 2437 5506 per
2481 5432 2831 5506 Prophetam
2860 5434 3105 5492 dicitur:
3154 5458 3182 5486 «
3215 5435 3402 5492 Nolite
3433 5434 3559 5491 fieri
3588 5434 3733 5489 sicut

2085 5539 2275 5595 equus
2326 5525 2383 5578 et
2437 5521 2655 5589 mulus,
2687 5522 2905 5594 quibus
2936 5540 3052 5580 non
3083 5528 3174 5581 est
3202 5522 3536 5581 intellectus
3564 5521 3726 5595 (Psal.

2084 5612 2257 5684 XXXI).
2285 5634 2313 5662 »
2360 5611 2502 5667 Tres
2531 5626 2665 5682 ergo
2696 5610 2932 5668 ordines
2962 5612 3246 5671 Dominus
3294 5611 3725 5671 excusatienum
