4050 6174
211 312 323 378 605

1442 313 1794 378 HOMILUE
1837 311 1937 373 DE
1982 311 2382 374 TEMPOHE.

3487 295 3616 376 eos
3662 319 3688 336 κ

210 446 701 517 commemoravit,
737 447 874 523 quia
905 446 1018 506 tria
1046 453 1186 506 sunt
1215 446 1556 523 spiritaliter
1598 445 1755 512 vitia,
1788 445 1848 501 in
1879 444 1932 512 Α
1962 443 2344 519 colliguntur;
2366 443 2503 518 quia
2520 443 2884 519 dignumest,
2904 451 2964 502 ut.
2982 463 3130 520 quos
3149 448 3404 508 mundus
3421 451 3611 525 despi.

210 538 424 610 quibus
453 555 639 612 genus
670 539 997 595 humanum
1048 541 1300 596 maxime
1345 539 1745 612 implecatum,
1778 537 1849 592 ad

207 626 534 684 convivium
565 628 663 683 Dei
695 629 888 684 venire
918 630 1255 694 contemnit,
1293 646 1393 701 per
1423 645 1550 700 qua:
1576 632 1631 682 et
1661 626 1854 681 diabo-

203 715 295 771 lus
327 717 530 772 Jesum
563 717 858 772 Christum
893 718 1152 785 tentavit,
1176 719 1233 773 id
1267 722 1372 781 est,
1395 734 1496 788 per
1526 715 1852 782 avaritiam,

200 823 306 878 per
334 806 898 878 curiositatem,quze
930 808 1222 880 pertinent
1254 808 1321 861 ad
1349 823 1555 861 vanam
1583 804 1849 877 gloriam,

201 899 256 950 et
286 911 392 965 per
424 894 958 966 concupiscentiam
991 896 1201 960 carnis,
1239 895 1296 949 id
1341 899 1429 950 est
1474 911 1574 965 per
1603 893 1802 964 gulam
1838 909 1850 946 :

197 1000 328 1054 quae
347 983 596 1039 sollicite
619 999 724 1039 nos
747 1000 946 1039 cavere
963 984 1216 1039 Joannes
1238 982 1536 1054 apostolus
1559 984 1853 1046 admonet,

195 1089 338 1126 cum
369 1071 513 1127 dicit
543 1087 557 1127 :
591 1095 617 1121 ‹‹
653 1071 1017 1137 Charissimi,
1049 1072 1228 1129 nolite
1271 1071 1509 1143 diligere
1542 1071 1852 1136 mundum,

193 1178 396 1233 neque
425 1177 493 1217 ea
523 1178 649 1232 quae
681 1162 738 1216 in
772 1161 992 1218 mundo
1024 1167 1164 1218 sunt
1196 1180 1208 1217 :
1242 1161 1381 1234 quia
1411 1177 1582 1216 omne
1612 1159 1767 1231 quod
1796 1158 1855 1214 in

190 1250 426 1305 mundo
469 1255 574 1318 est,
608 1250 1083 1322 concupiscentia
1125 1250 1320 1305 carnis
1352 1253 1458 1316 est,
1491 1253 1548 1304 et
1575 1249 1856 1319 concupi-

186 1337 432 1394 scentia
462 1337 763 1393 oculorum
797 1339 842 1409 (1
871 1343 1039 1396 Joan.
1075 1339 1156 1408 ιι),
1191 1345 1247 1393 et
1277 1339 1519 1393 ambitio
1573 1337 1789 1394 saeculi.
1830 1360 1855 1385 ››

185 1428 437 1499 Emptio
465 1444 599 1500 ergo
621 1427 768 1482 villae
791 1428 863 1482 ad
886 1427 1263 1484 ambitionem
1290 1427 1483 1483 szeculi
1507 1428 1774 1498 pertinet,
1799 1426 1856 1481 id

184 1521 280 1572 est
316 1517 392 1572 ad
427 1516 749 1571 avaritiam.
773 1517 1040 1573 Probatio
1064 1518 1323 1588 quinque
1345 1519 1625 1590 jugorum
1655 1517 1856 1580 boum,

187 1606 262 1660 ad
297 1605 845 1677 concupiscentiam
877 1605 1202 1673 oculorum,
1239 1606 1295 1661 id
1327 1611 1416 1662 est
1445 1607 1514 1661 ad
1547 1604 1858 1660 curiosita-

185 1698 339 1749 tem.
373 1695 722 1764 Conjunctio
753 1694 974 1764 uxoris,
993 1696 1062 1750 ad
1088 1694 1618 1767 concupiscentiam
1641 1693 1856 1759 carnis,

188 1783 245 1838 id
273 1784 467 1839 estad
492 1782 806 1839 luxuriam.
830 1783 988 1839 Alios
1011 1784 1167 1839 enim
1190 1785 1466 1856 superbia
1494 1785 1679 1848 inflat,
1715 1783 1858 1838 alios

191 1871 438 1927 luxuria
470 1872 744 1939 maculat,
777 1872 923 1928 alios
956 1873 1247 1945 cupiditas
1277 1872 1363 1929 vel
1415 1873 1722 1928 curiositas
1763 1874 1858 1927 de-

193 1963 502 2017 vastat.Ex
517 1979 718 2017 earum
737 1961 894 2018 enim
915 1961 1209 2017 radicibus
1229 1961 1396 2017 multi
1416 1961 1688 2017 vitiorum
1712 1963 1859 2016 rami

197 2048 518 2121 pullulant,
553 2050 652 2120 qui
685 2050 901 2106 multos
934 2066 967 2105 a
996 2051 1254 2106 convivio
1294 2051 1392 2106 Dei
1427 2055 1714 2107 revocant.
1750 2053 1859 2107 Fu-

200 2137 428 2211 gientes
461 2155 596 2211 ergo
629 2139 933 2210 superiora
961 2138 1121 2204 vitia,
1145 2157 1258 2195 non
1287 2139 1534 2196 aliorum
1569 2141 1861 2213 nequitias

204 2229 662 2298 perserutemur,
697 2227 798 2281 scd
843 2227 914 2281 ad
947 2243 1052 2281 nos
1085 2227 1320 2293 reversi,
1356 2228 1682 2299 cogitemus
1713 2227 1860 2284 tales

206 2331 311 2371 nos
344 2316 546 2380 fuisse,
571 2317 670 2369 aut
699 2313 846 2371 tales
877 2332 984 2370 nos
1015 2331 1143 2370 esse
1176 2332 1364 2387 posse.
1391 2316 1778 2388 Cupiditatem
1806 2320 1874 2394 et.

209 2404 510 2460 avaritiam
545 2404 862 2476 fugiamus,
882 2408 939 2459 et
969 2422 1256 2477 pauperes
1287 2422 1414 2460 esse
1447 2411 1680 2477 propter
1705 2406 1862 2460 Chri-

211 2498 365 2548 stum
395 2491 817 2557 desideremus,
853 2497 917 2547 ut
946 2494 1028 2547 ait
1055 2493 1367 2565 Apostolus
1404 2512 1415 2548 :
1453 2495 1742 2549 Habentes
1773 2495 1861 2548 vi-

213 2585 368 2636 ctum
398 2586 454 2635 et
485 2580 922 2653 vestimentum,
956 2604 981 2629 ‹‹
1018 2581 1112 2636 his
1143 2582 1400 2637 contenti
1431 2583 1619 2638 simus
1653 2585 1698 2655 (1
1724 2585 1857 2638 Tim.

213 2675 310 2736 γι).
338 2692 363 2719 n
388 2669 777 2724 Petulantiam
809 2687 922 2726 non
957 2669 1147 2725 solum
1172 2670 1488 2742 fugiamus,
1509 2673 1607 2726 sed
1633 2671 1807 2727 etiam
1829 2691 1862 2728 a

211 2757 366 2814 licito
389 2775 494 2813 usu
529 2757 785 2832 coujugii
811 2759 1215 2815 abstineamus
1241 2777 1254 2815 :
1281 2766 1334 2814 et
1366 2761 1691 2815 secundum
1718 2764 1862 2833 Apo-

215 2845 423 2902 stolum
453 2869 479 2894 ››
513 2846 794 2902 habentes
827 2864 1054 2914 uxores,
1077 2847 1266 2903 simus
1287 2853 1570 2921 tanquam
1605 2866 1718 2903 non
1751 2849 1859 2904 ha-

216 2935 413 2991 bentes
445 2935 486 3007 (ι
511 2937 638 2992 Cor.
665 2937 788 3007 vn).
817 2959 842 2984 ››
866 2968 932 2976 -—
957 2960 983 2986 ‹‹
1008 2938 1076 2991 Et
1106 2954 1373 2992 reversus
1405 2955 1608 2993 servus
1630 2939 1862 2993 nuntia-

212 3025 300 3078 vit
328 3049 350 3071 α
384 3024 500 3079 haec
532 3025 780 3080 Domino
810 3042 937 3080 suo.
975 3048 1001 3073 ››
1029 3027 1242 3081 Servus
1275 3025 1403 3093 iste,
1441 3031 1504 3081 ut
1532 3044 1710 3098 supra
1741 3027 1860 3082 dic-

215 3117 340 3168 tum
358 3113 721 3186 est,speciem
739 3117 897 3170 tenet
914 3114 1489 3170 doctorum.Nuntiat
1505 3133 1640 3188 ergo
1659 3132 1861 3171 servus

1962 537 2059 603 cit,
2087 541 2235 591 Deus
2256 535 2450 607 eligat.
2478 537 2641 603 Quia,
2664 536 2814 591 sicut
2837 537 2918 592 ait
2946 538 3279 610 Apostolus,
3315 563 3342 590 ‹‹
3376 541 3611 597 infirma

1963 626 2169 680 mundi
2200 624 2371 697 elegit
2392 630 2562 690 Deus,
2592 631 2652 679 ut
2674 626 2992 680 confundat
3017 627 3220 695 fortia;
3249 632 3304 684 et
3333 629 3613 701 ignobilia

1963 714 2169 770 mundi
2199 718 2255 768 et
2283 713 2745 785 contemptibilis
2772 714 2963 786 elegit,
2989 721 3053 771 ut
3073 732 3141 770 ea
3161 735 3289 787 quae
3315 735 3427 772 non
3453 724 3609 786 sunt,

1968 809 2028 860 ut
2060 822 2126 859 ea
2157 821 2283 876 quae
2311 808 2451 858 sunt
2481 805 2805 858 destrueret
2826 804 2873 871 (Ι
2897 807 3019 860 Cor.
3054 808 3115 876 1).
3144 828 3170 854 ››
3209 805 3313 861 Ubi
3346 805 3616 879 colligere

1965 909 2138 964 possu
2151 907 2301 958 mus,
2323 891 2458 962 quia
2483 909 2584 963 per
2614 890 2984 947 infirmitates
3017 895 3438 960 membrorum,
3461 895 3618 949 infir-

1966 980 2200 1036 mitates
2231 980 2513 1036 mentium
2548 998 2830 1053 expressa
2863 985 3022 1036 sunt.
3059 982 3349 1054 Pauperes
3380 984 3537 1040 enim
3560 989 3617 1039 et

1965 1069 2185 1125 debiles
2215 1073 2372 1135 sunt,
2409 1070 2506 1141 qui
2557 1087 2617 1124 se
2664 1071 2819 1141 apud
2867 1055 3613 1143 semetipsosdespiciunt.

1967 1159 2131 1226 Caeci,
2162 1176 2310 1230 quos
2361 1158 2687 1215 intellectus
2718 1159 3152 1231 Scripturarum
3187 1159 3348 1216 nullo
3384 1161 3616 1232 ingenio

1968 1247 2282 1304 illuminat.
2317 1248 2542 1315 Claudi,
2575 1247 2674 1320 qui
2707 1266 2809 1320 per
2838 1247 3199 1304 intellectum
3231 1250 3383 1304 viam
3415 1251 3509 1305 Dei
3541 1252 3619 1305 vi-‘

1967 1339 2124 1405 dent,
2150 1343 2206 1392 et
2236 1343 2432 1393 tamen
2466 1355 2580 1410 prae
2618 1337 2955 1392 infirmitate
2977 1338 3192 1393 mentis
3215 1355 3461 1409 peream
3487 1357 3615 1395 cur-

1969 1445 2091 1483 rere
2125 1428 2460 1482 formidant.
2497 1429 2560 1481 Et
2591 1426 2646 1480 lii
2681 1444 2815 1499 ergo
2847 1427 2944 1496 qui
2989 1425 3362 1498 colliguntur,
3399 1429 3618 1500 peccati

1919 1519 1930 1532 ‘
1967 1517 2199 1571 vinculo
2232 1521 2522 1581 tenentur,
2549 1516 2701 1570 sicut
2731 1515 2886 1570 etilli
2913 1516 3011 1587 qui
3037 1517 3229 1572 venire
3253 1522 3618 1590 contempse-

1971 1610 2119 1661 rant.
2174 1607 2285 1660 Sed
2333 1622 2616 1678 pauperes
2665 1604 2917 1659 humiles
2965 1604 3338 1677 colliguntur,
3381 1608 3617 1679 SUperbi

1969 1711 2101 1750 vero
2135 1699 2465 1767 peccatores
2503 1693 2925 1766 despiciuntur.
2963 1695 3317 1764 Frequenter
3346 1696 3500 1750 enim
3534 1695 3617 1750 illi

1892 1820 1939 1884 B
1972 1784 2200 1839 facilius
2233 1784 2304 1838 ad
2329 1788 2508 1838 Deum
2531 1786 2966 1848 convertuntur,
2983 1800 3130 1854 quos
3154 1784 3354 1839 mundi
3381 1801 3620 1857 prospe-

1972 1873 2116 1928 ritas
2148 1872 2394 1928 diversis
2425 1870 2908 1943 occupationibus
2942 1888 3054 1927 non
3087 1871 3248 1943 ligat.

2043 1985 2070 2014 ‹‹
2106 1963 2172 2016 Et
2202 1962 2283 2016 ait
2309 1977 2543 2017 servus:
2569 1960 2835 2026 Domine,
2859 1961 3077 2016 factum
3100 1964 3187 2016 est
3212 1963 3276 2015 ut
3296 1961 3619 2033 imperasti,

1972 2074 1998 2101 ‹‹
2034 2056 2090 2106 et
2135 2051 2326 2106 adhuc
2377 2050 2538 2105 locus
2591 2055 2698 2104 est.
2734 2073 2762 2100 ››
2795 2051 2875 2104 Ae
2917 2049 2966 2104 si
3015 2049 3231 2105 diceret
3265 2067 3276 2105 :
3309 2050 3440 2106 Jam
3486 2069 3622 2124 pars

1972 2141 2238 2211 quaedam
2271 2157 2338 2194 ex
2361 2138 2581 2194 Judmis
2613 2137 2876 2202 credidit,
2897 2139 2995 2193 sed
3022 2138 3213 2193 adhuc
3237 2138 3397 2194 locus
3422 2144 3623 2208 restat,

1971 2229 2067 2283 ubi
2091 2227 2402 2284 multitudo
2423 2227 2687 2300 gentium
2706 2227 3086 2284 subintroeat.
3105 2232 3180 2283 De
3198 2227 3414 2300 quibus
3431 2229 3623 2285 adhuc

1971 2317 2242 2372 subditur
2276 2336 2288 2372 :

2043 2432 2069 2458 ‹‹
2102 2409 2171 2462 Et
2200 2408 2279 2462 ait
2312 2407 2592 2462 Dominus
2622 2423 2786 2462 servo
2821 2424 2833 2461 :
2868 2407 2969 2461 Exi
3003 2407 3060 2461 in
3091 2406 3214 2461 vias
3247 2412 3303 2462 et
3352 2424 3539 2480 sepes,
3568 2413 3625 2465 et

1973 2519 2000 2545 «
2050 2496 2330 2569 compelle
2378 2495 2614 2563 intrare,
2673 2499 2737 2550 ut
2786 2495 3098 2568 impleatur
3148 2498 3359 2553 domus
3407 2513 3556 2554 mea.
3595 2521 3622 2548 ››

1973 2585 2115 2640 Cum
2157 2585 2429 2656 superius
2457 2585 2742 2640 Dominus
2774 2584 2843 2638 de
2895 2584 3104 2657 plateis
3135 2591 3192 2641 et
3223 2586 3364 2641 vicis
3395 2587 3623 2659 aliquos

1972 2674 2239 2746 colligere
2270 2674 2560 2746 prmcepit,
2593 2672 2876 2745 populum
2925 2674 3259 2729 Judaaorum
3291 2673 3624 2746 significare

1970 2762 2171 2830 voluit,
2197 2763 2295 2834 qui
2330 2763 2728 2818 suburbanam
2752 2761 3174 2818 habitationem
3199 2762 3422 2834 accepit
3448 2781 3460 2818 :
3485 2762 3624 2834 quia

1973 2853 2028 2907 in
2065 2852 2310 2908 urbibus
2340 2852 2507 2923 quasi
2559 2850 2618 2905 in
2668 2850 2810 2906 vicis
2860 2852 3123 2922 degebat,
3158 2855 3214 2907 et
3244 2851 3303 2906 in
3335 2851 3622 2924 legalibus

1972 2941 2258 2996 institutis
2289 2940 2721 3011 quodammodo
2750 2939 3015 2994 excultus
3064 2940 3192 2994 fuit.
3227 2941 3394 2996 Nunc
3423 2945 3618 2996 autem

1972 3046 2105 3084 cum
2139 3030 2207 3084 de
2238 3029 2344 3084 viis
2375 3034 2432 3083 et
2463 3029 2700 3100 sepibus
2730 3027 2875 3084 alios
2905 3028 3120 3083 intrare
3143 3027 3460 3100 compellit,
3484 3045 3623 3100 gen-

1972 3117 2135 3174 tilem
2171 3118 2451 3190 populum
2485 3117 2732 3188 intelligi
2759 3116 2883 3171 vult
2917 3123 3203 3190 agrestem
3235 3123 3293 3173 et
3340 3119 3626 3189 quodam-

216 3200 453 3256 Domino
485 3219 592 3256 suo
622 3203 797 3257 verba
829 3202 1253 3267 excusantium,
1287 3219 1421 3257 cum
1455 3203 1718 3258 doctores
1757 3220 1860 3274 pro
1893 3188 1934 3253 C
1976 3208 2146 3262 modo
2169 3188 2202 3262 a
2225 3188 2451 3262 cultura
2468 3205 2564 3262 Dei
2590 3188 3136 3262 alienum.Primum
3160 3223 3296 3278 ergo
3319 3188 3376 3260 in
3401 3206 3623 3278 plateas

217 3288 440 3345 illorum
459 3291 754 3346 erroribus
767 3290 982 3359 dolent,
999 3295 1174 3362 atque
1197 3291 1542 3362 simpliciter
1553 3291 1754 3347 Domin
1766 3309 1861 3346 um

217 3379 610 3449 deprecantur,
627 3395 776 3452 quos
795 3380 1036 3435 verbum
1062 3380 1160 3436 Dei
1185 3381 1484 3452 despicere
1506 3384 1866 3452 cognoscunt

216 3472 276 3522 et
302 3468 366 3522 ad
396 3484 617 3524 cumam
647 3468 863 3524 venire.
901 3469 1009 3524 Sed
1045 3469 1312 3542 nunquid
1346 3469 1485 3540 quia
1515 3470 1692 3535 avari,
1726 3469 1865 3541 quia

219 3556 447 3622 curiosi,
495 3557 634 3629 quia
684 3556 967 3613 luxuriosi
1020 3558 1216 3614 venire
1265 3563 1666 3627 contemnunt,
1700 3559 1864 3616 locus

220 3645 452 3699 convivii
486 3645 719 3700 Domini
751 3663 969 3702 vacuus
1000 3647 1324 3702 remanebit
1346 3648 1373 3701 ?
1402 3648 1547 3703 Non.
1590 3647 1739 3703 Audi
1772 3666 1861 3704 se-

223 3733 454 3803 quentia
485 3751 498 3788 :

298 3843 324 3870 ι(
351 3823 507 3878 Tunc
529 3821 714 3878 iratus
747 3822 1185 3895 paterfamilias.
1212 3845 1240 3873 »
1264 3823 1548 3887 Quaeritur
1571 3824 1862 3896 quomodo

225 3908 331 3964 istc
359 3909 777 3982 paterfamilias
807 3910 978 3967 irasci
1010 3912 1245 3979 dicitur,
1271 3929 1446 3984 quem
1480 3914 1727 3986 figuram
1759 3914 1861 3969 Dei

227 3996 467 4054 diximus
499 4003 714 4065 tenere,
752 4017 885 4054 cum
929 3999 988 4054 in
1021 4001 1137 4056 Deo
1171 4000 1332 4056 nulla
1363 4003 1448 4056 ira
1478 4003 1665 4069 cadat,
1701 4001 1864 4057 nulla

225 4086 572 4144 mutabilitas
605 4087 698 4143 sit.
727 4089 812 4143 Ad
845 4089 999 4160 quod
1032 4090 1368 4158 dicendum,
1404 4089 1542 4161 quia
1572 4108 1733 4146 mO'e
1765 4109 1864 4147 no-

227 4179 335 4229 stro
363 4176 660 4248 Scriptura
691 4176 974 4248 loquitur,
1021 4184 1084 4233 ut
1117 4195 1217 4250 per
1263 4178 1515 4234 visibilia
1545 4179 1862 4235 invisibilia

228 4261 624 4336 intelligamus.
662 4265 861 4336 Neque
893 4266 1048 4322 enim
1081 4267 1248 4322 aliter
1279 4266 1603 4339 intelligere
1636 4273 1862 4339 potera-

227 4365 364 4406 mus.
387 4353 546 4408 Sicut
577 4353 732 4408 enim
765 4371 863 4410 rex
897 4359 1033 4411 tunc
1065 4356 1248 4411 iratus
1280 4357 1514 4422 dicitur,
1537 4358 1769 4429 quando
1801 4358 1859 4413 in

228 4447 531 4506 peccatores
563 4441 878 4498 vindictam
911 4449 1157 4512 exercet,
1190 4445 1270 4500 ita
1301 4446 1454 4500 Deus
1484 4447 1858 4518 omnipotens

1974 3301 2030 3352 et
2045 3297 2201 3352 vicos
2220 3295 2545 3370 misit,quia
2558 3295 2720 3367 prius
2733 3295 2804 3349 ad
2819 3299 3051 3367 gentem
3069 3295 3403 3350 Judazorum
3419 3295 3622 3367 praedi-

1973 3390 2196 3442 catores
2223 3402 2363 3440 suos
2386 3383 2718 3452 destinavit,
2743 3384 2943 3440 dicens
2969 3401 2981 3439 :
3017 3407 3044 3434 ‹‹
3078 3384 3142 3439 In
3173 3384 3326 3439 viam
3357 3384 3621 3458 gentium

1973 3493 2045 3530 ne
2067 3474 2348 3540 abieritis,
2373 3479 2429 3529 et
2455 3473 2515 3528 in
2539 3473 2800 3529 civitates
2820 3473 3320 3528 Samaritanorum
3347 3491 3418 3529 ne
3441 3474 3622 3528 intra-

1972 3565 2190 3631 veritis,
2221 3565 2320 3619 sed
2345 3564 2420 3618 ite
2443 3563 2636 3634 potius
2662 3563 2734 3618 ad
2765 3578 2898 3618 oves
2929 3579 3055 3632 qua:
3082 3562 3381 3633 perierunt
3413 3563 3623 3619 domus

1975 3653 2150 3710 Israel
2199 3653 2414 3722 (Matth.
2447 3653 2521 3722 Χ).
2559 3674 2586 3700 ››
2649 3650 2768 3706 Illis
2817 3655 3012 3706 autem
3063 3650 3317 3706 maxima
3345 3667 3415 3706 ex
3461 3656 3625 3722 parte

1974 3760 2089 3798 non
2132 3741 2522 3808 credentibus,
2552 3740 2800 3812 gentiles
2846 3744 3145 3807 vocantur,
3180 3756 3315 3795 cum
3359 3739 3575 3796 dicitur
3608 3758 3620 3795 :

1974 3854 2002 3881 «
2036 3832 2138 3886 Exi
2169 3831 2227 3884 in
2259 3830 2383 3885 vias
2415 3834 2470 3884 et
2523 3846 2710 3901 sepes,
2743 3834 2800 3884 et
2825 3827 3110 3900 compelle
3139 3827 3374 3893 intrare,
3418 3834 3484 3884 ut
3512 3828 3622 3884 im-

1971 3919 2204 3990 pleatur
2226 3919 2437 3972 domus
2461 3935 2609 3973 mea.
2632 3939 2660 3966 ››
2685 3917 2746 3972 In
2774 3917 2864 3972 via
2886 3915 3100 3989 quippe
3117 3917 3236 3973 lata
3257 3921 3312 3972 et
3343 3919 3621 3990 spatiosa,

1971 4024 2100 4077 quae
2131 4005 2295 4078 ducit
2324 4007 2395 4060 ad
2430 4010 2697 4070 mortem,
2717 4005 2950 4076 gentilis
2984 4005 3238 4077 populus
3269 4010 3415 4074 erat,
3435 4011 3492 4061 et
3511 4011 3625 4061 tor-

1969 4095 2156 4150 tuosis
2190 4093 2436 4149 flexibus
2482 4109 2642 4146 more
2687 4091 2935 4162 sepium,
2969 4091 3145 4146 variis
3189 4091 3538 4146 criminibus
3566 4096 3624 4147 et

1970 4182 2223 4255 peccatis
2253 4181 2545 4252 alligatus.
2582 4180 2710 4234 Sive
2765 4184 2936 4246 certe,
2975 4184 3058 4233 'ut
3099 4178 3337 4250 quidam
3394 4179 3617 4244 volunt,

1970 4289 2104 4328 cum
2139 4269 2409 4342 superius
2430 4264 2636 4323 divites
2668 4266 2894 4339 aliquos
2916 4266 3183 4340 colligere
3205 4268 3495 4339 praecepit,
3519 4284 3620 4338 po-

1970 4360 2175 4433 pulum
2205 4358 2539 4414 Judaaorum
2564 4355 2875 4427 significat,
2902 4359 2966 4410 ut
2987 4355 3208 4410 dictum
3233 4359 3339 4410 est.
3360 4359 3468 4410 Per
3489 4353 3621 4410 illos

1969 4453 2185 4514 autem,
2221 4445 2319 4518 qui
2353 4447 2423 4501 de
2471 4444 2679 4516 plateis
2724 4448 3023 4510 vocantur,
3058 4443 3322 4516 gentium
3367 4443 3619 4516 populus

227 4522 325 4583 illis
352 4529 538 4585 iratus
569 4532 894 4603 apparebit,
915 4550 1063 4604 quos
1094 4551 1197 4604 pro
1224 4533 1475 4605 peccatis
1507 4534 1726 4605 puniet.
1747 4536 1859 4591 Caa-
1891 4551 1934 4614 D
1967 4536 2326 4609 designatur,
2372 4535 2473 4606 qui
2501 4552 2570 4590 ex
2600 4532 2911 4589 altitudine
2941 4532 3029 4587 vel
3061 4531 3423 4605 longitudine
3452 4533 3619 4589 vitio-

224 4613 391 4673 terum
421 4635 552 4674 vere
589 4618 648 4674 in
681 4637 792 4676 sua
821 4626 1033 4677 natura
1057 4622 1445 4678 immutabilis
1468 4628 1576 4690 est,
1602 4628 1658 4676 et
1682 4623 1854 4679 irasci

225 4717 504 4778 nunquam
542 4711 749 4780 potest,
767 4709 921 4765 sicut
943 4711 1012 4766 de
1043 4728 1108 4767 eo
1140 4712 1380 4783 quidam
1415 4711 1647 4783 sapiens
1680 4717 1854 4768 testa-

227 4791 326 4848 tur:
354 4796 440 4851 Tu
473 4800 694 4864 autem,
713 4797 958 4855 Domine
981 4799 1396 4865 sabaoth,cum
1431 4800 1854 4871 tranquillitate

219 4875 444 4944 judicas.
473 4886 538 4939 Et
567 4885 869 4958 apostolus
895 4904 908 4940 :
935 4909 963 4937 «
994 4888 1161 4958 Apud
1193 4904 1368 4959 quem
1398 4905 1511 4942 non
1545 4892 1634 4943 est
1663 4892 1853 4945 trans-

229 4973 446 5028 mutatio
496 4975 699 5044 (Jacob.
732 4975 792 5044 ι).
832 4997 857 5023 ››
892 4981 966 5030 De
1013 4993 1126 5047 quo
1173 4976 1347 5032 etiam
1381 4976 1695 5033 Psalmista
1725 4979 1806 5033 ait
1837 4996 1850 5034 :

230 5073 249 5099 (ι
270 5056 412 5117 Deus
433 5062 616 5133 judex
636 5065 862 5134 justus,
894 5065 1058 5120 fortis
1089 5069 1145 5120 et
1175 5065 1420 5137 patiens,
1441 5067 1708 5138 nunquid
1742 5067 1851 5122 ira-

226 5145 382 5205 SCitur
414 5153 587 5222 (Psal.
621 5153 718 5224 vu)
753 5153 822 5208 de
853 5153 946 5209 die
978 5153 1035 5208 in
1068 5154 1221 5209 diem
1244 5155 1270 5208 ‘I
1304 5177 1331 5202 ››

279 5260 299 5285 ‹‹
335 5241 489 5296 Dixit
521 5257 682 5297 servo
714 5257 822 5297 suo
855 5259 867 5295 :
904 5243 1002 5297 Exi
1056 5243 1170 5298 cito
1218 5242 1278 5298 in
1322 5243 1547 5315 plateas
1595 5249 1651 5299 et
1683 5245 1854 5301 vicos

224 5338 248 5368 α
273 5325 536 5395 civitatis,
554 5333 612 5384 et
639 5346 926 5401 pauperes
958 5349 1023 5387 ac
1053 5330 1294 5400 debiles,
1321 5349 1500 5388 caecos
1531 5337 1589 5388 et
1615 5333 1852 5390 claudos

216 5425 246 5454 ιτ
270 5416 543 5489 compelle
575 5417 811 5474 intrare.
849 5442 876 5469 ››
911 5419 1117 5476 Plateae
1149 5438 1183 5476 a
1212 5419 1523 5476 latitudine
1555 5422 1848 5490 dicuntur,

213 5493 353 5582 ficus
383 5511 581 5562 autem
614 5523 647 5562 a
676 5507 1118 5564 convivantibus
1150 5526 1363 5566 nomen
1387 5511 1625 5582 accepit.
1646 5512 1852 5582 Super-

212 5579 291 5644 his
313 5611 456 5665 ergo
483 5595 678 5650 venire
711 5598 1244 5665 contemnentibus,
1280 5599 1532 5655 humiles
1566 5616 1852 5670 pauperes

1967 4644 2119 4692 rum,
2146 4643 2248 4698 per
2276 4623 2745 4696 praedicationem
2779 4621 3198 4694 apostolorum,
3225 4621 3297 4676 ab
3327 4620 3616 4678 idolorum

1966 4714 2212 4770 culturis
2246 4714 2318 4769 ad
2352 4730 2549 4768 verum
2583 4713 2767 4767 Deum
2800 4709 3059 4766 conversi
3096 4714 3255 4765 sunt.
3289 4710 3370 4765 De
3401 4709 3617 4781 quibus

1966 4804 2180 4859 dicitur
2215 4821 2226 4858 :
2262 4827 2288 4853 «
2324 4803 2614 4873 Pauperes
2646 4817 2710 4855 ac
2732 4799 2975 4864 debiles,
3003 4818 3030 4847 »
3054 4802 3160 4854 etc.
3192 4798 3414 4869 Pauper
3435 4798 3615 4864 enim,

1964 4893 2193 4960 debilis,
2228 4908 2413 4948 caecus
2470 4895 2526 4945 et
2571 4889 2834 4956 claudus,
2883 4886 3119 4960 gentilis
3169 4886 3420 4960 populus
3470 4892 3614 4943 erat.

1965 4981 2191 5052 Pauper
2221 4984 2344 5035 erat
2374 4977 2512 5050 quia
2546 4977 2787 5032 delicias
2818 4975 3073 5047 paradisi
3104 4973 3436 5047 perdiderat
3471 4992 3482 5030 :
3517 4976 3618 5031 de-

1964 5068 2118 5133 bilis,
2154 5067 2292 5138 quia
2323 5084 2356 5122 a
2383 5067 2534 5122 bono
2579 5081 2748 5136 opere
2798 5063 3066 5135 torpebat
3101 5080 3113 5118 :
3148 5079 3354 5131 caecus,
3387 5063 3528 5135 quia
3558 5064 3616 5120 in

1965 5156 2221 5212 tenebris
2251 5161 2310 5210 et
2342 5156 2551 5210 umbra
2582 5152 2786 5207 mortis
2813 5151 3084 5207 sedebat:
3111 5151 3536 5223 claudus,quia
3559 5153 3616 5208 in

1965 5249 2214 5316 utroque
2245 5245 2389 5316 pede
2421 5242 2776 5305 claudicans,
2809 5259 2842 5295 a
2869 5245 3026 5297 recto
3077 5241 3282 5296 itinere
3327 5243 3614 5298 cessabat.

1963 5333 2069 5398 Qui
2099 5351 2234 5406 ergo
2266 5332 2456 5387 lucem
2489 5329 2746 5385 veritatis
2780 5330 3105 5402 ignorabat,
3127 5329 3279 5386 viam
3313 5331 3616 5386 mandato-

1962 5440 2093 5477 rum
2127 5423 2227 5482 Dei
2260 5438 2490 5476 currere
2523 5419 2834 5488 nesciebat,
2869 5419 3108 5476 delicias
3140 5418 3433 5492 spiritales
3464 5420 3616 5474 ami-

1961 5516 2136 5578 serat,
2171 5529 2275 5566 neo
2307 5513 2525 5566 bonum
2571 5507 2796 5580 operari
2843 5515 3100 5565 noverat.
3135 5509 3262 5565 Non
3293 5509 3474 5582 igitur
3505 5506 3610 5564 soli

1961 5600 2045 5655 illi
2081 5604 2323 5656 currunt
2352 5600 2423 5654 ad
2457 5598 2802 5665 convivium,
2825 5598 2924 5669 qui
2950 5597 3169 5655 debiles
3191 5601 3330 5652 sunt
3350 5611 3609 5666 corpore,
