4050 6174
425 310 545 379 ῧΟῚ

988 308 1397 374 ΗΑῩΜΟΝ18
1441 307 1979 385 HALBEBSTAT.
2026 307 2268 385 EPISG.
2302 311 2485 388 ,QBP.
2526 311 2732 377 PARS
2775 310 2851 375 Il.
2885 346 2964 359 -—
2991 311 3261 377 HOMIL.

427 442 533 505 sed
563 446 621 519 et
649 442 863 511 mente.
897 440 1125 521 Pauper
1154 441 1310 501 enim
1342 445 1451 511 est,
1486 439 1585 515 qui
1618 440 1886 515 quamvis
1916 441 2076 499 dives
2106 442 2155 524 Α
2189 445 2341 518 xxx).
2371 442 2762 516 Amalechites
2789 444 2969 515 enim,
2997 444 3101 519 qui
3120 440 3630 524 :lamlgeusvpopulgu
3662 442 3835 507 inter

429 535 531 609 sit,
543 538 743 609 tamen
764 549 953 608 egens
972 531 1289 595 virtutibus
1308 531 1541 587 divitias
1562 530 1866 587 distribuit
1886 537 1950 588 ut
1972 532 2083 589 Do-

428 624 647 699 minus,
666 639 781 678 non
814 627 1006 693 autem
1030 639 1128 683 eas
1150 620 1507 694 concupiscit
1532 624 1598 675 ut
1617 638 1835 677 servus.
1852 626 1926 677 De
1946 623 2074 695 qui-

427 714 540 791 bus
553 712 838 781 Dominus
849 712 999 767 aitza
1016 712 1171 769 Beati
1192 727 1475 783 pauperes
1493 710 1701 783 spiritu
1722 711 1936 781 (Matth.
1952 711 2027 784 v).
2047 734 2073 761 ››

426 796 623 861 Caecus
652 804 762 871 est,
780 801 880 875 qui
906 800 1048 874 illud
1079 799 1277 855 lumen
1308 798 1568 870 aspicere
1594 816 1707 854 non
1743 804 1951 871 potest,
1973 801 2074 873 qui

427 892 574 951 dixit
605 908 618 946 :
652 914 682 941 «
712 891 831 963 Ego
862 906 994 946 sum
1024 888 1123 945 lux
1153 887 1358 953 mundi
1392 888 1565 960 (Joan.
1594 891 1737 957 vui).
1774 910 1801 938 »
1829 888 2071 956 Debilis,

425 980 527 1055 qui
576 981 750 1037 ﬁdem
797 980 1112 1052 perlectam
1155 993 1270 1033 non
1320 977 1514 1043 habet,
1565 994 1743 1050 quam
1792 978 2074 1035 Dominus

424 1068 842 1141 commendans
872 1065 1196 1139 discipulis,
1223 1066 1304 1121 ait
1327 1083 1340 1122 :
1366 1066 1424 1129 Si
1457 1065 1781 1123 habueritis
1812 1067 2075 1136 ﬁdem,et

421 1158 648 1230 reliqua
662 1158 875 1229 (Matth.
890 1160 1048 1227 sva).
1065 1155 1443 1227 Clauduscst,
1458 1154 1933 1227 quihabetﬁdem
1946 1156 2072 1213 sine

418 1247 713 1320 operibus,
756 1250 859 1318 aut
879 1262 1054 1319 opera
1074 1244 1200 1301 sine
1222 1244 1516 1312 ﬁde,Quia
1538 1244 1690 1300 sicut
1710 1268 1736 1294 «
1764 1245 1908 1300 fides
1944 1245 2070 1302 sine

420 1336 699 1409 operibus,
715 1340 947 1398 mortua
974 1333 1485 1405 est(Jacob.n),nita
1513 1337 1569 1388 et
1600 1350 1774 1405 opera
1792 1334 1918 1389 sine
1951 1335 2069 1390 fide

419 1425 562 1493 nihil
597 1429 755 1483 sunt.
778 1425 938 1496 Ergo
972 1423 1118 1491 tales
1148 1423 1221 1479 ad
1271 1420 1599 1478 convivium
1637 1421 1739 1478 Dei
1769 1428 2068 1493 vocantur,

416 1514 599 1588 quia«
619 1532 732 1571 non
754 1519 843 1569 est
863 1530 1009 1585 opus
1029 1512 1188 1567 sanis
1211 1511 1493 1581 medicus,
1511 1511 1609 1567 sed
1636 1511 1787 1567 male
1809 1511 2072 1568 habenti-

415 1605 548 1676 bus.
583 1602 786 1675 (nam.
821 1604 918 1674 ix).
954 1623 982 1650 »
1016 1605 1158 1656 Cum
1189 1604 1385 1674 autem
1418 1601 1535 1655 ait:
1571 1623 1597 1651 ‹‹
1630 1601 1724 1655 Exi
1768 1601 1827 1655 in
1860 1601 1984 1657 vias
2014 1606 2071 1657 et

414 1710 603 1766 sepes,
628 1715 657 1742 »
691 1709 793 1765 per
816 1691 950 1751 illos
981 1689 1079 1762 qui
1112 1690 1182 1763 de
1206 1690 1315 1745 viis
1335 1693 1636 1756 vocantur,
1660 1689 1945 1763 populum
1966 1692 2069 1747 Ju-

2187 538 2469 608 pretatur,
2488 536 2693 592 mundi
2716 540 3006 607 amatores
3036 520 3472 609 signiﬁcatum
3495 534 3567 603 de
3585 532 3836 603 aliorum

2186 624 2566 681 facultatibus
2595 625 2768 683 ditari
2785 625 3155 698 desiderant.
3184 626 3337 691 Sunt
3376 624 3538 693 enim
3570 616 3835 694 nonnulli

2185 713 2351 771 electi
2403 713 2504 787 qui
2550 731 2685 770 cum
2726 714 2943 771 talibus
2994 730 3365 784 communem
3418 713 3598 771 vitam
3628 713 3841 783 ducere

2183 807 2406 877 optant,
2427 804 2529 860 sed
2559 798 2961 861 misericordia
2991 803 3093 859 Dei
3122 801 3529 875 praeveniente,
3553 800 3838 863 autinfir-

2185 893 2408 960 mitate,
2443 897 2545 948 aut
2573 892 2771 965 aliqua
2799 893 3146 961 necessitate
3177 890 3632 964 prazpediuntur,
3666 890 3837 965 quasi

2183 981 2401 1049 infirmi
2432 981 2493 1039 in
2523 981 2615 1037 via
2643 987 2965 1049 remanent,
3008 997 3158 1054 quos
3189 980 3389 1047 David,
3421 979 3479 1036 id
3508 984 3618 1046 est,
3650 997 3835 1043 manu

2184 1070 2351 1127 fortis
2380 1069 2665 1127 Dominus
2718 1068 2941 1139 scilicet
2977 1070 3159 1141 (Jesus
3198 1069 3478 1137 Christus
3519 1054 3836 1142 reperiens,

2182 1159 2431 1232 spiritali
2463 1158 2591 1216 cibo
2621 1163 2680 1219 et
2709 1163 2850 1232 potu
2882 1158 3184 1229 pefocillat,
3221 1162 3399 1231 atque
3429 1174 3837 1228 commmen-

2182 1252 2270 1305 tes
2293 1250 2362 1305 ad
2388 1248 2644 1309 coelestia
2659 1248 2913 1305 sitiendo
2931 1247 3212 1315 accendit.
3228 1247 3299 1302 Et
3314 1245 3463 1309 solet
3478 1247 3837 1319 contingere,

2182 1342 2247 1397 ut
2271 1336 2382 1410 ipsi
2417 1340 2617 1409 postea
2651 1338 2723 1393 ad
2755 1337 2940 1409 Deum
2991 1336 3253 1407 conversi
3302 1339 3601 1401 amatores
3626 1336 3837 1405 mundi

2182 1426 2431 1499 spiritali
2446 1423 3427 1498 gladioincrepandoaferiantmum
3442 1421 3655 1496 quibus
3667 1423 3840 1495 prius

2180 1531 2553 1583 communem
2586 1514 2763 1571 vitam
2794 1513 2853 1571 in
2885 1511 3098 1585 speculo
3143 1513 3360 1583 ducere
3394 1511 3839 1583 desiderabant,

2180 1603 2455 1676 qualibus
2486 1620 2589 1676 per
2621 1601 2765 1671 Osee
2795 1600 3267 1674 prophetampie
3296 1600 3712 1673 comminatur,
3743 1600 3838 1669 di-

2180 1709 2317 1765 cens
2350 1709 2362 1748 ε
2397 1693 2538 1749 Ecce
2569 1707 2674 1764 ego
2706 1714 2735 1741 «
2767 1690 2991 1763 seriam
3016 1690 3179 1766 viam
3209 1693 3373 1759 tuam
3404 1688 3614 1767 spinis.
3646 1693 3703 1753 .et
3731 1704 3838 1759 se-

414 1784 673 1845 dzeorum
704 1780 950 1854 intelligi
980 1778 1185 1848 voluit,
1238 1779 1337 1851 qui
1389 1779 1557 1851 quasi
1591 1795 1660 1834 ex
1690 1778 1798 1835 viis
1828 1784 2068 1836 vocatus
2097 1818 2144 1893 Β
2179 1782 2337 1855 piam
2369 1796 2499 1839 eam
2534 1778 2817 1849 maceria,
2842 1784 2910 1849 et
2957 1778 3223 1851 sequeris
3258 1780 3560 1847 amatores
3590 1780 3740 1849 tuos,
3780 1783 3840 1849 et

420 1876 497 1893 --Α
561 1870 683 1893 ---2,
731 1870 915 1893 1-..-..-
952 1868 1203 1893 ι...ι.-ι-..ι
1252 1885 1354 1893 κ-..
1387 1885 1556 1893 -.-η-υ.
1595 1867 1858 1893 2-ΑΑᾹ---
1897 1869 2033 1893 ,1-1--
2179 1886 2287 1893 μ-..
2327 1868 2723 1893 ---..-ι.-...1-..
2760 1884 2852 1893 Α..-
2911 1884 3129 1893 ..-._..-_
3190 1872 3236 1893 A1
3274 1884 3385 1893 ..και
3417 1866 3673 1893 ξηα.Α-.3Αη
3707 1882 3815 1893 μ’...

413 1876 520 1940 est,
554 1870 692 1944 quia
731 1870 921 1944 legem
952 1868 1227 1937 habebat,
1251 1885 1354 1941 per
1383 1885 1561 1940 quam
1595 1867 1862 1939 incedere
1893 1869 2065 1925 debe-

414 1961 533 2035 bat.
567 1960 674 2016 Per
702 1976 870 2031 sepes
922 1972 1076 2029 vero,
1123 1955 1358 2031 gentilis
1399 1955 1650 2029 populus
1698 1956 2062 2031 intelligitur.

413 2051 854 2123 Sepesvero'cx
883 2045 1045 2120 sylva
1074 2050 1231 2107 sunt.
1267 2046 1425 2104 Solet
1474 2050 1670 2105 autem
1720 2046 1878 2103 natio
1925 2063 2066 2120 gen-

410 2140 561 2213 tium
592 2154 696 2211 per
740 2136 901 2210 ligna
930 2134 1223 2208 sylvarum
1256 2133 1572 2207 designari,
1609 2134 1893 2208 scriptum
1925 2140 2017 2192 est
2050 2154 2062 2192 :

411 2230 576 2287 Tunc
603 2224 985 2285 exsultabunt
1012 2223 1212 2281 omnia
1241 2222 1402 2296 ligna
1426 2222 1929 2296 sylvarum..Tunc
1961 2241 2064 2281 au-

410 2322 529 2374 tem
559 2315 672 2390 ipsi
702 2313 885 2372 vocati
919 2316 1077 2382 sunt,
1112 2312 1345 2385 quando
1393 2311 1571 2368 latam
1625 2316 1682 2368 et
1740 2313 2064 2387 spatiosam

332 2400 343 2413 ’
409 2407 567 2479 viam
596 2409 772 2478 atque
801 2406 1146 2475 tortuosum,
1172 2418 1299 2473 qua:
1333 2400 1494 2456 ducit
1522 2401 1594 2457 ad
1626 2406 1895 2470 mortem,
1929 2401 2063 2463 reli-

411 2498 775 2568 querunt,et
803 2492 913 2567 iter
959 2494 1185 2548 rectum
1229 2489 1495 2557 incedere
1542 2494 1859 2563 coeperunt.
1900 2490 2065 2547 Unde

409 2585 665 2651 Joannes
714 2583 773 2641 in
822 2578 1193 2657 Apocalypsi,
1228 2581 1538 2653 postquam
1590 2578 1835 2636 dixisset
1882 2596 1945 2635 se
1997 2596 2066 2636 ex

412 2672 718 2749 duodecim
732 2670 1004 2741 tribubus
1022 2666 1329 2741 duodecim
1344 2666 1533 2735 millia
1548 2666 1809 2742 signatos
1826 2667 2063 2736 vidisse,

410 2760 919 2837 adju.nxit,dicens
944 2777 957 2816 :
984 2782 1011 2811 «
1040 2758 1176 2819 Post
1197 2757 1321 2814 haec
1348 2756 1465 2813 vidi
1498 2757 1730 2814 turbam
1764 2773 2061 2831 magnam,

409 2868 586 2926 quam
614 2851 991 2909 dinumerare
1042 2864 1157 2905 non
1208 2850 1472 2919 poteram
1520 2850 1697 2918 (Apoc.
1731 2848 1852 2916 vn).
1884 2865 1910 2898 ι
1944 2846 2063 2919 Νο-

405 2942 656 3013 tandum
687 2942 905 3011 autem,
937 2936 1079 3011 quia
1126 2935 1187 2992 in
1236 2934 1347 2992 hac
1376 2934 1550 2991 tertia
1578 2933 1915 2992 invitatione
1944 2953 2061 2992 non

2178 1886 2293 1927 non
2324 1868 2726 1943 apprehendes
2756 1884 2875 1936 eos,
2908 1884 3153 1940 quaares,
3186 1872 3245 1923 et
3274 1884 3389 1941 non
3417 1866 3677 1924 invenies
3703 1882 3835 1937 eos,

2175 1963 2234 2017 et
2261 1959 2420 2016 dices
2438 1977 2457 2014 ς
2484 1982 2513 2009 ‹‹
2535 1958 2809 2027 Revertar
2832 1957 2910 2019 ad
2942 1956 3133 2025 virum
3166 1972 3364 2028 meum
3394 1955 3839 2029 priorem,qn_ia

2174 2050 2323 2107 bene
2352 2048 2498 2123 mihi
2529 2052 2651 2104 erat
2676 2052 2816 2117 tunc
2847 2046 3037 2119 magis
3069 2062 3248 2120 quam
3281 2061 3439 2115 nunc
3458 2048 3640 2121 (Osee.
3676 2048 3765 2113 ιι).
3806 2068 3835 2096 ››

2121 2211 2133 2221 ο
2173 2137 2354 2196 Valde
2385 2142 2581 2207 autem
2609 2134 2868 2195 terribile
2891 2139 2982 2211 est
2998 2134 3232 2207 quodin
3259 2133 3631 2193 conclusione
3648 2132 3837 2204 hujus

2174 2225 2463 2300 parabole
2496 2224 2710 2291 dicitur
2724 2242 2755 2291 _:

2246 2339 2274 2366 ‹‹
2308 2316 2447 2374 Dico
2476 2313 2866 2381 autemvobis
2897 2314 3053 2387 quod
3085 2329 3256 2377 nemo
3287 2311 3522 2379 illorum
3543 2313 3830 2380 virorum,

2173 2429 2202 2458 ‹‹
2221 2406 2322 2478 qui
2341 2404 2530 2461 vocati
2550 2409 2710 2472 sunt,
2722 2401 2985 2477 gustabit
3004 2419 3225 2466 omnem
3246 2418 3458 2465 meam.
3478 2424 3505 2461 υ
3523 2403 3686 2469 Quod
3704 2420 3835 2468 om-

2172 2512 2276 2561 nes
2288 2494 2444 2553 enim
2460 2493 2645 2555 vocati
2663 2510 2894 2561 sumus,
2914 2492 3137 2571 scimus
3154 2495 3349 2557 utrum
3366 2495 3564 2555 autem
3580 2491 3652 2551 ad
3668 2496 3834 2556 ater-

2172 2600 2309 2647 nam
2341 2581 2768 2647 beatitudinem
2793 2581 3220 2655 degustandam
3255 2580 3607 2653 perventuri,
3631 2580 3831 2645 adhuc

2171 2670 2742 2747 ignoramusMultis
2754 2671 2914 2733 enim
2938 2668 3130 2735 modis
3148 2672 3313 2734 vocat
3332 2685 3438 2726 nos
3458 2669 3743 2742 Deus,per
3761 2670 3834 2727 {i-

2171 2763 2301 2825 dem
2313 2778 2435 2835 ,per
2451 2760 2838 2834 baptismum,
2857 2776 2961 2833 per
2978 2757 3241 2831 exempla
3257 2762 3515 2837 patrum,
3534 2774 3645 2830 per
3666 2775 3832 2831 pros-

2170 2869 2308 2924 pera
2323 2855 2380 2909 et
2398 2850 2770 2921 adversa,per
2789 2848 3021 2911 somnia
3039 2851 3096 2904 et
3115 2845 3667 2912 revel_ationes.Quia
3684 2863 3826 2921 ergo

2168 2938 2594 3005 inexcusabiles
2622 2954 2833 3001 sumus
2849 2938 2925 3000 de
2952 2935 3270 3003 vocatione,
3284 2934 3523 3001 solliciti
3539 2935 3829 3015 debemus

409 3030 644 3098 dicitur,
693 3050 721 3079 ‹‹
752 3043 912 3093 voca,
948 3048 976 3077 »
1023 3025 1124 3097 sed
1177 3048 1203 3075 «
1237 3023 1520 3097 compelle
1567 3023 1804 3081 intrare.
1840 3047 1870 3075 κ
1911 3025 2062 3082 Sunt
2167 3045 2589 3098 esse,,necesse
2618 3032 2728 3099 est,
2754 3027 2819 3083 in
2868 3027 3027 3087 bona
3073 3024 3427 3098 operatione,
3458 3041 3532 3089 ne
3558 3028 3826 3097 tempore

408 3116 848 3191 enimplerique
873 3114 972 3189 qui
994 3132 1109 3175 non
1132 3114 1298 3171 facile
1316 3114 1391 3185 ad
1415 3114 1599 3173 Deum
1620 3116 2057 3181 convertuntur,
2100 3191 2129 3195 _
2160 3118 2369 3191 judicii
2400 3136 2435 3174 a
2462 3116 2723 3177 convivio
2748 3115 2847 3179 Dei
2880 3113 3123 3183 exclusi,
3139 3130 3274 3173 cum
3290 3112 3476 3177 fatuis
3493 3113 3823 3195 virginibus
3899 3176 3905 3181 _

407 3207 522 3275 nisi
553 3205 718 3281 prius
748 3209 849 3273 aut
876 3204 1218 3273 infirmitate
1242 3208 1347 3259 aut
1376 3205 1716 3277 paupertate
1741 3206 1843 3260 aut
1862 3202 2059 3275 aliqua
2087 3191 2131 3258 C
2166 3209 2319 3269 fama
2376 3210 2686 3281 pereuntes
2735 3209 2794 3263 et
2850 3203 3192 3268 clamantes,
3243 3191 3818 3268 Domine.iDomine,

406 3295 753 3369 necessitate
795 3292 1091 3361 constricti
1120 3293 1360 3355 (fuerint
1394 3309 1406 3347 :
1440 3293 1596 3365 quod
1649 3291 1750 3348 illa
1778 3290 2057 3365 parabole
2163 3296 2322 3370 aperi
2347 3296 2538 3366 nobis,
2570 3293 2883 3357 audiamus
2921 3309 2934 3347 :
2970 3313 2999 3343 ‹‹
3028 3292 3212 3367 Amen
3243 3289 3372 3355 dico
3402 3288 3818 3353 νριιίελῃοεείο

406 3384 699 3459 Evangelii
731 3384 802 3441 de
831 3381 1074 3455 prodigo
1116 3380 1238 3437 ﬁlio
1286 3380 1564 3450 ostendit,
1596 3380 1696 3453 qui
1729 3397 1861 3438 cum
1888 3396 2056 3453 egere
2161 3404 2265 3447 vos
2295 3385 2500 3455 (Matth.
2526 3383 2681 3454 xxv),
2706 3404 2733 3432 »
2766 3380 3093 3454 sed,potius
3111 3395 3259 3443 cum
3289 3376 3681 3452 prudentibus
3708 3377 3819 3459 vir-

407 3474 697 3547 cqspisset,
721 3471 790 3528 ad
825 3487 887 3529 se
907 3486 1196 3536 reversus,
1220 3468 1400 3525 dixit:
1434 3492 1455 3519 «ι
1481 3469 1692 3532 Quanti
1715 3468 2056 3525 mercenarii
2163 3474 2401 3548 ginibus
2429 3472 2490 3534 in
2519 3476 2737 3533 atoma
2755 3471 3020 3545 satietate
3036 3470 3113 3533 de
3128 3467 3353 3534 visione
3371 3466 3707 3533 Conditoris
3728 3466 3818 3538 ju-

407 3561 662 3623 indomo
686 3557 868 3632 patris
890 3557 1003 3615 mei
1021 3557 1327 3621 abundant
1342 3556 1614 3630 panibus,
1628 3574 1733 3630 ego
1751 3562 1945 3614 autem
1962 3558 2058 3614 hic

408 3649 562 3709 fame
584 3663 756 3720 pereo
779 3663 792 3702 :
814 3662 1058 3720 surgam
1090 3649 1146 3701 et
1174 3645 1269 3701 ibo
1302 3646 1371 3702 ad
1406 3649 1631 3718 patrem
1655 3661 1872 3715 meum,
1893 3650 1950 3703 et
1970 3648 2058 3703 di-

408 3754 537 3811 cam
570 3726 660 3794 ei:
688 3737 876 3803 Pater,
901 3734 1130 3810 peccavi
1173 3734 1234 3803 in
1275 3732 1487 3805 ccnlum
1518 3738 1575 3789 et
1610 3751 1806 3792 coram
1830 3739 1907 3805 te,
1930 3736 2057 3807 jam

410 3844 526 3895 non
556 3842 689 3895 sum
721 3824 937 3897 dignus
983 3824 1173 3880 vocari
1204 3822 1382 3895 .filius
1431 3826 1592 3892 tuus,
1627 3825 1718 3881 fac
1765 3842 1855 3883 me
1905 3826 2060 3883 sicut

410 3916 696 3987 unumde
727 3910 1101 3985 mercenariis
1129 3911 1249 3971 tuis
1279 3912 1566 3986 (Lucxv).
1592 3937 1619 3964 ››
1643 3915 1715 3971 Et
1743 3915 1814 3972 de
1844 3915 2061 3977 talibus

410 4004 722 4075 Psalmista
750 4003 834 4069 ait
867 4019 881 4057 :
923 4025 952 4053 «
985 4002 1129 4069 Cum
1160 4001 1447 4065 occideret
1474 4020 1594 4071 eos,
1627 4007 1769 4071 tunc
1798 4004 2061 4078 inquire-

409 4095 552 4157 bant
579 4110 714 4155 eum
748 4092 919 4166 (Paul.
955 4096 1185 4161 anvu).
1220 4114 1248 4142 »
1278 4092 1348 4148 Et
1376 4091 1529 4149 sicut
1575 4109 1676 4165 per
1716 4095 2058 4167 prophetam

409 4182 549 4259 dicit
571 4200 584 4238 :
616 4205 643 4234 «
668 4180 1104 4249 Tantummodo
1125 4180 1251 4241 sola
1268 4181 1492 4239 vexatio
1517 4180 1877 4241 intellectum
1899 4184 2060 4248 dabit

408 4270 634 4339 auditui
688 4272 817 4341 (Isa.
849 4287 1067 4341 XXVIII}.
1103 4290 1131 4319 »
1181 4269 1458 4335 Nonnulli
1506 4270 1663 4335 enim
1711 4271 1875 4337 electi
1926 4277 2060 4346 post

408 4360 602 4423 carnis
622 4358 912 4426 desideria
925 4374 1156 4424 currere
1172 4359 1524 4427 desiderant,
1543 4377 1677 4416 cum
1695 4361 2058 4423 amatoribus

409 4449 612 4513 mundi
635 4465 1012 4514 communem
1041 4448 1219 4511 vitam
1244 4449 1475 4518 ducere,
1490 4450 1592 4506 sed
1615 4448 1820 4513 oculus
1850 4451 2056 4509 divinae

409 4536 819 4601 misericordia:
857 4553 1061 4597 eorum
1110 4536 1323 4609 impias
1375 4538 1633 4597 actiones
1675 4539 2052 4612 praeveniens,

409 4625 553 4690 alios
568 4624 1180 4697 inﬁrmitateat‘ﬂigit,
1213 4624 1358 4705 alios
1388 4631 1730 4699 paupertate
1770 4630 2055 4697 attenuat,

408 4714 556 4773 alios
572 4713 1034 4791 necessitatibus
1058 4713 1237 4775 variis
1260 4719 1623 4787 coangustat.
1643 4716 1907 4790 Cumque
1927 4723 2060 4792 post

408 4803 736 4879 flagellaad
767 4804 955 4869 Deum
984 4806 1604 4876 convertuntur,quasi
1626 4806 1698 4862 ad
1729 4807 2057 4869 convivium

407 4895 535 4966 ejus
564 4893 784 4959 intrare
824 4891 1271 4964 compelluntur.
1305 4892 1548 4950 Talibus
1580 4910 1683 4967 per
1712 4895 2056 4969 prophetam

407 4982 651 5049 dicitur:
672 5005 701 5033 «
719 4981 898 5055 νίζ’εὲ
916 4986 974 5064 ἦ
1001 4980 1229 5055 ﬂagello
1254 4981 1636 5055 castigaberis
1665 4982 1786 5043 {ilia
1815 4984 1974 5054 Sion,
1993 4990 2059 5042 ut

408 5069 969 5149 nondiseedatzelus
984 5087 1151 5139 meus
1168 5073 1294 5131 ate.
1312 5092 1341 5121 »
1360 5069 1531 5130 Tales
1546 5070 1897 5145 signiﬁcavit
1914 5090 2059 5147 puer

408 5157 504 5221 ille
520 5157 935 5235 Amalephites,
957 5159 1030 5222 de
1051 5176 1167 5232 quo
1189 5159 1250 5216 in
1266 5160 1606 5233 Regnorum
1629 5159 1795 5223 libris
1821 5161 2054 5236 legitur,

408 5245 509 5318 qui
522 5245 1360 5320 sociisfugientibusiuﬁrmus
1376 5249 1436 5305 in
1451 5248 1548 5307 via
1563 5251 1864 5319 remansit,
1879 5268 2056 5325 quem

407 5334 588 5394 David
611 5349 971 5407 persequens
987 5336 1376 5399 Amalechites
1398 5338 1630 5411 reperit,
1650 5356 1905 5412 eumque
1925 5340 2056 5399 cibo

407 5427 464 5480 et
492 5426 634 5496 potu
666 5422 1025 5492 reﬂocillavit,
1073 5428 1248 5496 atque
1275 5426 1485 5489 ducem
1515 5427 1607 5487 sui
1641 5427 1870 5489 itineris
1901 5430 2056 5498 fecit,

407 5516 467 5568 et
494 5511 621 5587 ipse
650 5515 853 5586 postea
888 5528 1024 5577 cum
1054 5512 1235 5575 David
1264 5514 1654 5579 Amalechites
1682 5519 1989 5592 percussit,
2023 5537 2058 5576 a

408 5618 660 5685 quorum
690 5600 983 5663 consortio
1015 5600 1286 5681 inﬁrmus
1316 5603 1377 5661 in
1405 5605 1499 5663 via
1531 5607 1817 5666 remansit
1846 5609 1895 5681 (ι
1924 5610 2054 5680 Reg.

2165 3563 2316 3638 giter
2353 3560 2680 3635 epulamur.

2726 3647 3029 3709 HOMILIA
3067 3646 3256 3706 CXIII.

2406 3757 2681 3797 DOMINICA
2720 3755 2945 3802 QUARTA
2983 3753 3123 3793 POST
3163 3751 3576 3792 PEN’I‘ECOS’PBN.

2239 3831 2284 3903 (Ι
2314 3830 2486 3888 Ps'rm
2515 3830 2595 3900 v.)
2627 3851 2656 3879 «
2699 3824 3063 3899 ί]ῂωὶεεὶωῂ
3110 3822 3508 3899 humiliamini
3556 3822 3671 3885 sub
3723 3837 3819 3897 po-

2169 3944 2196 3971 «
2230 3919 2373 3977 tenti
2406 3917 2737 3985 manu.Dei,
2772 3920 2839 3979 ut
2866 3912 3303 3975 vosexaltotin
3333 3917 3596 3985 tempore
3624 3910 3821 3991 visita-

2170 4031 2198 4060 ‹‹
2225 4009 2422 4067 tionis.
2446 4029 2473 4058 »
2496 4008 2563 4064 Et
2585 4004 2828 4078 reliqua.
2842 4003 3045 4071 Modo,
3062 4002 3275 4065 fratres
3294 3998 3821 4077 charissimi,audi-

2165 4099 2358 4157 vimus
2388 4098 2637 4159 beatum.
2658 4095 2893 4155 Petrum
2940 4089 3275 4171 apostolum
3304 4092 3390 4153 .ad
3421 4087 3810 4153 humilitatem

2167 4203 2275 4249 nos
2305 4186 2707 4247 cohortantem
2733 4187 2912 4255 atque
2960 4181 3253 4247 dicentem
3286 4197 3299 4235 :
3337 4201 3366 4237 ‹‹
3412 4175 3813 4257 Humiiiamini

2165 4277 2275 4334 sub
2306 4275 2527 4349 potenti
2558 4289 2739 4331 manu
2782 4271 2904 4333 Dei.
2936 4291 2966 4329 »
2997 4273 3202 4335 Manus
3234 4268 3648 4347 Dei,_potestas
3682 4266 3810 4337 ejus

2165 4367 2340 4425 datur
2366 4360 2633 4434 intelligi,
2657 4360 2798 4434 quia
2824 4360 2886 4418 in
2916 4360 3033 4422 Deo
3050 4355 3810 4431 .compaginatiomembro-

2164 4472 2297 4513 rum
2329 4469 2446 4511 non
2474 4449 2794 4517 invenitur,
2812 4447 2915 4522 qui
2937 4447 3243 4520 ubiqueet
3271 4447 3332 4507 in
3362 4445 3640 4507 omnibus
3660 4446 3809 4504 totus

2088 4562 2136 4628 Ι)
2166 4547 2256 4600 est
2286 4542 2714 4617 plenushatque
2743 4537 3207 4628 perfactus.Suh
3225 4552 3391 4628 more
3406 4531 3808 4628 hominnmde

2167 4633 2282 4691 Deo
2293 4630 2388 4703 loq
2396 4628 2884 4702 uiturScriptura,
2900 4630 2964 4687 ut
2978 4625 3241 4699 apertius
3256 4625 3630 4696 maiestatem
3645 4625 3809 4695 atque

2166 4720 2491 4794 potentiam
2510 4718 2608 4776 sui
2621 4716 2911 4795 Creatoris
2931 4713 3202 4775 homines
3216 4711 3640 4791 intelligant.et
3652 4706 3810 4789 intol-

2164 4809 2414 4884 ligentes
2444 4824 2571 4880 quae
2600 4804 2989 4877 sitivoluntas.
3006 4803 3137 4871 Dei,
3160 4818 3333 4875 opere
3356 4798 3807 4873 compleremu-

2166 4900 2427 4966 tendant,
2461 4897 2619 4955 unde
2646 4892 2861 4971 gaudia
2889 4893 3003 4953 sibi
3041 4890 3423 4964 sempiterna
3446 4887 3805 4961 conquirant.

2166 4987 2444 5060 Sequitur
2461 5002 2479 5043 :.
2499 5005 2528 5040 α
2547 4983 2623 5043 Ut
2639 5000 2742 5043 vos
2766 4980 2984 5043 exultet
3004 4980 3075 5055 in
3098 4984 3361 5053 tempore
3387 4975 3758 5053 visitationis.
3778 4994 3803 5024 υ

2165 5076 2311 5143 Quia
2334 5073 2603 5151 quisquis
2632 5071 2729 5132 hic
2756 5070 2817 5129 in
2838 5069 3127 5149 praesenti
3140 5066 3371 5141 saeculo.
3385 5065 3519 5143 ejus
3534 5061 3807 5137 secundi-

2166 5165 2317 5222 derit
2343 5162 2648 5228 voluntati,
2675 5164 2735 5217 et
2752 5159 2813 5218 in
2830 5157 3140 5233 praeceptis
3164 5158 3295 5230 ejus
3322 5170 3637 5233 assensum
3662 5165 3804 5213 com-

2166 5255 2298 5313 mod
2307 5253 2578 5321 averit,et
2595 5252 2988 5324 ea,quantum
3007 5247 3204 5307 divina
3219 5246 3415 5320 gratia
3438 5260 3621 5318 posse
3641 5240 3800 5300 dede-

2166 5344 2262 5416 rit,
2280 5342 2555 5416 operibus
2583 5337 2905 5412 adimplere
2936 5334 3448 5411 sategerit,carnis
3474 5330 3798 5406 superbiam

2166 5430 2539 5509 conterenda,
2570 5429 2631 5486 in
2655 5428 2749 5487 die
2780 5426 3001 5485 ultimae
3030 5425 3434 5485 retributionis
3460 5418 3800 5509 exaltabitur

2167 5539 2199 5579 a
2226 5504 2496 5597 Domino,
2516 5522 2701 5592 atque
2751 5517 2824 5575 ad
2866 5520 3121 5575 aeternis
3147 5512 3533 5573 beatitudinis
3566 5504 3798 5583 prunis

2167 5611 2537 5685 perducetur.
