3908 6172
236 334 330 422 siis

1441 344 1794 427 uomitus
1842 366 1938 426 ne
1985 358 2381 426 TEMPORE.

3491 344 3613 433 ait)

288 517 311 547 ‹‹
339 496 580 552 Omnem
613 495 1068 553 sollicitudinem
1108 503 1364 555 vestram
1395 498 1770 572 projicientes
1800 498 1858 554 in
1888 499 1943 566 Α
1974 523 2000 548 α
2038 498 2223 554 illum.
2261 518 2290 546 ››
2320 498 2391 553 Et
2418 496 2661 570 reliqua.
2695 497 2859 555 Sicut
2890 498 3064 556 unius
3095 501 3411 572 peccatoris
3441 518 3612 559 casus

220 578 841 669 vitamquomam'ipsi'
854 585 1101 669 curaest
1116 588 1385 645 devobis.
1400 602 1441 640 »ι
1456 588 1529 645 Ut
1546 586 1855 644 Psalmista

225 666 639 757 nos‘adihouet,
674 664 874 732 dicens
912 694 924 731 :
960 699 988 727 «
1025 664 1191 733 Iadta
1238 676 1561 751 cogitatum
1599 674 1775 732 tuum'
1799 675 1858 732 in

222 756 472 830 Domino,
506 766 562 819 et
595 758 721 836 ipse
746 768 803 821 te
842 762 1096 821 entltriet
1124 766 1295 840 (Psal‘.
1331 765 1463 837 Liv).
1500 770 1529 816 »’
1559 766 1628 822 Et
1676 764 1814 822 alibi
1843 783 1856 821 :

223 877 246 904 «
274 853 637 925 Inquirentes
668 842 864 910 autem
897 852 1211 911 Dominum
1245 856 1371 911 non‘
1400 850 1670 911 deficient
1698 854 1857 909 omni

217 942 356 998 bono
388 942 558 1014 (Psal.
582 943 797 1015 XXXIII).
823 966 851 993 »
875 944 942 998 Et
960 942 1085 1017 ipse
1105 938 1389 1001 Dominus
1419 942 1476 999 in
1507 940 1817 1017 Evangelia
1843 960 1856 999 :

219 1054 243 1082 ι(
268 1030 451 1107 Nolite
480 1030 716 1087 solliciti
739 1038 869 1088 esse
889 1026 1321 1107 dicentes,quid
1347 1030 1857 1100 manducabimUS,

216 1128 305 1203 aut
326 1119 475 1203 quid
505 1118 781 1177 bibemus
802 1112 972 1178 ?scit
1002 1121 1165 1178 enim
1190 1116 1359 1179 Pater
1380 1122 1570 1179 vester
1598 1122 1736 1197 quia
1763 1116 1859 1176 his

215 1197 483 1265 omnibus
514 1206 814 1283 indigetis.
849 1209 1095 1277 Quaerite
1139 1212 1275 1284 ergo
1324 1208 1581 1286 primum
1610 1208 1856 1283 regnum

212 1288 305 1355 Dei
337 1304 401 1354 et”
416 1297 713 1370 justitiam
740 1300 888 1372 ejus,
915 1304 971 1355 et
1001 1298 1129 1357 hzec
1151 1301 1349 1357 omnia
1379 1290 1725 1372 adj'icientur
1754 1317 1858 1355 vo-

210 1388 297 1444 bis
327 1382 549 1458 (Matth.
579 1388 676 1461 γι).
713 1411 742 1438 ››

277 1500 304 1527 ‹‹
339 1464 530 1533 sobrii
562 1480 766 1545 estote,
799 1480 855 1533 et
883 1474 1134 1550 vigilate.
1154 1500 1181 1527 ››
1200 1479 1443 1552 Semper
1463 1478 1521 1533 in
1548 1477 1858 1534 sobrietate

210 1568 264 1622 et
294 1565 584 1622 modestia
607 1564 787 1622 vitam
816 1566 1069 1622 vestra'm
1101 1565 1392 1636 habetote,
1413 1564 1679 1623 caventes
1711 1560 1861 1639 sem-

210 1672 310 1728 per
336 1654 586 1710 a’stutias
616 1652 853 1721 diaboli,
887 1659 944 1709 e't
970 1653 1205 1727 vigilate
1250 1654 1473 1728 jugiter
1499 1654 1559 1710 in
1592 1654 1861 1711 custodia

212 1736 623 1798 mandatorum
656 1743 776 1812 Dei,
808 1747 864 1798 et
895 1743 952 1798 in
985 1744 1250 1799 custodia
1280 1744 1609 1800 animarum
1642 1748 1857 1800 vestra-

211 1830 358 1888 rum.
392 1830 671 1904 Sequitur
703 1848 717 1887 :

279 1945 306 1969 α
342 1920 490 1997 Quia
519 1916 909 1999 adversarius
931 1924 1121 1977 ves’ter
1162 1918 1429 1979 diabolus
1460 1922 1741 1997 tanquam
1772 1922 1859 1979 leo

204 2033 231 2060 ι(
257 2008 501 2081 rugiens
524 1998 749 2075 circuit,
765 2010 1031 2080 quaerens
1053 2025 1227 2082 quem
1246 1998 1497 2066 devoret.
1526 2032 1554 2059 »
1585 2008 1859 2065 Diabolus

202 2097 361 2155 enim
392 2095 701 2169 nunquam
732 2094 1052 2163 dormiens,
1073 2100 1376 2170 nunquam
1399 2092 1470 2153 ab
1503 2098 1734 2154 insidiis
1755 2098 1857 2154 ho-

201 2187 435 2242 minum
470 2184 864 2258 requiescens,
884 2185 986 2241 sed
1012 2190 1243 2259 semper
1262 2185 1354 2242 die
1375 2189 1433 2243 et
1461 2191 1628 2242 nocte
1653 2186 1862 2243 circuit

196 2275 485 2332 tentando
517 2278 575 2330 et
626 2273 872 2330 insidias
920 2274 1187 2347 ponendo
1219 2274 1578 2342 hominibus,
1612 2269 1863 2348 qualiter

197 2366 570 2438 quemquam
593 2358 850 2429 illorum,
872 2361 969 2434 qui
991 2362 1092 2441 Dei
1112 2364 1407 2420 voluntate
1433 2361 1682 2436 subjecti
1702 2370 1861 2434 sunt,

195 2472 318 2509 sua
346 2450 533 2509 valeat
578 2452 955 2524 su‘ggestiOne
999 2450 1283 2524 decipere,
1316 2477 1343 2504 ‹‹
1395 2470 1662 2526 quaerens
1687 2452 1861 2527 quem

195 2540 441 2597 devoret
472 2564 500 2591 η
535 2538 649 2596 non
681 2542 940 2614 corpOre,
964 2543 1065 2597 sed
1098 2540 1316 2610 anima,
1351 2538 1758 2615 quemcunque
1789 2540 1860 2599 ad

195 2631 413 2685 nociva
455 2634 511 2685 et
562 2627 794 2685 inutilia
837 2626 1025 2686 valeat
1052 2630 1386 2704 pertrahere
1417 2628 1676 2688 carnalia
1705 2632 1863 2688 desi-

195 2718 392 2774 deria.

277 2832 308 2856 ‹‹
341 2807 442 2863 Cui
475 2806 747 2876 resistite,
795 2807 975 2863 fortes
1006 2807 1065 2862 in
1094 2808 1227 2864 fide.
1262 2829 1292 2859 »
1325 2806 1602 2884 Exemplo
1651 2801 1865 2867 Christi

200 2889 265 2951 et
300 2898 636 2954 sanctorum
659 2896 789 2969 ejus
812 2896 1253 2954 contemnentes
1275 2895 1645 2956 duléedinem
1667 2916 1865 2956 carna-

206 2978 287 3041 lis
324 2984 1449 3061 concupiscentiis,recordantesjugiter
1479 2987 1620 3061 quid
1641 2988 1717 3045 sit
1747 2986 1864 3044 illis

206 3068 625 3132 amaritudinis
656 3068 1072 3150 praeparatum,
1112 3074 1214 3149 qui
1264 3074 1571 3135 desideriis
1617 3076 1864 3134 terrenis

209 3162 557 3234 inserviunt,
584 3182 689 3221 nec
714 3165 967 3221 converti
997 3183 1030 3220 a
1059 3164 1286 3220 malitia
1314 3178 1423 3221 sua
1452 3183 1555 3238 per
1584 3167 1865 3239 poeniten-

208 3356 447 3413 gamus,
463 3343 709 3427 ejusqLie
729 3342 1017 3415 praecepta
1036 3341 1258 3416 jugiter
1289 3342 1659 3413 meditemur,
1675 3345 1869 3427 carnis

210 3429 437 3486 nostrai
457 3430 749 3488 desideria
778 3432 1170 3501 conteramus,
1185 3437 1243 3488 et
1267 3430 1614 3489 resistamus
1644 3434 1871 3490 fortiter

208 3517 445 3576 diabolo
472 3518 630 3575 busti
661 3519 1042 3593 nequissimo,
1062 3518 1121 3575 in
1154 3521 1267 3577 ﬁde
1299 3518 1473 3591 recta,
1494 3522 1553 3578 in
1575 3540 1678 3597 spe
1699 3520 1869 3582 firma

209 3607 291 3662 ad
340 3598 439 3665 Dei
488 3606 909 3681 omnipOtent‘is'
959 3606 1443 3679 misericordiam,
1477 3610 1541 3667 in
1584 3605 1867 3671 cbaritate

210 3698 467 3768 perfecta
496 3699 567 3755 ad
601 3697 906 3754 servitium
938 3699 1086 3770 ejus,
1122 3699 1181 3754 in
1230 3701 1506 3772 operibus
1538 3704 1865 3761 misericor-

209 3786 325 3841 dia:
355 3791 410 3844 et
436 3787 693 3861 pietatis,
724 3791 790 3843 ut
820 3786 949 3859 ejus
979 3780 1262 3861 largiente
1293 3787 1502 3862 gratia.
1535 3809 1867 3849 mereamur

210 3878 269 3961 et
301 3875 371 3931 de
394 3870 559 3933 hoste
593 3872 985 3950 triumphum,
1002 3880 1059 3933 et
1080 3880 1303 3934 acterna:
1324 3878 1706 3937 beatitudinis
1727 3899 1866 3955 prae-

216 3980 426 4021 mium.

288 4076 317 4100 ιι
349 4052 499 4111 Deus
528 4058 726 4110 autem
757 4054 949 4110 omnis
992 4046 1210 4127 gratiae,
1243 4055 1345 4129 qui
1397 4058 1622 4114 vocavit
1666 4075 1773 4115 nos
1801 4058 1863 4115 in

220 4162 247 4219 «ε
280 4144 545 4199 aeternam
580 4159 749 4198 suam
781 4142 1028 4215 gloriam
1059 4142 1118 4198 in
1151 4142 1398 4214 Christo,
1425 4168 1453 4195 ››
1474 4162 1579 4219 per
1595 4145 1860 4203 incarna-

222 4208 429 4318 tionem
462 4229 746 4306 unigeniti
794 4230 925 4287 Filii
972 4228 1086 4301 sui,
1121 4226 1294 4305 quem
1326 4251 1430 4308 pro
1461 4235 1669 4291 mundi
1700 4236 1864 4293 misit

226 4317 367 4373 mori
392 4319 599 4398 salute.

248 4478 252 4489 γ
291 4430 319 4457 ιι
348 4402 635 4466 Modicum
662 4397 894 4487 passus,
920 4431 946 4460 ››
982 4406 1083 4484 qui
1114 4409 1173 4466 in
1204 4409 1312 4467 hoc
1343 4403 1565 4469 mundo
1594 4406 1861 4487 quamvis

229 4492 425 4590 modici
455 4498 761 4573 temporis,
797 4497 1015 4555 multas
1045 4500 1328 4555 sustinuit
1355 4496 1458 4574 pro
1488 4501 1657 4559 nobis
1705 4500 1861 4590 inju-

1969 585 2187 643 multos
2219 587 2290 643 ad
2346 586 2813 661 desperationem
2864 588 3094 645 trahere
3142 588 3306 657 solet,
3340 589 3437 664 qui
3487 591 3615 664 ejus

1971 674 2193 733 malum
2225 674 2557 750 exemplum
2592 670 2915 743 imitantur,
2936 676 3020 734 sic
3051 675 3226 733 unius
3258 662 3616 751 recuperatio

1971 766 2172 823 multis
2203 762 2440 839 prodest
2470 766 2542 821 ad
2592 762 2865 822 salutem.
2898 768 3060 831 Quod
3089 767 3147 823 in
3178 756 3409 824 exordio
3439 758 3618 840 hujus

1968 853 2243 912 lectionis
2268 854 2434 911 facile
2478 852 2949 928 comprobamus,
2986 853 3034 911 si
3088 855 3391 929 superiora
3440 857 3620 928 hujus

1968 938 3621 1021 Evangelii'solliciteconsideremus.Utenimevangelicus

1970 1028 2167 1087 sermo
2180 1050 2244 1086 su
2254 1048 2359 1104 pra
2375 1030 2602 1087 retulit:
2625 1028 2942 1087 Transiens
2956 1026 3147 1101 Iesus,
3161 1026 3305 1088 vidit
3320 1026 3619 1094 hominem

1968 1120 2267 1177 sedentem
2301 1121 2372 1176 ad
2419 1116 2725 1187 telonium,
2754 1116 2987 1177 nomine
3040 1120 3191 1189 Levi,
3243 1122 3341 1195 qui
3391 1128 3448 1178 e‘t
3496 1118 3621 1197 ipse

1969 1207 2237 1283 princeps
2264 1206 2385 1265 erat
2414 1208 2884 1282 publicanorum,
2909 1215 2967 1265 et
2997 1208 3217 1266 vocavit
3246 1227 3402 1266 eum.
3421 1212 3493 1266 At
3520 1208 3621 1283 ille

1969 1298 2185 1355 relictis
2217 1298 2494 1355 omnibus
2526 1312 2794 1372 surgens,
2818 1302 3055 1356 secutus
3087 1304 3175 1356 est
3204 1296 3466 1355 illum.Et
3488 1290 3621 1356 fecit

1970 1388 2019 1444 ei
2050 1387 2377 1444 convivium
2407 1405 2688 1461 magnum
2737 1388 2793 1443 in
2828 1386 3000 1444 domo
3032 1406 3159 1454 sua,
3194 1393 3252 1444 et
3292 1393 3418 1445 erat
3451 1380 3622 1445 turba

1970 1477 2155 1533 multa
2180 1475 2625 1550 publicanorum
2654 1464 3153 1533 discumbentium
3186 1494 3319 1533 cum
3352 1494 3440 1534 eo.
3472 1468 3619 1550 Ergo

1969 1560 2265 1640 publicani
2295 1570 2353 1621 et
2385 1571 2715 1638 peccatores
2763 1564 3024 1622 videntes
3073 1558 3396 1640 principem
3442 1574 3619 1623 suum

1969 1660 2089 1711 tam
2122 1655 2372 1727 benigne
2403 1671 2437 1709 a
2466 1652 2582 1711 Deo
2613 1672 2727 1711 non
2761 1654 2952 1711 solum
2976 1660 3293 1727 receptum,
3317 1644 3618 1712 sed'etiam

1971 1745 2029 1798 in
2062 1742 2326 1799 ordinem
2358 1742 2716 1814 apostolatus
2746 1748 3036 1812 vocatum,
3062 1736 3296 1801 tandem
3319 1749 3621 1816 resumpta

1971 1831 2203 1901 liducia,
2238 1831 2409 1904 quasi
2457 1830 2654 1903 aegroti
2687 1832 2759 1886 ad
2810 1828 3102 1888 medicum
3136 1837 3525 1902 accesserunt,
3559 1836 3620 1890 ut

1967 1912 2239 1979 audirent
2256 1919 2445 1975 illum.
2464 1920 2531 1975 Et
2555 1937 2668 1975 non
2697 1918 2889 1976 solum
2921 1908 3618 1994 adﬁcolloquendum,sed

1966 2011 2142 2067 etiam
2173 2010 2245 2066 ad
2268 2009 2732 2066 convescendum
2756 2000 2974 2082 recepti
2996 2013 3154 2066 sunt.
3173 2012 3335 2077 Quod
3357 2011 3620 2069 videntes

1966 2100 2171 2157 scriba:
2202 2104 2259 2155 et
2290 2098 2587 2169 Phariszei,
2621 2098 2720 2171 qui
2767 2099 2838 2153 de
2889 2098 3037 2155 falsa
3074 2099 3308 2171 justitia
3358 2100 3469 2157 sibi
3519 2118 3620 2174 ap-

1968 2189 2344 2263 plaudebant,
2378 2205 2493 2243 non
2526 2185 2719 2243 solum
2753 2192 2999 2260 aegrotos
3028 2180 3112 2242 ad
3131 2187 3424 2244 medicum
3457 2206 3622 2246 acce-

1967 2280 2190 2345 dentes,
2224 2278 2326 2333 sed
2344 2277 2553 2349 “etiam
2594 2275 2790 2349 ipsum
2836 2276 3130 2332 medicum
3162 2293 3261 2333 ore
3289 2268 3621 2334 contumaci

1969 2334 2488 2441 reprehendebant,
2524 2334 2783 2422 dicentes
2818 2382 2831 2421 :

2040 2481 2067 2506 ‹‹
2104 2456 2249 2521 Quia
2278 2454 2370 2510 hic
2418 2459 2748 2527 peccatores
2794 2455 3019 2528 recipit,
3051 2460 3109 2511 et
3139 2457 3457 2513 manducat
3486 2474 3621 2513 cum

1970 2568 1998 2596 ‹‹
2033 2544 2217 2601 illis.»
2242 2543 2403 2599 Unde
2434 2544 2865 2617 cognoscimus,
2887 2545 3025 2617 quia
3054 2546 3209 2601 sicut
3240 2534 3624 2619 verajustitia

1970 2633 2435 2705 compassionem
2471 2631 2664 2700 habet,
2691 2634 2775 2688 sic
2806 2633 2955 2689 falsa
2983 2624 3477 2709 dedignationem.
3511 2626 3621 2691 Do-

1972 2723 2170 2778 minus
2188 2724 2378 2777 autem
2393 2720 2566 2776 Jesus
2579 2720 2848 2777 Christus
2862 2728 3054 2777 veram
3062 2723 3357 2793 justitiam
3375 2724 3621 2796 habens,

1971 2810 2376 2883 compassione
2407 2814 2463 2865 et
2511 2808 2914 2866 misericordia
2956 2809 3302 2883 publicanos
3331 2816 3389 2868 et
3419 2828 3622 2886 pecca-

1972 2905 2127 2956 tores
2145 2899 2441 2970 suscipere
2460 2915 2573 2953 non
2591 2902 2680 2954 est
2696 2899 3066 2971 dedignatus.
3081 2900 3368 2956 Pharisaei
3382 2901 3623 2974 quidem

1974 2989 2071 3062 qui
2104 2987 2249 3044 l‘also
2280 3003 2341 3043 se
2361 2987 2556 3058 justos
2589 2984 3042 3054 arbitrabantur,
3058 2991 3173 3044 nan
3196 2988 3386 3046 solum
3419 3006 3622 3064 pecca-

1972 3080 2126 3134 tores
2158 3075 2578 3153 despiciebant,
2603 3077 2702 3131 sed
2735 3076 2931 3148 ipsum
2963 3078 3258 3134 medicum
3288 3084 3623 3159 peccatores

209 3163 557 3234 inserviunt,
584 3182 689 3221 nec
714 3165 967 3221 converti
997 3183 1030 3220 a
1059 3164 1286 3220 malitia
1314 3178 1423 3221 sua
1452 3183 1555 3238 per
1584 3167 1865 3239 poeniten-
1934 3208 1945 3233 ι
1973 3171 2272 3223 vocantem
2304 3163 2823 3238 reprehendebant.
2842 3169 2917 3221 De
2949 3182 3196 3237 quorum
3226 3184 3468 3224 numero
3499 3172 3625 3224 erat

206 3244 717 3310 tiamVOIunt.Nos
736 3269 871 3327 ergo
889 3253 1135 3309 fideliter
1151 3253 1394 3311 Domino
1411 3254 1702 3311 adhaerere
1720 3260 1869 3312 sata-
1898 3232 1941 3303 (ἶ
1974 3255 2070 3311 ille
2101 3272 2255 3310 unus
2285 3253 2636 3321 Pharisaeus,
2669 3252 2903 3309 nomine
2932 3250 3156 3324 Simon,
3181 3255 3280 3327 qui
3310 3273 3446 3312 eum
3478 3256 3624 3312 invi-

1974 3255 2070 3311 ille
2101 3272 2255 3310 unus
2285 3253 2636 3321 Pharisaeus,
2669 3252 2903 3309 nomine
2932 3250 3156 3324 Simon,
3181 3255 3280 3328 qui
3310 3273 3446 3312 eum
3478 3256 3624 3312 invi-

1975 3348 2159 3401 taséset
2185 3343 2500 3399 Dominum
2521 3342 2593 3397 ad
2618 3342 2858 3398 domum
2881 3347 3147 3410 suam,et
3168 3343 3407 3401 vidisset
3424 3344 3625 3402 mulie-

1975 3450 2098 3489 rem
2130 3431 2511 3505 peceatricem
2541 3418 2818 3503 lacrymis
2847 3429 3022 3502 pedes
3065 3430 3194 3502 ejus
3223 3430 3536 3504 rigentem,
3566 3418 3625 3487 et

1976 3521 2204 3594 capillis
2233 3520 2358 3576 suis
2388 3523 2733 3592 tergentem,
2751 3518 2982 3575 diccbat
3015 3518 3073 3574 in
3097 3520 3269 3576 corde
3293 3536 3401 3575 suo
3429 3538 3442 3576 :
3468 3541 3497 3570 ί(
3521 3519 3623 3594 Hic

1975 3612 2023 3669 si
2046 3592 2211 3668 esset
2241 3608 2544 3683 propheta,
2575 3609 2752 3689 sciret
2796 3608 2999 3681 utique
3046 3625 3174 3682 quis
3222 3612 3280 3665 et
3315 3608 3507 3681 qualis
3535 3592 3627 3665 est

1975 3700 2094 3757 haec
2126 3699 2357 3766 mulier,
2407 3702 2539 3770 qua:
2587 3696 2775 3771 tangit
2822 3713 2977 3764 eum,
3012 3698 3153 3770 quia
3197 3698 3488 3771 peccatrix
3535 3703 3628 3755 est

1974 3790 2123 3863 (Luc.
2157 3789 2278 3860 vn).
2312 3812 2340 3839 ››
2392 3790 2576 3856 Quem
2623 3787 2983 3860 praeveniens
3030 3786 3339 3863 Dominus,
3380 3786 3462 3842 ait
3491 3787 3573 3842 illi
3606 3804 3620 3844 :

1973 3901 2002 3929 «
2033 3878 2254 3946 Simon,
2287 3877 2473 3933 habeo
2504 3876 2612 3931 tibi
2660 3874 2884 3957 aliquid
2927 3876 3137 3933 dicere.
3170 3879 3247 3957 At
3284 3876 3382 3932 ille
3430 3864 3576 3932 dixit
3607 3894 3621 3933 :

1972 3967 2268 4040 Magister,
2302 3966 2414 4020 dic.
2440 3988 2469 4015 »
2499 3964 2594 4019 Ait
2623 3963 2709 4018 illi
2735 3982 2747 4019 :
2784 3987 2810 4014 «
2845 3952 2971 4020 Duo
3002 3952 3294 4022 debitores
3326 3971 3492 4022 erant
3511 3967 3628 4022 cui-

1972 4038 2106 4112 dam
2140 4038 2642 4119 feneratori,unus
2672 4054 2920 4109 debebat
2946 4053 3214 4109 denarios
3247 4055 3626 4127 quingentos,

1971 4149 2028 4201 et
2057 4142 2207 4200 alius
2253 4141 2705 4214 quinquaginta.
2736 4141 2862 4196 Non
2906 4133 3258 4198 habentibus
3303 4142 3419 4197 illis
3469 4132 3623 4198 unde

1971 4233 2300 4297 redderent,
2319 4229 2554 4286 donavit
2582 4229 2866 4301 utrisque.
2885 4228 3026 4296 Quis
3051 4246 3187 4303 ergo
3213 4247 3347 4287 eum
3376 4229 3513 4304 plus
3532 4232 3621 4287 di-

1970 4324 2149 4396 ligere
2178 4319 2362 4390 (Ibid.)
2394 4341 2423 4369 ››
2455 4316 2704 4373 habuit?
2723 4319 2793 4373 At
2819 4316 2916 4374 ille
2944 4318 3073 4389 hoc,
3093 4319 3247 4391 quod
3276 4316 3486 4392 negare
3505 4336 3621 4376 non

1970 4411 2178 4486 potuit,
2201 4406 2522 4486 respondit,
2546 4406 2747 4462 dicens
2771 4422 2784 4461 :
2813 4427 2841 4457 ‹‹
2866 4407 3112 4463 Εεῐίωο
3137 4408 3277 4479 quia
3295 4407 3346 4465 is
3369 4408 3461 4463 cui
3488 4408 3622 4483 plus

1971 4482 2204 4558 donavit
2234 4482 2418 4572 (ibid).
2455 4520 2483 4547 »
2515 4497 2584 4553 Et
2629 4512 2945 4553 conversus
2993 4496 3067 4553 ad
3117 4495 3444 4577 mulierem,
3477 4482 3624 4555 dixit

231 4576 353 4669 tias,
370 4587 438 4642 ad
458 4583 749 4653 ultimum
779 4587 958 4644 etiam
990 4582 1302 4644 cruciﬁxus
1325 4588 1382 4644 et
1401 4586 1630 4647 ocCisus
1650 4596 1739 4648 est
1756 4576 1862 4677 pro
1972 4589 2194 4648 Simoni
2218 4606 2230 4645 :
2257 4610 2285 4637 «
2308 4587 2486 4643 Vides
2506 4586 2658 4642 hanc
2681 4584 2985 4642 mulierem
3002 4586 3030 4641 ?
3050 4586 3262 4643 Intravi
3287 4585 3347 4643 in
3378 4588 3620 4644 domum

236 4664 611 4753 redemptione
642 4680 863 4746 nostra,
878 4680 943 4733 et'
964 4676 1112 4733 mori
1135 4674 1411 4752 dignatus
1430 4683 1519 4735 est
1539 4695 1644 4753 pro
1671 4664 1861 4738 nobis.

236 4738 623 4839 Iliadicum'qu'e
650 4764 932 4841 temporis
959 4770 1217 4823 retentus
1239 4784 1273 4823 a
1296 4773 1504 4840 morte,
1521 4762 1719 4826 statim
1739 4788 1866 4827 sur-

235 4850 362 4908 réxit
384 4856 557 4912 tertia
586 4850 699 4913 die‘.

295 4962 319 4988 ι(
347 4932 479 5016 Ipse
497 4936 766 5024 pérli'ciet
795 4968 824 4995 »
854 4940 914 5001 in
946 4944 1116 5001 nobis
1146 4946 1367 5001 bonum
1401 4947 1556 5025 quod
1589 4953 1860 5022 coeperat,

241 5029 437 5104 uosque
477 5030 536 5090 in
571 5034 681 5090 sua
709 5033 941 5108 semper
969 5030 1289 5103 voluntate,
1322 5038 1380 5090 et
1409 5034 1467 5090 in
1499 5036 1696 5092 divina
1729 5036 1859 5093 reli‘

241 5112 383 5205 gio‘x‘re
426 5116 734 5203 conﬁrmet
780 5128 836 5179 et
882 5110 1237 5196 corroboret,
1269 5146 1297 5175 ››
1345 5124 1404 5178 in
1435 5122 1866 5197 perseverantia

240 5200 499 5269 B'o'no't‘um'
524 5210 791 5286 operum.

765 5354 1067 5413 HOMILIA
1105 5350 1293 5411 CX!V.

443 5442 728 5501 sonitm
767 5451 993 5509 ccam
1029 5454 1163 5501 rear
1200 5448 1613 5500 eamcosma.

290 5541 438 5640 (huc.
462 5562 583 5641 xv.)
604 5593 632 5620 α
660 5567 724 5626 In
748 5568 844 5626 illo
867 5568 1129 5643 tempore
1152 5584 1165 5624 :
1190 5560 1368 5624 Erant
1388 5564 1859 5643 appropinquan-

237 5671 264 5707 α
283 5642 365 5716 ὣς
384 5652 456 5715 ad
484 5646 690 5719 Iesum
719 5656 1017 5739 publicani
1046 5656 1103 5718 ét
1126 5642 1481 5735 peccatores,
1504 5642 1861 5722 utiaudire'ut

1974 4685 2158 4747 tuam,
2177 4682 2392 4750 aquam
2425 4675 2672 4748 pedibus
2702 4674 2846 4731 meis
2878 4691 2992 4730 non
3026 4675 3259 4743 dedisti,
3282 4676 3402 4732 haec
3424 4680 3621 4732 autem

1972 4767 2248 4841 lacrymis
2279 4765 2488 4838 rigavit
2516 4765 2694 4839 pedes
2723 4780 2907 4834 meos,
2936 4767 2994 4820 et
3023 4764 3251 4838 capillis
3280 4765 3406 4822 suis
3434 4766 3619 4821 tersit.

1972 4855 2250 4913 Osculum
2282 4852 2425 4909 mihi
2459 4870 2573 4908 non
2602 4852 2969 4920 dedisti,haac
2991 4858 3186 4909 autem
3211 4871 3281 4909 ex
3304 4869 3418 4926 quo
3441 4855 3622 4911 intra-

1970 4947 2046 5015 vi,
2080 4963 2196 5001 non
2239 4943 2487 5000 cessavit
2531 4941 2782 4998 osculari
2831 4943 3009 5016 pedes
3051 4959 3232 4999 meos.
3265 4941 3401 4999 Oleo
3447 4947 3626 5016 caput

1974 5052 2171 5092 meum
2194 5050 2310 5090 non
2329 5030 2704 5097 unxisti,baac
2726 5036 2922 5087 autem
2948 5036 3243 5105 unguento
3260 5031 3428 5088 unxit
3446 5033 3622 5105 pedes

1974 5140 2154 5180 meos.
2196 5110 2438 5194 Propter
2466 5120 2623 5192 quod
2654 5119 2783 5175 dico
2832 5119 2958 5189 tibi,
2993 5120 3374 5177 remittuntur
3401 5122 3454 5178 ei
3483 5139 3623 5194 pec-

1968 5218 2100 5269 cata
2128 5209 2315 5267 multa
2341 5207 2523 5283 (Ibid).
2559 5232 2587 5257 »
2619 5209 2731 5291 Sed
2780 5208 2898 5266 illis
2948 5211 3478 5281 murmurantibus,
3510 5212 3622 5269 Do-

1966 5301 2165 5359 minus
2198 5290 2374 5355 talem
2406 5290 2858 5357 similitudinem
2904 5299 3198 5370 adhibuit,
3229 5304 3296 5356 ut
3325 5306 3383 5357 et
3413 5304 3623 5358 eorum

1966 5387 2493 5448 murmurationem
2524 5403 2593 5443 ex
2623 5387 2847 5445 ratione
2879 5395 3293 5464 compesceret,
3308 5395 3367 5447 et
3387 5391 3518 5465 ipsa
3541 5390 3619 5447 si-

1966 5479 2234 5536 militudo
2265 5476 2337 5533 ad
2367 5474 2565 5549 ipsum
2613 5477 2927 5537 Auctorem
2976 5479 3242 5537 omnium
3289 5479 3623 5554 specialiter

1964 5567 2302 5646 pertineret.
2651 5643 2654 5646 ῃ
3010 5578 3027 5590 ί

2037 5680 2065 5716 ‹‹
2095 5653 2192 5717 Ait
2210 5652 2369 5715 enim
2392 5650 2465 5714 ad
2488 5648 2621 5714 illos
2641 5655 2979 5732 parabolam
3002 5657 3197 5730 istam,
3216 5657 3415 5717 diceris
3437 5673 3451 5716 :
3475 5646 3617 5723 Quis
