4050 6174
430 294 543 355 611

993 291 1404 355 HAYMONIS
1449 288 1984 352 HALBERSTAT.
2033 287 2280 349 EPISC.
2327 288 2501 350 OPP.
2548 288 2747 352 PARS
2788 288 2865 350 Il.
2892 320 2973 334 —-
3001 286 3273 368 HOMIL.

3691 292 3793 354 61‘!

431 448 458 474 ‹‹
496 442 563 481 ex
590 426 751 480 vobis
785 425 981 494 homo,
1016 427 1116 497 qui
1146 416 1583 480 habctcrntum
1617 439 1769 483 oves,
1791 419 1914 475 etsi
1951 436 2078 492 per-
2108 423 2162 488 Α
2193 423 2238 488 (l
2275 427 2417 477 Pch'.
2444 422 2571 493 11).»
2598 421 2727 478 Sive
2760 422 3095 494 impositam
3126 422 3185 475 in
3216 420 3472 476 humeris
3501 422 3566 477 ad
3590 437 3794 494 gregem

431 537 458 565 ‹‹
485 513 696 571 didcrit
723 532 899 570 unam
921 532 989 570 ex
1008 514 1151 580 illis,
1170 532 1362 569 nonne
1387 512 1630 569 dimittit
1652 510 1968 582 nonaginta
1988 527 2085 564 no-

431 626 456 652 ‹‹
494 619 621 659 vem
656 604 714 659 in
747 604 997 671 deserto,
1048 608 1106 659 et
1134 603 1292 659 vadit
1336 601 1409 657 ad
1458 599 1619 656 illam
1652 616 1778 672 quae
1811 596 2079 671 perierat,

432 715 460 741 ‹‹
494 691 679 748 donec
706 691 963 748 inveniat
993 690 1198 748 illam?
1219 712 1249 741 »
1270 692 1351 746 Ac
1371 689 1419 745 si
1444 688 1690 745 diceret:
1717 686 1777 743 Si
1797 704 1897 744 vos
1917 702 2082 743 ovem

431 781 720 854 perditam
751 781 944 836 studio
973 784 1136 836 tanto
1168 785 1224 835 et
1251 778 1451 835 labore
1481 776 1801 849 inquiritis,
1832 793 1947 831 non
1968 775 2079 843 ovi,

431 869 532 924 sed
565 874 765 924 vestrae
796 866 1047 924 avaritia
1078 865 1470 933 consulentes,
1506 871 1726 937 quanto
1758 864 1945 938 magis
1975 881 2081 938 ego

430 946 731 1013 hominem
762 958 943 1013 debeo
975 956 1047 1011 ad
1078 956 1396 1029 imaginem
1426 955 1526 1011 Dei
1551 956 1768 1010 factum
1799 970 2079 1025 quaerere,

428 1050 485 1103 et
516 1046 586 1101 de
604 1045 928 1119 perditione
948 1044 1196 1101 liberare
1212 1046 1240 1100 ‘I
1261 1044 1409 1110 Quia
1429 1061 1544 1099 non
1566 1043 1693 1098 veni
1722 1058 2082 1114 quemquam

426 1134 687 1206 perdere,
722 1134 822 1189 sed
854 1150 1057 1189 omnes
1107 1133 1330 1189 salvere
1380 1134 1529 1201 (Luc.
1581 1132 1679 1203 ιχ).
1731 1130 2083 1202 Spiritaliter

426 1221 601 1278 homo
630 1222 759 1290 iste,
790 1222 887 1278 ille
916 1228 1004 1278 est
1032 1224 1103 1278 de
1134 1239 1248 1294 quo
1280 1222 1567 1295 propheta
1596 1221 1712 1276 ait:
1749 1244 1774 1269 ι(
1812 1220 1956 1275 Ecce
1987 1235 2081 1274 ve-

426 1310 547 1366 niet
562 1311 716 1366 Deus
737 1316 793 1366 et
808 1310 983 1366 homo
1004 1311 1077 1367 de
1096 1311 1269 1366 domo
1290 1309 1493 1379 David,
1511 1332 1538 1359 »
1557 1307 1779 1364 scilicet
1796 1307 2081 1362 Dominus

424 1401 592 1456 Jesus
625 1398 910 1464 Christus,
936 1400 1037 1470 qui
1058 1398 1264 1454 habuit
1284 1402 1521 1455 centum
1548 1414 1702 1464 oves,
1727 1397 1961 1468 quando
1984 1413 2082 1450 an-

424 1489 670 1561 gelicam
701 1494 757 1544 et
787 1488 1105 1543 humanam
1158 1493 1428 1543 naturam
1480 1487 1794 1557 perfectam
1843 1485 2077 1540 creavit.

423 1577 803 1633 Uentenarius
822 1578 977 1631 enim
998 1594 1278 1633 numerus
1297 1576 1589 1648 perfectus
1611 1579 1781 1642 est,et
1802 1574 1928 1646 ipse
1954 1590 2082 1628 ceu-

422 1673 548 1722 tum
580 1683 714 1722 oves
744 1665 969 1733 habuit,
1004 1665 1239 1738 quando
1269 1665 1341 1720 ad
1391 1664 1767 1720 obtinendam
1802 1668 2078 1718 aeternam

422 1755 834 1829 perfectionem
866 1754 1207 1827 angelorum
1230 1758 1286 1809 et
1306 1753 1616 1808 hominum
1642 1757 1915 1808 naturam
1940 1767 2076 1806 con-

422 1844 591 1900 didit.
618 1842 744 1899 Una
763 1842 920 1899 enim
943 1842 1065 1899 ovis
1087 1848 1224 1898 tunc
1249 1842 1441 1915 periit,
1466 1842 1701 1913 quando
1722 1840 1951 1912 primus
1973 1839 2076 1895 ho-

422 1949 517 1988 mo
540 1932 814 2005 peccavit.
834 1932 949 1987 Sed
968 1930 1085 1997 ille,
1099 1932 1268 2001 cujus
1294 1928 1692 1987 misericordia
1712 1934 1800 1984 est
1820 1930 1892 1985 ab
1912 1933 2077 1983 aeter-

421 2038 494 2077 no
526 2027 583 2076 et
614 2038 800 2094 usque
822 2020 882 2075 in
902 2024 1182 2076 aeternum
1207 2037 1383 2091 super
1402 2019 1678 2074 timentes
1700 2035 1858 2086 eum,
1874 2017 2077 2076 nolens

421 2110 743 2166 humanam
780 2112 1051 2165 naturam
1082 2111 1360 2181 perpetuo
1392 2107 1601 2180 perire,
1644 2105 1862 2162 relictis
1895 2123 2075 2161 nona-

419 2198 585 2270 ginta
609 2214 815 2254 novem
846 2196 1051 2252 ovibus
1083 2195 1143 2251 in
1175 2196 1430 2262 deserto,
1454 2194 1597 2250 abiit
1627 2193 1787 2249 illam
1819 2209 2077 2265 quaerere

420 2304 547 2360 qua:
579 2287 847 2359 perierat.
867 2288 1171 2340 Desertum
1195 2282 1289 2339 hic
1309 2283 1519 2338 coelum
1540 2282 1905 2355 intelligitur.
1930 2282 2076 2346 Quia

420 2376 578 2432 enim
609 2375 909 2430 desertum
941 2373 1157 2428 dicitur
1186 2371 1527 2427 derelictum
1560 2378 1710 2427 recte
1741 2371 1799 2425 in
1823 2371 1930 2426 hoc
1950 2370 2075 2425 loco

421 2464 632 2519 omium
664 2463 956 2518 desertum
990 2467 1249 2528 vocatur,
1300 2460 1439 2530 quia
1467 2459 1695 2533 primus
1732 2459 1908 2515 homo
1939 2476 2074 2531 pec-

420 2552 607 2608 cando
640 2549 784 2606 illud
815 2550 1090 2606 deseruit.
1122 2546 1283 2613 Quod
1337 2547 1705 2605 manifestius
1744 2549 2075 2620 significare

418 2640 620 2697 volens
673 2639 822 2695 alius
866 2638 1222 2712 evangelista
1251 2655 1355 2709 pro
1388 2639 1636 2705 deserto,
1682 2638 1742 2692 in
1774 2638 2075 2693 montibus

420 2730 718 2802 posuit,ut
747 2726 1060 2802 intelligas,
1080 2726 1139 2781 in
1171 2724 1431 2782 excelsis.
1459 2726 1715 2798 Reliquit
1734 2744 1868 2799 ergo
1893 2743 2073 2781 nona-

421 2819 584 2892 ginta
613 2834 817 2874 novem
849 2817 909 2873 in
940 2818 1193 2880 deserto,
1212 2815 1448 2887 quando
1473 2806 1605 2871 illos
1631 2813 1924 2888 angelicos
1954 2816 2072 2887 spi-

421 2908 569 2964 ritus
598 2908 659 2962 in
690 2905 832 2962 ccelo
881 2903 1239 2977 relinquens,
1295 2908 1535 2976 propter
1583 2921 1689 2960 nos
1740 2909 1797 2959 et
1840 2907 2076 2976 propter

423 3002 690 3052 nostram
722 2995 971 3052 salutem
1004 2993 1323 3049 humanam
1356 2998 1623 3047 naturam
1666 2996 2070 3063 suscepturus,

422 3085 658 3141 intravit
691 3089 923 3139 terram.
956 3081 1292 3138 Notandum
1323 3085 1515 3135 tamen
1550 3080 1688 3153 quia
1713 3096 1827 3135 non
1861 3080 1945 3136 sic
1973 3097 2073 3136 eos

421 3173 697 3242 deseruit,
732 3176 797 3227 ut
828 3187 1060 3244 semper
1089 3187 1191 3243 per
1220 3169 1538 3225 divinitatis
1584 3169 1904 3241 potentiam
1936 3185 2069 3224 cum
2099 3156 2144 3225 Ο

419 3263 537 3320 illis
559 3281 674 3319 non
696 3266 870 3329 esset,
891 3277 993 3334 per
1012 3277 1189 3333 quam
1212 3259 1429 3330 ubique
1449 3264 1540 3315 est
1564 3275 1839 3330 praesens,
1855 3258 2073 3329 ubique

421 3358 512 3409 est
536 3358 716 3418 totus,
748 3351 900 3407 sicut
929 3354 989 3404 et
1018 3366 1125 3405 nos
1155 3348 1434 3415 deseruit,
1458 3347 1691 3419 quando
1722 3347 1793 3402 ad
1826 3346 1958 3402 illos
1983 3363 2072 3402 re-

423 3442 548 3497 diit.
584 3439 856 3507 Quaesivit
887 3436 1046 3493 enim
1076 3453 1238 3493 ovem
1272 3453 1334 3492 se
1377 3452 1491 3491 non
1525 3439 1901 3507 quaerentem,
1933 3434 2074 3506 quia

422 3535 633 3587 natura
678 3529 940 3582 humana
989 3542 1121 3581 cum
1171 3543 1283 3579 non
1317 3528 1513 3597 posset
1541 3525 1810 3579 accedere
1840 3524 1912 3579 ad
1944 3524 2073 3595 ejus

421 3617 806 3683 divinitatem,
829 3615 1016 3670 factus
1042 3618 1131 3669 est
1162 3613 1330 3668 nobis
1360 3613 1584 3668 vicinus
1610 3629 1713 3695 per
1731 3611 2070 3668 humanita-

421 3712 562 3772 tem,
592 3708 740 3760 teste
769 3700 1065 3775 Apostolo,
1099 3701 1199 3773 qui
1231 3702 1313 3756 ait
1339 3717 1353 3754 :
1392 3722 1420 3750 ιι
1450 3701 1841 3773 Semetipsum
1874 3700 2071 3757 exina-

422 3794 586 3860 nivit,
618 3793 868 3847 formam
897 3789 1048 3846 servi
1077 3789 1466 3862 accipiens,in
1487 3788 1934 3845 similitudinem
1968 3789 2070 3845 ho-

422 3882 652 3939 minum
684 3881 874 3936 factus
904 3879 1075 3951 (Phil.
1110 3880 1193 3946 n).
1233 3900 1260 3927 »
1290 3878 1359 3933 Et
1388 3878 1601 3934 iterum
1624 3895 1635 3935 :
1658 3902 1685 3929 «
1711 3882 1777 3935 At
1796 3878 1895 3934 ubi
1916 3879 2073 3935 venit

422 3970 720 4045 plenitudo
741 3967 1041 4041 temporis,
1061 3966 1223 4023 misit
1243 3967 1397 4023 Deus
1421 3966 1630 4023 Filium
1654 3984 1829 4024 suum
1850 3968 2070 4024 factum

422 4078 492 4117 ex
522 4059 784 4127 muliere,
818 4057 1035 4115 factum
1069 4056 1179 4113 sub
1227 4055 1373 4130 lege,
1407 4060 1472 4111 ut
1515 4073 1611 4112 eos
1657 4057 1757 4129 qui
1807 4058 1917 4114 sub
1946 4057 2071 4131 lege

422 4155 585 4207 ersnt
616 4146 946 4213 redimeret,
980 4150 1046 4203 ut
1074 4145 1442 4218 adoptionem
1488 4145 1745 4203 ﬂliorum
1788 4148 2070 4220 recipere-

422 4246 556 4295 mus
590 4237 729 4311 (Gal.
764 4235 863 4309 ιν).
894 4258 923 4285 ››

493 4351 521 4379 α
555 4329 624 4384 Et
644 4344 777 4382 cum
804 4325 1088 4381 invenerit
1107 4341 1257 4392 eam,
1274 4319 1533 4396 imponet
1552 4323 1611 4380 in
1634 4324 1912 4381 humeros
1932 4342 2070 4381 suos

429 4438 456 4471 α
486 4417 767 4490 gaudens.
802 4441 823 4468 ι
856 4415 963 4470 Per
991 4414 1270 4470 humeros
1302 4413 1402 4467 Dei
1433 4413 1597 4468 labor
1623 4414 1915 4486 passionis
1943 4415 2071 4485 ejus

421 4504 786 4578 exprimitur.
801 4503 1084 4569 Quoniam
1108 4518 1244 4575 ergo
1263 4501 1439 4557 habet
1452 4501 1628 4557 homo
1642 4504 1933 4574 majorem
1958 4503 2068 4558 for-
2100 4525 2147 4591 Ι)

422 4593 734 4650 titudinem
765 4592 826 4647 in
858 4591 1118 4647 humeris
1149 4591 1217 4646 ad
1254 4607 1430 4646 onera
1459 4592 1770 4662 portanda,
1800 4608 1979 4663 quam
2011 4592 2069 4647 in

2106 1791 2155 1867 B

422 4683 643 4740 caeteris
674 4680 977 4748 membris,
1012 4680 1217 4735 merito
1249 4695 1352 4750 per
1398 4679 1676 4736 humeros
1718 4680 1903 4736 virtus
1934 4698 2072 4752 pas-

421 4772 603 4829 sionis
620 4771 981 4844 designatur,
998 4770 1150 4824 sicut
1166 4767 1345 4824 Isaias
1362 4767 1444 4823 ait
1460 4770 1597 4840 (cap.
1613 4772 1725 4838 Ix):
1753 4788 1774 4818 ε
1794 4769 1863 4825 Et
1884 4770 2072 4825 factus

421 4868 511 4918 est
540 4861 905 4935 principatus
935 4859 1065 4930 ejus
1111 4873 1289 4930 super
1341 4855 1653 4913 humerum
1684 4858 1833 4929 ejus.
1867 4879 1895 4908 ››
1928 4859 2076 4922 Quia

423 4952 579 5007 enim
612 4951 670 5005 in
701 4948 966 5005 humeris
995 4964 1173 5003 onera
1201 4950 1432 5018 portare
1464 4945 1744 5012 solemus,
1776 4946 2073 5004 inventam

424 5055 588 5094 ovem
635 5038 694 5093 in
739 5036 1004 5092 humeris
1035 5036 1249 5108 posuit,
1283 5034 1516 5107 quando
1546 5052 1655 5091 nos
1684 5051 1786 5107 per
1815 5035 2075 5094 laborem

424 5143 542 5183 suae
565 5124 854 5198 passionis
873 5125 944 5180 ad
963 5122 1256 5180 ccelestem
1272 5123 1520 5197 gloriam
1538 5124 1840 5181 revocavit.
1856 5126 1937 5181 De
1960 5142 2074 5198 quo

425 5232 529 5288 per
556 5215 791 5270 beatum
822 5213 1055 5269 Petrum
1086 5212 1302 5268 dicitur
1334 5227 1348 5268 :
1381 5236 1407 5263 «
1442 5213 1683 5270 Peccata
1713 5218 1913 5270 nostra
1950 5215 2076 5287 ipse

383 5325 393 5336 -
425 5302 664 5377 pertulit
692 5302 751 5357 in
781 5318 1019 5373 corpore
1051 5317 1157 5357 suo
1211 5318 1389 5373 super
1435 5300 1683 5375 lignum,
1720 5306 1783 5358 ut
1823 5304 2076 5375 peccatis

425 5393 663 5457 mortui,
680 5389 924 5462 justitiae
944 5388 1416 5460 vivamus,cujus
1438 5390 1613 5446 livore
1631 5391 1821 5447 sanati
1844 5407 2072 5449 sumus.

426 5480 615 5540 Eratis
644 5480 800 5536 enim
829 5479 982 5537 sicut
1010 5494 1144 5534 oves
1175 5482 1456 5551 errantes,
1512 5480 1612 5536 sed
1644 5481 1904 5538 conversi
1935 5480 2074 5538 estis

426 5585 583 5659 nunc
595 5570 665 5631 ad
680 5574 974 5645 pastorem
985 5572 1044 5628 et
1054 5566 1393 5647 episcopum
1405 5567 1737 5632 animarum
1750 5574 2074 5634 vestrarum

2193 513 2527 583 reportavit,
2567 512 2801 584 quando
2832 529 2941 568 nos
2969 513 3043 568 ad
3074 527 3241 570 suam
3275 510 3698 566 similitudinem
3726 530 3801 569 re-

2192 599 2481 656 formavit.
2518 602 2632 656 Hoc
2663 604 2751 656 est
2779 616 2918 673 ergo
2947 616 3119 661 ovem
3162 599 3451 656 inventam
3483 600 3541 654 in
3570 599 3801 656 bumen’s

2192 688 2513 761 imponere,
2548 690 2703 761 quod
2728 691 2900 760 juxta
2944 688 3120 745 aliam
3164 687 3497 760 parabolam
3540 688 3803 745 hominem

2192 795 2226 833 a
2258 776 2587 834 latronibus
2616 777 2986 833 vulneratum
3018 764 3316 850 imponere
3342 776 3401 831 in
3425 778 3738 849 jumentum
3757 782 3804 832 et

2191 867 2402 922 ducere
2433 865 2493 920 in
2527 865 2847 922 stabulum.
3438 932 3441 937 ί

2182 958 2187 964 ’
2263 978 2288 1004 α
2324 955 2393 1010 Et
2423 955 2663 1011 veniens
2692 956 2955 1011 domum.
2982 976 3010 1004 »
3038 959 3272 1019 Domus,
3297 955 3365 1009 ad
3399 970 3571 1027 quam
3603 953 3807 1017 inventa

2191 1043 2312 1099 ovis
2344 1049 2690 1116 reportatur,
2726 1042 2974 1099 ccelestis
3025 1047 3114 1100 est
3159 1044 3366 1117 patria,
3400 1044 3471 1098 ad
3521 1060 3684 1114 quam
3721 1043 3805 1101 ilh

2191 1131 2470 1204 spiritalis
2487 1132 2607 1188 ovis
2630 1133 2709 1204 pii
2732 1131 2981 1205 pastoris
2996 1132 3268 1188 humeris
3290 1147 3351 1187 se
3372 1132 3641 1203 reportari
3666 1138 3802 1203 opta-

2191 1221 2309 1287 bat,
2343 1237 2477 1277 cum
2510 1221 2741 1277 dicebat
2772 1239 2785 1277 :
2820 1245 2848 1272 «
2900 1222 3085 1277 Unam
3137 1221 3278 1292 petii
3309 1238 3343 1275 a
3371 1216 3632 1286 Domino,
3679 1220 3803 1276 hanc

2191 1310 2510 1383 requiram,
2543 1316 2607 1365 ut
2654 1310 2975 1366 inhabitem
3007 1310 3065 1365 in
3098 1310 3272 1365 domo
3305 1308 3536 1364 Domini
3568 1309 3805 1366 omnibus

2189 1398 2397 1454 diebus
2428 1399 2556 1453 vita:
2587 1415 2748 1468 meae,
2776 1403 2840 1453 ut
2867 1399 3094 1454 videam
3125 1397 3486 1453 voluntatem
3519 1397 3804 1462 Domini,et

2187 1488 2419 1543 visitem
2472 1487 2759 1560 templum
2809 1490 2939 1561 ejus
2987 1488 3158 1561 (Psal.
3190 1491 3370 1554 xxvr).
3406 1507 3434 1535 n
3468 1486 3535 1540 Et
3578 1478 3803 1541 iterum:

2166 1599 2217 1632 οι(
2253 1576 2448 1631 Erravi
2472 1575 2623 1631 sicut
2642 1576 2763 1633 ovis
2785 1594 2915 1648 quae
2938 1576 3129 1653 periit,
3146 1574 3380 1647 require
3402 1590 3624 1633 servum
3645 1580 3803 1637 tuum,

2188 1662 2432 1720 Domine
2463 1665 2633 1733 (Psal.
2666 1669 2880 1733 cxvm).
2917 1687 2945 1717 »
2983 1669 3223 1720 Inventa
3267 1680 3409 1737 ergo
3453 1679 3573 1728 ove,
3602 1663 3665 1717 ad
3712 1663 3803 1719 Do-

2189 1751 2417 1807 minum
2450 1754 2776 1822 revertitur,
2810 1753 2949 1826 quia
2998 1756 3129 1826 post
3180 1751 3487 1808 liberatam
3521 1751 3800 1805 humanam

2187 1844 2480 1908 naturam,
2500 1846 2631 1913 post
2656 1842 3023 1915 triumphum
3054 1858 3171 1897 sure
3202 1839 3514 1913 passionis,
3535 1838 3800 1893 adeoalum

2186 1929 2358 1984 rediit
2388 1947 2490 2002 per
2517 1930 2764 2001 gloriam
2791 1930 3170 1987 ascensionis.
3191 1916 3424 1994 Quanta
3444 1932 3629 1983 autem
3650 1927 3804 2000 gloria

2186 2018 2256 2073 de
2288 2018 2544 2074 hominis
2575 2018 2915 2077 liberatione
2938 2018 3163 2093 angelis
3182 2018 3240 2073 in
3268 2017 3431 2074 caelis
3452 2022 3575 2074 orta
3598 2017 3683 2087 sit,
3702 2031 3802 2071 ma-

2186 2107 2498 2163 nifestatur
2526 2124 2662 2163 cum
2694 2108 2968 2163 subditur
3000 2125 3012 2163 :

2257 2220 2285 2247 ‹‹
2319 2196 2499 2252 Vocat
2529 2197 2749 2252 amicos
2770 2201 2828 2252 et
2846 2196 3088 2263 vicinos,
3113 2195 3314 2251 dicens
3345 2194 3465 2251 illis
3488 2213 3501 2251 :
3524 2196 3803 2266 Congratu-

2186 2308 2213 2336 ‹‹
2246 2283 2449 2340 lamini
2482 2285 2649 2352 mihi,
2686 2285 2826 2357 quia
2856 2284 3045 2343 inveni
3077 2301 3241 2340 ovem
3273 2300 3471 2340 meam
3501 2300 3623 2355 quae
3650 2282 3803 2354 perie-

2188 2395 2215 2423 ‹‹
2248 2379 2358 2429 rat.
2391 2395 2418 2423 »
2447 2374 2635 2429 Amici
2665 2381 2722 2430 et
2766 2374 2940 2430 vicini
2992 2373 3341 2446 angelorum
3393 2373 3628 2446 spiritus
3670 2374 3799 2435 sunt,

2183 2462 2283 2534 qui
2313 2462 2485 2518 amici
2519 2466 2672 2518 recte
2700 2466 3001 2531 vocantur,
3026 2463 3166 2535 quia
3188 2462 3258 2518 ab
3282 2463 3418 2533 ejus
3436 2461 3663 2517 veritate
3682 2476 3801 2512 nun-

2181 2568 2360 2623 quam
2390 2551 2748 2607 discordant.
2779 2551 2988 2620 Vicini,
3031 2552 3173 2624 quia
3218 2552 3512 2607 visionem
3554 2548 3798 2604 claritatis

2182 2639 2341 2696 illius
2372 2657 2403 2696 e
2433 2639 2694 2712 proximo
2743 2638 3234 2712 contemplantur.
3268 2639 3602 2695 Notandum
3631 2642 3793 2692 autem

2182 2730 2338 2801 quod
2361 2745 2476 2785 non
2503 2728 2602 2795 ait,
2625 2727 3111 2802 congratulamini
3133 2728 3386 2784 inventae
3408 2727 3518 2797 ovi,
3542 2727 3637 2783 sed
3657 2724 3794 2789 mihi,

2181 2816 2495 2873 ostendens
2516 2816 2654 2888 quia
2675 2820 2875 2873 nostra
2898 2816 3059 2872 salus
3084 2816 3242 2872 illius
3264 2821 3361 2885 est
3381 2813 3794 2889 gaudium.Piis-

2181 2907 2368 2961 simus
2411 2907 2567 2961 enim
2596 2906 2770 2971 Deus,
2804 2922 2938 2960 cum
2973 2905 3050 2960 sit
3076 2905 3494 2973 immutabilis,
3543 2904 3682 2959 sicut
3706 2902 3794 2956 bu-

2181 3012 2354 3051 mano
2385 3012 2547 3049 more
2578 2992 2907 3050 contristari
2941 3011 3045 3065 pro
3065 2994 3381 3049 hominum
3403 2991 3703 3066 perditione
3720 2989 3793 3045 di-

2180 3083 2349 3151 citur,
2384 3083 2468 3138 sic
2497 3083 2570 3138 de
2598 3083 2725 3153 ejus
2755 3081 2942 3137 salute
2994 3082 3267 3154 gaudere.
3299 3081 3469 3146 Quod
3518 3085 3696 3136 autem
3740 3078 3795 3132 de

2182 3172 2487 3229 hominum
2520 3171 2839 3244 perditione
2871 3170 3083 3238 doleat,
3099 3172 3224 3244 ipse
3245 3188 3353 3243 per
3374 3170 3697 3244 prophetam
3715 3168 3794 3222 de-

2182 3262 2381 3327 clarat,
2397 3278 2465 3317 cu
2476 3278 2531 3315 m
2547 3260 2907 3316 enumeratis
2922 3260 3246 3316 Jerusalem
3262 3255 3794 3332 peccatis,adiungit.

2183 3351 2416 3406 dicens:
2442 3350 2503 3405 ln
2526 3346 2802 3405 omnibus
2823 3349 2952 3405 istis
2982 3348 3379 3405 contristabas
3410 3365 3521 3405 me.
3543 3348 3796 3412 Quantum

2182 3444 2376 3495 autem
2408 3438 2479 3494 de
2513 3440 2642 3509 ejus
2674 3438 2859 3494 salute
2888 3438 3140 3511 gaudeat
3168 3437 3531 3510 evangelista
3558 3435 3796 3501 declarat,

2181 3528 2381 3583 dicens
2405 3544 2418 3581 :
2453 3527 2517 3583 In
2549 3526 2647 3582 illa
2676 3528 2819 3584 hora
2848 3526 3159 3583 exsultavit
3186 3527 3365 3583 Jesus
3399 3526 3623 3599 spiritu,
3653 3527 3704 3579 et
3727 3521 3798 3576 di-

2179 3617 2263 3671 xit
2295 3634 2308 3672 :
2345 3641 2371 3667 «
2404 3616 2697 3672 Confiteor
2724 3616 2851 3683 tibi,
2892 3614 3159 3682 Domine,
3195 3616 3367 3671 Pater
3412 3614 3536 3671 caeli
3582 3617 3635 3670 et
3660 3616 3797 3667 terra

2182 3705 2278 3777 qui
2314 3705 2673 3761 abscondisti
2704 3705 2825 3760 haac
2858 3722 2892 3759 a
2920 3705 3286 3777 sapientibus
3330 3709 3395 3760 et
3423 3701 3794 3777 prudentibus,

2182 3798 2239 3849 et
2268 3792 2533 3850 revelasti
2565 3810 2633 3851 ea
2661 3793 2920 3866 parvulis
2950 3793 3156 3865 (Matth.
3210 3796 3307 3862 xl).
3346 3816 3381 3842 »
3412 3793 3587 3865 Cujus
3630 3787 3797 3863 gaudii

2181 3883 2594 3955 perfectionem
2615 3881 2901 3938 Dominus
2917 3881 3332 3947 declarat,cum
3359 3897 3646 3955 exponens
3665 3876 3798 3933 simi-

2180 3972 2490 4028 litudinem
2520 3970 2851 4043 subjungit,
2884 3972 3083 4027 dicens
3118 3987 3133 4027 :

2252 4084 2279 4112 ‹‹
2318 4062 2449 4117 Dico
2476 4061 2639 4117 vobis
2671 4060 2825 4133 quod
2857 4060 2939 4116 ita
2964 4060 3249 4132 gaudium
3278 4065 3369 4115 est
3401 4061 3461 4115 in
3491 4058 3624 4115 caelo
3652 4069 3800 4126 super

2187 4171 2209 4200 ι
2244 4168 2361 4206 uno
2391 4155 2692 4222 peccatore
2736 4148 3136 4221 paenitentiam
3185 4153 3416 4222 agente,
3448 4164 3618 4221 quam
3647 4156 3799 4216 supra

2183 4261 2213 4291 «
2242 4239 2561 4312 nonaginta
2592 4253 2799 4294 novem
2822 4238 3026 4309 justis,
3078 4238 3175 4310 qui
3208 4254 3325 4294 non
3355 4238 3616 4311 indigent
3643 4231 3797 4308 pumi-

2180 4352 2207 4379 ‹‹
2242 4327 2444 4384 tentia.
2476 4348 2504 4376 »
2537 4327 2726 4398 Majus
2755 4343 2892 4400 ergo
2920 4327 3202 4399 gaudium
3233 4326 3405 4383 estin
3427 4325 3566 4382 calo
3596 4324 3661 4380 de
3687 4336 3796 4376 ceu-

2177 4416 2362 4475 versis
2394 4415 2816 4488 peccatoribus,
2840 4431 3015 4487 quam
3038 4416 3110 4471 de
3130 4415 3429 4471 stanﬁbUs
3451 4414 3626 4487 justis
3650 4428 3661 4466 :
3683 4408 3798 4482 quia

2179 4506 2236 4562 et
2265 4522 2371 4562 nos
2402 4510 2692 4559 terrenam
2723 4504 3115 4560 substantiam
3139 4504 3427 4578 perditam
3458 4519 3589 4559 cum
3617 4495 3795 4571 majori

2180 4595 2393 4668 gaudio
2416 4609 2852 4665 recuperamus,
2873 4609 3050 4665 quam
3071 4598 3206 4650 ante
3226 4593 3606 4665 perditionem
3629 4600 3796 4661 posse-

2182 4684 2476 4739 deramus.
2511 4683 2671 4748 Quod
2715 4683 3023 4739 manifeste
3068 4682 3169 4738 illa
3215 4670 3497 4755 parabola
3538 4669 3798 4749 Evangelii

2182 4772 2422 4837 indicat,
2478 4770 2578 4827 ubi
2634 4771 2944 4845 prodigum
2994 4770 3179 4827 lilium
3228 4773 3605 4827 revertentem
3658 4766 3797 4838 pater

2183 4878 2317 4916 cum
2348 4876 2561 4933 magno
2593 4859 2805 4933 gaudio
2836 4860 3365 4933 suscepit,dicens:
3389 4883 3417 4910 ‹‹
3441 4857 3683 4914 Proferte
3701 4850 3796 4906 cito

2183 4948 2396 5030 stolam
2428 4948 2699 5022 primam,
2731 4952 2789 5004 et
2815 4949 2946 5005 date
2975 4949 3262 5004 annulum
3291 4949 3352 5003 in
3382 4961 3559 5003 manu
3588 4944 3722 5017 ejus,
3750 4939 3797 4991 et

2184 5038 2576 5095 calceamenta
2592 5038 2648 5092 in
2667 5038 2933 5109 pedes,et
2947 5036 3186 5094 occidite
3200 5036 3450 5093 vitulum
3472 5033 3793 5108 saginatum.

2184 5132 2242 5184 et
2270 5126 2577 5200 epulamur
2599 5132 2658 5182 et
2677 5127 3107 5197 jucundemur:
3130 5131 3189 5183 et
3212 5126 3351 5199 quia
3367 5123 3463 5181 hic
3484 5116 3636 5179 ﬁlius
3655 5128 3807 5174 meus,

2184 5221 2456 5272 mortuus
2486 5216 2693 5280 fuerat,
2724 5220 2784 5271 et
2814 5215 3048 5285 revixit;
3078 5216 3346 5288 perierat,
3365 5219 3422 5270 et
3452 5213 3706 5268 inventus
3723 5205 3796 5257 est

2186 5306 2335 5376 (Luc.
2366 5305 2480 5378 xv).
2516 5327 2543 5355 »
2576 5304 2687 5360 Sed
2720 5303 2865 5360 forte
2895 5310 3087 5361 movet
3116 5297 3686 5377 aliquem,quomodo
3708 5307 3794 5349 an-

2184 5393 2295 5467 geli
2325 5394 2447 5463 Dei,
2489 5393 2547 5448 in
2580 5393 2796 5466 quibus
2825 5409 3061 5449 summa
3090 5393 3364 5466 perfectio
3397 5394 3507 5457 est,
3538 5384 3712 5458 magis
3736 5379 3795 5435 de

2184 5483 2560 5539 conversione
2590 5485 2958 5555 peccatorum
2997 5499 3174 5554 quam
3223 5483 3293 5540 de
3334 5483 3489 5538 statu
3526 5478 3792 5549 justol'nm

2185 5571 2437 5652 gaudere
2456 5571 2728 5651 possint?
2741 5572 2826 5631 Ad
2851 5573 3004 5650 quod
3026 5572 3357 5642 dicendum,
3371 5569 3511 5649 quia
3527 5566 3658 5627 sunt
3676 5572 3796 5655 aon-
