3908 6172
176 342 286 405 ⁸613

1358 335 1712 397 HOMILl/E
1755 333 1857 395 DE
1901 334 2302 396 TEMPORE.

3412 341 3535 402 614

188 471 305 528 nulli
326 467 486 534 electi,
528 465 624 537 qui
679 464 794 520 Deo
824 482 886 521 se
931 470 1263 539 protegente
1295 465 1458 523 nulla
1500 466 1774 540 capitalia
1804 472 1853 534 Α
1886 466 2053 533 didit,
2083 467 2317 537 quando
2340 466 2566 538 primus
2589 465 2763 522 homo
2780 468 3171 539 peccavitSed
3198 471 3290 527 Dei
3316 472 3546 544 sapicn.

186 559 391 618 crimina
431 554 859 623 commiserunt,
893 560 950 611 et
1000 559 1197 612 tamen
1238 555 1417 612 nullis
1458 557 1774 612 virtutibus

182 643 545 723 principalibus
573 660 639 699 se
665 648 955 700 exercent.
989 644 1056 702 Et
1085 645 1224 717 quis
1252 662 1359 701 suo
1389 645 1615 717 judicio
1661 645 1773 701 sibi

174 736 295 811 justi
317 749 430 789 esse
448 731 729 800 videntur,
755 736 920 789 tanto
942 733 1207 791 securius
1222 734 1441 801 vivunt,
1465 737 1687 807 quanto
1713 751 1776 791 se

176 825 341 882 minus
367 823 678 894 peccatores
703 822 1199 894 cognoscunt.Qui
1223 840 1358 879 vero
1383 827 1514 896 post
1543 823 1777 895 publica

153 911 361 986 'llagitia
385 914 439 966 et
464 908 677 965 scelera
698 910 769 964 ad
791 911 1192 983 penitentiam
1216 912 1498 980 conversi,
1523 916 1684 968 tanto
1712 928 1775 968 se

172 1001 333 1058 acrius
361 998 634 1070 afﬂigunt,
669 1002 887 1070 quanto
907 1000 1142 1073 gravius
1174 1019 1235 1057 se
1266 1018 1535 1073 peccasse
1568 1001 1773 1057 memi-

173 1090 380 1144 nerunt:
411 1090 463 1142 et
491 1085 726 1142 sibimet
775 1087 929 1156 irati,
963 1104 1196 1145 carnem
1228 1106 1395 1145 suam
1446 1107 1549 1162 per
1595 1091 1776 1148 absti-

172 1175 391 1235 nentiam
415 1180 468 1231 et
496 1173 722 1247 vigilias
764 1182 1099 1247 macerant;
1149 1177 1479 1235 voluntates
1511 1181 1778 1252 proprias

172 1266 438 1338 abnegant,
457 1264 702 1336 jejuniis
723 1270 779 1321 et
797 1264 1181 1340 eleemosynis
1207 1268 1616 1337 inserviunt,in
1647 1287 1778 1325 ora-

172 1354 392 1411 tionibus
409 1358 463 1410 et
477 1352 752 1427 lacrymis
772 1360 1268 1429 compunguntur,
1284 1363 1341 1413 et
1362 1357 1779 1414 mortiﬁcantes

169 1443 491 1515 semetipsos,
525 1466 553 1491 «
586 1443 942 1516 cruciﬁgnnt
963 1446 1228 1502 membra
1247 1463 1355 1503 sua
1383 1463 1517 1502 cum
1548 1447 1703 1503 vitiis
1724 1452 1782 1503 et

167 1531 611 1604 concupiscentiis
638 1531 794 1605 (Gal.
831 1534 939 1605 mg.
969 1558 996 1584 ››
1030 1534 1107 1591 De
1128 1534 1335 1591 talium
1358 1552 1494 1609 ergo
1516 1540 1780 1609 peccato-

165 1640 270 1677 rum
300 1622 664 1678 conversione
690 1622 883 1694 majus
905 1623 1186 1696 gaudium
1212 1628 1300 1681 est
1331 1625 1386 1680 in
1411 1626 1572 1695 celo,
1602 1643 1779 1699 quam

165 1711 220 1765 de
244 1708 457 1766 illorum
482 1710 785 1781 justorum
830 1716 1009 1781 statu,
1044 1712 1167 1785 qui,
1199 1717 1265 1768 ut
1293 1713 1567 1781 diximus,
1621 1718 1781 1770 tanto

162 1800 329 1855 minus
348 1816 406 1854 se
426 1798 482 1857 in
512 1799 688 1856 bonis
718 1804 985 1856 exercent
1013 1801 1308 1873 operibus,
1335 1808 1552 1874 quanto
1584 1803 1782 1859 minus

163 1905 211 1942 se
235 1887 499 1960 obligatos
529 1888 797 1944 sentiunt
826 1888 885 1944 in
918 1888 1090 1944 malis
1123 1890 1491 1962 gravioribus
1519 1908 1532 1947 :
1563 1892 1704 1964 quia
1726 1896 1784 1948 et

161 1994 240 2033 rex
261 1993 383 2033 eum
413 1976 665 2033 militem
698 1977 758 2035 in
792 1977 988 2051 prelio
1018 1978 1154 2051 plus
1177 1978 1389 2052 diligit,
1413 1980 1514 2052 qui
1546 1986 1676 2053 post
1697 1982 1785 2038 fu-

160 2082 272 2139 gam
298 2083 558 2123 reversus
591 2067 954 2123 adversarios
984 2066 1228 2124 viriliter
1256 2069 1491 2141 premit,
1522 2087 1699 2140 quam
1722 2070 1785 2127 il-

157 2152 259 2210 lum
280 2154 374 2226 qui
390 2170 700 2227 nunquam
727 2154 855 2211 iniit
877 2154 1097 2228 fugam,
1121 2172 1227 2212 nec
1248 2160 1442 2213 tamen
1465 2157 1782 2229 aliquando

158 2241 349 2314 aliquid
406 2243 636 2300 fortiter
681 2243 881 2317 gessit.
936 2244 1219 2301 Similiter
1245 2250 1303 2301 et
1349 2246 1605 2318 agricola
1652 2264 1781 2303 eam

155 2334 340 2387 terram
370 2330 501 2404 plus
528 2332 747 2406 diligit,
772 2350 899 2405 que
922 2338 1055 2406 post
1069 2334 1493 2407 excerptionem
1522 2336 1781 2408 veprium

154 2424 200 2473 et
223 2418 510 2492 spinarum
560 2420 866 2478 uberiores
910 2423 1136 2478 fructus
1166 2422 1375 2491 reddit,
1408 2440 1587 2496 quam
1619 2424 1780 2481 illam

154 2524 261 2580 qua
300 2526 608 2583 nunquam
641 2511 844 2583 spinas
876 2510 1139 2584 protulit,
1173 2529 1279 2569 nec
1330 2517 1522 2570 tamen
1574 2514 1782 2572 uberes

155 2599 353 2656 fructus
382 2601 533 2657 fecit.
568 2601 723 2657 Sunt
743 2600 918 2657 etiam
945 2600 1042 2658 alii
1062 2602 1232 2673 justi,
1266 2603 1365 2675 qui
1395 2604 1787 2675 cumjustitiaa

154 2701 302 2758 opera
328 2686 609 2756 habeant,
644 2705 706 2744 se
730 2691 928 2745 tamen
961 2689 1204 2745 minime
1234 2690 1347 2763 ipsi
1393 2690 1590 2762 justos
1632 2693 1787 2747 arbi-

154 2780 376 2843 trantur,
408 2782 467 2833 et
497 2777 679 2851 quasi
708 2777 927 2835 conscii
960 2778 1069 2833 sibi
1104 2779 1225 2834 sint
1254 2796 1601 2852 magnorum
1650 2796 1789 2852 pec-

154 2867 408 2933 ratorum,
441 2865 524 2923 ita
546 2866 905 2938 semetipsos
935 2870 1233 2935 accusant,
1265 2866 1588 2941 afﬂigentes
1618 2886 1680 2927 se
1697 2871 1787 2941 je-

148 2952 331 3022 juniis,
360 2953 612 3027 vigiliis,
645 2954 1035 3011 orationibus:
1059 2959 1119 3012 et
1132 2955 1283 3017 sicut
1308 2956 1405 3012 alii
1436 2956 1641 3030 culpas
1660 2975 1791 3032 ope-

155 3040 239 3106 ris,
261 3042 336 3097 ita
355 3042 439 3099 illi
466 3043 826 3117 plerumque
847 3044 1154 3117 deplorant
1172 3046 1374 3117 culpas
1395 3047 1787 3119 cogitationis.

151 3128 640 3191 Considerandum
672 3150 809 3207 ergo
832 3137 940 3202 est,
973 3133 1112 3206 quia
1150 3134 1200 3189 si
1233 3134 1303 3190 de
1333 3136 1628 3193 conversis
1655 3154 1788 3210 pec-

1882 555 1985 623 tia,
2033 555 2239 610 nolens
2268 554 2567 611 hominem
2599 555 2786 629 perire
2816 557 3248 629 perpetualiter,
3279 561 3545 618 accendit

1882 641 2203 700 lucernam.
2239 644 2562 700 Lucernam
2595 644 2814 718 quippe
2845 647 3131 715 accendit,
3165 649 3398 720 quando
3430 649 3541 704 liu-

1884 749 2119 788 manam
2153 735 2447 798 naturam,
2473 748 2650 805 quam
2671 750 2738 788 ex
2764 735 2935 790 nobis
2966 736 3309 809 assumpsit,
3331 736 3543 794 virtute

1886 821 2301 878 miraculorum
2323 839 2429 895 per
2456 838 2624 878 suam
2652 822 3018 879 divinitatem
3040 823 3396 881 clariﬁcavit.
3431 827 3546 881 Lu-

1884 928 2057 967 cerua
2068 912 2223 966 enim
2249 911 2454 967 lumen
2475 915 2564 967 est
2589 911 2647 966 in
2674 916 2840 981 testa,
2867 911 3066 968 lumen
3090 914 3150 969 in
3169 918 3318 971 testa
3336 914 3547 971 divini-

1884 1005 1975 1056 tas
1995 1000 2055 1056 in
2075 1000 2465 1071 humanitate.
2492 1001 2657 1057 Sicut
2678 1000 2835 1057 enim
2861 1001 3059 1057 lumen
3087 1003 3145 1057 in
3166 1007 3316 1059 testa
3337 1021 3548 1061 conva-

1884 1087 2072 1158 lescit,
2104 1089 2187 1145 ita
2224 1089 2322 1147 Dei
2364 1106 2496 1146 caro
2518 1107 2623 1162 per
2656 1089 2849 1162 ignem
2872 1090 3166 1165 passionis
3198 1092 3270 1148 ad
3302 1093 3547 1163 immor-

1886 1178 2172 1234 talitatem
2204 1179 2498 1245 transivit,
2533 1179 2685 1234 sicut
2715 1179 2840 1252 ipse
2876 1197 2979 1252 per
3008 1181 3360 1253 Prophetam
3422 1181 3542 1237 ait:

1888 1290 1913 1318 ‹‹
1944 1267 2179 1324 Exaruit
2207 1266 2363 1324 velut
2410 1272 2564 1324 testa
2591 1267 2778 1324 virtus
2809 1286 2937 1325 mea
2983 1270 3157 1342 (Psal.
3190 1271 3327 1342 xxx).
3361 1293 3389 1321 ››
3432 1270 3547 1327 Sed

1888 1362 2202 1429 postquam
2222 1356 2431 1412 mulier
2448 1358 2710 1413 accendit
2724 1356 3047 1427 lucernam,
3064 1360 3305 1415 domum
3318 1359 3544 1428 evertit,

1888 1445 2026 1518 quia
2051 1463 2182 1501 cum
2215 1446 2499 1501 Dominus
2532 1446 2589 1502 in
2623 1446 2988 1511 humanitate
3019 1446 3312 1522 apparuit,
3346 1447 3547 1505 statim

1889 1553 1988 1591 cor
2018 1535 2344 1590 humanum
2378 1536 2448 1590 ad
2480 1534 2882 1608 penitentiam
2923 1537 3210 1610 agendam
3242 1537 3545 1603 convertit,

1889 1624 2017 1695 ipse
2047 1624 2310 1681 dicente:
2345 1647 2370 1673 ‹‹
2399 1624 2805 1680 Penitentiam
2840 1625 3016 1697 agite,
3054 1624 3550 1698 appropinquabit

1890 1711 2048 1767 enim
2106 1729 2351 1785 regnum
2410 1711 2689 1768 celerum
2747 1713 2965 1785 (.‘rlault.
3018 1717 3127 1783 ιιι).
3175 1737 3202 1765 ››
3264 1713 3550 1770 Evertitur

1893 1801 2109 1874 quippe
2141 1801 2372 1869 domus,
2405 1802 2642 1874 quando
2672 1801 2850 1858 homo
2886 1801 3031 1857 illud
3080 1803 3238 1875 quod
3283 1802 3551 1875 nequiter

1891 1890 2094 1964 gessit,
2128 1891 2379 1963 graviter
2406 1890 2463 1945 in
2493 1890 2687 1963 seipso
2716 1890 2967 1963 puniens
2999 1891 3268 1948 destruit.

1962 2002 1989 2029 ‹‹
2024 1980 2091 2034 Et
2120 1995 2255 2034 cum
2288 1978 2592 2048 invenerit,
2644 1983 2923 2035 convocat
2954 1980 3175 2036 amicas
3204 1985 3262 2036 et
3305 1979 3546 2049 vicinas,

1891 2091 1919 2119 «
1954 2067 2193 2123 dicens:
2227 2066 2730 2141 Congratulamini
2762 2068 2930 2138 mihi,
2963 2068 3103 2142 quia
3130 2068 3325 2127 inveni
3346 2068 3552 2126 drach-

1891 2180 1918 2206 «
1954 2172 2107 2213 mam
2140 2173 2317 2229 quam
2366 2156 2759 2228 perdideram.
2791 2180 2819 2207 »
2851 2158 3064 2214 Amice
3093 2161 3151 2215 et
3193 2158 3416 2227 vicine,
3450 2176 3549 2214 su-

1890 2262 2080 2318 pernae
2112 2244 2366 2303 civitatis
2402 2244 2646 2303 virtutes
2677 2251 2820 2301 sunt
2850 2252 2909 2303 et
2953 2246 3296 2321 angelorum
3329 2247 3552 2304 scilicet

1890 2334 2151 2408 Spiritus,
2173 2335 2271 2408 qui
2297 2335 2368 2390 ab
2390 2335 2518 2407 ejus
2538 2335 2835 2392 voluntate
2861 2353 3167 2408 nunquam
3189 2337 3548 2406 discordant,

1890 2441 1995 2480 nec
2017 2423 2089 2480 ab
2110 2422 2505 2480 illiusvisione
2522 2423 2719 2496 aliquo
2744 2424 3056 2481 intervallo
3080 2425 3362 2498 temporis
3383 2442 3552 2498 sepa-

1897 2518 2118 2569 rantur.
2143 2512 2718 2586 Congratulabuntur
2747 2530 3000 2586 namque
3030 2513 3220 2587 angeli
3249 2514 3309 2569 in
3347 2513 3549 2570 inven-

1896 2602 2051 2658 tione
2064 2602 2184 2657 ovis
2197 2601 2580 2669 ctdrachme,
2599 2603 2831 2673 quando
2845 2619 3155 2658 numerum
3171 2619 3549 2675 suum,quem

1899 2708 2001 2763 per
2020 2693 2346 2763 apostatam
2370 2688 2645 2762 angelum
2658 2689 3035 2745 imminutum
3050 2689 3339 2758 viderunt,
3347 2708 3450 2763 per
3461 2708 3548 2747 re-

1899 2776 2332 2850 cuperationem
2355 2776 2611 2833 hominis
2633 2776 2909 2850 compleri
2927 2783 3185 2833 cernent.
3214 2778 3549 2834 Notandum

1899 2871 2117 2934 autem,
2143 2866 2282 2938 quia
2306 2882 2420 2921 non
2443 2864 2542 2932 ait,
2567 2865 3054 2939 congratulamini
3076 2866 3548 2923 inventedrach-

1901 2971 2030 3021 me,
2061 2955 2161 3009 sed
2196 2952 2362 3022 mihi,
2395 2954 2708 3009 ostendens
2734 2953 2875 3027 quia
2897 2960 3097 3011 nostra
3123 2954 3550 3013 liberatiolibe—

1899 3043 2110 3099 ratoris
2131 3046 2221 3099 est
2238 3041 2566 3098 exsultatio.
2586 3042 2798 3114 Magna
2817 3046 2905 3099 est
2923 3042 3079 3100 enim
3101 3060 3235 3116 spes
3257 3043 3551 3119 conversis

1899 3131 2319 3205 peccatoribus,
2342 3146 2554 3204 magna
2569 3130 2785 3188 ﬁducia
2800 3131 3216 3204 penitentibus
3247 3132 3546 3202 tribuitur,

151 3221 417 3279 actoribus
445 3222 741 3296 gaudium
774 3224 851 3279 sit
882 3222 943 3278 in
976 3222 1139 3291 celo,
1174 3222 1357 3280 multo
1384 3224 1574 3298 magis
1605 3207 1786 3282 maxi-
1816 3207 1860 3274 (ἶ
1897 3238 2032 3277 cum
2063 3220 2462 3276 subinfertur:

148 3322 287 3365 mum
316 3311 615 3384 gaudium
651 3315 741 3367 est
772 3312 842 3367 de
872 3311 1080 3369 talium
1101 3314 1401 3384 justorum
1433 3315 1788 3387 operatione.

146 3394 320 3469 Neque
348 3401 544 3474 angeli
604 3400 660 3455 in
687 3401 904 3473 quibus
933 3402 1190 3473 perfecta
1220 3406 1308 3458 est
1335 3403 1612 3473 charitas,
1665 3405 1792 3460 sine

142 3486 330 3555 gaudio
347 3488 617 3546 salutem
640 3488 949 3546 hominum
964 3489 1159 3547 videre
1175 3493 1521 3564 possunt,de
1542 3511 1792 3566 quorum

144 3572 355 3632 interitu
387 3578 604 3636 dolere
638 3578 935 3636 dicuntur.

201 3685 227 3713 ‹‹
248 3666 357 3721 Aut
372 3685 509 3740 qua:
532 3666 761 3724 mulier
780 3668 1003 3725 habens
1021 3668 1333 3727 drachmas
1355 3671 1633 3741 decem,si
1662 3690 1791 3746 per-

142 3774 165 3800 α
187 3753 384 3811 diderit
396 3757 593 3813 drach
605 3774 759 3813 mam
775 3774 1177 3825 unam,nonne
1189 3760 1451 3816 accendit
1467 3760 1788 3833 lucernam,

140 3862 162 3889 α
190 3846 240 3898 et
264 3845 465 3902 evertit
497 3847 757 3904 domum
787 3850 844 3902 et
864 3846 1070 3918 quaerit
1100 3847 1413 3920 diligenter
1431 3850 1612 3907 donec
1634 3852 1791 3908 inve-

142 3948 164 3974 «
189 3930 339 3987 aiat?
356 3958 384 3983 ››
401 3934 516 3999 Qui
535 3937 824 4008 superius
847 3950 947 4007 per
964 3937 1409 4010 pastorcnnipse
1431 3956 1586 3995 nunc
1603 3940 1794 4013 signa-

143 4018 222 4072 tur
247 4037 346 4092 per
368 4023 718 4092 mulierem,
741 4023 1029 4080 Dominus
1052 4025 1276 4082 scilicet
1299 4026 1473 4083 Jesus
1501 4027 1790 4101 Christus,

141 4106 222 4160 Dei
249 4110 435 4167 virtus
460 4118 525 4169 et
558 4113 663 4169 Dei
688 4112 997 4186 sapientia.
1020 4112 1156 4178 Qua:
1182 4113 1394 4170 mulier
1413 4115 1636 4173 habens
1659 4117 1791 4173 dra-

140 4191 347 4254 chmam
372 4200 608 4272 decem,
631 4198 774 4273 quia
790 4200 1132 4275 angelorum
1148 4204 1205 4258 et
1220 4201 1524 4259 hominum
1544 4204 1794 4262 rationa-

137 4278 233 4338 lem
254 4293 598 4345 creaturam
625 4289 1081 4347 creavit.Novem
1096 4290 1254 4346 enim
1273 4295 1411 4347 sunt
1436 4292 1673 4350 ordines
1694 4311 1793 4351 an-

134 4370 400 4446 gelorum,
426 4378 488 4433 id
514 4382 613 4434 est
628 4377 846 4451 angeli,
862 4378 1221 4452 archangeli,
1239 4379 1432 4436 throni
1454 4384 1510 4437 et
1526 4382 1651 4437 dorr
1666 4383 1791 4439 ina-

133 4459 610 4535 tiones,virtutes,
636 4466 1002 4540 principatus
1033 4473 1089 4524 et
1118 4472 1455 4539 potestates,
1488 4470 1790 4527 cherubim

1972 3334 1999 3360 ‹‹
2036 3310 2121 3365 Ita
2150 3310 2278 3366 dico
2308 3309 2491 3379 vobis,
2516 3308 2656 3381 quia
2674 3308 2956 3382 gaudium
2978 3307 3089 3364 erit
3108 3324 3303 3365 coram
3324 3308 3550 3383 angelis

1900 3421 1928 3449 ‹‹
1963 3399 2063 3455 Dei
2091 3415 2269 3471 super
2280 3414 2397 3453 uno
2412 3402 2712 3471 peccatore
2724 3395 3125 3469 penitentiam
3137 3402 3549 3471 agente,quam

1904 3511 1931 3540 (ι
1959 3505 2138 3561 supra
2158 3487 2478 3560 nonaginta
2491 3485 2888 3558 novemjustis
2906 3486 3005 3558 qui
3024 3486 3414 3558 nonindigent
3434 3505 3550 3560 pe-

1902 3601 1928 3627 ‹‹
1965 3576 2246 3633 nitentiis.
2275 3600 2296 3626 ι
2333 3576 2474 3643 Quis
2498 3576 2678 3648 igitur
2692 3574 2869 3631 habet
2889 3579 3006 3631 tam
3029 3574 3243 3631 durum
3267 3580 3472 3649 pectus
3493 3580 3553 3631 et

1902 3666 2277 3739 impenitens
2303 3682 2421 3734 cor,
2454 3669 2520 3721 ut
2552 3664 2673 3719 hec
2716 3662 2962 3720 audiens
2993 3681 3107 3720 non
3139 3665 3554 3721 convertatur?

1900 3756 1973 3811 Ut
2002 3771 2139 3829 ergo
2165 3754 2446 3829 gaudium
2469 3752 2722 3809 habeant
2747 3753 2818 3808 de
2840 3757 3042 3809 nostra
3060 3753 3435 3811 conversione
3456 3771 3555 3810 an-

1899 3844 2243 3917 geli,utique
2264 3843 2507 3917 dignum
2537 3846 2626 3899 est
2647 3846 2711 3898 ut
2733 3841 2955 3897 luctum
2977 3842 3034 3897 in
3053 3846 3206 3899 terra
3224 3847 3550 3913 teneamus,

1900 3934 2164 3989 dicentes
2192 3949 2328 3988 cum
2360 3930 2670 3988 Psalmista
2696 3947 2708 3985 :
2744 3954 2769 3981 ‹‹
2794 3931 3022 3987 Lavabo
3044 3948 3148 4004 per
3171 3932 3434 4006 singulas
3456 3949 3554 3988 no-

1900 4026 2022 4078 ctes
2048 4021 2260 4077 lectum
2285 4036 2479 4074 meum
2508 4021 2683 4088 (Psnl.
2704 4018 2805 4090 γι),
2834 4042 2861 4068 ››
2885 4024 2949 4075 ut
2971 4019 3283 4092 impleatur
3303 4021 3360 4075 in
3383 4019 3553 4076 nobis

1901 4112 2057 4183 quod
2088 4108 2372 4165 Dominus
2403 4107 2546 4163 dicit
2593 4107 2651 4162 in
2682 4106 3028 4180 Evangelio:
3063 4132 3090 4158 ‹‹
3126 4108 3279 4165 Beati
3326 4108 3427 4180 qui
3459 4107 3550 4163 lu-
3600 4184 3605 4191 ν

1900 4204 2056 4273 gent,
2081 4197 2359 4270 quoniam
2390 4194 2503 4268 ipsi
2535 4194 2996 4251 consolabuntur
3026 4197 3245 4267 (Matth.
3277 4213 3332 4251 v.
3368 4218 3395 4244 ι)
3436 4195 3549 4252 Sed

1899 4288 2214 4345 videndum
2260 4289 2349 4342 est
2378 4283 2573 4357 qualis
2601 4284 2815 4340 debeat
2838 4300 2967 4340 esse
2998 4283 3362 4355 penitentia,
3411 4283 3551 4357 quia

1900 4378 2072 4436 multi
2102 4381 2262 4445 sunt,
2294 4375 2396 4448 qui
2427 4391 2490 4431 se
2522 4378 2854 4447 peccatores
2873 4372 3109 4429 assidue
3139 4374 3362 4440 dicunt,
3395 4378 3451 4430 et
3470 4377 3552 4430 ta-

1900 4485 2034 4525 men
2065 4466 2255 4522 adhuc
2285 4464 2531 4521 delectat
2551 4480 2651 4519 eos
2671 4479 2929 4535 peccare.
2952 4461 3062 4518 Alii
3087 4480 3122 4519 a
3141 4462 3272 4517 vino
3294 4467 3351 4518 et
3377 4479 3550 4518 carne

135 4552 797 4627 etseraphimDecimus
810 4556 966 4612 enim
980 4558 1432 4630 persuperbiam
1445 4559 1790 4616 cecidit.Sed
1820 4572 1867 4636 D
1899 4575 1960 4615 se
1991 4556 2305 4622 abstinent,
2335 4553 2431 4610 alii
2464 4553 2655 4626 largas
2683 4551 3081 4626 eleemosynas
3112 4551 3413 4608 tribuunt:
3448 4550 3551 4607 sed

130 4644 185 4692 ut
201 4639 522 4700 electorum
550 4661 843 4702 numerus
860 4645 1271 4719 compleretur,
1296 4647 1367 4703 ad
1392 4646 1550 4706 illius
1571 4653 1790 4706 restau-

133 4728 397 4788 rationem
432 4734 627 4791 homo
659 4733 926 4791 decimus
958 4739 1185 4792 creatus
1215 4740 1325 4792 est.
1374 4737 1520 4801 Quia
1568 4742 1789 4796 tantam

128 4818 568 4880 multitudinem
592 4840 664 4881 ex
678 4823 990 4881 animabus
1004 4823 1262 4881 ﬁdelium
1274 4824 1790 4883 celunrcredimus

128 4913 923 4986 ascensumm,quantosillic
935 4913 1428 4988 contigitangelos
1439 4916 1792 4973 remansisse

116 4990 271 5061 juxta
299 4999 452 5059 illud
481 5003 658 5076 quod
690 5002 976 5076 scriptum
999 5007 1114 5059 est:
1140 5003 1355 5059 Statuit
1374 5004 1658 5061 terminos
1686 5005 1792 5062 ho-

124 5083 336 5144 minum
360 5091 550 5163 juxta
571 5109 892 5149 numerum
918 5092 1175 5148 ﬁliorum
1197 5090 1400 5149 Israel.
1428 5092 1497 5148 Et
1517 5093 1669 5149 sicut
1688 5100 1794 5149 Do-

121 5172 302 5234 minus
324 5177 409 5235 ait
429 5180 496 5236 in
522 5181 877 5255 Evangelio:
902 5186 967 5238 In
988 5180 1410 5239 resurrectione
1431 5205 1459 5232 ‹‹
1480 5199 1670 5254 neque
1687 5200 1791 5238 nu-

119 5257 267 5331 bent,
298 5284 503 5341 neque
536 5270 866 5340 nubentur;
893 5272 994 5328 sed
1017 5274 1189 5327 erunt
1208 5269 1462 5343 aequales
1482 5270 1704 5344 angelis
1726 5271 1786 5327 in

116 5350 247 5409 celo
300 5355 501 5428 (Marc.
537 5361 670 5428 xu).
708 5382 739 5412 η
792 5360 855 5415 In
885 5360 1168 5417 drachma
1197 5359 1354 5416 enim
1401 5359 1593 5433 imago
1633 5360 1786 5434 regis

115 5442 459 5510 exprimitur
482 5464 498 5503 :
536 5451 603 5503 et
620 5448 761 5519 quia
780 5449 1122 5522 angelorum
1140 5454 1197 5504 et
1216 5447 1522 5504 hominum
1544 5448 1787 5521 spiritus

112 5526 177 5583 ad
207 5527 547 5608 imaginem
584 5535 690 5592 Dei
712 5538 888 5594 creati
920 5543 1083 5606 sunt,
1113 5541 1266 5594 recte
1290 5537 1349 5593 in
1369 5535 1794 5623 drachmarum

114 5620 341 5685 nomine
371 5624 827 5700 exprimuntur.
856 5626 1044 5690 Unam
1066 5626 1407 5691 drachmam
1430 5624 1643 5687 mulier
1662 5620 1788 5705 per4

1899 4647 2039 4720 quia
2068 4665 2103 4703 a
2131 4647 2365 4718 peccato
2383 4660 2497 4698 non
2520 4646 2772 4707 cessant,
2796 4641 3018 4697 fructus
3039 4641 3247 4714 dignos
3269 4640 3551 4712 peniten-

1903 4736 1997 4793 tie
2028 4752 2144 4791 non
2165 4734 2402 4791 faciunt.
2418 4730 2700 4797 Quoniam
2721 4747 2915 4786 veram
2940 4727 3337 4803 penitentiam
3365 4728 3550 4784 facere

1902 4844 2015 4882 non
2047 4828 2259 4898 potest,
2290 4820 2406 4877 nisi
2436 4819 2535 4896 qui
2565 4823 2867 4893 peccatum
2900 4819 3021 4875 odit
3051 4823 3106 4874 et
3134 4823 3314 4874 Deum
3336 4815 3546 4889 diligit.

1900 4915 2000 4972 Ille
2031 4919 2121 4971 est
2147 4912 2304 4969 enim
2333 4909 2624 4984 penitens
2653 4908 2958 4975 dicendus,
2992 4906 3095 4979 qui
3124 4906 3206 4963 sic
3255 4905 3550 4980 praeterita

1899 5004 2089 5071 deflet,
2123 5007 2189 5058 ut
2217 5001 2430 5056 iterum
2462 4997 2653 5055 flenda
2683 5014 2797 5052 non
2831 4996 3176 5053 committat.
3210 4995 3372 5052 Unde
3402 4995 3549 5051 bene

1900 5091 2240 5166 penitentia
2269 5089 2423 5144 dicta
2451 5090 2557 5154 est,
2588 5085 2758 5157 quasi
2782 5084 3084 5159 punientia
3107 5102 3120 5140 :
3146 5084 3288 5157 quia
3314 5085 3392 5140 ita
3410 5101 3551 5157 pras-

1894 5180 2066 5239 terita
2084 5178 2242 5235 mala
2260 5174 2466 5251 punire
2486 5173 2820 5247 paenitendo
2843 5175 3216 5242 debemus,ut
3243 5190 3310 5231 ea
3330 5174 3544 5229 iterum

1895 5268 2228 5344 peniteuda
2272 5282 2390 5321 non
2419 5264 2879 5320 committamus.
2929 5263 3077 5329 Quia
3120 5263 3222 5336 qui
3255 5260 3547 5336 praeterita

1895 5358 2142 5435 plangit,
2164 5361 2220 5413 et
2242 5355 2437 5410 futura
2454 5357 2633 5418 cavet,
2658 5369 2903 5409 securus
2928 5352 3001 5409 ad
3024 5354 3212 5410 Deum
3236 5351 3412 5408 venit.
3439 5348 3547 5416 Qui

1894 5448 2051 5506 enim
2081 5441 2497 5502 delectabiliter
2515 5445 2571 5497 et
2591 5441 2715 5498 sine
2732 5441 3056 5499 cessatione
3077 5441 3249 5497 malis
3270 5439 3544 5513 operibus

1894 5537 2155 5603 inhaeret,
2188 5538 2245 5589 et
2273 5549 2308 5587 a
2335 5530 2505 5602 cibis,
2529 5547 2677 5603 quos
2707 5535 2859 5588 Deus
2879 5531 3094 5589 creavit
3122 5530 3194 5586 ad
3222 5526 3543 5602 percipien-

1892 5627 2036 5687 dum
2063 5639 2199 5689 cum
2221 5619 2542 5701 gratiarum
2562 5620 2814 5696 actione,
2836 5638 2898 5682 se
2917 5619 3190 5689 abstinet,
3210 5615 3397 5690 magis
3413 5609 3542 5671 irri-
