3908 6172
181 281 287 344 617

1399 281 1755 348 HOMILLE
1795 281 1898 348 DE
1940 282 2338 348 TEMPORE.

3456 281 3580 348 618

177 416 340 474 lucidi
365 422 848 490 appareamus,ut
877 415 1190 492 impleatur
1220 419 1374 491 quod
1404 417 1688 475 Dominus
1715 417 1815 472 ait:
1847 414 1905 486 Α,
1925 417 2137 488 junare
2171 435 2284 474 non
2314 418 2466 475 velit.
2500 422 2630 475 Haec
2655 422 2712 476 et
2738 418 2834 475 his
2871 417 3088 476 similia
3107 417 3274 476 facile
3295 435 3408 475 non
3440 403 3585 476 sun‘

179 531 202 555 ‹‹
235 507 423 561 Sancti
455 507 636 574 eritis,
671 508 823 562 sicut
853 525 958 580 ego
991 512 1230 564 sanctus
1261 525 1393 563 sum
1439 509 1488 579 (I
1517 513 1664 564 Petr.
1698 507 1757 578 1).
1788 529 1813 553 υ

174 595 359 652 Estote
382 595 640 667 perfecti,
675 600 740 654 ut
769 597 922 654 sicut
949 597 1074 670 ipse
1102 597 1235 671 pius
1267 602 1322 653 et
1344 597 1680 653 misericors
1705 599 1813 663 est,

179 705 204 734 ι(
233 685 327 756 qui
363 683 543 740 solem
568 702 742 741 suum
775 685 913 741 oriri
946 687 1083 742 facit
1105 703 1282 759 super
1303 687 1490 742 bonos
1521 690 1578 742 et
1606 684 1816 752 malos,

174 778 224 829 et
250 773 399 846 pluit
428 791 606 846 super
625 775 820 846 justos
850 779 906 830 et
937 775 1190 847 injustos
1212 776 1416 843 (Matth.
1441 778 1522 843 v);
1549 797 1577 823 »
1597 773 1678 829 ita
1700 791 1815 829 non

173 860 354 918 solum
387 861 612 930 amicis,
646 863 744 920 sed
777 862 954 920 etiam
995 861 1252 920 inimicis
1282 868 1338 920 et
1367 862 1658 919 extraneis
1688 880 1816 936 qua:

174 965 482 1026 possumus
500 949 930 1022 impendamus,
951 951 1102 1006 sicut
1123 951 1406 1007 Dominus
1428 951 1526 1006 ait:
1543 973 1569 999 ‹‹
1586 949 1818 1022 Diligite

173 1037 433 1102 inimicos
471 1043 714 1106 vestros,
772 1039 1092 1096 benefacite
1135 1039 1227 1097 his
1257 1039 1359 1112 qui
1414 1039 1662 1096 oderunt
1717 1056 1820 1095 vos

172 1126 371 1197 (Ibid),
404 1149 431 1174 »ι
475 1129 766 1200 quatenus
798 1127 855 1182 in
889 1132 1042 1184 sorte
1074 1127 1327 1184 filiorum
1360 1127 1460 1184 Dei
1491 1128 1816 1200 computari

173 1230 516 1281 mereamur,
548 1219 616 1270 ut
655 1213 969 1287 impleatur
999 1215 1056 1271 in
1089 1215 1258 1271 nobis
1290 1217 1444 1289 quod
1476 1216 1600 1288 ipse
1629 1217 1710 1271 ait
1756 1216 1817 1272 in

169 1303 510 1378 Evangelia:
545 1326 572 1353 ‹‹
606 1303 762 1360 Beati
795 1304 1042 1376 pacifici,
1075 1304 1354 1377 quoniam
1385 1304 1489 1360 filii
1521 1304 1619 1360 Dei
1651 1321 1816 1362 voca-

167 1395 384 1450 buntur
412 1393 618 1463 (lbid.).
644 1414 671 1442 η
705 1393 820 1449 Nec
849 1393 1212 1466 superfluum
1235 1393 1412 1449 videri
1445 1393 1637 1465 debet,
1669 1393 1718 1449 si
1746 1394 1816 1449 ad

167 1482 312 1540 hanc
340 1481 729 1538 imitationem
761 1480 1010 1537 ccelestis
1031 1481 1218 1537 Patris
1239 1481 1513 1538 subtilius
1535 1481 1818 1555 indagan-

167 1571 320 1636 dam,
354 1587 421 1626 ex
452 1570 628 1626 rebus
650 1569 979 1627 visibilibus
1012 1570 1246 1643 aliquod
1278 1571 1608 1644 exemplum
1627 1589 1821 1628 suma-

165 1676 314 1715 mus.
338 1659 606 1714 Tradunt
624 1658 780 1716 enim
807 1658 1134 1732 physiologi
1161 1663 1432 1715 naturam
1451 1676 1578 1716 esse
1602 1659 1821 1732 aquila-

163 1765 314 1817 rum,
344 1752 409 1804 ut
425 1745 620 1819 pullos
637 1763 776 1804 suos
806 1753 1007 1848 contra
1014 1749 1195 1849 jubar
1215 1747 1356 1848 solis
1372 1749 1821 1849 suspendant,et
1851 1785 1899 1849 Β

164 1853 315 1908 quos
347 1851 508 1891 more
540 1841 846 1907 parentum
895 1836 1327 1892 irreverberatis
1376 1837 1561 1893 oculis
1607 1837 1821 1893 intueri

162 1924 414 1982 viderint
447 1923 768 1979 claritatem
819 1923 980 1992 solis,
1015 1941 1147 1980 cum
1181 1927 1339 1981 omni
1387 1925 1690 1997 diligentia
1739 1927 1820 1982 fo-

161 2019 294 2070 vent
325 2018 384 2069 et
414 2013 712 2069 nutriunt:
735 2030 884 2086 quos
908 2018 1105 2069 autem
1129 2018 1342 2069 terram
1367 2015 1650 2087 inspicere
1670 2015 1823 2069 vide-

163 2101 297 2170 rint,
331 2101 502 2175 quasi
534 2101 890 2158 adulterinos
920 2102 1203 2172 dejiciunt
1218 2107 1274 2158 et
1305 2107 1704 2159 contemnunt.
1740 2102 1824 2159 Si-

157 2189 378 2246 militer
405 2191 476 2246 de
507 2191 692 2245 corvis
731 2189 952 2257 dicunt,
1007 2191 1162 2262 quod
1193 2191 1396 2246 tandiu
1442 2190 1634 2263 pullos
1682 2207 1821 2246 suos

157 2280 462 2353 negligant
477 2295 787 2351 quousque
801 2279 1252 2335 similitudinem
1266 2295 1433 2335 suam
1449 2278 1824 2353 nigrescenti-

154 2370 266 2426 bus
285 2367 510 2442 plumis
527 2367 586 2422 in
610 2367 727 2423 illis
748 2366 1082 2440 inspiciant.
1102 2367 1166 2422 In
1189 2367 1405 2439 quibus
1425 2367 1824 2423 similitudini-

151 2459 267 2514 bus
301 2473 412 2512 nos
443 2456 687 2530 mystice
717 2472 1045 2522 monemur,
1078 2459 1142 2511 ut
1169 2455 1220 2512 si
1252 2455 1355 2511 ﬁlii
1387 2455 1486 2513 Dei
1517 2474 1644 2513 esse
1665 2456 1824 2529 cupi-

153 2563 311 2612 mus,
335 2550 564 2600 asternae
595 2545 880 2601 claritatis
899 2545 1112 2619 gaudia
1137 2546 1350 2601 mentis
1372 2546 1541 2601 oculo
1563 2550 1823 2601 contem-

150 2636 411 2710 plemur,
446 2639 503 2690 et
533 2633 771 2706 superni
802 2633 1060 2706 parentis
1083 2633 1529 2690 similitudinem
1563 2635 1621 2689 in
1654 2633 1823 2689 bonis

152 2723 807 2789 actibusostendamus,
827 2721 1284 2795 utimpleaturin
1308 2724 1477 2779 nobis
1497 2722 1640 2779 illud
1665 2722 1822 2795 quod

156 2815 283 2887 ipse
315 2813 400 2868 ait
444 2813 504 2868 in
554 2812 902 2886 Evangelio:
937 2835 964 2862 ‹‹
1001 2813 1214 2868 Luccat
1252 2813 1352 2868 lux
1396 2817 1590 2868 vestra
1626 2828 1823 2868 coram

155 2900 527 2969 hominibus,
561 2904 626 2956 ut
654 2901 885 2957 videant
915 2917 1090 2974 Opera
1115 2902 1267 2956 bona
1295 2904 1505 2967 vestra,
1526 2905 1584 2956 et
1605 2899 1823 2975 glorifi-

155 2996 293 3046 cent
326 2991 558 3046 Patrem
587 2996 846 3045 vestrum
869 2990 969 3062 qui
988 2991 1046 3044 in
1083 2989 1245 3045 caelis
1269 2989 1566 3058 est(Ibid.).
1597 3012 1624 3039 »
1654 2991 1824 3045 Teste

156 3078 320 3134 enim
353 3077 617 3151 apostolo
649 3077 850 3135 Petro:
911 3079 1092 3154 Cujus
1131 3095 1306 3150 opera
1337 3077 1471 3133 facit
1527 3077 1648 3150 qui,
1696 3078 1824 3150 ejus

1919 507 2261 577 judicanda,
2287 507 2438 563 sicut
2468 507 2768 581 apostolus
2791 507 3007 563 Paulus
3038 508 3206 561 dicit'
3237 530 3262 556 ‹‹
3285 508 3389 570 Qui
3415 524 3580 562 man-

1927 597 2119 663 ducat,
2153 614 2268 652 non
2301 598 2752 653 manducantem
2795 614 2909 653 non
2935 596 3199 668 judicet;
3240 601 3296 650 et
3327 595 3426 668 qui
3464 613 3582 652 non

1927 685 2264 754 manducet,
2298 686 2748 742 manducantem
2782 703 2897 741 non
2928 688 3165 757 spernat
3194 686 3242 756 (I
3260 684 3409 738 Rom.
3439 688 3580 750 ιιι).››

1926 773 1996 831 Et
2024 774 2275 830 iterum:
2313 797 2340 826 ‹‹
2369 773 2496 831 Noli
2529 779 2663 830 ante
2704 780 2938 846 tempus
2963 773 3251 846 judicare,
3285 772 3585 845 quoadus-

1927 880 2040 935 que
2073 864 2268 919 veniat
2298 863 2602 931 Dominus,
2636 863 2736 936 qui
2769 867 2826 919 et
2855 861 3216 919 illuminabit
3242 859 3586 918 abscondita

1926 954 2322 1020 tenebrarum,
2355 956 2412 1009 et
2459 952 2860 1008 manifestabit
2912 949 3157 1007 consilia
3197 950 3484 1016 cordium,
3525 953 3586 1004 et

1927 1045 2066 1096 tunc
2098 1039 2227 1096 laus
2257 1041 2366 1096 erit
2387 1040 2703 1114 unicuique
2732 1058 2767 1096 a
2795 1041 2912 1096 Deo
2937 1041 2988 1112 (ι
3009 1039 3129 1095 Cor.
3155 1037 3252 1109 IV).
3281 1061 3308 1088 »ι
3329 1038 3399 1094 Et
3419 1036 3580 1103 alibi,

1927 1129 2026 1185 ubi
2052 1129 2322 1202 prohibet
2343 1146 2440 1186 eos
2459 1129 2742 1201 judicare,
2762 1129 2862 1201 qui
2882 1127 3156 1184 carnibus
3176 1127 3579 1194 vescebantur,

1927 1217 1999 1273 ab
2026 1217 2118 1274 bis
2141 1217 2242 1290 qui
2263 1235 2378 1274 non
2399 1218 2799 1283 vescebantur,
2823 1217 3054 1274 dicens:
3078 1215 3298 1271 «Nemo
3318 1219 3580 1270 vestrum

1919 1306 2147 1378 judicet
2200 1307 2260 1362 in
2317 1306 2445 1363 cibo
2494 1310 2594 1362 aut
2636 1307 2696 1362 in
2727 1311 2866 1378 potu
2923 1305 3070 1378 (Col.
3102 1305 3186 1377 ιι).
3225 1326 3252 1354 n
3300 1303 3370 1359 Et
3398 1303 3579 1358 item:

1927 1419 1955 1446 «
1981 1397 2066 1451 Tu
2092 1395 2226 1468 quis
2247 1412 2309 1451 es
2323 1396 2424 1467 qui
2429 1395 2663 1466 judicas
2681 1394 2938 1451 alienum
2962 1391 3370 1464 servum(Rom.
3391 1391 3582 1464 xlv)?»

1926 1485 1996 1540 Et
2024 1501 2258 1540 rursus:
2285 1508 2312 1535 ‹‹
2330 1483 2536 1540 Melius
2563 1487 2787 1540 estnon
2810 1483 3163 1539 manducare
3192 1495 3448 1546 carnem,
3481 1495 3583 1535 ne-

1928 1590 2039 1645 que
2069 1572 2266 1629 bibere
2305 1574 2509 1628 vinum
2532 1572 2774 1644 (Ibid.),»
2807 1575 2916 1627 etc.
2950 1569 3237 1637 Quoniam
3269 1567 3370 1641 qui
3399 1567 3581 1624 alium

1927 1662 2146 1735 injuste
2176 1662 2400 1734 iudicat
2428 1666 2531 1718 aut
2559 1661 2930 1727 condemnat,
2954 1661 3116 1732 juste
3136 1656 3501 1729 judicabitur
3527 1660 3586 1713 et

1929 1750 2434 1807 condemnabitur.
2469 1751 2621 1807 Sunt
2647 1766 2782 1806 vero
2814 1749 2930 1805 alia
2959 1764 3154 1821 opera,
3187 1763 3313 1820 quae
3344 1763 3448 1819 per
3492 1761 3585 1802 se-

1933 1839 2183 1912 metipsa
2211 1838 2522 1895 manifesta
2551 1842 2609 1894 et
2643 1844 2842 1911 aperta
2871 1836 3028 1892 mala
3056 1840 3212 1904 sunt,
3245 1835 3400 1892 sicut
3443 1838 3586 1890 sunt

1932 1927 2238 1994 adulteria,
2271 1927 2445 1993 furta,
2505 1927 2838 1994 homicidia,
2873 1925 3111 1997 rapinae,
3166 1923 3492 1991 ebrietates,
3526 1927 3585 1978 et

1931 2020 2138 2071 caetera
2164 2016 2343 2084 talia;
2378 2016 2498 2071 haec
2530 2033 2563 2070 a
2594 2015 2867 2072 ﬁdelibus
2899 2031 3012 2070 non
3045 2012 3236 2069 solum
3273 2011 3583 2085 reprehen-

1930 2106 2122 2162 denda
2152 2111 2310 2176 sunt,
2342 2105 2442 2161 sed
2459 2111 2516 2160 et
2543 2105 2888 2176 corrigenda
2919 2104 2991 2159 ab
3023 2101 3123 2157 illo
3154 2101 3252 2174 qui
3281 2100 3474 2157 locum
3505 2116 3590 2155 re-

1930 2194 2170 2268 giminis
2191 2197 2554 2266 tenet,atque
2567 2191 3171 2265 judicanda,maxime
3187 2193 3423 2262 propter
3443 2189 3586 2244 illud

1931 2284 2086 2356 quod
2112 2283 2394 2339 Dominus
2417 2299 2518 2354 per
2539 2281 2884 2356 prophetam
2901 2277 3043 2335 dicit
3066 2295 3078 2334 :
3107 2299 3134 2332 α
3151 2278 3210 2334 Si
3229 2295 3344 2334 non
3365 2295 3592 2334 annun-

1931 2371 2166 2428 tiaveris
2198 2371 2400 2444 iniquo
2437 2370 2808 2443 iniquitatem
2840 2385 3031 2436 suam,
3064 2366 3413 2440 sanguinem
3463 2367 3591 2438 ejus

1932 2463 2003 2517 de
2060 2478 2238 2516 manu
2295 2465 2400 2516 tua
2455 2460 2750 2532 requiram
2810 2457 3022 2524 (Ezech.
3078 2457 3298 2529 χχχιιι).
3335 2479 3362 2506 ››
3405 2457 3508 2514 Est
3535 2461 3593 2512 et

1933 2551 2092 2607 aliud
2124 2549 2492 2606 discretionis
2514 2565 2701 2621 genus
2731 2548 2790 2602 in
2822 2547 3174 2603 correctione
3207 2547 3460 2602 fraterna
3489 2545 3591 2601 ob-

1933 2639 2303 2703 servandum,
2334 2641 2398 2692 ut
2430 2637 2502 2704 si,
2533 2637 2692 2691 verbi
2725 2636 2932 2708 gratia,
2961 2634 3253 2690 occultum
3277 2638 3366 2690 est
3394 2649 3592 2705 pecca-

1931 2733 2080 2796 tum,
2109 2725 2334 2782 occulte
2357 2725 2614 2796 corrigas
2639 2728 2695 2779 et
2715 2724 3011 2789 emendes,
3039 2726 3275 2794 propter
3299 2721 3408 2776 hoc
3431 2722 3587 2792 quod

1937 2817 2220 2873 Dominus
2263 2814 2436 2870 dicit:
2471 2837 2498 2863 ‹‹
2534 2813 2595 2869 Si
2625 2812 2839 2867 videris
2869 2811 3108 2866 fratrem
3139 2815 3308 2866 tuum
3340 2825 3588 2881 peccan-

1931 2909 2071 2972 tem,
2105 2903 2330 2975 corripe
2359 2918 2494 2958 eum
2524 2901 2676 2957 inter
2703 2904 2759 2956 te
2787 2904 2845 2955 et
2872 2899 3069 2972 ipsum
3105 2897 3364 2955 solum.»
3393 2897 3452 2953 Si
3483 2913 3585 2953 au-

1930 2998 2048 3050 tem
2081 2993 2460 3049 manifestum
2489 2995 2547 3047 et
2566 2988 2871 3063 publicum
2891 2993 2980 3044 est
3010 2991 3333 3061 peccatum,
3357 2985 3588 3059 publice

1934 3099 2112 3156 argue
2141 3087 2199 3138 et
2225 3081 2492 3148 emenda,
2526 3083 2762 3152 propter
2790 3077 2935 3134 illud
2965 3077 3122 3150 quod
3144 3075 3453 3150 Apostolus
3475 3075 3586 3131 ait:

157 3165 324 3223 ﬁlius
355 3146 872 3240 appellatur.Unde
893 3146 1109 3222 Paulus
1143 3146 1247 3222 nos
1278 3146 1562 3222 admonet
1583 3146 1781 3222 dicens
1807 3184 1820 3233 ;
1853 3146 1897 3215 Β
1939 3194 1968 3224 ι(
1999 3146 2340 3229 Peccantem
2373 3146 2568 3225 θοι-ᾲώ
2598 3146 2874 3224 omnibus
2903 3146 3102 3238 argue,
3127 3146 3270 3221 αι’θι
3299 3165 3488 3221 ceteri
3519 3163 3592 3220 ιί.

162 3279 189 3305 ιε
221 3257 428 3312 Estote
448 3257 775 3312 imitatores
803 3256 924 3324 Dei,
951 3255 1102 3312 sicut
1120 3255 1222 3310 lilii
1245 3255 1576 3311 charissimi
1609 3257 1822 3328 (Ephes.

155 3350 240 3414 v).
281 3368 310 3395 »
341 3345 489 3402 Hinc
518 3345 774 3401 Joannes
804 3345 917 3400 ait:
953 3368 979 3394 «ε
1005 3344 1129 3400 Filii
1162 3345 1261 3401 Dei
1288 3361 1516 3412 sumus,
1550 3345 1651 3400 sed
1682 3362 1827 3400 non-

160 3435 312 3490 dum
337 3433 612 3507 apparuit
631 3434 771 3506 quid
797 3434 1037 3489 erimus.
1072 3435 1302 3490 Scimus
1319 3438 1514 3489 autem
1533 3433 1671 3507 quia
1692 3451 1826 3489 cum

163 3523 531 3595 apparuerit,
564 3521 787 3578 similes
815 3521 866 3578 ei
897 3522 1139 3590 erimus,
1173 3522 1452 3594 quoniam
1501 3522 1832 3578 videbimur

163 3627 306 3666 eum
339 3612 511 3668 sicuti
543 3616 632 3667 est
661 3612 708 3682 (1
733 3615 896 3671 Joan.
932 3611 1082 3682 ιιι).››

244 3723 272 3749 ‹‹
306 3699 496 3756 Nolite
519 3699 806 3771 judicare,
826 3704 881 3756 et
899 3715 1010 3755 non
1031 3699 1462 3770 judicabimini.
1489 3698 1676 3755 Nolite
1693 3717 1830 3756 con-

168 3811 196 3837 ‹‹
235 3789 536 3855 demnare,
585 3792 644 3844 et
701 3804 814 3844 non
868 3787 1424 3846 condemnabimini.
1459 3811 1488 3838 ››
1547 3789 1834 3853 Quaeritur

171 3893 359 3948 quare
390 3877 792 3942 dicat,«Nolite
815 3877 1083 3949 judicare
1113 3881 1170 3932 et
1199 3894 1314 3934 non
1340 3877 1778 3949 judicabimini,
1803 3900 1831 3928 »

173 3981 312 4020 cum
342 3967 464 4038 ipse
495 3965 637 4021 alibi
667 3967 885 4022 dixisse
914 3965 1173 4038 legatur:
1228 3965 1320 4021 «Si
1351 3966 1566 4021 videris
1595 3966 1832 4022 fratrem

139 4055 142 4058 λ
173 4058 352 4109 tuum
383 4060 738 4127 peccantem,
771 4055 1008 4127 increpa
1037 4055 1202 4110 illum
1228 4057 1376 4124 (Luc.
1401 4057 1558 4124 xvu).
1585 4077 1613 4102 ››
1631 4055 1700 4110 Et
1722 4053 1835 4110 alio

177 4139 347 4197 loco:
382 4166 408 4191 ‹‹
439 4145 498 4198 Si
532 4142 932 4216 peccaveritin
963 4148 1018 4198 te
1058 4144 1234 4200 frater
1263 4148 1420 4208 tuus,
1451 4143 1594 4198 vade
1624 4147 1681 4198 et
1709 4159 1834 4198 cor-

176 4229 306 4301 ripe
335 4247 468 4288 eum
524 4231 677 4288 inter
707 4237 760 4288 te
789 4236 847 4287 et
875 4231 1072 4304 ipsum
1116 4231 1326 4288 solum.
1360 4231 1419 4286 Si
1453 4236 1506 4286 te
1565 4231 1836 4299 audierit,

175 4316 444 4376 lucratus
456 4321 574 4376 eris
597 4321 833 4376 fratrem
858 4322 1111 4388 tuum;si
1136 4326 1331 4377 autem
1356 4325 1410 4376 te
1433 4337 1546 4376 non
1566 4320 1834 4388 audierit,

184 4407 399 4465 adhibe
445 4417 637 4467 tecum
691 4427 876 4466 unum
917 4409 1004 4466 vel
1036 4411 1184 4466 duos
1215 4411 1431 4483 (Matth.
1464 4414 1641 4479 xvm).
1679 4431 1700 4461 ι
1751 4410 1838 4465 Ad

1935 3277 2158 3318 morem
2190 3260 2445 3316 habeant
2473 3260 2522 3330 (I
2543 3260 2677 3314 Tim.
2709 3257 2785 3328 v).
2800 3278 2828 3307 ››
2844 3257 2914 3311 Et
2929 3255 3082 3311 sicut
3098 3271 3202 3326 per
3216 3251 3588 3310 Salomonem

1936 3350 2179 3406 dicitur:
2212 3348 2319 3412 Qui
2342 3346 2582 3418 corripit
2601 3344 3026 3418 palam,pacem
3049 3342 3205 3399 facit.
3239 3341 3307 3397 Et
3334 3341 3587 3397 iterum:

1938 3462 1966 3490 ‹‹
2003 3437 2307 3511 Responde
2323 3435 2502 3492 stulto
2507 3435 2678 3506 juxta
2688 3431 2996 3489 stultitiam
3009 3432 3364 3501 suam(Prov.
3377 3432 3554 3499 χχνι).
3564 3454 3586 3484 ι

1935 3527 2020 3582 Ad
2055 3525 2162 3581 hoc
2191 3523 2348 3580 enim
2379 3523 2576 3578 divina
2613 3521 2850 3594 justitia
2890 3519 3100 3576 statuit
3130 3520 3190 3574 in
3218 3517 3499 3585 Ecclesia,
3532 3521 3597 3573 ut

1937 3619 2095 3672 esset
2123 3617 2324 3687 pastor
2354 3613 2414 3669 in
2440 3611 2678 3684 populo,
2703 3609 2974 3683 princeps
3001 3609 3060 3664 in
3091 3607 3327 3677 saeculo,
3353 3611 3419 3662 ut
3439 3624 3594 3663 unus

1939 3707 2248 3779 peccantes
2277 3701 2548 3773 corrigat,
2581 3699 2727 3756 alter
2756 3715 2891 3754 vero
2917 3697 3258 3770 corrigendo
3291 3695 3594 3770 negligen-

1939 3798 2029 3850 tes
2057 3793 2281 3866 puniat.
2317 3790 2560 3857 Quando
2589 3793 2786 3845 autem
2817 3786 2878 3841 in
2911 3791 2965 3841 te
2994 3786 3172 3842 frater
3201 3789 3342 3842 tuus
3369 3790 3590 3856 peccat,

1941 3899 2077 3939 cum
2116 3881 2224 3937 levi
2255 3879 2616 3951 correptione
2643 3876 2872 3933 dimitte
2901 3875 2972 3930 ei.
3005 3875 3169 3930 Unde
3219 3879 3278 3930 et
3322 3874 3597 3930 subditur

1941 3973 2023 4028 ita
2051 3971 2148 4040 (α).
2182 3969 2294 4024 Sed
2316 3967 2456 4041 quia
2497 3984 2613 4022 non
2652 3965 2872 4022 sufficit
2890 3963 3184 4020 declinare
3223 3980 3258 4018 a
3281 3963 3456 4031 malo,
3482 3963 3596 4019 nisi

1943 4062 2193 4134 quisque
2210 4059 2442 4114 studeat
2459 4057 2645 4112 facere
2658 4056 2874 4110 bonum
2885 4059 3220 4126 ,postquam
3235 4053 3306 4107 de
3319 4069 3432 4107 non
3439 4051 3599 4124 judi-

1943 4149 2148 4206 caudis
2175 4146 2455 4220 proximis
2486 4149 2839 4216 praeceptum
2871 4141 3051 4206 dedit,
3086 4142 3335 4196 formam
3366 4140 3460 4196 cui
3495 4140 3599 4194 im-

1945 4239 2272 4313 primanus,
2303 4233 2580 4300 ostendit,
2612 4232 2812 4287 dicens
2837 4248 2850 4286 :

2019 4351 2045 4378 ‹‹
2080 4324 2385 4391 Dimittite,
2418 4328 2473 4378 et
2503 4319 2832 4378 dimittetur
2858 4319 3043 4375 vobis.
3081 4341 3108 4369 n
3136 4317 3298 4381 Quod
3329 4321 3420 4374 est
3445 4316 3602 4374 dice-

1948 4433 2048 4474 re:
2079 4413 2369 4472 Dimittite
2401 4409 2776 4484 peccantibus
2807 4407 2867 4464 in
2897 4407 3084 4474 vobis,
3133 4412 3190 4462 et
3233 4407 3605 4462 dimittantur

185 4499 340 4565 Ψιοά
374 4500 869 4572 respondendum.
902 4500 1042 4572 quia
1071 4500 1128 4555 in
1172 4499 1534 4571 correptione
1563 4499 1838 4566 fraterna.
1872 4513 1918 4578 Ι)
1949 4505 2112 4563 vobis
2146 4507 2382 4576 peccata
2400 4505 2611 4557 vestra.
2644 4497 2766 4554 Non
2801 4497 2992 4554 solum
3022 4496 3180 4553 enim
3208 4495 3356 4551 alios
3386 4499 3605 4551 temere

189 4582 310 4641 hac
340 4587 707 4644 discretionis
736 4588 937 4663 regula
965 4588 1236 4656 tenenda,
1262 4592 1328 4643 ut
1357 4587 1578 4644 scilicet
1598 4588 1842 4644 manife-

192 4675 281 4727 sta
299 4679 354 4729 et
381 4681 580 4748 aperta
611 4677 788 4744 mala,
811 4681 868 4732 et
903 4675 1174 4744 vitentur,
1200 4681 1257 4731 et
1286 4677 1709 4748 reprendantur
1732 4695 1745 4742 ;
1777 4693 1848 4732 ea

197 4775 349 4831 vero,
382 4782 507 4836 qua:
555 4781 672 4837 quo
721 4766 918 4821 animo
949 4767 1090 4821 fiant
1121 4783 1155 4819 a
1212 4764 1492 4837 proximis
1523 4764 1843 4838 ignoratur,

197 4863 309 4904 non
342 4857 477 4907 sunt
517 4853 860 4924 judicanda,
917 4856 1016 4911 sed
1050 4853 1243 4926 potius
1297 4857 1460 4909 extra
1500 4853 1845 4926 increpatio-

203 4951 330 4994 nem
361 4942 717 5015 accipienda.
751 4944 902 5000 Sunt
930 4945 1086 5000 enim
1118 4943 1384 5016 quaedam
1415 4958 1609 5014 opera,
1635 4959 1760 5014 quae
1791 4947 1848 4998 et

203 5023 346 5082 bono
370 5036 426 5084 et
449 5029 605 5086 malo
622 5033 819 5088 animo
839 5032 962 5088 fieri
991 5036 1239 5106 possunt
1262 5049 1274 5098 ;
1300 5031 1370 5086 de
1393 5029 1607 5086 talibus
1627 5031 1848 5102 pericu-

205 5112 385 5172 losum
401 5119 1048 5190 estjudicare,maxime
1071 5138 1142 5177 ne
1158 5119 1846 5189 condemnemur.Sicuti,

208 5205 355 5260 verbi
383 5209 590 5280 gratia,
621 5210 784 5266 vides
813 5209 1068 5283 aliquem
1093 5210 1425 5282 frequenter
1446 5225 1561 5262 non
1577 5209 1852 5280 jejunan-

212 5293 339 5360 tem,
363 5295 477 5351 noli
509 5296 764 5354 multum
786 5299 1044 5368 laudare,
1071 5313 1259 5370 neque
1282 5295 1532 5352 multum
1553 5296 1847 5365 detestari,

215 5381 336 5450 quia
370 5389 563 5455 potest
602 5385 726 5441 fieri
759 5392 825 5442 ut
853 5393 1086 5459 propter
1114 5385 1514 5442 inﬁrmitatem
1565 5387 1851 5442 stomachi

207 5467 459 5542 jejunare
488 5490 605 5530 non
636 5477 947 5546 possit,aut
976 5481 1210 5550 propter
1233 5473 1558 5548 appetitum
1589 5474 1738 5549 gula:
1763 5476 1851 5549 je-

275 5563 345 5633 (a)
375 5560 482 5619 Hic
510 5561 598 5620 vel
633 5565 795 5623 deest
825 5565 1067 5640 aliquid,
1099 5564 1189 5625 vel
1219 5563 1480 5623 abundat

522 5683 786 5756 Ρλτιιοι..
832 5693 1094 5761 CXVIII.

1944 4595 2209 4667 judicare
2229 4609 2345 4648 non
2377 4591 2679 4655 debemus,
2703 4589 2803 4644 sed
2825 4587 3000 4643 etiam
3023 4586 3117 4642 bis
3137 4585 3238 4658 qui
3259 4601 3366 4641 nos
3390 4584 3606 4655 injuste

1946 4681 2218 4755 judicant
2272 4695 2340 4735 ex
2369 4677 2542 4734 corde
2597 4675 2910 4731 dimittere.
2973 4674 3156 4746 Igitur
3207 4672 3500 4728 dimittere
3530 4671 3603 4726 ad

1953 4768 2310 4844 ignoscenda
2357 4771 2595 4840 peccata
2625 4763 2894 4837 pertinet,
2919 4765 3091 4836 juxta
3119 4761 3272 4835 quod
3321 4759 3606 4816 Dominus

1955 4859 2091 4916 alibi
2124 4858 2206 4914 ait
2234 4856 2445 4930 (llatth.
2472 4855 2574 4926 v1):
2603 4877 2630 4904 ‹‹
2653 4854 2712 4910 Si
2745 4851 3087 4908 dimiseritis
3113 4849 3452 4910 hominibus
3482 4862 3608 4920 peu-

1956 4953 2085 5006 cata
2115 4963 2340 5008 eorum,
2371 4949 2428 5001 et
2458 4945 2625 4999 Pater
2649 4947 2840 4999 vester
2866 4941 3124 4997 dimittet
3160 4939 3324 4996 vobis
3374 4941 3609 5011 peccata

1953 5041 2166 5093 vestra.
2201 5058 2228 5086 »
2263 5035 2332 5090 Et
2358 5033 2496 5088 item
2524 5047 2536 5086 :
2570 5054 2599 5080 «
2633 5030 2778 5085 Cum
2811 5029 3042 5084 stabitis
3072 5029 3143 5084 ad
3175 5028 3483 5094 orandum,
3519 5025 3608 5080 di-

1955 5125 2167 5181 mittite
2197 5123 2244 5180 si
2269 5122 2407 5195 quid
2431 5119 2660 5175 habetis
2682 5119 2963 5174 adversus
2985 5117 3241 5189 aliquem
3261 5116 3446 5188 (Marc.
3469 5115 3606 5187 ιιι).››

1957 5215 2119 5279 Quod
2153 5216 2346 5268 autem
2378 5206 2645 5279 adjungit
2668 5224 2681 5262 :

2031 5325 2058 5352 ι(
2096 5301 2238 5357 Date
2267 5304 2325 5355 et
2353 5297 2589 5353 dabitur
2615 5295 2800 5351 vobis.
2836 5319 2864 5344 »
2895 5296 2980 5350 Ad
3010 5295 3266 5351 dandam
3297 5293 3612 5364 eleemosy-

1961 5408 2094 5446 nam
2126 5389 2396 5462 pertinet,
2417 5385 2661 5441 Domino
2694 5383 2832 5440 alibi
2859 5385 3087 5441 dicente
3111 5401 3124 5440 :
3157 5408 3186 5435 «
3206 5383 3346 5439 Date
3367 5381 3614 5439 eleemo-

1961 5496 2188 5557 synam,
2211 5482 2267 5536 et
2293 5492 2425 5535 ecce
2454 5473 2653 5533 omnia
2677 5474 2899 5532 munda
2919 5478 3058 5532 sunt
3084 5474 3248 5533 vobis
3271 5473 3425 5547 (Luc.
3457 5468 3556 5542 χι).
3581 5486 3613 5518 »δ
