4050 6174
418 276 572 366 ’σω

914 372 921 375 _
1004 306 1410 368 HAYMONIS
1459 304 2008 367 HALBERSTAT.
2057 262 2302 405 El’lSC.
2351 303 2522 405 ODP.
2570 302 2770 365 PARS
2815 302 2891 364 Il.
2926 336 3004 397 έ
3041 299 3307 401 HDMIL.

3695 301 3792 364 620

410 398 433 421 ,ι
857 405 949 413 ο.
1195 406 1202 413 .
2044 397 2125 417 ,λ

405 438 421 445 ”
453 440 755 497 Dimittere
784 438 939 495 enim
986 440 1233 511 injurias
1281 441 1561 495 debemus
1606 444 1659 493 et
1704 438 2101 509 eleemosynas
2132 436 2185 502 Α
2214 436 2450 493 biliores
2473 442 2527 493 et
2558 437 2842 492 doctiores
2863 437 2920 491 in
2953 453 3017 493 eo
3049 437 3793 512 apparerenl,amantes«pri.

377 570 381 575 ι
453 531 613 596 dare,
636 534 700 585 ut
721 530 890 585 detur
911 530 1081 586 nobis
1100 531 1216 586 vita
1237 535 1448 585 aeterna
1469 529 1791 584 secundum
1816 527 1969 599 quod
1993 526 2101 581 Do-

453 618 653 675 minus
700 619 877 674 dicit:
923 642 949 668 «
986 618 1177 675 Facite
1206 618 1370 673 vobis
1400 617 1619 673 amicos
1647 617 1717 672 de
1768 630 2106 671 mammona

453 707 801 780 iniquitatis,
838 712 900 763 ut
930 724 1063 763 cum
1089 705 1417 762 defeeeritis
1441 705 1725 777 recipiant
1744 722 1846 761 vos
1867 704 1924 758 in
1948 708 2133 759 διιεῖ-ί

454 813 530 851 na
564 795 937 853 tabernacula
969 797 1115 867 (Luc.
1152 793 1287 866 xvx).
1312 817 1338 843 »
1389 795 1459 849 Et
1493 794 1633 849 forte
1667 794 1821 866 quod
1872 794 2108 849 daretur

458 903 491 941 a
516 885 680 941 vobis
711 885 757 940 si
791 902 1100 957 quaereres,
1133 883 1458 954 subjunxit,
1485 882 1712 939 dicens:

533 1023 560 1051 «
584 1002 918 1057 Mensuram
952 1000 1167 1055 bonam
1198 1004 1254 1055 et
1285 1000 1629 1063 confertam,
1654 1003 1709 1054 et
1730 998 2105 1071 coagitatam,

460 1113 488 1140 «
503 1089 1136 1161 etsuperet‘ﬂuentem.»
1150 1090 1421 1144 Mensura
1441 1087 1597 1144 enim
1609 1089 1809 1143 bonaa
1824 1088 2107 1142 bonorum

457 1178 722 1233 omnium
745 1182 1179 1233 remuneratore
1192 1178 1445 1244 dabitur,
1463 1177 1697 1249 quando
1722 1194 1823 1249 pro
1849 1174 2110 1230 minimis

420 1310 428 1343 γ.
458 1268 682 1337 majora
711 1267 1004 1338 rependet,
1042 1283 1143 1338 pro
1176 1266 1422 1322 terrenis
1448 1265 1725 1331 coelestia,
1760 1282 1862 1337 pro
1914 1270 2110 1320 trans-

418 1414 421 1421 ,
456 1354 627 1409 ituris
655 1371 955 1409 mansura.
997 1358 1131 1420 Quae
1166 1354 1312 1410 bene
1343 1355 1599 1410 conferta
1645 1354 1880 1419 dicitur,
1933 1353 1991 1408 id
2023 1356 2114 1407 est

457 1442 628 1515 plena
658 1446 716 1496 et
744 1444 1017 1514 perfecta,
1052 1448 1109 1498 et
1136 1443 1448 1515 coagitata,
1482 1443 1619 1515 quia
1656 1460 1724 1497 ex
1758 1442 1918 1499 nulla
1947 1446 2113 1514 parte

456 1532 649 1586 inanis
669 1530 777 1585 erit
794 1535 850 1586 et
868 1548 1067 1587 vacua.
1083 1532 1702 1604 «Superemuentem,»
1727 1531 1781 1585 id
1806 1536 1893 1586 est
1914 1546 2115 1603 super-

457 1622 877 1676 abundautem.
913 1620 1039 1674 Haec
1070 1620 1223 1675 enim
1253 1636 1530 1675 mensura
1551 1619 1741 1691 plena,
1766 1619 2037 1690 perfecta,
2058 1622 2114 1673 et

458 1710 947 1781 superabundans
980 1709 1135 1764 fideli
1159 1726 1324 1764 servo
1346 1708 1842 1781 dabitur,quando
1865 1707 2109 1761 dicetur:

459 1823 485 1849 ‹‹
520 1800 677 1871 Euge
709 1814 869 1853 serve
901 1797 1049 1853 bone
1078 1805 1135 1854 et
1156 1797 1364 1863 ﬁdelis,
1391 1796 1528 1869 quia
1549 1814 1724 1868 super
1744 1812 1928 1868 pauca
1952 1794 2110 1849 fuisti
2144 1805 2191 1869 Β

458 1887 667 1953 ﬁdelis,
693 1903 868 1957 super
886 1887 1072 1942 multa
1092 1892 1146 1943 te
1168 1886 1552 1942 constituam:
1576 1886 1728 1940 intra
1749 1885 1805 1939 in
1829 1885 2111 1958 gaudium

454 1976 690 2032 Domini
724 1976 804 2030 tui
835 1976 1056 2045 (illatth.
1090 1976 1278 2047 xxv).>>
1328 1976 1396 2031 Et
1427 1976 1565 2047 quia
1596 1976 1666 2029 de
1696 1973 1884 2047 gloria
1933 1974 2113 2029 beatae

460 2066 678 2139 patriae,
712 2070 1024 2137 postquam
1057 2069 1294 2137 accepta
1324 2064 1517 2133 fuerit,
1544 2063 1740 2119 nullus
1763 2063 1925 2118 locus
1946 2062 2115 2118 amit-

458 2155 617 2211 tendi
647 2156 777 2221 erit,
802 2158 953 2209 recte
984 2154 1205 2209 dictum
1237 2158 1360 2209 est:
1395 2178 1421 2202 ‹‹
1458 2154 1693 2209 Dabunt
1720 2153 1777 2207 in
1796 2152 1992 2207 sinum
2014 2168 2113 2207 ve—

459 2249 669 2300 strum.
690 2267 716 2291 »
739 2242 901 2297 Sicut
921 2242 1077 2297 enim
1100 2243 1171 2297 dc
1194 2259 1261 2297 ea
1282 2259 1546 2313 re,quam
1568 2242 1625 2296 in
1648 2241 1781 2296 sinu
1803 2240 2110 2307 habemus,

458 2333 598 2388 certi
631 2332 936 2403 securique
969 2349 1198 2395 sumus,
1232 2332 1311 2386 ita
1343 2336 1655 2403 postquam
1689 2331 1746 2384 in
1772 2329 1994 2402 gremio
2026 2345 2112 2383 re-

459 2422 558 2495 gni
580 2419 833 2477 scelestis
854 2418 1076 2474 collecti
1097 2420 1622 2485 fuerimus,aeterna
1638 2418 1946 2475 securitate
1961 2415 2114 2472 ﬁrmi

459 2511 702 2577 erimus,
722 2508 956 2564 Joanne
990 2509 1047 2562 in
1077 2507 1422 2580 Apocalypsi
1456 2508 1721 2562 dicente:
1759 2530 1784 2556 ‹‹
1810 2507 2117 2578 Absterget

462 2600 615 2655 Deus
649 2614 881 2654 omnem
899 2596 1217 2669 laerymam
1236 2597 1308 2651 ab
1326 2596 1511 2652 oculis
1536 2614 1738 2652 eorum
1754 2598 2113 2668 (.lpoc.xxu).»

459 2689 530 2744 Et
562 2687 701 2759 quia
729 2686 884 2741 Deus
917 2686 1255 2741 redditurus
1304 2690 1392 2740 est
1425 2685 1738 2757 unicuique
1788 2685 2113 2741 secundum

461 2794 634 2850 opera
662 2792 789 2842 sua,
824 2775 1014 2831 adhuc
1047 2775 1441 2831 subinfertur:

532 2914 559 2942 ‹‹
589 2891 802 2946 Eadem
834 2890 1049 2961 quippe
1081 2907 1357 2946 mensura
1384 2906 1503 2961 qua
1534 2889 1719 2944 mensi
1753 2888 1999 2954 fueritis,
2032 2904 2116 2942 re-

459 3006 487 3033 ‹‹
522 2979 997 3035 metieturvobis.
1026 3001 1052 3028 »
1085 2980 1143 3033 Si
1177 2979 1331 3035 enim
1366 2979 1423 3032 in
1458 2979 1625 3033 nobis
1647 2978 2022 3049 peccantibus
2046 2976 2112 3032 li-

460 3072 664 3125 benter
692 3067 1068 3131 dimittimus,
1103 3073 1159 3124 et
1199 3068 1352 3122 Deus
1383 3068 1755 3139 omnipotens
1803 3058 2116 3122 clementer

2213 544 2342 615 mos
2372 526 2668 584 recubitus
2700 526 2758 581 in
2791 525 2989 592 omnis,
3012 528 3068 580 et
3094 523 3309 596 primas
3339 523 3623 581 cathedras
3647 526 3700 583 in
3725 546 3796 602 sy-

2214 613 2459 689 nagogis
2481 620 2537 671 et
2557 615 2937 671 salutationes
2963 614 3024 669 in
3056 614 3197 681 foro,
3220 616 3275 669 et
3302 613 3482 668 vocari
3501 614 3566 669 ab
3585 613 3798 674 homini-

2214 704 2327 760 bus
2361 704 2544 760 Rabbi
2589 703 2793 773 (Matth.
2826 702 3045 774 χχχιιι).
3072 725 3098 751 ››
3130 702 3273 766 Quia
3301 701 3450 756 enim
3480 700 3633 758 illum
3671 703 3800 762 vide-

2215 794 2378 859 bant,
2413 793 2513 866 qui
2540 792 2718 849 dixit:
2758 816 2785 844 «
2813 793 2931 865 Ego
2964 809 3095 848 sum
3116 791 3215 846 lux
3244 790 3443 863 mundi
3464 791 3799 866 (Joan.vul),»

2218 887 2274 937 et
2303 899 2417 938 non
2451 899 2586 938 eum
2631 882 3042 956 agnoscebant,
3076 878 3273 952 procul
3304 879 3476 935 dubio
3505 880 3626 936 caeci
3650 888 3799 951 erant,

2218 972 2373 1027 sicut
2393 971 2676 1027 Dominus
2707 970 2872 1027 dicit:
2898 993 2925 1019 «
2951 969 3134 1026 Sinite
3155 968 3306 1034 illos,
3334 967 3461 1024 ε·ωοί
3483 972 3627 1035 sunt,
3651 973 3699 1025 et
3715 970 3803 1027 du-

2220 1079 2314 1117 ces
2346 1077 2628 1117 eaacorum
2661 1059 2870 1132 (Matth.
2894 1060 3007 1128 xv).
3045 1081 3072 1107 »
3105 1060 3362 1130 Cumque
3392 1057 3649 1129 populum
3676 1058 3805 1116 doce-

2220 1154 2349 1206 rent
2378 1151 2530 1222 quod
2566 1148 2924 1217 nesciebant,
2957 1150 3013 1202 et
3040 1144 3151 1219 ipsi
3200 1145 3332 1202 caaci
3374 1145 3533 1202 crecis
3576 1146 3804 1205 ducatum

2220 1238 2545 1312 praebentes
2574 1237 2808 1309 utrique
2840 1236 2897 1291 in
2927 1236 3147 1292 foveam
3179 1233 3477 1301 cadebant,
3499 1233 3637 1289 sicut
3653 1234 3807 1291 Domi-

2222 1346 2333 1383 nus
2373 1326 2509 1383 alibi
2553 1326 2860 1398 exprobrat
2888 1325 2993 1393 eis,
3045 1325 3280 1380 dicens:
3314 1347 3340 1373 ‹‹
3372 1322 3465 1377 Va:
3494 1322 3659 1391 vobis,
3687 1325 3808 1381 Scri-

2220 1418 2305 1472 ba:
2329 1420 2383 1472 et
2402 1415 2675 1472 Pharisaei
2695 1413 3035 1487 legisperiti,
3056 1412 3156 1486 qui
3188 1412 3406 1468 tulistis
3436 1411 3639 1469 clavem
3666 1414 3811 1469 scien-

2223 1506 2314 1562 tiae
2348 1507 2497 1577 (Luc.
2531 1508 2614 1573 ιι).
2643 1528 2669 1553 ››
2693 1504 2762 1560 Et
2792 1502 2904 1559 alio
2938 1502 3063 1559 loco
3097 1502 3179 1558 sic
3205 1520 3217 1557 :
3248 1524 3275 1551 «
3303 1501 3396 1557 Vae
3424 1500 3599 1568 vobis,
3638 1501 3811 1558 Scribe

2223 1599 2277 1649 et
2300 1593 2573 1648 Pharisaei
2604 1592 2942 1666 hypocriten,
2975 1591 3073 1665 qui
3105 1590 3378 1646 clauditis
3424 1607 3648 1662 regnum
3676 1590 3812 1646 catla-

2224 1700 2353 1738 rum
2386 1686 2519 1738 ante
2549 1681 2844 1750 homines;
2876 1697 2978 1736 vos
3000 1680 3155 1737 enim
3190 1678 3567 1747 nonintratis,
3590 1694 3682 1735 nec
3699 1678 3811 1736 alios

2222 1771 2439 1827 intrare
2470 1771 2665 1827 sinitis
2697 1770 2905 1841 (Matth.
2938 1769 3118 1843 xxm).
3150 1793 3177 1819 ››
3210 1769 3322 1826 Sed
3355 1768 3652 1825 cavendum
3680 1767 3811 1824 nobis

2222 1865 2407 1927 est,ne
2428 1859 2566 1915 vitia
2589 1859 2924 1915 Scribarum
2947 1864 3003 1914 et
3020 1858 3442 1914 Pharisaeorum
3464 1858 3532 1913 ad
3554 1873 3648 1912 nos
3668 1861 3814 1914 trans-

2223 1953 2376 2018 eant,
2414 1954 2476 2004 ut
2507 1949 2662 2021 quod
2698 1949 2752 2002 in
2806 1947 2922 2004 illis
2957 1946 3461 2021 reprehendimus,
3490 1946 3546 2001 in
3575 1945 3721 2002 nobis
3745 1946 3813 2000 in-

2222 2038 2503 2094 veniatur.
2525 2038 2839 2094 Suntenim
2857 2036 3121 2093 nonnulli
3136 2037 3571 2110 qui,antequam
3591 2032 3813 2107 discipuli

2224 2128 2386 2194 fiant,
2420 2126 2685 2200 magistri
2710 2125 2832 2182 fieri
2849 2129 3161 2199 appetunt:
3183 2130 3240 2181 et
3258 2126 3469 2198 quibus
3485 2142 3591 2181 non
3614 2129 3693 2180 est
3710 2140 3813 2179 san-

2223 2217 2393 2271 ctitas
2426 2216 2483 2270 in
2514 2215 2800 2282 moribus,
2834 2233 2940 2271 nec
2990 2213 3304 2271 maturitas
3335 2214 3391 2268 in
3445 2218 3617 2279 aetate,
3668 2227 3815 2284 neque

2225 2303 2488 2358 doctrina
2517 2302 2573 2356 in
2598 2303 2971 2359 sermonibus
2993 2302 3374 2375 suffragatur,
3397 2297 3817 2357 inverecundelo-

2224 2409 2356 2447 cum
2390 2391 2693 2463 regiminis
2744 2394 3045 2464 appetunt,
3081 2396 3139 2446 ct
3176 2390 3310 2446 ideo
3355 2389 3607 2463 magistri
3651 2386 3816 2444 erroris

2223 2481 2391 2547 ﬁunt,
2426 2481 2565 2553 quia
2596 2479 2870 2553 discipuli
2913 2479 3177 2536 veritatis
3210 2496 3343 2536 esse
3376 2479 3679 2535 noluerunt.
3707 2477 3815 2532 Cum

2223 2570 2379 2626 enim
2412 2568 2628 2642 aliquis
2659 2586 2925 2642 perverse
2956 2569 3153 2625 vivens
3204 2568 3452 2625 docendi
3480 2566 3710 2623 ofﬁcium
3750 2564 3816 2622 in-

2222 2660 2397 2733 digne
2430 2658 2698 2730 suscipit,
2749 2659 2916 2730 quasi
2969 2675 3155 2714 caecus
3204 2675 3359 2714 caeco
3407 2658 3660 2713 ducatum
3708 2670 3816 2727 pre

2223 2749 2358 2804 bere
2391 2747 2711 2820 put-sumit,
2773 2751 2827 2802 et
2858 2747 2987 2803 ideo
3018 2747 3191 2803 ambo
3250 2747 3314 2802 in
3374 2747 3585 2802 foveam
3628 2744 3813 2806 cadunt,

2225 2838 2363 2910 quia
2384 2841 2441 2893 et
2473 2837 2568 2892 ille
2589 2836 2829 2909 indigne
2846 2841 3073 2909 praeest,
3094 2841 3151 2891 et
3179 2835 3295 2893 iste
3317 2835 3531 2892 malum
3547 2830 3815 2906 exemplum

2223 2927 2582 3000 sequitur,ac
2614 2943 2715 2997 per
2735 2925 2843 2981 hoc
2865 2929 3106 2998 uterque
3131 2924 3188 2979 in
3220 2942 3474 2981 errorem
3499 2920 3812 2979 incidit.lnde

2220 3016 2475 3072 Jacobus
2507 3015 2682 3070 dicit:
2733 3038 2759 3064 ‹‹
2793 3012 2979 3070 Nolite
3009 3014 3130 3070 ﬁeri
3175 3013 3382 3087 plures
3432 3010 3672 3087 magistri
3711 3009 3811 3077 (Jac.

2225 3106 2323 3173 ιιι).
2364 3129 2390 3154 ››
2425 3104 2628 3160 Omnis
2667 3103 2822 3160 enim
2856 3100 2954 3176 q'ui
3004 3103 3157 3159 viam
3188 3103 3455 3160 veritatis
3497 3101 3617 3159 aliis
3664 3102 3813 3156 osten-

460 3158 715 3263 ῗ¹.ίτηί“’θί
737 3156 905 3212 “bis
929 3162 1411 3263 ίῗθοθδίδέοδίῗῗλ
1437 3155 1602 3263 ΨΜΞΞ
1619 3154 1958 3263 ίίιὲἓίδίῖίίῗέῗ
1990 3171 2113 3263 Ὓέ·
2142 3175 2184 3240 C
2224 3154 2359 3251 ἆέὲε
2389 3154 3647 3263 ἀὲεῆἑξὲειῖὲᾇίιιῖξέιιέιξέςὲιέέὲξῖιὲέῦεζᾘε
3675 3154 3816 3243 nam

457 3249 616 3304 tione
636 3264 770 3303 eum
806 3246 1125 3318 poscimus,
1157 3246 1454 3301 dicentes:
1482 3264 1509 3295 «
1541 3243 1776 3299 Dimitte
1807 3243 1976 3299 nobis
2007 3245 2111 3299 de-

461 3338 583 3393 bita
630 3341 853 3402 nostra,
886 3337 1038 3390 sicut
1098 3337 1151 3389 et
1183 3351 1289 3388 nos
1345 3332 1699 3387 dimittimus
1751 3332 2114 3388 debitoribus

463 3427 680 3482 nostris
728 3424 933 3497 (Matth.
962 3427 1061 3489 vr).
1098 3444 1125 3472 »
1185 3421 1291 3488 Qui
1323 3437 1459 3491 ergo
1517 3421 1774 3491 peccanti
1821 3419 1880 3474 in
1933 3437 1997 3476 se
2027 3421 2114 3475 di-

465 3516 694 3569 mittere
724 3529 840 3567 non
889 3512 1032 3575 vult,
1080 3527 1226 3565 vane
1256 3515 1314 3565 et
1341 3510 1633 3581 superflue
1665 3527 1699 3564 a
1737 3509 1984 3564 Domino
2012 3527 2113 3581 po-

463 3601 665 3669 stulat,
689 3600 844 3656 sicut
874 3600 998 3671 ipse
1019 3598 1193 3653 dicit:
1229 3622 1255 3646 «
1282 3598 1479 3653 Sinon
1503 3596 1846 3653 dimiseritis
1862 3598 2113 3654 homini-

462 3690 572 3744 bus
604 3692 840 3760 peccata
885 3704 1108 3753 eorum,
1144 3703 1249 3741 nec
1281 3686 1448 3741 Pater
1493 3690 1683 3741 vester
1736 3685 1986 3743 caelestis
2024 3689 2110 3743 di-

461 3778 653 3832 mittet
683 3775 844 3831 vobis
881 3780 1115 3846 peccata
1144 3779 1335 3829 vestra
1364 3775 1573 3845 (Ibid).
1610 3798 1637 3823 ››
1671 3775 1832 3830 Unde
1862 3782 1919 3831 et
1947 3777 2113 3833 Salo-

460 3881 627 3921 mon:
680 3887 707 3915 ‹‹
735 3865 919 3919 Homo
954 3863 1176 3918 homini
1210 3869 1399 3919 servat
1430 3864 1577 3919 iram
1611 3865 1797 3935 (Ecctz'.
1832 3870 2045 3934 xxvm),
2083 3889 2111 3916 ››

459 3959 568 4011 etc.
592 3955 661 4010 Et
678 3953 919 4009 iterum:
955 3975 981 4003 «ι
1008 3953 1244 4009 Dimitte
1275 3954 1537 4025 proximo
1561 3954 1786 4009 nocenti
1827 3958 1903 4017 te,
1927 3960 1984 4010 et
2013 3956 2110 4010 de—

459 4044 716 4117 precanti
744 4047 798 4097 te
820 4043 1049 4097 dimitte
1069 4042 1141 4109 ei,
1176 4049 1233 4098 et
1263 4046 1497 4115 peccata
1526 4042 1823 4098 solventur
1852 4045 2054 4115 (Ibid).
2083 4068 2111 4094 ››

458 4133 564 4197 Qui
598 4131 755 4187 enim
810 4148 913 4204 pro
946 4131 1061 4186 Deo
1091 4130 1149 4185 in
1198 4130 1468 4202 prmsenti
1496 4132 1615 4185 vita
1642 4133 1923 4202 majorem
1951 4150 2111 4189 amo-

458 4239 579 4277 rem
605 4220 1013 4293 assumpserit,
1034 4219 1398 4275 etuberiores
1410 4219 1808 4292 eleemosynas
1819 4221 2109 4287 tribuerit,

458 4312 741 4383 majorem
777 4309 1305 4364 remunerationem
1342 4309 1397 4362 in
1447 4314 1659 4363 aeterna
1691 4309 1805 4363 vita
1852 4310 2108 4381 recipiet,

455 4404 603 4456 teste
633 4397 929 4470 Apostolo,
962 4398 1060 4469 qui
1093 4398 1211 4452 ait:
1247 4420 1275 4447 ‹‹
1309 4397 1413 4460 Qui
1448 4413 1617 4468 parce
1645 4397 1914 4462 seminat,
1941 4415 2111 4469 parce

456 4491 513 4542 et
544 4490 754 4554 metet;
805 4491 863 4542 et
914 4487 1014 4558 qui
1044 4486 1291 4541 seminat
1337 4486 1395 4539 in
1452 4485 1977 4551 benedictionibus,
2038 4488 2111 4543 de

456 4575 961 4631 benedictionibus
987 4579 1163 4631 metet
1196 4574 1268 4644 (II
1292 4576 1412 4630 Cor.
1446 4574 1522 4645 1x)
1548 4597 1574 4621 ››
1606 4573 1781 4629 vitam
1811 4579 2107 4632 aeternam.

528 4722 556 4751 «
592 4696 831 4756 Dicebat
863 4702 1057 4754 autem
1087 4697 1201 4753 illis
1229 4703 1284 4754 et
1314 4697 1759 4753 similitudinem
1785 4716 1797 4753 :
1831 4699 2107 4772 Nunquid

455 4813 482 4839 «
511 4792 701 4861 potest
746 4804 931 4844 cazcus
962 4804 1179 4842 caecum
1211 4786 1420 4841 ducere
1442 4787 1468 4841 ?
1498 4787 1699 4842 Nonne
1732 4788 1903 4843 ambo
1936 4788 1991 4843 in
2027 4788 2108 4844 fo-

415 4874 423 4879 ’
455 4900 481 4926 ‹‹
516 4893 675 4932 veam
710 4877 1007 4932 cadunt?»
1035 4876 1096 4930 In
1120 4875 1227 4931 hac
1247 4874 1633 4931 similitudine
1660 4875 1937 4931 Dominus
1957 4878 2107 4932 Scri-

452 4966 558 5021 bas
584 4972 639 5021 et
661 4965 982 5020 Pharisceos
1006 4962 1335 5037 specialiter
1358 4962 1729 5036 percutit,qui
1755 4964 1946 5021 locum
1979 4982 2107 5022 ma-

453 5054 675 5126 gisterii
707 5055 943 5127 indigne
973 5058 1280 5125 usurpant,
1320 5054 1628 5108 Dominum
1663 5055 2014 5123 deserentes,
2048 5061 2112 5111 ut

453 5141 738 5198 Dominus
772 5141 907 5196 alibi
942 5142 1058 5197 ait:
1096 5166 1119 5191 ‹‹
1152 5143 1486 5197 Mandatum
1516 5141 2109 5216 Deitransgredimini

452 5234 689 5303 propter
717 5230 1063 5286 traditiones
1095 5235 1319 5285 vestras
1369 5233 1585 5300 (Matth.
1620 5238 1728 5299 xv).
1768 5255 1787 5279 υ
1823 5233 1930 5296 Qui
1974 5251 2107 5290 cum

454 5318 584 5373 caeci
617 5324 830 5385 essent,
862 5319 939 5373 ita
962 5322 1023 5373 ut
1048 5337 1107 5374 se
1129 5336 1307 5374 czeeos
1338 5336 1465 5376 esse
1498 5318 1807 5392 nescirent,
1844 5322 2107 5397 magistri

451 5406 577 5462 ﬁeri
610 5407 668 5462 in
699 5404 912 5479 populo
942 5424 1057 5462 non
1092 5409 1509 5464 erubescebant
1537 5427 1547 5463 :
1584 5426 1696 5464 non
1728 5408 1954 5468 lucrum
1990 5412 2113 5469 ani.

452 5511 682 5552 marum
716 5501 1062 5569 quaerentes,
1096 5497 1197 5552 sed
1231 5514 1346 5553 suae
1371 5497 1667 5569 jactantize
1719 5504 1773 5553 et
1804 5501 2108 5574 cupiditati

449 5585 841 5659 consulentes,
878 5603 991 5647 non
1024 5591 1087 5646 ut
1119 5585 1330 5663 populo
1353 5587 1718 5664 prodessent,
1744 5589 1844 5646 sed
1869 5590 2109 5654 honora-

2225 3283 2377 3339 vivat
2407 3300 2583 3355 quam
2614 3282 2836 3349 doceat,
2881 3282 2993 3338 nisi
3042 3281 3299 3355 qualiter
3340 3282 3479 3338 vixit
3523 3278 3755 3337 Christus
3774 3277 3816 3330 et

2225 3372 2441 3428 docuit.
2477 3372 2638 3427 Unde
2671 3376 2727 3426 et
2757 3369 3057 3427 subditur:

2300 3485 2326 3512 ‹‹
2358 3462 2480 3517 Νοιι
2515 3466 2604 3517 est
2635 3459 2961 3532 discipulus
2982 3478 3158 3533 super
3180 3460 3558 3529 magistrum:
3580 3456 3816 3531 perfectus

2226 3575 2253 3602 «
2290 3555 2483 3606 autem
2516 3549 2708 3605 omnis
2730 3550 2858 3619 erit,
2892 3548 2940 3605 si
2964 3549 3041 3606 sit
3070 3549 3221 3606 sicut
3243 3550 3523 3623 magister
3543 3549 3673 3619 eius.
3694 3567 3718 3595 ››
3737 3542 3814 3597 So-

2224 3640 2299 3695 let
2332 3657 2586 3711 namque
2609 3638 2667 3693 in
2692 3638 2967 3694 humanis
2988 3636 3318 3710 disciplinis
3339 3638 3671 3710 contingere,
3689 3636 3741 3689 ut
3757 3629 3818 3685 di-

2225 3728 2485 3801 scipulus
2515 3745 2618 3801 per
2646 3744 2890 3783 acumen
2922 3726 3137 3783 mentis
3166 3727 3474 3785 antecellat
3503 3724 3814 3797 magistrum.

2224 3816 2501 3889 Magister
2532 3834 2667 3890 ergo
2699 3816 2757 3871 in
2790 3815 2901 3872 hoc
2929 3813 3055 3872 loco
3088 3815 3185 3872 ille
3214 3816 3575 3890 intelligitur,
3604 3810 3690 3885 qui
3709 3805 3816 3865 alibi

2224 3904 2303 3959 ait
2331 3921 2344 3961 :
2383 3929 2401 3953 ιι
2437 3904 2553 3960 Vos
2584 3903 2802 3960 vocatis
2827 3921 2939 3972 me,
2966 3904 3246 3977 Magister
3267 3910 3325 3961 et
3351 3903 3605 3966 Domine,
3635 3904 3683 3956 et
3704 3897 3814 3952 bene

2222 3994 2416 4049 dicitis
2449 3995 2631 4067 (Joan.
2665 3993 2784 4065 xm)
2819 4009 2831 4047 :
2870 4016 2896 4041 υ
2926 3994 2996 4049 Et
3030 3992 3202 4048 item:
3239 4016 3267 4043 «
3303 3993 3417 4048 Nec
3445 3987 3814 4054 vocemiuima-

2221 4082 2412 4155 gistri,
2445 4081 2598 4137 nnus
2629 4081 2784 4138 enim
2816 4086 2905 4137 est
2937 4082 3217 4154 magister
3248 4086 3458 4148 vester,
3490 4078 3583 4152 qui
3614 4078 3664 4132 in
3691 4070 3815 4131 ccelis

2221 4175 2309 4227 cst
2340 4171 2548 4244 (Matth.
2581 4174 2763 4239 χχιιι).
2803 4194 2829 4218 ››
2877 4172 3009 4237 Quae
3063 4171 3355 4226 sententia
3402 4186 3435 4225 a
3477 4160 3816 4240 superioribus

2219 4260 2451 4331 pendet,
2488 4260 2584 4315 ubi
2620 4259 2838 4314 dictum
2883 4263 3002 4314 est:
3049 4258 3416 4325 «,Dimittitc,
3449 4262 3504 4313 et
3549 4252 3819 4310 dimittetur

2219 4349 2399 4404 vobis.
2424 4349 2563 4403 Date
2584 4352 2637 4403 et
2659 4347 2895 4403 dabitur
2924 4347 3106 4404 vobis.
3130 4371 3157 4397 ››
3188 4349 3270 4403 Ac
3302 4348 3349 4409 si
3382 4346 3617 4401 diceret:
3645 4338 3695 4396 Si
3721 4351 3815 4392 ma-

2219 4438 2400 4510 gister
2429 4440 2636 4507 vester,
2661 4453 2791 4491 cum
2818 4436 3004 4509 possit
3036 4440 3099 4492 ut
3121 4437 3296 4503 Deus,
3323 4453 3461 4492 suas
3482 4422 3819 4510 noluitvindl-

2142 4543 2186 4607 1)
2219 4544 2347 4607 care
2381 4525 2646 4597 injurias,
2668 4529 2724 4580 et
2752 4542 2853 4581 vos
2876 4524 3115 4598 perfecti
3141 4543 3270 4581 esse
3293 4522 3553 4597 poteritis
3573 4509 3816 4607 discipuli,

2222 4615 2269 4669 si
2303 4596 2451 4669 inter
2482 4596 2910 4686 persecutiones
2942 4631 3056 4669 non
3107 4596 3357 4686 injurias
3392 4605 3714 4684 rependatis,
3740 4596 3817 4655 sed

2218 4703 2557 4776 patientiam
2589 4702 2931 4771 exhibeatis,
2987 4720 3102 4759 non
3141 4703 3315 4775 -quod
3348 4702 3431 4757 ita
3460 4693 3674 4773 perfecti
3719 4700 3817 4746 esse

2182 4791 2186 4795 ’
2218 4791 2535 4866 possimus,
2570 4793 2721 4847 sicut
2752 4790 2874 4864 ipse
2906 4792 3005 4860 ait,
3033 4793 3133 4847 sed
3165 4809 3269 4864 pro
3293 4789 3527 4847 modulo
3552 4788 3819 4866 nostrzecf-

2219 4860 2487 4954 pacitatis
2516 4860 2908 4936 humilitatem
2943 4884 3000 4937 et
3032 4860 3541 4936 mansuetudinem
3563 4872 3705 4929 illius
3720 4860 3816 4921 imi-

2220 4970 2327 5025 tari
2351 4970 2651 5037 debemus,
2672 4967 2830 5023 illius
2852 4968 2968 5024 veri
2991 4967 3260 5042 magistri
3281 4965 3603 5040 exemplum
3621 4967 3817 5048 sequell-

2218 5064 2326 5126 tes,
2352 5057 2451 5131 qui
2485 5057 2596 5112 ait:
2631 5080 2658 5108 ‹‹
2680 5056 2862 5114 Dicite
2884 5075 2919 5113 a
2940 5074 3031 5113 me
3055 5039 3193 5129 quia
3215 5057 3375 5114 mitis
3397 5039 3525 5111 sum
3545 5056 3597 5108 et
3619 5039 3815 5103 humilis

2219 5149 2389 5204 corde
2437 5147 2655 5216 (Matth.
2691 5147 2783 5219 x1).
2821 5170 2848 5197 ››
2882 5147 3030 5203 Sunt
3060 5145 3372 5220 aliquanti,
3399 5142 3498 5217 qui
3530 5142 3585 5196 in
3613 5136 3814 5220 aliorutn

2218 5237 2375 5293 vitiis
2406 5236 2763 5309 corrigendis
2793 5237 3057 5293 duriores
3090 5241 3146 5292 et
3165 5219 3543 5292 districtiores
3563 5219 3816 5309 apparent?

2218 5344 2351 5383 cum
2384 5325 2442 5381 in
2474 5305 2597 5381 suis
2619 5324 2949 5383 blandiores
2971 5330 3025 5382 et
3055 5325 3305 5383 leniores
3332 5323 3593 5381 existant.
3624 5308 3760 5370 Unde
3774 5305 3817 5360 et

2176 5490 2182 5495 ο
2219 5415 2527 5472 subditur:
3222 5439 3229 5448 -
3675 5489 3685 5495 _
3736 5486 3744 5495 ι
3785 5478 3796 5491 ,

2290 5531 2315 5555 ‹‹
2343 5504 2489 5570 Quid
2518 5507 2714 5559 autem
2745 5501 2906 5561 vides
2942 5505 3224 5561 festucam
3256 5504 3314 5560 in
3346 5500 3510 5559 oculo
3540 5489 3716 5554 fratris
3732 5486 3814 5545 tui,

2220 5620 2247 5648 ‹‹
2280 5595 2502 5654 trabem
2536 5596 2732 5651 autem
2764 5611 2893 5672 quae
2924 5594 2985 5653 in
3016 5594 3183 5654 oculo
3213 5600 3313 5654 tuo
3334 5596 3440 5663 est,
3469 5604 3576 5647 non
3598 5573 3813 5642 conside.
