3908 6172
167 312 257 376 621
1363 313 1720 381 HOMILL‘E
1763 311 1868 373 DE
1909 314 2310 379 TEMPORE.

3418 328 3541 391 622

163 472 187 496 ι(
214 448 333 504 ras?
364 472 391 497 η
422 450 714 514 Quantum
740 450 889 507 inter
909 452 1189 509 festucam
1224 453 1782 519 ettrabem,tantum
1814 446 1868 514 Α
1898 444 2112 503 educas
2143 449 2431 506 festucam
2463 452 2534 508 de
2564 454 2730 509 oculo
2762 454 2959 510 fratris
2990 455 3095 511 tui.
3134 480 3159 507 ››
3190 457 3387 532 Neque
3418 462 3538 518 haec

160 536 289 592 inter
314 543 613 609 peccatum
647 542 839 612 majus
870 545 927 596 et
959 542 1155 598 minus
1181 542 1381 596 distat.
1406 541 1567 604 Quod
1591 543 1781 593 utma-

158 626 405 682 nifestius
426 626 806 701 intelligatur,
824 647 1008 685 unum
1023 648 1053 686 e
1066 629 1293 686 cunctis
1306 629 1364 684 in
1379 629 1638 684 medium
1652 644 1780 700 pro-

155 714 407 771 feramus.
440 715 612 772 Verbi
643 716 865 790 gratia:
900 718 990 773 Ira
1028 717 1353 786 subitanea,
1409 718 1630 773 festuca
1661 720 1776 783 est;

150 802 448 861 inveterata
494 810 712 872 autem,
761 808 958 864 trabes
1008 808 1277 863 efficitur.
1328 808 1397 862 Et
1426 807 1514 862 ira
1540 805 1777 878 quidem

149 892 434 949 subitanea
464 894 699 951 oculum
733 897 948 951 mentis
980 898 1305 969 perturbat,
1339 895 1491 952 sicut
1508 911 1610 967 per
1645 894 1782 949 Pro-

148 981 362 1052 pbetam
409 982 659 1039 dicitur:
706 1006 735 1034 «
789 985 1084 1041 Turbatus
1137 990 1227 1040 est
1275 1003 1389 1058 pra?
1434 984 1523 1040 ira
1572 983 1778 1041 oculus

147 1086 301 1129 meus
323 1073 496 1139 (Psal.
530 1072 632 1144 v1).
668 1095 697 1122 »
727 1073 941 1129 Odium
971 1079 1170 1130 autem
1203 1078 1458 1130 mentem
1508 1077 1776 1138 excaecat,

144 1163 273 1216 teste
299 1160 523 1217 Joanne
553 1162 837 1234 apostolo,
873 1163 972 1235 qui
1007 1164 1125 1219 ait:
1162 1187 1189 1213 ‹‹
1218 1164 1325 1231 Qui
1369 1163 1491 1219 odit
1539 1163 1776 1217 fratrem

144 1266 324 1317 suum,
359 1249 420 1306 in
452 1249 708 1307 tenebris
757 1255 869 1322 est,
918 1256 975 1307 et
1005 1252 1064 1307 in
1110 1253 1367 1308 tenebris
1405 1250 1688 1318 ambulat,
1722 1253 1778 1305 et

143 1339 313 1395 nescit
338 1356 454 1410 quo
484 1340 685 1408 vadat;
720 1341 1000 1413 quoniam
1053 1343 1302 1397 tenebrae
1350 1343 1779 1398 excaecaverunt

140 1427 330 1484 oculos
356 1429 487 1501 ejus
515 1429 562 1501 (1
585 1431 745 1485 Joan.
777 1430 859 1501 ιι).
899 1453 926 1479 ››
957 1431 1063 1494 Qui
1095 1430 1251 1486 enim
1284 1431 1484 1486 odium
1514 1428 1572 1484 in
1606 1429 1777 1485 corde

137 1533 384 1583 servans,
403 1517 637 1573 fratrem
666 1517 1222 1574 subitoirascentem
1237 1519 1444 1574 durius
1471 1517 1776 1590 reprehen-

135 1604 213 1661 dit
241 1604 627 1676 et‘dijudicat,
681 1607 849 1678 quasi
882 1607 952 1662 de
995 1607 1235 1663 alterius
1285 1607 1450 1663 oculo
1491 1608 1773 1662 festucam

131 1693 332 1764 ejicere
362 1692 586 1761 nititur,
607 1694 666 1748 in
698 1711 805 1749 suo
839 1696 1063 1751 trabem
1096 1713 1210 1751 non
1238 1697 1458 1752 videns.
1493 1696 1603 1751 Sed
1637 1695 1777 1767 quia

131 1782 297 1853 cujus
323 1782 442 1838 vita
456 1782 798 1855 despicitur,
817 1783 978 1839 illius
1005 1785 1339 1857 praedicatio
1356 1784 1772 1851 contemnitur,

132 1876 279 1927 recte
310 1871 722 1944 subjungitur:

198 1987 223 2011 η
257 1963 327 2018 Et
358 1964 651 2035 quomodo
682 1966 846 2037 potes
875 1965 1063 2021 dicere
1094 1965 1255 2020 fratri
1270 1964 1632 2030 tuozFrater,
1647 1962 1773 2019 sine

130 2074 154 2101 ‹‹
185 2051 418 2122 ejiciam
450 2052 736 2107 festucam
769 2053 839 2107 de
871 2051 1039 2109 oculo
1070 2057 1192 2121 tuo,
1222 2052 1348 2125 ipse
1378 2053 1436 2106 in
1467 2051 1633 2108 oculo
1673 2056 1773 2107 tuo

129 2164 154 2189 «
184 2139 411 2196 trabem
444 2156 559 2196 non
590 2140 832 2197 videns?
865 2164 892 2190 ››
923 2141 1031 2205 Qui
1060 2142 1216 2197 enim
1249 2140 1489 2196 alterius
1527 2140 1775 2196 minima

128 2234 360 2301 peccata
387 2228 512 2285 Vult
541 2230 848 2301 corrigere,
882 2247 1119 2307 necesse
1156 2234 1247 2286 est
1277 2234 1342 2285 ut
1376 2230 1633 2303 primum
1666 2246 1775 2285 sua

130 2318 380 2390 corrigat
435 2322 493 2373 et
536 2318 827 2383 emendet,
878 2319 1188 2391 nequando
1236 2318 1391 2373 dicat
1433 2316 1549 2373 illis
1590 2322 1770 2373 Deus:

129 2405 347 2468 «Quare
377 2409 440 2460 tu
472 2422 711 2461 enarras
735 2406 1000 2477 justitias
1025 2423 1206 2474 meas,
1231 2410 1288 2462 et
1319 2407 1574 2463 assumis
1604 2410 1777 2461 testa-

128 2499 391 2549 mentum
420 2511 619 2550 meum
651 2511 831 2567 peros
858 2496 1066 2551 tuum?
1084 2497 1169 2550 Tu
1183 2496 1498 2551 veroodisti
1522 2494 1777 2568 discipli-

125 2598 280 2649 nam,
310 2588 367 2639 et
392 2583 694 2656 projecisti
724 2600 1024 2640 sermones
1052 2601 1213 2640 meos
1246 2588 1566 2639 retrorsum
1597 2585 1770 2640 (Psal.

124 2676 289 2738 xux).
325 2694 355 2722 »ι
390 2673 495 2736 Qui
529 2671 688 2728 enim
739 2672 981 2728 alterius
1020 2673 1197 2729 vitam
1247 2673 1537 2728 discutere
1580 2674 1770 2739 debet,

124 2777 336 2831 purum
369 2761 605 2817 oculum
639 2763 853 2819 mentis
885 2779 1123 2818 necesse
1153 2768 1243 2818 est
1274 2767 1337 2817 ut
1364 2761 1596 2828 habeat,
1620 2761 1775 2817 sicut

124 2849 441 2921 Apostolus
467 2851 539 2906 ad
570 2850 942 2906 Timotheum
974 2851 1202 2907 scribit:
1240 2874 1268 2901 α
1297 2851 1532 2923 Oportet
1550 2850 1772 2923 episco-

124 2954 262 3009 pum
293 2938 868 3012 irreprehensibilem
900 2956 1028 2995 esse
1058 2944 1338 3013 tanquam
1364 2938 1777 3011 Deidispensa-

122 3032 302 3084 torem
336 3030 384 3097 (ι
397 3030 534 3084 Tim.
550 3030 655 3100 ιιι).
676 3052 702 3078 ››
718 3028 879 3084 Unde
899 3029 1178 3085 Dominus
1193 3029 1384 3084 adhuc
1406 3028 1773 3084 admonendo

117 3118 452 3193 subjungit,
484 3118 717 3173 dicens:

1890 538 2148 594 dicentes
2179 538 2431 611 aliquem
2448 558 2481 595 a
2496 542 2750 599 fraterna
2765 545 3124 617 correptione
3137 548 3538 620 prohibemus,

1891 626 2141 682 maxime
2173 644 2306 683 cum
2340 629 2493 684 sicut
2520 631 2773 687 Jacobus
2821 633 3124 706 apostolus
3156 636 3238 691 ait
3289 637 3420 709 (Jac.
3452 639 3538 710 v):

1890 737 1918 765 ‹‹
1950 714 2057 778 Qui
2108 717 2361 773 converti
2410 718 2609 773 fecerit
2658 727 3019 792 peccatorem
3071 723 3144 779 ab
3199 741 3393 782 errore
3438 727 3543 783 vias

1888 819 2029 869 suae,
2063 804 2310 860 salvabit
2334 807 2591 863 animam
2614 810 2741 880 ejus
2766 828 2801 865 a
2831 816 3039 883 morte,
3072 818 3129 869 et
3144 813 3362 886 operiet
3389 815 3543 872 mul-

1886 891 2199 949 titudinem
2250 899 2642 967 peccatorum.
2674 920 2703 948 »
2748 899 2859 955 Sed
2910 902 3377 977 quotiescunque
3423 904 3540 961 fra-

1886 984 2034 1036 trem
2066 992 2303 1054 p’eccare
2331 984 2618 1051 videmus,
2638 991 2848 1043 nostra:
2869 988 3201 1062 fragilitatis
3224 1008 3536 1063 memores,

1886 1069 2136 1143 benigne
2164 1072 2597 1128 etlenitercorri
2604 1091 2738 1148 gere
2750 1076 3053 1145 debemus,
3070 1084 3344 1136 monente
3356 1081 3537 1139 Paulo

1886 1157 2175 1229 apostolo:
2210 1183 2239 1210 «
2272 1161 2520 1229 Fratres,
2554 1162 2601 1218 si
2634 1172 3071 1238 praeoccupatus
3093 1168 3267 1225 fuerit
3282 1169 3457 1226 homo
3474 1171 3534 1228 in

1886 1245 2081 1319 aliquo
2112 1247 2339 1317 delicto,
2371 1267 2493 1319 vos,
2525 1252 2624 1323 qui
2658 1253 2950 1324 spiritales
2979 1257 3141 1323 estis,
3192 1256 3536 1329 hujusmodi

1884 1335 2158 1393 instruite
2190 1337 2248 1393 in
2282 1339 2490 1411 spiritu
2539 1339 2817 1413 lenitatis,
2849 1344 3226 1401 considerans
3255 1346 3531 1419 teipsum,

1886 1441 1958 1480 ne
1986 1429 2042 1479 et
2072 1430 2133 1481 tu
2167 1428 2406 1483 tenteris
2436 1427 2572 1486 (Gal.
2606 1431 2703 1502 γι).
2740 1454 2768 1479 ››
2801 1432 2945 1488 Cum
2961 1438 3155 1489 autem
3175 1434 3429 1508 aliquem
3449 1437 3536 1493 in-

1884 1513 2294 1586 corrigibititer
2322 1515 2474 1572 vitiis
2505 1516 2785 1575 inhaerere
2798 1520 3214 1594 conspicimus,
3230 1523 3350 1579 zelo
3364 1528 3535 1583 recti-

1885 1602 2106 1657 tudinis
2137 1605 2386 1671 accensi,
2415 1606 2932 1681 duriusincrepare
2945 1610 3247 1681 debemus,
3267 1614 3532 1688 exemplo

1884 1690 2043 1746 illius
2074 1691 2172 1763 qui
2205 1692 2313 1749 ait:
2348 1717 2375 1741 «
2410 1695 2540 1748 Vidi
2565 1697 3026 1767 prmvaricantes,
3058 1704 3115 1755 et
3159 1702 3533 1760 tabescebam

1886 1780 2057 1849 (Psal.
2091 1782 2300 1853 cxvm).
2336 1804 2364 1832 ››
2399 1783 2465 1837 Et
2495 1784 2738 1839 iterum:
2774 1809 2803 1836 ‹‹
2835 1787 3038 1843 Nonne
3072 1789 3172 1861 qui
3195 1790 3531 1860 oderuntte,

1883 1868 2147 1936 Domine,
2180 1871 2457 1926 oderam?
2484 1872 2739 1929 Perfecto
2770 1875 2902 1931 odio
2933 1877 3180 1933 oderam
3203 1878 3334 1936 illos
3355 1882 3531 1947 (Psal.

1880 1962 2169 2026 cxxxvm).
2208 1981 2233 2007 ››
2263 1959 2426 2016 Tunc
2456 1961 2613 2016 enim
2645 1963 2771 2019 sine
2803 1963 2976 2037 culpa
3017 1966 3191 2023 irasci
3239 1967 3529 2037 videmur,

1883 2047 2117 2117 quando
2147 2046 2320 2103 talem
2352 2050 2725 2121 asperitatem
2741 2053 2974 2123 nonira,
2999 2056 3101 2111 sed
3123 2055 3282 2112 zelus
3303 2058 3531 2127 format,

1884 2134 1939 2188 in
1974 2135 2236 2207 exemplo
2268 2137 2469 2209 Moysi,
2504 2140 2601 2210 qui
2634 2140 2773 2195 exiit
2800 2159 2833 2197 a
2872 2142 3177 2200 Pharaone
3219 2144 3406 2202 iratus
3439 2147 3533 2203 ni-

1884 2223 2017 2291 mis,
2052 2223 2190 2295 quia
2219 2225 2346 2295 ejus
2379 2226 2699 2299 nequitiam
2730 2230 3185 2305 incorrigibilem
3211 2234 3371 2291 vidit.

2443 2316 2749 2373 HOMILIA
2787 2319 2971 2377 CXVI.

2142 2419 2417 2460 DOMINICA
2456 2422 2626 2461 SEXTA
2668 2423 2805 2463 pos'r
2843 2402 3272 2471 pss'rscosrss..

1955 2491 1999 2561 (Ι
2032 2491 2202 2547 Pe'rn.
2236 2493 3532 2563 In.)«Cbarissimi,omnesunanimesinora-

1882 2601 1910 2628 «
1940 2580 2097 2635 tione
2126 2585 2330 2635 estote.
2361 2604 2388 2629 »
2422 2583 2489 2637 Et
2518 2582 2760 2655 reliqua.
2796 2586 3195 2645 Fraternitatis
3234 2594 3532 2650 unanimi-

1882 2672 1973 2722 tas
1986 2666 2819 2742 velutiurbsinexpugnabilis,
2844 2674 3104 2731 hostium
3131 2695 3245 2733 non
3261 2684 3419 2751 patet
3440 2681 3530 2738 in-

1883 2755 2068 2811 sidiis.
2103 2756 2284 2812 Habet
2315 2758 2471 2812 enim
2504 2763 2726 2825 sancta,
2760 2766 2825 2816 ut
2848 2762 3217 2821 Salomonait
3233 2768 3412 2835 (Cant.
3427 2773 3528 2840 vn),

1883 2849 2205 2900 castrorum
2238 2846 2420 2901 aciem
2449 2847 2798 2918 ordinatam,
2835 2866 3011 2922 quam
3057 2855 3289 2923 tyranni
3327 2860 3383 2911 et
3407 2874 3532 2930 per-

1883 2937 2177 2993 secutores
2210 2950 2326 2989 una
2355 2951 2488 2991 cum
2520 2941 2753 2993 auctore
2785 2956 2890 2994 suo
2922 2940 3154 2997 diabolo
3186 2960 3301 2999 non
3335 2945 3532 3005 valent

1882 3037 2216 3094 erumpere:
2268 3024 2407 3094 quia
2436 3024 2494 3079 in
2545 3026 2783 3082 uniente
2829 3028 3055 3086 Christo
3088 3048 3194 3088 nec
3242 3039 3528 3109 martyres

1885 3112 2230 3184 persecutio.
2266 3128 2369 3167 nec
2399 3112 2653 3185 virgines
2683 3116 3271 3187 carnalisdelectatio,
3299 3124 3529 3181 necmi-

182 3186 586 3280 «hypocrita,
618 3206 762 3279 ejice
793 3208 1049 3280 primum
1097 3208 1323 3263 trabem
1353 3206 1424 3263 de
1471 3205 1637 3262 oculo
1666 3211 1768 3261 tuo
1794 3186 1842 3253 Ο
1881 3200 2201 3256 sericordes
2232 3200 2540 3272 cupiditas,
2574 3219 2679 3258 nec
2709 3205 2964 3262 humiles
2981 3209 3319 3282 temporalis
3331 3210 3528 3285 glorias

115 3317 140 3342 α
173 3299 236 3350 et
265 3301 412 3351 tunc
461 3296 780 3369 perspicies
809 3301 874 3351 ut
902 3297 1115 3352 educas
1164 3297 1449 3352 festucam
1498 3296 1569 3350 de
1606 3295 1773 3349 oculo

116 3404 140 3430 α
167 3384 376 3440 fratris
402 3384 510 3440 tui.
543 3407 572 3435 »
608 3384 920 3457 Hypocrita
949 3384 1163 3453 Grece,
1215 3385 1417 3440 Latine
1465 3382 1773 3439 simulator

113 3470 339 3527 dicitur
366 3471 456 3528 vel
482 3473 863 3540 subauratus,
896 3490 1011 3545 quo
1044 3474 1280 3529 nomine
1324 3471 1408 3527 illi
1440 3476 1770 3539 censentur,

108 3558 208 3629 qui
245 3560 415 3617 aliud
448 3561 766 3617 ostendunt
795 3561 1072 3626 exterius,
1105 3565 1162 3617 et
1187 3560 1345 3616 aliud
1376 3560 1774 3616 servantinte-

110 3647 259 3704 rius.
293 3649 466 3705 Tales
496 3649 779 3705 Gominus
810 3650 867 3704 in
900 3649 1208 3722 Evangelia
1238 3650 1518 3722 increpat,
1544 3648 1771 3704 dicens:

111 3758 137 3782 κ
170 3736 275 3792 Va:
306 3739 497 3805 vobis,
532 3739 746 3794 Scribe
769 3744 825 3795 et
846 3738 1120 3793 Phariszei
1144 3739 1475 3812 hypocritae,
1496 3738 1773 3810 quoniam

112 3824 350 3883 similes
379 3827 521 3884 estis
553 3826 837 3899 sepulcris
865 3826 1176 3895 dealbatis,
1209 3844 1335 3899 qum
1367 3844 1401 3882 a
1430 3826 1570 3881 foris
1598 3843 1773 3898 appa-

115 3919 249 3969 rent
277 3915 622 3971 hominibus
639 3917 925 3989 speciosa,
949 3916 1111 3971 intus
1139 3933 1273 3971 vero
1304 3919 1441 3971 sunt
1452 3914 1776 3986 plenaossi-

116 4000 231 4057 bus
266 4010 633 4062 mortuorum
650 4009 707 4062 et
721 4005 1196 4078 omnispurcitia.
1230 4005 1324 4060 Sic
1337 4009 1393 4060 et
1420 4021 1521 4059 vos
1535 4003 1771 4075 quidem

115 4105 148 4143 a
176 4092 323 4149 foris
354 4096 574 4168 paretis
603 4094 947 4151 hominibus
973 4096 1140 4168 justi,
1176 4095 1338 4150 intus
1368 4097 1565 4148 autem
1616 4091 1769 4164 pleni

114 4181 261 4235 estis
290 4182 585 4256 hypocrisi
615 4187 671 4239 et
700 4183 1009 4257 iniquitate
1049 4183 1263 4256 (Matth.
1315 4184 1493 4249 xxxii).
1526 4203 1553 4229 ››
1585 4182 1771 4246 Quam

116 4281 290 4336 grave
337 4289 593 4345 namque
643 4271 850 4328 vitium
882 4274 961 4329 sit
1005 4271 1355 4346 hypocrisis,
1406 4271 1616 4326 beatus
1662 4269 1770 4324 Job

114 4360 394 4429 ostendit,
424 4378 561 4418 cum
591 4361 704 4418 ait:
757 4363 949 4419 «eNon
996 4362 1153 4418 enim
1198 4360 1389 4416 veniet
1433 4359 1493 4415 in
1524 4374 1770 4430 conspe—

114 4448 207 4499 ctu
258 4448 498 4506 Domini
550 4452 745 4507 omnis
796 4451 1098 4525 hypocrita
1140 4451 1256 4507 Job.
1307 4448 1615 4518 x111).»Et
1664 4446 1770 4502 ite-

1881 3288 2133 3345 devincit
2161 3290 2426 3345 ambitio.
2460 3313 2489 3340 ‹‹
2522 3292 3011 3364 Compatientes.»
3040 3297 3364 3356 Sicutenim
3388 3318 3529 3375 gau-

1881 3379 2016 3434 dere
2045 3378 2328 3434 debemus
2358 3396 2492 3434 cum
2547 3382 2959 3453 gaudentibus,
3010 3384 3091 3442 ita
3120 3392 3176 3442 et
3222 3389 3359 3445 flere
3388 3407 3526 3448 cum

1884 3466 2179 3533 flentibus,
2212 3466 2364 3522 sicut
2394 3467 2609 3524 Paulus
2639 3469 2888 3527 faciebat
2913 3473 3233 3546 apostolus,
3258 3478 3359 3549 qui
3382 3479 3537 3537 dice-

1883 3555 2013 3611 bat:
2048 3578 2077 3605 ‹‹
2108 3554 2249 3619 Quis
2278 3555 2631 3626 infirmatur,
2658 3563 2713 3615 et
2726 3576 2830 3633 ego
2847 3578 2961 3617 non
2989 3563 3316 3621 inﬁrmor?»
3334 3568 3387 3623 II
3403 3571 3535 3628 Cor.

1881 3643 1980 3716 xu.)
2021 3665 2046 3696 α
2075 3644 2476 3702 Fraternitatis
2506 3651 2883 3704 amatores.»
2912 3650 3019 3714 Qui
3050 3669 3187 3725 ergo
3233 3661 3393 3712 amat
3432 3658 3537 3715 ho-

1884 3732 2093 3798 mines,
2125 3736 2227 3787 aut
2257 3733 2396 3805 quia
2416 3734 2567 3804 justi
2601 3741 2759 3806 sunt,
2788 3743 2890 3793 aut
2917 3744 2982 3794 ut
3004 3741 3153 3812 justi
3174 3743 3316 3813 sint,
3341 3763 3541 3804 amare

1884 3821 2073 3887 debet,
2107 3821 2261 3877 sicut
2289 3827 2346 3876 et
2372 3823 2634 3895 seipsum
2654 3841 2850 3881 amare
2865 3827 3053 3896 debet,
3070 3834 3170 3885 aut
3193 3832 3540 3905 quiajustus

1883 3914 1990 3975 est,
2024 3914 2125 3964 aut
2155 3915 2219 3964 ut
2241 3910 2442 3980 justus
2472 3912 2566 3966 sit.
2600 3912 2980 3971 Dilectionem
3013 3922 3208 3974 autem
3224 3921 3541 3983 fraternam

1882 4002 2169 4071 quantum
2200 4000 2571 4055 commendat
2598 4001 2856 4059 Joannes
2905 4005 3226 4076 apostolus,
3270 4013 3541 4068 attenda-

1882 4103 2044 4142 mus:
2079 4108 2107 4135 «
2141 4085 2247 4151 Qui
2275 4085 2486 4158 diligit,
2507 4109 2533 4135 ››
2549 4087 2760 4160 inquit,
2780 4112 2807 4140 «
2825 4091 3063 4148 fratrem
3078 4110 3250 4150 suum
3266 4097 3540 4169 quemvi-

1882 4178 1997 4243 det,
2030 4176 2087 4230 in
2121 4174 2344 4231 lumine
2376 4181 2594 4248 manet,
2628 4182 2686 4233 et
2717 4179 3063 4237 scandalum
3101 4182 3159 4238 in
3192 4200 3259 4240 eo
3298 4203 3414 4242 non
3449 4191 3541 4244 est

1878 4268 1933 4335 (I
1955 4269 2122 4322 Joan.
2167 4264 2247 4335 ιι).
2283 4286 2310 4314 ››
2367 4264 2434 4319 Et
2480 4264 2656 4321 item:
2710 4290 2737 4317 ‹‹
2772 4267 3170 4338 Dilectissimi,
3220 4273 3538 4347 diligamus

1880 4371 1987 4410 nos
2016 4353 2287 4420 invicem,
2313 4353 2453 4425 quia
2482 4354 2715 4412 dilectio
2745 4373 2813 4413 ex
2844 4357 3057 4415 Deo.Et
3086 4361 3280 4418 omnis
3310 4362 3412 4435 qui
3444 4363 3541 4420 di-

1879 4442 2026 4516 ligit,
2060 4458 2129 4497 ex
2161 4446 2273 4498 Deo
2300 4446 2594 4511 natusest,
2625 4448 2683 4499 et
2698 4446 3359 4521 cognovitDeum(Ibid.,
3393 4452 3539 4515 1v).»

112 4544 280 4616 mm:
314 4561 342 4586 α
369 4539 755 4613 Congregatio
775 4539 1208 4613 hypocritarum
1227 4538 1444 4595 sterilis
1471 4537 1590 4609 (ld.,
1614 4536 1769 4606 xv).»
1792 4549 1845 4616 Ι)
1878 4532 1945 4586 Et
1978 4532 2258 4599 Dominus
2292 4531 2513 4604 inquit:
2551 4536 2943 4591 «Mandatum
2992 4553 3206 4594 novum
3243 4541 3317 4596 do
3351 4540 3537 4610 vobis,

113 4615 214 4674 Et:
271 4648 297 4676 «
327 4626 714 4685 Simulatores
760 4634 819 4684 et
862 4627 1057 4684 callidi
1103 4630 1418 4701 provocant
1469 4627 1611 4681 iram
1665 4624 1765 4680 Dci

104 4707 240 4778 (Id.,
271 4720 480 4785 xxxvx).
520 4740 541 4768 ιι
585 4717 652 4772 Et
683 4716 994 4774 Salomon:
1032 4740 1057 4766 ‹‹
1091 4716 1410 4772 Simulator
1437 4731 1534 4771 ore
1558 4713 1774 4787 decipit

111 4799 369 4860 amicum
402 4822 580 4861 suum
614 4806 799 4877 (Prov.
822 4809 922 4875 ιι).
961 4829 982 4856 ι
1005 4805 1334 4861 Pessimum
1353 4804 1569 4876 quippe
1587 4819 1772 4875 genus

110 4890 209 4940 est
235 4888 697 4965 hypocritarum,
721 4895 820 4967 qui
845 4894 905 4950 in
937 4894 1046 4949 hoc
1079 4894 1289 4950 saeculo
1315 4909 1552 4949 carnem
1582 4906 1770 4946 mace-

118 4983 334 5044 rant,et
348 4982 402 5036 in
419 4982 619 5038 futuro
633 4983 895 5039 mercede
909 4983 1237 5055 privantur:
1259 4982 1396 5054 quia
1408 4981 1558 5036 sicut
1574 4978 1767 5035 Domi-

112 5073 234 5120 nus
263 5068 369 5125 ait:
409 5094 429 5120 ι
465 5071 833 5144 Receperunt
862 5072 1188 5127 mercedem
1214 5068 1598 5142 suam(illatth.
1629 5068 1765 5138 γι).››

104 5149 273 5209 Sunt
299 5157 456 5214 enim
492 5159 780 5233 nonnulli,
817 5161 916 5234 qui
938 5178 1073 5217 cum
1099 5159 1245 5215 servi
1264 5159 1383 5215 sint
1396 5158 1691 5225 vitiorum,
1713 5160 1778 5211 ut

141 5252 447 5315 appareant
476 5248 821 5306 hominibus
846 5249 1015 5321 justi,
1049 5248 1239 5304 aliena
1284 5251 1520 5319 peccata
1567 5244 1778 5301 acriter

132 5334 445 5407 corrigunt,
478 5338 551 5393 de
580 5337 858 5411 qualibus
887 5337 1188 5410 Scriptura
1215 5336 1383 5391 dicit:
1417 5357 1445 5384 «
1482 5336 1580 5389 Est
1594 5349 1778 5389 corre-

136 5418 249 5489 ptio
276 5426 526 5481 mendax
557 5426 618 5481 in
648 5443 744 5482 ore
773 5424 1537 5497 contumeliosi(Eccli.x1x).
1566 5444 1592 5471 »
1616 5420 1773 5476 Tali-

112 5498 235 5565 lius
261 5514 531 5570 convenit
560 5516 713 5588 quod
745 5515 1031 5571 Dominus
1062 5515 1171 5570 ait:
1198 5537 1226 5565 ‹‹
1272 5512 1603 5585 Hypocrita,
1633 5510 1776 5582 ejice

116 5598 377 5674 lirimum
407 5603 639 5665 trabem
665 5604 736 5666 de
767 5603 935 5664 oculo
966 5608 1088 5677 tuo,
1121 5608 1179 5664 et
1208 5606 1351 5662 tunc
1372 5599 1692 5679 perspicies
1711 5604 1778 5659 ut

1874 4624 1940 4676 ut
1968 4618 2225 4692 diligatis
2251 4619 2536 4675 invicem.
2562 4622 2633 4677 Et
2662 4622 2723 4677 in
2774 4623 2885 4679 hoc
2914 4626 3098 4681 scient
3144 4644 3349 4685 omnes
3398 4629 3543 4701 quia

1879 4708 1993 4765 mei
2023 4710 2166 4764 estis
2192 4708 2490 4781 discipuli,
2525 4711 2573 4766 si
2605 4728 2708 4767 vos
2736 4710 2985 4770 invicem
3018 4714 3335 4774 dilexeritis
3362 4717 3538 4791 (Joan.

1878 4800 2030 4867 xm).
2073 4820 2101 4847 »

1952 4907 1979 4936 ‹‹
2014 4884 2441 4941 Misericordes.
2481 4908 2508 4935 »
2530 4888 2824 4960 Scriptum
2839 4890 3157 4963 quippeest
3180 4893 3363 4961 (Prov.
3385 4894 3539 4968 XXI):

1879 4996 1905 5022 «
1942 4973 2149 5029 Facere
2184 4974 2678 5043 misericordiam,
2716 4994 2799 5034 me
2814 4979 2905 5049 gis
2948 4979 3137 5051 placet
3183 4980 3324 5051 Deo,
3362 4999 3542 5055 quam

1876 5061 2145 5116 victimae.
2166 5085 2192 5112 ››
2207 5064 2303 5119 Et:
2323 5085 2349 5112 «
2373 5062 2717 5135 Quipronus
2732 5071 2840 5133 est,
2856 5088 2884 5116 »
2906 5067 3543 5142 inquitScriptura,«ad

1884 5150 2373 5222 misericordiam,
2402 5151 2782 5209 benedicetur
2811 5156 2993 5223 (Prov.
3025 5174 3097 5212 xx
3122 5162 3184 5229 ι).
3206 5159 3325 5214 »Ἐῐ
3344 5159 3544 5217 Domi-

1885 5256 1995 5295 nus
2026 5241 2134 5295 ait:
2171 5263 2199 5291 «
2236 5240 2430 5295 Estote
2465 5240 2898 5311 misericordes,
2952 5244 3105 5302 sicut
3147 5252 3204 5303 et
3232 5248 3402 5305 Pater
3447 5266 3545 5308 ve-

1884 5332 2004 5383 ster
2034 5328 2365 5384 misericors
2397 5332 2486 5384 est
2517 5329 2666 5402 (Luc.
2700 5332 2797 5404 VI).
2838 5356 2858 5383 ι»
2895 5358 3007 5385 -‹‹
3024 5335 3308 5394 Humiles.
3344 5361 3373 5389 ››
3395 5338 3548 5395 εει-ί.

1883 5421 2050 5489 ptum
2084 5417 2300 5489 quippe
2325 5424 2415 5472 est
2460 5419 2650 5488 (Eccli.
2683 5423 2768 5489 x):
2811 5445 2841 5471 «
2876 5422 3071 5480 Perdit
3111 5430 3260 5483 Deus
3313 5444 3541 5484 memo-

1884 5506 2031 5562 riam
2063 5506 2472 5579 superborum,
2504 5512 2689 5565 etnon
2705 5510 3540 5587 derelinquitmemoriamhu-

1883 5594 2133 5672 milium,
2168 5612 2196 5649 »
2228 5596 2299 5654 Et
2332 5596 2615 5657 Dominus
2647 5596 2869 5680 inquit:
2909 5624 2938 5657 ‹‹
2961 5601 3175 5663 Discite
3206 5621 3241 5667 ει
3274 5619 3367 5662 me
3406 5600 3547 5683 quia
