4050 6174
448 382 459 391 ι
490 346 615 410 6‘23

500 586 675 642 quem
708 570 1043 642 respiciam,
1089 569 1230 625 dicit
1254 568 1536 625 Dominus
1567 567 1693 636 (Isa.
1729 567 1892 633 LXVI),
1926 565 2040 621 nisi
2074 564 2146 620 ad

500 657 787 716 humilem
820 662 879 715 et
901 659 1166 732 quietum
1185 658 1212 713 ?

575 770 604 799 «
638 748 765 805 Non
815 748 1124 806 reddentes
1173 746 1394 803 malum
1440 762 1543 818 pro
1591 746 1764 805 bono.
1799 767 1827 796 ››
1856 743 2149 816 Scriptum

504 836 721 911 quippe
753 841 876 894 est:
916 860 936 886 α
973 838 1053 893 Ne
1081 836 1264 909 dicas,
1298 836 1537 891 reddam
1569 833 1793 891 malum
1826 849 1929 907 pro
1972 832 2149 899 malo,

506 930 778 1000 exspecta
806 931 1009 994 Deum,
1041 930 1097 983 et
1126 925 1399 982 liberabit
1428 928 1481 981 te
1496 924 1806 995 (Prov.xx).
1845 946 1871 971 »
1894 922 1963 979 Et
1982 924 2149 979 item:

508 1037 536 1067 ‹‹
570 1014 675 1079 Qui
707 1013 989 1070 vindicari
1020 1011 1161 1082 vult,
1194 1030 1229 1069 a
1258 1013 1375 1069 Deo
1423 1012 1678 1069 inveniet
1723 1012 2063 1081 vindictam,
2096 1013 2156 1066 et

506 1106 808 1185 peceatum
840 1102 998 1157 illius
1030 1119 1268 1160 servans
1301 1102 1629 1159 servabitur
1651 1102 1837 1171 (Eccli.
1872 1105 2089 1170 xxvm).
2126 1123 2154 1150 ››

507 1212 537 1241 «
556 1190 671 1246 Nec
691 1189 1067 1248 maledictum
1080 1208 1185 1264 pro
1200 1189 1526 1247 maledicto.
1546 1213 1573 1241 »
1592 1191 1653 1247 In
1672 1191 1778 1247 hoc
1789 1190 1945 1249 enim
1959 1206 2156 1246 exem-

507 1277 670 1352 plum
684 1277 915 1334 Domini
929 1280 1247 1337 tenendum
1258 1284 1368 1348 est,
1395 1279 1674 1351 «quicum
1689 1278 2157 1345 malediceretur,

510 1384 623 1423 non
660 1366 1048 1424 maledicebat
1076 1372 1130 1437 (Ι
1152 1370 1296 1425 Petr.
1327 1372 1411 1436 II).
1446 1390 1474 1419 υ
1508 1399 1572 1411 -ο-
1602 1386 1631 1419 α
1665 1368 1777 1424 Sed
1808 1385 1839 1424 e
1868 1368 2160 1424 contrario

517 1455 1013 1513 «benedicentes.»
1026 1456 1098 1511 Ut
1113 1455 1275 1513 illud:
1294 1480 1321 1507 ‹‹
1338 1455 1664 1512 Benedicite
1678 1456 2162 1512 maledicentibus

511 1544 695 1613 vobis,
729 1543 1051 1600 benedicite
1081 1550 1139 1601 et
1155 1544 1330 1600 nolite
1346 1544 1871 1616 maledicere((Luc.
1905 1561 1982 1610 vi,
2008 1550 2160 1601 Rom.

508 1634 633 1703 ιιι).
676 1655 697 1685 ι
716 1656 824 1684 --«
837 1633 982 1698 Quia
1007 1632 1066 1688 in
1100 1634 1207 1689 hoc
1221 1632 1404 1689 vocati
1433 1634 1595 1700 estis,
1626 1634 2163 1690 utbenedictionem

518 1744 545 1770 ‹‹
577 1720 914 1778 haereditate
932 1721 1302 1794 possideatis.
1320 1743 1347 1771 ››
1366 1722 1696 1779 Benedictio
1708 1721 2165 1778 estbmreditatis

518 1809 712 1868 omnis
740 1809 1023 1866 virtutum
1054 1811 1221 1882 capia
1249 1808 1521 1875 coalestis,
1555 1811 1611 1864 in
1643 1826 1762 1881 qua
1782 1810 1965 1867 sancti
1987 1810 2167 1867 haere-

521 1899 625 1955 des
656 1898 889 1972 quidem
927 1899 1044 1965 Dei,
1076 1898 1405 1955 cohaeredes
1435 1903 1633 1955 autem
1651 1898 1984 1955 efficiantur
2012 1898 2171 1954 Chri-

522 1990 618 2059 sti,
652 2006 784 2045 eum
816 1989 1142 2045 audierint:
1177 2012 1206 2039 «
1239 1988 1463 2056 Venite,
1498 1989 1783 2045 benedicti
1819 1989 2006 2046 Patris
2035 1989 2168 2057 mei,

522 2078 802 2151 percipite
823 2094 1089 2152 regnum,
1111 2079 1264 2150 quod
1288 2078 1449 2134 vobis
1462 2084 1730 2151 paratum
1745 2082 1833 2134 est
1854 2078 1926 2134 ab
1949 2079 2172 2151 origine

521 2167 726 2223 mundi
759 2156 971 2237 (Matth.
1006 2168 1158 2240 xxv).
1194 2189 1222 2219 η

590 2279 617 2307 ‹‹
651 2256 758 2321 Qui
789 2256 945 2313 enim
976 2256 1101 2311 vult
1147 2256 1325 2313 vitam
1374 2255 1641 2330 diligere,
1675 2276 1703 2306 ››
1760 2256 1815 2310 id
1857 2259 1946 2312 est
1993 2257 2171 2312 vitam

517 2349 820 2413 aeternam,
849 2345 1104 2410 beatam,
1134 2349 1194 2399 et
1226 2345 1283 2400 in
1312 2345 1513 2401 futuro
1531 2344 1656 2400 sine
1676 2344 1789 2400 ﬁne
1808 2360 2170 2414 mansuram,

515 2458 543 2486 ιι
578 2438 636 2489 et
660 2433 855 2490 videre
873 2433 1006 2489 dies
1020 2433 1227 2502 bonos,
1246 2456 1274 2484 ››
1291 2433 1350 2489 in
1377 2433 1792 2505 quibussancti
1806 2449 1938 2490 cum
1955 2434 2175 2489 sanctis

478 2592 481 2593 ν
509 2523 920 2596 jucundentur
948 2522 1007 2577 in
1040 2522 1222 2589 caelis,
1256 2523 1356 2595 qui
1388 2521 1513 2578 dies
1545 2539 1659 2577 non
1679 2523 2177 2595 propterinterru-

519 2611 779 2685 ptionem
813 2612 1021 2679 noctis,
1052 2612 1155 2668 sed
1180 2616 1417 2683 propter
1434 2611 1881 2684 perpetuitatem
1902 2610 2178 2667 dicuntur

521 2699 788 2768 luminis,
823 2723 851 2750 ‹‹
886 2703 1148 2756 coerceat
1178 2698 1438 2771 linguam
1473 2715 1641 2755 suam
1669 2713 1708 2754 ‘a
1738 2698 1913 2765 malo,
1949 2722 1977 2749 »
1996 2698 2053 2754 id
2089 2704 2179 2754 est

522 2806 556 2845 a
588 2787 742 2843 malo
774 2786 1171 2854 detractionis,
1207 2788 1657 2855 maledictionis,
1678 2805 1745 2845 ac
1766 2789 2180 2845 murmuratio-

527 2878 642 2943 nis,
676 2877 795 2932 sive
826 2876 1175 2951 generaliter
1204 2877 1664 2951 omninolingua
1685 2878 2183 2934 refrenandaesta

528 2965 703 3023 malo.
731 2965 825 3020 Ait
850 2966 1007 3021 enim
1036 2966 1320 3023 Jacobus:
1356 2990 1380 3017 ‹‹
1416 2966 1476 3023 Si
1507 2968 1641 3038 quis
1669 2970 1834 3038 putat
1864 2984 1926 3024 se
1948 2965 2179 3038 religio-

529 3070 663 3110 sum
694 3069 842 3119 esse,
873 3071 987 3110 non
1020 3054 1321 3111 refrenans
1353 3052 1618 3128 linguam
1652 3073 1842 3122 suam,
1867 3056 1965 3112 sed
2003 3056 2181 3113 sedu-

529 3159 985 3211 ccnscorsuum,
1013 3141 1192 3216 hujus
1204 3143 1664 3217 vanaestreligie
1696 3145 1828 3216 (Jac,
1844 3143 1905 3216 ι).
1921 3166 1949 3195 ι)
1965 3144 2110 3201 Nam
2124 3149 2182 3201 et

1062 345 1466 409 HAYMONIS
1511 341 2049 409 HALBERS’I‘A'I‘.
2094 337 2556 403 EPISC.°O'PP.
2602 340 2806 407 PARS
2851 339 2927 401 ll.
2962 376 3040 385 —
3070 338 3334 402 HOMIL.

499 481 660 536 mitis
692 497 824 536 sum
868 484 925 535 et
972 479 1215 535 humilis
1252 480 1422 535 corde
1468 479 1692 547 (Malth.
1741 484 1842 546 x1).
1879 498 1906 525 ››
1958 476 2026 530 Et
2072 474 2143 528 ad
2175 474 2227 540 Α
2259 472 2420 528 solus
2480 478 2631 528 Deus
2682 475 2888 541 (Matth.
2938 474 3075 545 xix),
3113 498 3139 523 υ

3740 345 3838 407 621

3189 474 3304 529 sive
3356 475 3692 546 generaliter,
3742 480 3840 535 sive

2258 560 2523 617 omnium
2566 562 2854 618 bonorum
2894 563 3279 632 aamulatores,
3330 564 3388 619 id
3418 570 3521 631 est,
3568 564 3840 625 imitatores

2258 648 2490 709 fueritis
2515 649 2818 709 virtutum.
3468 659 3471 662 ’

2331 762 2358 787 ‹‹
2392 738 2504 794 Sed
2534 742 2591 795 et
2622 739 2670 794 si
2702 740 2841 812 quid
2877 740 3141 813 patimini
3176 745 3407 815 propter
3426 744 3719 815 justitiam,
3739 747 3844 803 bea-

2260 826 2302 881 ti
2340 846 2367 876 ››
2390 827 2743 884 subauditur
2770 828 2955 887 eritis.
2985 829 3145 887 Hane
3187 831 3529 887 sententiam
3578 835 3841 891 Dominum

2260 916 2549 973 dicentem
2585 922 2787 977 Petrus
2819 918 3102 986 audierat,
3136 918 3234 975 ubi
3269 919 3376 975 ait:
3410 943 3437 970 «
3462 921 3609 977 Beati
3637 925 3847 996 quiper-

2263 1006 2623 1062 secutionem
2636 1008 2941 1079 patiuntur
2955 1009 3489 1080 propterjustitiam
3501 1055 3513 1076 ,
3531 1012 3772 1083 quoniam
3784 1013 3847 1086 ip-

2265 1111 2465 1151 sorum
2479 1099 2568 1151 est
2581 1112 2824 1169 regnum
2840 1096 3116 1153 caelorum
3142 1097 3431 1171 (Mattlav).
3455 1120 3475 1148 ι
3487 1130 3549 1145 η-
3565 1122 3590 1149 ‹‹
3606 1099 3845 1157 Timorem

2266 1206 2295 1234 ‹‹
2328 1187 2523 1241 autem
2539 1200 2763 1255 eorum,
2792 1207 2818 1233 ››
2837 1184 2895 1243 id
2914 1190 3005 1242 est
3020 1190 3479 1257 persecutorum,
3504 1210 3532 1239 «
3557 1205 3623 1244 ne
3643 1189 3849 1245 timueri-

2268 1296 2297 1322 ι(
2326 1273 2423 1329 tis.
2459 1278 2524 1329 ut
2552 1272 2611 1329 in
2632 1274 2744 1329 ﬁde
2762 1291 2876 1331 non
2892 1274 3243 1340 turbemlni.
3256 1275 3358 1331 »Εἰ
3375 1276 3483 1333 hoc
3500 1277 3754 1335 Dominus
3771 1282 3848 1337 ad-

2270 1362 2518 1428 monuit,
2553 1362 2651 1418 ubi
2684 1363 2792 1419 ait:
2827 1386 2855 1413 ‹‹
2889 1363 3080 1420 Nolire
3111 1365 3317 1422 timere
3367 1383 3464 1423 eos
3491 1368 3584 1440 qui
3630 1369 3850 1424 occidunt

2270 1465 2503 1522 corpus,
2538 1451 2797 1507 animam
2824 1458 3016 1510 autem
3050 1470 3164 1510 non
3206 1459 3455 1527 possunt
3489 1458 3748 1514 occidere:
3775 1461 3850 1514 sed

2271 1538 2467 1611 potius
2496 1554 2642 1595 eum'
2665 1538 2882 1607 timete,
2917 1539 3017 1612 qui
3047 1541 3225 1598 habet
3254 1547 3592 1615 potestatem
3621 1562 3798 1619 corpus
3811 1553 3853 1602 et

2273 1628 2532 1686 animam
2565 1629 2803 1701 perdere
2832 1628 2890 1684 in
2921 1629 3251 1702 gehennam
3285 1632 3488 1701 (Matth.
3519 1634 3590 1705 χ).
3623 1657 3648 1683 ››

2352 1738 2374 1769 ι
2413 1717 2721 1775 Dominum
2751 1722 2948 1775 autem
2977 1718 3272 1775 Christum
3287 1721 3695 1780 sanetiticatein
3715 1724 3855 1781 cordi-

2277 1830 2305 1857 ‹‹
2339 1807 2450 1862 bus
2479 1805 2705 1861 vestris.
2738 1806 2887 1862 nUbi
2902 1808 3183 1864 Dominus
3196 1810 3297 1881 qui
3311 1812 3856 1869 cunctacreandosan-

2279 1894 2511 1964 ctiﬁcat,
2546 1893 2657 1949 nisi
2690 1895 2860 1951 corde
2888 1895 2984 1967 pio
3012 1901 3068 1951 et
3098 1913 3340 1971 corpore
3370 1900 3568 1956 casto?
3595 1901 3679 1957 Sic
3707 1902 3860 1958 Domi-

2281 2000 2394 2039 nus
2422 1983 2595 2039 Jesus
2628 1984 3087 2042 sanetiiicandus
3107 1990 3195 2042 est
3224 1987 3285 2042 in
3312 1988 3581 2045 cordibus
3602 1990 3860 2057 nostris,ut

2282 2072 2516 2128 nomine
2548 2074 2677 2144 ejus
2707 2089 2981 2129 vocemur
3000 2074 3410 2143 Christiani,et
3436 2079 3639 2134 utnihil
3656 2080 3861 2135 sanctius

2280 2163 2410 2235 ejus
2440 2162 2676 2219 nomine
2726 2162 3071 2220 sentiamus.
3122 2167 3563 2225 Sanctiﬁcemus
3606 2185 3722 2223 eum
3763 2168 3861 2233 ﬁde,

2283 2266 2385 2321 spe
2416 2253 2473 2304 et
2498 2248 2802 2315 ebaritate,
2827 2250 3136 2323 credendo,
3175 2252 3417 2310 colendo
3445 2260 3499 2311 et
3527 2256 3800 2323 adoranda,
3820 2262 3863 2311 ut

2283 2338 2356 2394 ab
2387 2336 2487 2393 illo
2519 2336 2728 2394 salvari
2760 2339 2979 2410 pariter
3001 2325 3343 2399 mereamur
3370 2347 3429 2399 et
3456 2345 3786 2401 sanctiﬁcari.

2831 2445 3134 2503 HOMILIA
3170 2448 3389 2507 CXVII.

2550 2533 2829 2574 DOMINICA
2865 2535 3039 2576 SEXTA
3079 2536 3216 2576 POST
3256 2538 3654 2579 PES’I‘ECOS’I’EN.

2358 2606 2516 2677 (an,
2549 2606 2629 2677 v.)
2666 2628 2693 2656 ‹‹
2726 2610 2788 2660 In
2823 2605 2922 2663 illo
2950 2611 3241 2680 tempore:
3277 2614 3425 2666 Cum
3457 2612 3865 2669 turbazirrucrent

2287 2718 2313 2745 ι‹
2350 2695 2407 2750 in
2457 2711 2613 2761 eum,
2668 2700 2730 2749 ut
2781 2696 3051 2752 audirent
3098 2698 3344 2754 verbum
3386 2700 3506 2764 Dei,
3553 2707 3604 2756 et
3632 2702 3740 2773 ipse
3776 2705 3861 2754 sta-

2290 2805 2318 2834 ‹‹
2348 2785 2449 2840 bat
2479 2799 2647 2839 secus
2678 2788 2953 2857 stagnum
2986 2785 3367 2845 Genezareth.
3400 2812 3427 2840 »
3459 2791 3523 2845 Et
3570 2789 3778 2861 reliqua.
3808 2787 3861 2844 De

2287 2871 2569 2944 piscibus,
2602 2888 2754 2944 quos
2786 2873 3032 2944 apostoli
3064 2875 3134 2931 ad
3157 2876 3493 2946 jussionem
3523 2878 3728 2935 Domini
3754 2876 3865 2933 laxa-

2287 2960 2364 3018 tis
2420 2962 2641 3018 retibus
2695 2967 2994 3034 ceperunt,
3044 2962 3320 3034 locuturi,
3380 2967 3625 3039 primum
3676 2967 3735 3021 de
3779 2965 3861 3018 situ
3962 3000 3963 3043 ξ

2284 3049 2397 3106 loci
2423 3050 2746 3109 videamus.
2778 3050 2873 3107 Ait
2902 3052 3056 3111 enim
3082 3054 3489 3127 Evangelium:
3524 3056 3701 3113 «Cum
3726 3053 3862 3110 turba
3962 3050 3963 3075 δ

2290 3164 2317 3191 ‹‹
2356 3140 2642 3196 irruerent.
2671 3141 2743 3195 ad
2773 3140 2974 3196 Jesum
3008 3147 3074 3197 ut
3110 3144 3389 3201 audirent
3434 3147 3661 3202 verbum
3710 3144 3801 3209 Dei,
3824 3144 3863 3195 et

528 3255 553 3283 α
576 3215 1221 3307 Quicustoditlinguam
1237 3250 1427 3301 suam,
1447 3215 2176 3307 ninq'uitScripturamcu-
2200 3215 2252 3282 ‘C
2295 3252 2322 3280 (ι
2352 3229 2477 3302 ipse
2533 3229 2728 3286 stabat
2783 3245 2952 3291 secus
2982 3235 3257 3304 stagnum
3299 3234 3662 3292 Cenezareth.
3683 3233 3740 3289 Et
3762 3227 3866 3285 vidit

525 3320 707 3378 stodit
736 3321 993 3378 animam
1026 3338 1196 3377 suam
1227 3323 1407 3395 (Prov.
1443 3327 1595 3392 xxv).
1618 3343 1644 3372 ι»
1671 3354 1732 3364 -
1752 3346 1778 3373 ‹‹
1799 3324 1867 3379 Et
1882 3323 2036 3379 labia
2051 3324 2180 3394 ejus

529 3434 550 3461 α
588 3425 659 3465 ne
691 3409 1011 3482 loquantur
1040 3409 1261 3466 dolum.
1292 3433 1318 3459 υ
1346 3409 1545 3475 Dolus,
1566 3428 1680 3467 non
1698 3410 1998 3481 dolor,sed
2020 3411 2180 3466 fraus

524 3496 901 3571 intelligitur:
935 3499 1172 3572 quando
1203 3498 1361 3555 aliud
1395 3500 1567 3556 corde
1598 3503 1851 3565 tenetur,
1867 3498 2093 3556 etaliud
2113 3515 2182 3557 ex

526 3601 625 3642 ore
657 3585 969 3658 profertur.

601 3697 626 3722 ‹‹
663 3671 923 3730 Declinet
950 3677 1147 3731 autem
1174 3691 1209 3730 a
1238 3673 1412 3743 malo,
1461 3679 1520 3731 et
1550 3674 1723 3733 faciat
1772 3677 2011 3733 bonum.
2048 3700 2074 3729 ››
2118 3678 2178 3733 Id

531 3765 620 3818 est
651 3761 914 3818 destruat
961 3762 1123 3828 vitia,
1174 3768 1233 3818 et
1273 3762 1517 3820 virtutes
1565 3763 1838 3821 aediﬁcet:
1890 3764 2184 3839 relinquat

532 3867 659 3923 qua:
685 3850 925 3924 instigat
973 3849 1265 3923 diabolus,
1320 3855 1382 3906 ut
1428 3856 1701 3925 operetur
1749 3870 1875 3927 qua:
1922 3854 2184 3928 praecipit

533 3938 821 3995 Christus.
858 3963 884 3989 ‹‹
910 3939 1174 4012 Inquirat
1210 3956 1411 4013 pacem
1442 3946 1498 3999 et
1546 3946 1830 4015 sequatur
1873 3959 2023 4000 eam.
2059 3967 2088 3995 »
2120 3945 2182 4000 Id

534 4031 643 4098 est,
678 4027 986 4102 diligenter
1013 4029 1232 4085 orando
1244 4030 2040 4106 ethumiliterinterrogando
2054 4051 2182 4107 per-

535 4116 729 4193 quirat
756 4115 1075 4186 Christum,
1110 4119 1210 4191 qui
1234 4119 1423 4175 factus
1439 4125 1530 4177 est
1558 4137 1669 4193 pax
1687 4126 1909 4188 nostra,
1930 4122 2185 4178 etimite-

533 4209 630 4261 tur
657 4223 822 4274 eum;
848 4205 1012 4279 sequi
1044 4206 1258 4263 etenim
1290 4207 1507 4264 imitari
1538 4214 1647 4267 est.
1680 4209 1811 4267 Sive
1859 4212 2182 4267 secundum

529 4294 899 4369 Apostolum:
935 4317 957 4348 α
980 4296 1181 4352 Pacem
1211 4299 2185 4369 sequaturetsanctimoniam,sine

526 4401 647 4458 qua
676 4401 848 4440 nemo
878 4384 1096 4440 videbit
1121 4389 1305 4441 Deum
1338 4387 1530 4458 (Hebr.
1563 4387 1681 4459 xu).
1720 4410 1746 4436 ››

530 4496 558 4522 ‹‹
593 4471 741 4537 Quia
770 4472 920 4529 oculi
970 4473 1203 4529 Domini
1258 4490 1435 4546 super
1455 4475 1673 4547 justos.
1708 4497 1737 4525 ››
1790 4476 1851 4532 Id
1885 4480 1974 4534 est
2015 4492 2183 4549 aspe-

2290 3342 2317 3369 ‹‹
2349 3319 2497 3376 duas
2530 3335 2705 3375 naves
2734 3323 2977 3376 stantes.
3015 3342 3042 3369 »
3074 3321 3363 3394 Stagnum
3402 3322 3727 3380 Genezareth
3752 3319 3866 3373 idem
3960 3330 3961 3394 ἦ

2288 3411 2379 3463 est
2404 3406 2560 3478 quod
2593 3412 2649 3463 et
2680 3424 2840 3464 mare
2868 3408 3213 3477 Tiberiadis,
3240 3416 3299 3466 et
3330 3428 3491 3470 mare
3514 3410 3750 3468 .Galilaize.

2291 3510 2451 3551 mare
2483 3494 2809 3553 Tiberiadis
2835 3513 2870 3552 a
2916 3497 3222 3555 Tiberiade
3273 3500 3506 3557 civitate
3551 3504 3633 3555 est
3668 3499 3865 3556 dictum;

2292 3601 2453 3641 mare
2478 3583 2722 3641 Galilma:
2754 3586 2825 3642 ab
2869 3585 3170 3659 adjacente
3218 3588 3334 3644 sibi
3380 3589 3678 3663 provincia,
3706 3600 3807 3658 qua
3828 3586 3868 3636 et

2290 3672 2527 3731 Galiiaaa
2576 3675 2933 3732 nominatur.
2987 3676 3274 3749 Stagnum
3326 3677 3665 3735 Genezareth
3703 3674 3866 3729 aGre-

2290 3777 2359 3817 eo
2386 3760 2667 3819 vocabulo
2697 3764 2916 3821 dictum
2951 3768 3059 3833 est,
3093 3766 3262 3837 quasi
3299 3784 3503 3823 auram
3532 3778 3797 3840 generans,
3819 3773 3865 3813 eo

2292 3850 2445 3922 quod
2472 3850 2750 3908 ﬂantibus
2774 3852 2985 3921 ventis,
3018 3854 3418 3927 crispantibus
3434 3855 3618 3921 undis,
3648 3862 3865 3909 auramex

2293 3956 2355 3997 se
2387 3955 2664 4012 generare
2693 3941 2977 3998 videatur.
3007 3944 3189 3999 Tenet
3228 3948 3428 4001 autem
3479 3945 3581 4000 hoc
3625 3955 3760 3998 mare
3783 3936 3865 3991 sive

2293 4033 2569 4102 stagnum
2603 4033 2837 4086 centum
2855 4031 3243 4105 quadraginta
3264 4035 3459 4090 stadia
3473 4034 3527 4089 in
3551 4025 3864 4104 longitudine,

2295 4119 2685 4191 quadraginta
2731 4136 2866 4174 vero
2906 4120 2965 4176 in
3015 4120 3346 4179 latitudine.
3397 4122 3507 4178 Nec
3548 4124 3755 4195 propter
3788 4114 3863 4168 hoc

2294 4222 2453 4263 mare
2479 4211 2735 4275 vocatur,
2771 4209 2925 4280 quod
2960 4225 3171 4265 amarae
3202 4211 3323 4266 sint
3354 4228 3518 4284 aquae
3546 4211 3683 4282 ejus,
3699 4200 3862 4261 sedlie-
3956 4270 3957 4297 χ

2292 4296 2458 4353 braca:
2488 4296 2698 4370 lingua:
2730 4298 3093 4354 consuetudo
3125 4293 3865 4371 est,omnescongregationes

2290 4402 2601 4458 aquarum,
2634 4385 2753 4443 sive
2784 4386 2950 4444 salsae
2984 4387 3122 4456 sint,
3156 4390 3277 4446 sive
3298 4389 3520 4457 dulces,
3544 4392 3865 4443 vocaremnre.

2293 4476 2448 4531 sicut
2478 4474 2537 4529 in
2564 4474 2768 4531 Genesi
2802 4476 3089 4549 scriptum
3122 4481 3243 4534 est:
3281 4501 3309 4529 (ι
3342 4475 3867 4551 Οοηειιθεεῑὶοιιοεᾳυῡ

529 4563 658 4650 ctus
690 4560 1037 4650 Divinitatis.
1073 4585 1100 4612 «
1135 4563 1199 4618 Et
1232 4579 1403 4619 aures
1434 4564 1565 4634 ejus
1595 4564 1651 4619 in
1677 4580 1878 4636 preces
1908 4581 2177 4622 eorum.»
2210 4582 2262 4650 υ
2294 4579 2581 4636 aquarum
2615 4563 2929 4636 appellavit
2977 4567 3166 4622 maria
3216 4568 3371 4635 (Gen.
3422 4570 3483 4637 1).
3518 4588 3546 4617 »
3590 4554 3868 4650 Spiritaliter

530 4648 590 4707 Id
626 4653 714 4704 est
747 4649 968 4707 auditio
1002 4649 1216 4717 divin‘a,
1241 4667 1359 4723 qua
1378 4650 2182 4726 dignaturprecesaudireju-

528 4741 775 4795 storum.
834 4759 860 4792 α
897 4737 1109 4796 Vultus
1159 4744 1353 4795 autem
1406 4741 1637 4796 Domini
1683 4758 1859 4815 super
1907 4743 2183 4800 facientes

492 4820 497 4823 ’
529 4850 554 4877 ‹‹
594 4826 766 4883 mala.
804 4850 832 4877 »
866 4828 938 4884 Ut
968 4828 1109 4900 quid
1143 4852 1171 4877 ‹‹
1205 4826 1403 4884 vultus
1436 4830 1667 4884 Domini
1700 4848 1877 4903 super
1906 4831 2184 4889 facientes

529 4916 721 4977 mala?
753 4941 781 4967 »
808 4916 958 4972 Audi
1007 4915 1341 4989 sequentia:
1378 4940 1405 4967 «
1440 4917 1512 4975 Ut
1536 4919 1738 4991 perdat
1778 4920 1849 4975 de
1879 4924 2033 4977 terra
2063 4938 2181 4976 me-

531 5006 778 5060 moriam
806 5024 1011 5062 eorum
1045 5007 1213 5075 (Psal.
1264 5007 1483 5078 xxxm),
1519 5030 1546 5057 »
1580 5007 1634 5062 id
1668 5013 1758 5064 est
1808 5010 1878 5064 de
1909 5014 2063 5065 terra
2098 5010 2181 5067 vi-

529 5093 810 5149 ventium.
847 5095 911 5149 Et
936 5094 1110 5151 illud:
1146 5120 1171 5145 ‹‹
1210 5094 1518 5151 Drleantur
1548 5096 1618 5151 de
1648 5095 1798 5152 libro
1842 5097 2179 5169 viventium,

525 5183 583 5235 et
637 5198 771 5236 cum
833 5182 1017 5255 justis
1082 5200 1197 5239 non
1266 5184 1602 5240 scribantur
1673 5186 1844 5257 (Psal.
1907 5188 2178 5259 vam).»

600 5292 627 5318 ‹‹
661 5270 731 5324 Et
760 5270 895 5342 quis
925 5274 1013 5326 est
1038 5271 1139 5343 qui
1172 5272 1334 5329 vobis
1354 5273 1597 5328 noceat?
1627 5295 1655 5323 ››
1678 5273 2041 5331 Subauditur
2057 5276 2185 5332 nul-

520 5352 640 5412 lus.
673 5358 701 5414 .I
715 5362 850 5413 uxta
880 5356 1058 5432 hujus
1075 5361 1373 5416 sententia:
1390 5360 1605 5430 locum,
1624 5362 1925 5432 passiones
1945 5363 2030 5419 vel
2050 5379 2177 5436 per-

499 5445 858 5514 secutiones
888 5462 1004 5519 non
1039 5445 1260 5509 faciunt
1290 5466 1417 5507 esse
1451 5449 1718 5515 miseros,
1752 5451 1851 5505 sed
1904 5456 2181 5524 prastant

502 5550 653 5604 esse
682 5534 905 5591 beatos.
945 5556 968 5585 ι
1003 5534 1063 5591 Si
1095 5534 1231 5591 boni
1262 5536 1635 5594 aemulatores
1658 5538 1901 5596 fueritis.
1926 5560 1952 5592 ι»
1984 5540 2044 5596 Id
2068 5546 2177 5608 est,

488 5684 503 5715 δ
523 5621 574 5686 si
600 5622 737 5687 boni
760 5622 884 5699 Dei,
918 5624 989 5684 de
1005 5639 1120 5706 quo
1138 5623 1425 5704 scriptum
1456 5628 1564 5699 est,
1579 5650 1608 5679 ‹‹
1628 5626 1809 5687 Nemo
1832 5626 2041 5700 bonus,
2062 5630 2179 5689 nisi

2292 4657 2489 4710 autem
2522 4652 2630 4709 hoc
2662 4670 2821 4709 mare
2852 4655 3141 4710 mundum
3173 4656 3488 4729 signiﬁcat,
3522 4655 3577 4710 id
3607 4652 3686 4707 est
3710 4638 3864 4704 mundi

2293 4745 2607 4797 amatores.
2639 4741 2787 4807 Quia
2834 4744 2988 4799 sicut
3036 4760 3199 4799 mare
3247 4762 3480 4818 semper
3525 4740 3756 4802 ﬂuctuat,
3792 4742 3864 4786 nec

2293 4831 2555 4904 quietum
2587 4835 2752 4888 stare
2770 4829 2942 4900 valet,
2976 4832 3056 4887 ita
3077 4832 3339 4889 mundus
3367 4831 3605 4889 diversis
3636 4819 3867 4902 perturba.

2291 4918 2552 4976 tionibus
2599 4923 2657 4975 et
2704 4919 3189 4978 ﬂuetuationibus
3218 4925 3626 4986 commovetur,
3656 4914 3780 4971 sicut
3794 4918 3866 4979 per

2292 5008 2664 5065 Psalmistam
2687 5008 2928 5064 dicitur:
2966 5009 3403 5079 «Commovisti,
3419 5008 3667 5073 Domine,
3683 5007 3863 5058 tetram.

2290 5102 2346 5154 et
2375 5097 2737 5155 conturbasti
2770 5114 2898 5154 eam
2931 5099 3100 5171 (Psal,
3152 5100 3285 5172 le).
3320 5122 3348 5151 ››
3378 5098 3591 5156 Crescit
3631 5091 3761 5150 enim
3787 5097 3861 5180 nf-

2291 5187 2527 5255 scendo,
2560 5186 2844 5243 decrescit
2875 5186 3210 5257 moriendo;
3244 5188 3503 5245 elevatur
3526 5186 3585 5241 in
3614 5184 3862 5269 ριὀερθξξῗν

2290 5275 2564 5347 dejicitur
2590 5275 2645 5331 in
2682 5276 2960 5332 adversis.
2978 5276 3187 5332 Domin
3198 5295 3267 5334 us
3281 5294 3449 5335 secus
3464 5279 3715 5347 stagnum
3729 5260 3861 5358 διέῇ

2290 5365 2705 5437 quando,sicut
2717 5364 3141 5437 aitApostolus,
3161 5390 3190 5417 (ι
3205 5348 3861 5438 semetipsumexinanivit.

2291 5454 2537 5510 formam
2571 5453 2718 5509 servi
2733 5453 3049 5526 accipiens,
3071 5454 3133 5510 in
3152 5454 3591 5511 similitudinem
3620 5439 3860 5526 hominum!

2291 5543 2501 5611 factus,
2534 5546 2589 5597 et
2618 5541 2822 5598 habitu
2856 5518 3128 5600 inventus
3157 5549 3221 5599 ut
3249 5543 3423 5599 homo
3443 5539 3659 5611 (Philip.
3686 5530 3754 5617 ῃ).
3775 5518 3859 5619 »ξι

2289 5609 2528 5706 pulchre
2560 5648 2673 5689 non
2708 5630 2764 5687 in
2797 5635 3026 5709 stagno,
3058 5633 3160 5692 sed
3185 5649 3353 5693 secus
3380 5609 3646 5709 stagnum
3660 5609 3857 5680 staret“:
