4050 6174
286 353 400 416 633

1515 347 1867 412 HOMILLE
1910 347 2016 412 DE
2057 340 2460 412 ιῘῈΜΡΟΒῙΞΞ.

3563 325 3712 416 634‘

286 486 518 561 pleatur'
541 485 600 541 in
632 483 801 541 nobis
830 485 986 557 quod
1018 482 1302 539 Dominus
1324 483 1430 538 ait:
1454 504 1480 534 «
1515 482 1930 540 Sidimiseritis
1961 484 2016 550 Α
2046 481 2463 550 damnationis,
2498 480 2596 554 qui
2632 481 2956 555 prohibitor
2983 482 3092 538 fuit
3121 487 3232 539 tuze
3283 488 3681 560 correptionis.
3718 552 3720 554 _

285 576 623 632 hominibus
652 579 889 646 peccata
918 590 1140 640 eorum,
1173 577 1230 628 et
1259 573 1426 628 Pater
1452 579 1643 630 vester
1681 571 1930 628 caelestis

282 665 537 722 dimittet
564 664 727 720 vobis
758 667 994 736 peccata
1031 667 1224 718 vestra
1270 662 1471 734 (Ibid.).
1508 686 1535 713 ››
1590 663 1748 727 Quod
1784 663 1831 717 si
1864 679 1932 717 ex

281 761 532 827 utraque
555 759 716 826 parte
742 751 1096 826 negligentia
1112 751 1372 824 contigit,
1394 753 1464 807 ab
1486 757 1728 823 utraque
1752 751 1930 806 venias

279 843 605 900 satisfactio
637 841 945 914 procedere
973 841 1162 896 debet.
1195 839 1324 895 Haec
1351 844 1544 896 tamen
1576 840 1849 895 discretio
1873 840 1930 895 in

279 933 388 989 hac
420 930 889 988 reconciliatione
937 930 1298 985 observanda
1328 933 1434 997 est,
1487 933 1552 985 ut
1598 931 1645 984 si
1686 929 1781 986 ille
1832 928 1934 1001 qui

276 1022 465 1078 alium
484 1020 652 1088 lmsit,
667 1017 989 1092 temporale
1004 1019 1286 1074 damnum
1304 1018 1520 1087 intulit,
1543 1021 1695 1094 quod
1714 1019 1934 1091 injuste

277 1109 548 1177 abstulit,
573 1109 732 1180 juste
765 1107 1052 1164 restituat.
1067 1107 1123 1163 Si
1138 1111 1331 1163 autem
1356 1109 1532 1163 verbo
1551 1112 1652 1163 aut
1676 1107 1932 1163 convicio

273 1203 516 1256 tantum
550 1197 812 1270 proximo
845 1196 975 1252 fecit
1009 1195 1306 1267 injuriam,
1364 1197 1632 1252 sufficere
1680 1197 1936 1252 creditur

277 1289 405 1345 sola
435 1288 618 1342 veniae
650 1283 971 1360 postulatio
992 1285 1063 1340 ad
1094 1283 1572 1340 satisfactionem.
1611 1284 1774 1341 Unde
1806 1288 1937 1358 post

277 1375 815 1434 reconciliationem
849 1391 883 1430 a
917 1373 1159 1429 Domino
1191 1372 1436 1428 dicitur:

356 1467 422 1521 Et
455 1470 597 1522 tunc
624 1464 864 1520 veniens
897 1462 1102 1519 oti'eres
1131 1479 1348 1518 munus
1391 1467 1579 1518 tuum.
1627 1463 1763 1520 Esto
1795 1479 1937 1519 con-

281 1578 310 1606 α
345 1555 610 1611 sentiens
640 1552 972 1608 adversario
998 1554 1099 1607 tuo
1130 1552 1270 1606 dum
1303 1569 1364 1608 es
1387 1551 1446 1607 in
1496 1552 1588 1607 via
1613 1569 1745 1608 cum
1783 1570 1870 1608 eo.
1904 1575 1932 1604 »

280 1645 455 1701 Forte
487 1646 680 1699 movet
705 1641 962 1712 aliquem
987 1641 1059 1695 ad
1093 1641 1492 1713 quaerendum,
1514 1642 1614 1713 qui
1647 1640 1722 1697 sit
1743 1642 1938 1696 adver-

280 1733 480 1791 sarius
507 1735 726 1798 noster,
758 1747 890 1785 cum
923 1746 1039 1802 quo
1068 1730 1417 1786 concordare
1444 1747 1548 1786 nos
1559 1731 1731 1802 jubet
1749 1729 1940 1786 Domi-

2040 573 2109 627 Et
2139 589 2254 627 non
2287 570 2478 626 solum
2511 589 2702 627 sermo
2734 572 2832 627 Dei
2864 573 2974 627 erit
3004 572 3106 627 tibi
3131 574 3554 644 testimonium,
3584 581 3685 635 sed

2039 664 2095 717 et
2125 660 2262 733 ipsa!
2295 660 2676 733 cogitationes
2708 661 3016 716 adversum
3051 664 3106 717 to
3137 671 3510 736 consurgent,
3537 667 3716 732 sicut,

2040 750 2355 823 Apostolus
2389 750 2496 804 ait:
2547 773 2573 797 «
2607 751 3034 823 Cogitationum
3087 751 3332 808 invicem
3385 757 3690 812 adversan-

2039 839 2211 905 tium,
2239 839 2529 894 autetiam
2550 839 2986 894 defendentium
3004 838 3062 895 in
3090 839 3202 911 die,
3223 845 3691 916 quandojudica-

2041 928 2128 983 bit
2157 929 2310 984 Deus
2341 927 2566 984 occulta
2598 927 2901 984 hominum
2934 931 3106 997 (Rom.
3142 934 3226 998 ιι).
3264 954 3290 980 ››
3315 932 3460 988 Nam
3491 935 3693 1008 etipsa

2043 1021 2196 1073 terra
2226 1017 2285 1072 in
2318 1035 2434 1090 qua
2465 1035 2794 1090 peccamus,
2830 1018 2999 1073 nobis
3031 1018 3090 1075 in
3118 1021 3520 1078 testimonium
3557 1024 3688 1094 erit,

2044 1105 2153 1162 nisi
2170 1107 2332 1180 prius
2347 1106 2553 1162 medici
2565 1123 2637 1161 na
2656 1107 3002 1178 poenitentiae
3018 1108 3206 1164 sanati
3223 1110 3526 1182 fuerimus,
3546 1117 3693 1170 teste

2043 1196 2212 1251 beato
2235 1195 2363 1261 Job,
2397 1196 2494 1268 qui
2528 1197 2636 1251 ait:
2673 1220 2701 1245 ‹‹
2730 1197 2800 1251 Et
2829 1205 2985 1252 terra
3014 1198 3322 1254 adversum
3356 1217 3448 1263 me
3481 1199 3694 1258 clamat

2045 1284 2180 1357 (Job.
2216 1288 2358 1353 xm).
2395 1306 2421 1334 ››
2457 1284 2720 1340 Minister
2749 1287 2902 1340 atem
2934 1286 3026 1341 cui
3058 1287 3310 1342 traditur
3338 1289 3406 1355 is,
3429 1289 3526 1362 qui
3558 1307 3692 1346 cum

2046 1373 2376 1428 adversario
2407 1390 2512 1429 suo
2543 1375 2894 1430 concordare
2913 1373 3116 1442 noluit,
3136 1376 3404 1433 diabolus
3426 1377 3694 1453 intelligi-

2043 1466 2160 1528 tur,
2195 1461 2294 1533 qui
2327 1479 2503 1534 super
2533 1479 2630 1518 eos
2663 1462 3051 1518 ministerium
3077 1464 3321 1536 accipiet
3343 1467 3516 1537 justas
3537 1468 3696 1523 dam-

2046 1551 2321 1617 nationis,
2352 1551 2453 1624 qui
2485 1553 2692 1623 sponte
2723 1568 2784 1607 se
2813 1552 3181 1608 tradiderunt
3221 1570 3405 1626 pravae
3455 1557 3691 1614 actioni.

2047 1640 2209 1712 Ipsos
2238 1640 2395 1696 enim
2427 1644 2719 1696 exactores
2751 1641 3050 1696 habebunt
3079 1641 3138 1697 in
3170 1661 3358 1716 poma,
3385 1661 3532 1717 quos
3564 1663 3693 1720 pcr-

2047 1745 2319 1785 suasores
2349 1729 2681 1785 habuerunt
2700 1729 2758 1784 in
2773 1729 2962 1802 culpa.
2989 1731 3198 1786 Carcer
3220 1738 3417 1789 autem
3433 1734 3696 1790 infernus

280 1839 399 1879 nus
431 1824 648 1877 noster.
679 1818 782 1876 Cui
815 1819 1287 1891 respondendum
1320 1823 1427 1885 est,
1452 1818 1934 1892 quiadversarius
1969 1853 2023 1920 Β
2046 1822 2156 1885 est,
2194 1839 2222 1867 ‹‹
2253 1818 2351 1874 ubi
2385 1821 2473 1873 est
2496 1819 2731 1884 vermis,
2757 1818 2856 1891 qui
2887 1836 3000 1874 non
3023 1821 3324 1890 morietur,
3342 1827 3397 1878 et
3419 1823 3572 1896 ignis
3595 1826 3695 1897 qui

283 1913 398 1968 iste
431 1925 630 1965 sermo
656 1907 756 1964 Dei
784 1906 1150 1980 intelligitur,
1184 1924 1299 1963 non
1329 1907 1468 1980 quia
1499 1912 1652 1964 recte
1677 1910 1940 1964 adversa-

284 2000 414 2055 rius
445 1999 522 2054 sit
550 2001 762 2052 nostrae
793 1995 1024 2062 salutis,
1057 1996 1159 2051 sed
1192 1995 1330 2068 quia
1357 1997 1706 2052 contradicit
1727 2002 1937 2054 nostras

287 2087 511 2145 carnali
549 2085 856 2142 voluntati.
888 2084 1062 2140 Verbi
1111 2084 1323 2157 gratia:
1380 2078 1642 2142 Carnalis
1690 2085 1938 2143 delecta-

289 2178 370 2233 tio
422 2175 728 2250 petrahere
776 2191 882 2229 nos
929 2173 1089 2246 cupit
1146 2173 1219 2228 ad
1268 2173 1643 2241 adulterium,
1710 2179 1940 2230 contra-

289 2265 415 2322 rius
447 2267 642 2320 autem
674 2263 778 2317 tibi
814 2278 1004 2318 sermo
1056 2262 1154 2317 Dei
1204 2259 1445 2318 clamat:
1499 2285 1526 2312 ‹‹
1558 2263 1820 2319 Adulteri
1852 2280 1940 2319 re-

288 2371 476 2428 gnum
506 2352 600 2408 Dei
632 2368 747 2407 non
781 2350 1164 2424 possidebunt
1211 2350 1261 2423 (1
1292 2350 1411 2406 Cor.
1440 2351 1540 2422 vr).
1573 2375 1600 2399 »
1649 2353 1720 2407 Et
1767 2351 1938 2408 alibi:

289 2468 317 2493 ‹‹
353 2442 758 2499 Fornicatores
789 2445 847 2495 et
875 2438 1174 2495 adulteros
1214 2439 1506 2510 judicabit
1554 2441 1710 2496 Deus
1759 2441 1940 2513 (Hebr.

287 2533 433 2603 xm).
471 2553 499 2579 »
530 2531 598 2586 Et
629 2530 877 2584 iterum:
913 2551 940 2577 ‹‹
977 2527 1083 2594 Qui
1110 2527 1318 2583 viderit
1349 2527 1656 2584 mulierem
1688 2530 1758 2584 ad
1802 2546 1944 2585 con-

289 2619 712 2694 cupiscendum
746 2634 895 2684 eam,
920 2617 1047 2687 jam
1076 2616 1400 2674 moechatus
1431 2621 1519 2672 est
1540 2633 1668 2673 eam
1691 2617 1748 2673 in
1773 2619 1947 2674 corde

294 2727 401 2766 suo
442 2708 648 2778 (Matth.
680 2710 758 2774 v).
794 2728 822 2755 ››
855 2705 911 2761 Si
946 2707 1140 2760 autem
1168 2705 1369 2760 audita
1399 2704 1508 2761 hac
1544 2721 1702 2772 voce,
1733 2705 1945 2762 vitave-

295 2800 374 2855 ris
405 2795 697 2853 carnalem
730 2792 1197 2860 delectationem,
1225 2794 1280 2848 id
1302 2794 1666 2850 estardorem
1687 2794 1948 2851 libidinis

300 2889 461 2943 freno
493 2881 860 2942 continentiae
887 2881 1276 2947 restrinxeris,
1311 2883 1677 2938 concordasti
1703 2901 1836 2938 cum
1855 2884 1950 2939 ad-

303 2974 554 3032 versario
585 2978 686 3029 tuo
717 2973 777 3027 in
809 2973 1091 3027 bonotuo.
1111 2971 1387 3026 Dicamus
1405 2975 1461 3026 et
1484 2971 1662 3027 aliud:
1683 2971 1953 3047 Suggerit

303 3066 407 3121 tibi
438 3063 690 3120 ebrietas
720 3065 777 3117 et
806 3059 1074 3116 immittit
1125 3058 1391 3114 faucibus
1437 3059 1556 3116 tuis
1605 3060 1948 3129 siccitatem,

307 3169 611 3227 usquequo
640 3150 941 3224 pervenias
968 3149 1040 3204 ad
1070 3148 1432 3214 ebrietatem,
1465 3149 1567 3205 sed
1604 3150 1954 3206 contradicit

306 3223 412 3298 tibi
438 3223 922 3298 sei-mordivinus:
959 3260 986 3287 «
1019 3236 1242 3303 Videte,
1293 3253 1366 3292 ne
1414 3243 1728 3311 graventur
1774 3239 1949 3294 corda
1972 3223 2028 3289 ’θ

303 3336 490 3389 vestra
521 3328 761 3402 crapula
789 3332 846 3384 et
875 3326 1152 3383 ebrietate
1183 3329 1333 3395 (Luc.
1367 3327 1500 3398 xxi).
1537 3349 1565 3376 »
1594 3328 1663 3382 Et
1701 3327 1949 3384 iterum:

305 3445 330 3470 «
363 3419 586 3476 Ebriosi
618 3434 864 3490 regnum
897 3415 997 3472 Dei
1031 3433 1146 3471 non
1177 3415 1562 3489 possidebunt
1591 3419 1638 3485 (I
1666 3420 1788 3474 Cor.
1814 3417 1950 3489 v1).»

300 3508 475 3564 Vince
507 3523 641 3580 ergo
669 3505 1111 3562 delectationem
1145 3504 1403 3576 potandi,
1428 3509 1484 3560 et
1515 3505 1950 3562 concordacum

301 3595 630 3652 adversario
661 3598 786 3650 tuo.
809 3592 902 3649 Sic
922 3593 993 3648 de
1015 3591 1237 3647 caeteris
1264 3591 1418 3649 vitiis
1443 3593 1814 3650 sentiendum
1841 3599 1950 3662 est,

298 3685 355 3741 in
390 3685 609 3758 quibus
622 3700 756 3739 caro
775 3680 1134 3754 concupiscit
1149 3681 1427 3737 adversus
1454 3683 1748 3754 spiritum,
1778 3673 1950 3758 spiri-

296 3779 394 3830 tus
427 3777 626 3829 antem
658 3772 940 3827 adversus
991 3786 1256 3826 carnem:
1311 3774 1368 3826 et
1392 3770 1512 3826 hac
1545 3771 1656 3826 sibi
1699 3771 1950 3828 invicem

296 3864 703 3926 adversantur,
734 3864 800 3916 ut
823 3877 938 3916 non
969 3875 1036 3914 ea
1059 3876 1185 3932 qua
1206 3859 1476 3915 volumus
1495 3859 1780 3916 faciamus
1803 3862 1947 3933 (Gal.

292 3957 371 4023 v).
405 3951 517 4006 Via
544 3953 740 4006 autem
773 3963 1031 4021 praesens
1082 3952 1170 4003 est
1195 3947 1331 4004 vita.
1382 3949 1650 4012 Quandiu
1702 3948 1859 4004 enim
1889 3949 1950 4005 in

292 4041 572 4116 praesenti
603 4036 1255 4111 vitaimanemus,quasi
1288 4035 1453 4091 invia
1483 4041 1539 4092 et
1566 4035 1843 4093 initinere
1858 4054 1951 4094 su-

292 4147 456 4195 mus,
490 4131 547 4184 et
575 4127 824 4183 necdum
843 4125 915 4181 ad
929 4125 1176 4198 patriam
1198 4125 1590 4197 pervenimus.
1614 4125 1676 4181 In
1711 4124 1950 4200 viaergo

288 4235 434 4276 cum
465 4214 794 4272 adversario
825 4217 1024 4269 nostro
1067 4214 1416 4269 concordare
1457 4213 1761 4285 jubemur,
1813 4215 1953 4286 quia

287 4309 432 4380 post
459 4307 732 4373 mortem,
766 4318 872 4357 nec
903 4301 1174 4358 audiendi
1209 4302 1450 4358 verbum
1485 4302 1603 4370 Dei,
1633 4319 1738 4358 nec
1759 4319 1952 4360 emen-

285 4394 474 4451 dandi
514 4391 673 4447 locus
702 4389 832 4458 erit,
852 4389 1162 4446 Salomone
1179 4394 1448 4456 testante,
1478 4391 1700 4464 quiait:
1719 4415 1746 4442 ‹‹
1766 4391 1952 4456 Quod-

284 4497 531 4554 cunque
561 4483 754 4553 potest
784 4495 994 4534 manus
1023 4482 1127 4534 tua
1149 4480 1355 4546 facere,
1389 4480 1676 4537 instanter
1689 4497 1950 4554 operare,

284 4571 438 4644 quia
470 4584 576 4624 nec
611 4585 778 4640 opus,
814 4584 918 4623 nec
947 4567 1234 4634 ratio,nec
1251 4568 1512 4637 scientia,
1538 4585 1642 4626 nec
1665 4571 1953 4644 sapientia
1983 4591 2029 4656 Ι)

284 4663 382 4716 est
416 4658 575 4730 apud
607 4656 824 4712 inferos
859 4673 973 4729 quo
1003 4659 1066 4711 tu
1099 4672 1375 4729 properas
1406 4659 1581 4720 (Ecclc
1612 4659 1709 4731 IX).
1747 4659 1951 4717 nUnde

282 4755 344 4806 et
377 4748 456 4802 de
498 4746 612 4812 his,
667 4745 766 4817 qui
815 4745 980 4801 tarde
1027 4747 1282 4802 converti
1329 4747 1652 4821 negligunt,
1705 4749 1943 4805 dicitur:

283 4862 312 4889 ιι
351 4835 723 4894 Invocabunt
755 4851 868 4899 me,
899 4838 956 4889 et
987 4851 1101 4890 non
1132 4835 1471 4904 exaudiam;
1503 4854 1675 4892 mane
1705 4854 1947 4894 consur-

282 4929 456 5001 gent,
486 4925 545 4978 et
574 4939 689 4978 non
720 4922 1015 4978 invenient
1045 4939 1159 4989 me,
1192 4940 1258 4979 eo
1281 4923 1436 4996 quod
1471 4939 1706 4982 exosam
1728 4926 1947 4983 habue-

281 5016 412 5072 rint
441 5010 840 5085 disciplinam,
874 5015 930 5068 et
959 5011 1229 5068 timorem
1263 5013 1620 5069 Domininon
1635 5015 1946 5085 audierint,

281 5117 396 5159 nec
427 5097 825 5170 acquieverint
853 5098 1113 5155 consiliis
1145 5100 1309 5168 meis,
1343 5103 1400 5156 et
1429 5101 1784 5159 detraxerint
1817 5105 1948 5160 uni-

281 5205 474 5247 versae
501 5186 854 5260 correptioni
886 5203 1024 5244 meae
1059 5189 1238 5261 (Prov.
1273 5189 1336 5260 ι).
1375 5211 1402 5239 »
1431 5189 1611 5246 Valde
1639 5197 1834 5247 autem
1875 5194 1946 5248 ti-

285 5277 584 5334 mendum
616 5279 725 5344 est,
761 5275 1212 5348 quodinfertur:
1247 5300 1274 5326 «
1309 5277 1389 5333 Ne
1404 5277 1549 5333 forte
1566 5279 1757 5334 tradat
1773 5284 1828 5335 te
1846 5281 1947 5336 ad-

287 5391 315 5418 «
347 5364 658 5422 versarius
679 5365 887 5436 judici,
921 5369 978 5420 et
997 5365 1182 5436 judex
1209 5366 1403 5421 tradat
1420 5369 1475 5421 te
1497 5366 1785 5435 ministro,
1811 5372 1869 5424 et
1888 5369 1947 5424 in

288 5479 317 5506 κ
349 5469 653 5511 carcerem
697 5453 971 5510 mittaris.
1011 5476 1037 5503 ››
1068 5454 1126 5510 Si
1159 5454 1361 5510 audire
1412 5453 1690 5523 nolueris,
1726 5461 1782 5512 et
1813 5473 1948 5513 cum

289 5541 631 5603 adversario
658 5545 760 5598 tuo
790 5544 1139 5599 concordare
1165 5543 1509 5618 neglexeris,
1535 5545 1658 5617 ipse
1687 5546 1876 5602 tradet
1895 5551 1949 5604 te

285 5633 473 5704 iudici
486 5675 501 5697 ,
535 5631 593 5688 id
625 5636 734 5698 est,
769 5632 894 5703 ipse
910 5649 1102 5689 sermo
1118 5636 1211 5688 Dei
1227 5633 1402 5690 eritin
1418 5634 1820 5691 testimonium
1838 5641 1949 5692 tuae

2046 1925 2161 1963 non
2193 1907 2598 1980 exstinguetur
2630 1908 2812 1980 (Marc.
2848 1909 2946 1981 ix),
2984 1931 3011 1957 ››
3047 1909 3115 1965 de
3148 1925 3261 1982 quo
3283 1929 3383 1983 per
3409 1911 3694 1969 Joannem

2047 1996 2108 2051 in
2140 1995 2482 2069 Apocalypsi
2516 1995 2757 2052 dicitur:
2794 2020 2822 2047 «
2851 1996 3067 2053 Omnes
3086 1998 3440 2072 blasphemi,
3459 2001 3700 2058 fornica-

2047 2090 2223 2150 tores,
2257 2090 2314 2141 et
2334 2084 2602 2154 adulteri,
2630 2086 2936 2142 mittentur
2955 2088 3012 2142 in
3048 2094 3320 2162 stagnum
3340 2089 3493 2163 ignis
3515 2096 3571 2147 et
3586 2091 3702 2148 sul-

2049 2175 2257 2248 phuris
2287 2177 2466 2248 (Apoc.
2499 2179 2635 2244 xxx).
2674 2199 2701 2226 ››
2736 2177 2896 2240 Quod
2929 2181 3124 2233 autem
3159 2179 3491 2252 subjungit:

2123 2287 2150 2314 ‹‹
2183 2265 2365 2320 Amen
2412 2263 2540 2320 dico
2587 2263 2716 2330 tibi,
2748 2282 2864 2321 non
2898 2266 3056 2322 exies
3086 2266 3218 2323 inde
3253 2269 3456 2336 donec,
3493 2271 3703 2327 reddas

2055 2376 2076 2402 α
2115 2353 2500 2409 novissimum
2533 2355 2938 2426 quadrantem.
2977 2377 3004 2404 ››
3033 2355 3243 2423 Donec,
3278 2358 3617 2416 adverbium
3641 2357 3704 2416 ﬁ-

2053 2443 2240 2498 nitum
2275 2460 2377 2516 pro
2409 2442 2638 2498 infinito
2671 2444 3166 2518 posuittemporc.
3195 2447 3348 2519 quod
3383 2465 3496 2503 non
3512 2448 3702 2504 solum

2053 2532 2162 2588 hoc
2194 2532 2252 2586 in
2287 2532 2410 2588 loco
2441 2550 2609 2588 sacra
2636 2532 2954 2605 Scriptura,
2989 2535 3089 2590 sed
3123 2534 3299 2592 ctiam
3341 2535 3612 2608 plurimis
3645 2539 3703 2594 in

2054 2621 2197 2676 locis
2229 2621 2414 2676 facere
2431 2621 2748 2687 consuevit,
2777 2622 2928 2677 sicut
2943 2624 3220 2680 Dominus
3243 2625 3704 2698 perProphetam

2055 2710 2170 2766 ait:
2229 2714 2414 2764 Donec
2473 2710 2811 2781 senescatis,
2873 2727 2978 2784 ego
3037 2729 3190 2768 sum.
3247 2713 3312 2768 Et
3362 2713 3702 2772 Psalmista:

2057 2822 2085 2848 «
2120 2798 2283 2854 Sicut
2314 2797 2466 2853 oculi
2499 2797 2718 2853 ancillas
2751 2797 2809 2854 in
2842 2799 3115 2856 manibus
3155 2801 3408 2857 dominze
3457 2819 3599 2869 suae,
3625 2803 3708 2858 ita

2058 2886 2209 2944 oculi
2237 2887 2421 2942 nostri
2473 2886 2544 2941 ad
2587 2886 2900 2942 Dominum
2954 2888 3136 2944 Deum
3186 2895 3474 2956 nostrum,
3525 2892 3708 2948 donec

2062 2976 2410 3032 misereatur
2438 2975 2622 3031 nostri
2656 2977 2820 3047 (Psul.
2855 2982 3050 3043 cxxn).
3087 3001 3114 3028 »
3149 2978 3423 3051 Nunquid
3455 2984 3557 3035 aut
3578 2985 3709 3053 post

2060 3063 2299 3120 illorum
2331 3068 2624 3120 senectam
2657 3065 2811 3120 Deus
2844 3065 3074 3120 futurus
3106 3083 3219 3122 non
3253 3072 3394 3132 erat,
3423 3073 3524 3124 aut
3549 3074 3706 3141 post-

2063 3169 2240 3226 quam
2274 3152 2550 3208 misertus
2564 3151 2737 3207 fuerit
2753 3153 2917 3208 nobis
2931 3153 3082 3209 oculi
3098 3155 3278 3210 nostri
3298 3156 3614 3213 cessabunt
3629 3175 3711 3213 re-

2063 3241 2284 3315 spicere
2300 3240 2465 3296 illum
2483 3240 2637 3296 ?non
2655 3259 2667 3308 ;
2687 3241 2784 3296 sed
2799 3240 3240 3312 sicutdiximus,
3262 3243 3492 3300 finitum
3509 3255 3611 3317 pro
3627 3246 3711 3301 in-

2062 3331 2225 3387 finito
2253 3329 2466 3402 posuit.
2496 3329 2603 3392 Qui
2648 3329 2810 3385 locus
2858 3329 3238 3402 Origenianos
3286 3332 3554 3402 destruit,
3608 3334 3706 3406 qui

2060 3419 2208 3476 falsa
2238 3419 2450 3492 pietate
2481 3417 2756 3474 dixerunt
2786 3423 2917 3490 post
2936 3419 3230 3490 judicium
3267 3421 3561 3478 damones
3579 3412 3707 3481 esse

2061 3507 2390 3564 solvendos.
2407 3507 2733 3563 Sicutenim
2763 3511 3045 3563 aeternum
3060 3525 3299 3582 regnum
3320 3516 3708 3583 praeparatum

2059 3603 2150 3654 est
2180 3597 2422 3661 sanctis,
2455 3596 2539 3652 ita
2567 3601 2849 3651 aeternum
2883 3597 3239 3670 supplicium
3274 3600 3556 3671 reprobis,
3601 3601 3713 3656 Do~

2061 3687 2223 3742 mino
2257 3686 2481 3742 dicente
2517 3686 2955 3758 (Ma!th.xxv):«
2989 3685 3494 3755 Ite,maledicti,in
3519 3687 3714 3762 ignem

2060 3781 2363 3843 aeternum,
2397 3774 2496 3846 qui
2532 3779 2773 3846 paratus
2805 3779 2893 3830 est
2923 3773 3153 3831 diabolo
3181 3780 3238 3832 et
3266 3776 3489 3850 angelis
3521 3780 3712 3849 ejus.»

2059 3865 2130 3920 Et
2158 3864 2400 3918 iterum:
2431 3886 2457 3912 ‹‹
2493 3862 2666 3918 Ibunt
2695 3862 2754 3918 hi
2775 3863 2832 3918 in
2865 3863 3223 3936 supplicium
3250 3867 3715 3936 mternum,justi

2060 3958 2254 4009 autem
2286 3951 2346 4006 in
2377 3951 2553 4006 vitam
2586 3954 2882 4006 aeternam.
2911 3952 3096 4009 nHinc
3123 3954 3715 4026 perSalomonemdi-

2059 4042 2243 4097 citur:
2283 4062 2310 4089 ‹‹
2341 4040 2590 4112 Lignum
2627 4040 2684 4094 in
2712 4056 3064 4112 quacunque
3083 4047 3244 4113 parte
3277 4043 3573 4108 ceciderit,
3594 4044 3714 4099 sive

2059 4130 2134 4185 ad‘
2165 4132 2454 4193 austrum,
2487 4127 2606 4182 sive
2638 4127 2708 4181 ad
2741 4128 3095 4198 aquilonem,
3135 4151 3161 4176 ››
3195 4129 3252 4183 id
3284 4133 3372 4184 est
3402 4130 3598 4185 sivein
3623 4130 3711 4186 in-

2061 4218 2312 4283 fernum,
2347 4215 2466 4271 sive
2496 4214 2554 4268 in
2587 4230 2833 4286 regnum
2870 4215 2985 4282 Dei,
3021 4239 3049 4265 «
3083 4215 3160 4271 ibi
3194 4217 3304 4272 erit
3327 4219 3520 4286 (Eccle.
3554 4222 3654 4286 xu).
3684 4241 3710 4265 ν

2618 4355 2920 4412 HOMILIA
2967 4356 3151 4413 CXIX.

2307 4462 2586 4502 DOMtNlCA
2619 4456 2827 4501 OCTAVA
2868 4461 3007 4502 POST
3048 4463 3457 4503 PENTECOSTEN.

2133 4569 2344 4644 (MARC.
2406 4569 2550 4640 vni.)
2615 4590 2642 4619 «
2701 4569 2763 4624 In
2817 4569 2915 4625 illo
2974 4575 3266 4644 tempore:
3327 4571 3472 4627 Cum
3540 4572 3712 4630 turba

2063 4686 2091 4712 «
2155 4658 2342 4716 multa
2395 4663 2550 4714 esset
2607 4675 2741 4713 cum
2821 4660 2983 4731 Jesu,
3044 4677 3148 4716 nec
3220 4661 3502 4717 haberent
3554 4664 3706 4734 quod

2058 4773 2086 4800 «
2149 4749 2590 4816 manducarent,
2649 4750 2982 4805 convocatis
3040 4749 3346 4823 discipulis
3421 4750 3503 4805 ait
3562 4750 3708 4806 illis:

2059 4862 2088 4889 ‹‹
2149 4830 2427 4894 Misereor
2484 4853 2661 4908 super
2718 4838 2972 4893 turbam.
3029 4861 3048 4886 η
3097 4837 3162 4893 Et
3210 4838 3455 4911 reliqua.
3509 4838 3711 4895 Domi-

2061 4945 2172 4983 nus
2219 4927 2393 4983 Jesns
2441 4923 2709 4980 Christus
2753 4926 2906 4981 Deus
2963 4930 3097 4983 ante
3147 4927 3378 4996 saecula,
3432 4932 3489 4984 et
3537 4928 3711 4985 homo

2059 5016 2248 5070 factus
2277 5015 2336 5070 in
2369 5014 2483 5069 ﬁne
2514 5013 2884 5080 szeculorum,
2916 5015 2997 5070 ita
3045 5032 3152 5071 sua
3182 5033 3356 5089 opera
3387 5021 3712 5090 temperare

2057 5104 2337 5178 dignatus
2367 5106 2477 5168 est,
2509 5107 2576 5156 ut
2608 5103 2665 5157 in
2697 5119 2814 5157 uno
2844 5103 3169 5176 eodemque
3200 5105 3482 5162 miraculo
3525 5124 3587 5163 se
3620 5125 3710 5163 vo-

2059 5212 2190 5250 rum
2223 5193 2429 5260 Deum,
2473 5207 2790 5263 verumque
2838 5191 3137 5249 hominem
3186 5211 3313 5251 esse
3367 5195 3707 5253 declararet.

2058 5283 2220 5349 Quod
2253 5283 2313 5336 in
2345 5281 2524 5353 hujus
2553 5280 2815 5337 lectionis
2848 5282 2996 5338 serie
3027 5284 3140 5339 cito
3196 5287 3630 5357 cognoscimus,
3662 5288 3709 5341 si

2059 5371 2210 5426 hanc
2241 5369 2551 5441 diligenter
2598 5369 3057 5427 consideremus.
3107 5375 3269 5439 Quod
3324 5376 3482 5430 enim
3536 5393 3712 5447 super

2058 5460 2292 5514 turbam
2321 5456 2673 5513 esurientem
2707 5459 3106 5518 misericordia
3130 5467 3322 5519 motus
3340 5465 3575 5530 dicitur,
3600 5463 3708 5518 liu-

2060 5565 2244 5603 mana:
2273 5546 2698 5618 compassionis
2730 5552 2818 5604 cst
2847 5547 3160 5607 indicium:
3203 5553 3359 5624 quod
3411 5557 3603 5607 autem
3639 5551 3708 5605 de

2060 5642 2283 5709 septem
2316 5635 2566 5709 panibus
2599 5641 2849 5708 quatuor
2865 5639 3050 5697 millia
3070 5641 3373 5698 hominum
3399 5639 3604 5705 reﬁcit,
3625 5637 3706 5692 di-
