4050 6174
390 313 516 378 835

962 310 1375 377 HAYMONIS
1419 309 1958 400 HALBEIRSTAT.
1999 304 2250 374 EPISC.
2294 309 2468 374 OPP.
2513 311 2714 377 PARS
2756 310 2936 377 11.-—
2965 282 3237 375 nouit.

3645 307 3750 379 636

394 450 543 508 vinaa
572 446 879 524 potestatis
910 451 1001 505 est
1027 447 1361 505 declaratio.
1396 448 1509 504 Nec
1553 446 1878 520 putandum
1929 450 2036 517 est,
2067 441 2126 510 Α
2153 447 2259 503 tris
2291 448 2403 505 mei
2451 448 2786 505 mansiones
2835 446 3031 504 multa:
3078 449 3219 504 sunt
3249 446 3416 520 (Joan.
3465 446 3591 522 xxv).
3622 472 3645 500 »
3672 450 3743 508 Ad

395 541 548 598 hanc
577 539 845 596 eamdem
875 554 1004 595 esse
1031 537 1362 605 lectionem,
1399 537 1496 592 ubi
1526 536 1624 592 alii
1673 535 2040 610 evangelista)

395 631 468 688 de
489 630 750 703 quinque
767 627 1018 699 panibus
1031 626 1291 699 quinque
1304 626 1487 681 millia
1503 625 1808 681 hominum
1834 626 2046 682 satiata

396 719 579 777 fuisse
609 717 895 774 referunt:
917 716 1144 788 quiaibi
1171 714 1442 787 discipuli
1459 715 1765 771 Dominum
1786 732 2043 772 commo-

395 812 557 875 nent,
593 810 658 863 ut
686 805 941 862 dimittat
970 805 1172 860 turbas
1201 821 1390 859 emere
1412 821 1542 877 quae
1572 804 1684 859 sibi
1716 804 2045 861 necessaria

395 901 556 965 sunt,
587 896 683 953 hic
713 899 905 952 autem
931 892 1214 969 Dominps
1229 910 1406 964 supra
1438 895 1670 949 turbam
1689 894 2040 951 esurientem

397 984 796 1044 misericordia
826 987 1020 1038 motus
1051 980 1298 1036 dicltur:
1324 981 1403 1036 ibi
1425 982 1689 1055 quinque
1721 999 1924 1055 panes,
1947 984 2043 1039 hic

395 1080 619 1149 septem
652 1073 834 1128 fuisse
858 1076 1287 1127 memorantur:
1310 1070 1389 1127 ibi
1417 1072 1852 1139 hordeacei,hic
1871 1074 2044 1143 cuius

394 1164 623 1240 generis
657 1179 898 1217 annona:
920 1160 1154 1227 fuerint,
1172 1160 1655 1217 nondoclaratur:
1679 1161 1756 1217 ibi
1785 1162 2044 1235 quinque

394 1251 579 1311 millia
607 1250 914 1307 hominum
929 1251 1000 1306 de
1013 1250 1273 1322 quinque
1287 1251 1539 1323 panibus
1564 1252 1755 1306 satiati
1770 1257 1927 1320 sunt,
1949 1253 2043 1308 hic

392 1344 464 1399 de
493 1344 714 1413 septem
750 1338 1002 1411 panibus
1036 1342 1288 1409 quatuor
1309 1338 1494 1395 millia
1521 1340 2044 1415 refectazibisupra

393 1433 591 1489 fenum
622 1428 1068 1494 discubuerunt,
1104 1427 1197 1483 hic
1221 1444 1396 1501 super
1410 1431 1645 1483 terram.
1667 1429 1828 1485 Unde
1847 1430 1921 1485 ibi
1944 1448 2044 1504 per

391 1520 649 1588 turbam,
683 1535 811 1590 quae
844 1534 912 1572 ex
943 1517 1204 1588 quinque
1254 1516 1507 1589 panibus
1537 1518 1750 1573 satiata
1798 1522 1905 1586 est,
1939 1536 2043 1592 po-

390 1608 567 1682 pulus
598 1607 709 1663 sub
729 1606 855 1680 lege
886 1605 1476 1662 VeterisTestamenti
1492 1606 1718 1679 positus
1739 1624 1867 1663 esse
1885 1607 2041 1663 desi-

390 1701 625 1772 gnatur,
658 1696 758 1768 qui
780 1696 1045 1768 quinque
1073 1694 1253 1751 libros
1272 1695 1450 1769 Moysi
1474 1696 1546 1750 ad
1571 1713 1737 1752 suam
1769 1696 2044 1754 eruditio-

2153 555 2330 611 quam
2363 538 2776 595 ardentissimo
2824 553 3021 594 amore
3069 536 3362 609 pervenire
3405 537 3624 610 optabat
3648 539 3746 608 ille,

2154 627 2254 701 qui
2287 628 2545 684 dicebat:
2584 651 2612 678 «
2645 627 2831 683 Unam
2863 625 3003 698 petii
3034 643 3068 681 a
3097 624 3361 694 Domino,
3393 626 3535 682 hanc
3582 630 3749 701 requi-

2154 735 2301 786 ram,
2336 721 2400 772 ut
2426 714 2748 772 inhabitem
2769 716 2827 771 in
2850 716 3023 772 domo
3042 714 3271 771 Domini
3294 716 3556 772 omnibus
3573 717 3752 775 diebus

2150 806 2278 871 vitae
2309 823 2449 861 meae
2484 806 2654 878 (Psal.
2688 804 2860 875 xxvr).
2898 827 2933 881 ››Δ
2956 804 3063 859 Via
3079 808 3274 860 autem
3289 821 3532 876 praesens
3547 806 3749 862 estvita.

2152 895 2421 961 Quandiu
2453 894 2610 951 enim
2640 893 2912 960 vivimus,
2948 893 3006 947 in
3037 891 3129 948 via
3158 908 3385 960 sumus,
3423 893 3751 967 necdumque

2153 985 2223 1040 ad
2258 983 2505 1058 patriam
2539 982 2927 1055 pervenimus.
2948 981 3072 1037 Non
3102 979 3371 1055 vultergo
3386 982 3756 1039 Dominustur-

2153 1074 2288 1129 bam
2312 1073 2581 1144 jejunam
2613 1069 2927 1135 dimittere,
2973 1084 3045 1124 ne
3095 1067 3370 1124 deficiant
3416 1068 3474 1123 in
3501 1069 3611 1126 via:
3640 1071 3756 1142 quia

2152 1161 2316 1218 electi
2348 1177 2420 1216 ne
2451 1159 2510 1215 in
2545 1158 2813 1231 praesenti
2843 1158 2961 1213 vita
2989 1174 3023 1213 a
3049 1156 3201 1213 bono
3232 1173 3402 1229 opere
3423 1164 3652 1225 cessent,
3673 1177 3755 1232 pa-
3839 1150 3848 1162 ”

2150 1250 2287 1307 bulo
2318 1249 2474 1305 verbi
2506 1249 2604 1304 Dei
2638 1247 2912 1320 pascendi
2944 1250 3110 1302 sunt:
3131 1245 3433 1318 quiasicut
3461 1246 3756 1305 deﬁcitcor-

2153 1357 2263 1413 pus
2292 1340 2417 1395 sine
2446 1337 2596 1405 cibo,
2630 1337 2711 1392 ita
2741 1336 2938 1391 anima
2966 1334 3091 1391 sine
3137 1334 3311 1390 verbo
3342 1334 3455 1389 Dei.
3502 1336 3615 1399 Quo
3650 1336 3757 1393 cibo

2153 1429 2309 1485 reﬁci
2341 1426 2711 1483 desiderabat
2742 1423 2856 1491 ille,
2884 1423 2985 1497 qui
3018 1423 3278 1480 dicebat:
3312 1446 3341 1473 «
3376 1425 3642 1481 Dominus
3676 1443 3757 1497 pa-

2151 1518 2262 1574 scit
2290 1534 2404 1585 me,
2432 1520 2490 1572 et
2521 1514 2667 1571 nihil
2700 1512 2845 1569 mihi
2877 1513 3082 1580 deerit,
3114 1513 3172 1568 in
3201 1511 3328 1569 loco
3351 1530 3571 1585 pascuae
3601 1514 3669 1571 ibi
3684 1533 3760 1571 me

2151 1604 2453 1663 collocavit
2480 1603 2649 1676 (Psal.
2683 1603 2844 1672 χχιι).
2883 1623 2910 1650 ››
2941 1600 3102 1666 Quod
3139 1604 3336 1657 autem
3386 1602 3758 1676 subjungitur:

2152 1720 2178 1746 ‹‹
2214 1694 2464 1760 Quidam
2497 1696 2692 1748 autem
2728 1692 2798 1746 de
2827 1689 2998 1764 longe
3026 1694 3314 1746 venerunt
3344 1707 3414 1747 ex
3442 1691 3543 1747 eis.
3578 1714 3604 1741 »
3631 1693 3683 1749 Si
3701 1694 3760 1749 ad

390 1803 526 1844 nem
557 1784 805 1858 accepit:
840 1783 935 1839 hic
968 1787 1162 1840 autem
1178 1801 1282 1856 per
1306 1785 1704 1857 turbam,quae
1739 1791 2040 1858 exseptem
2070 1808 2122 1877 Β
2151 1789 2467 1855 utrumque
2497 1779 2781 1854 populum
2810 1779 3020 1837 referre
3038 1778 3762 1877 voluerimus,populus.lu-

390 1876 643 1950 panibus
660 1875 936 1939 reﬁcitur,
958 1872 1592 1930 multitudohominum
1610 1875 1895 1948 ﬁdelium,
1914 1894 2041 1948 quae
2070 1867 2118 1877 —
2151 1875 2410 1930 daaorum
2444 1872 2514 1927 de
2544 1886 2721 1943 prope
2748 1870 2924 1936 venit,
2958 1867 3096 1941 quia
3126 1867 3273 1941 legis
3305 1870 3569 1926 notitiam
3595 1874 3646 1927 et
3682 1871 3761 1928 Dei

393 1981 496 2037 per
524 1963 772 2037 gratiam
802 1963 944 2018 Novi
975 1963 1333 2019 Testamenti
1365 1964 1625 2036 quotidie
1657 1966 2044 2037 pascitur,de-

393 2053 682 2127 signatur.
714 2052 873 2108 Hanc
903 2051 1137 2107 turbam
1169 2051 1349 2108 Isaias
1382 2053 1440 2107 in
1491 2052 1699 2125 spiritu
1730 2070 1764 2110 a
1793 2054 2041 2110 Domino

392 2141 751 2216 pascendam
785 2140 1146 2213 praeviderat,
1180 2157 1314 2196 cum
1345 2141 1606 2198 dicebat:
1644 2166 1671 2193 ‹‹
1699 2143 1947 2199 Veniant
1967 2144 2039 2199 ad

392 2248 529 2288 eum
562 2245 765 2286 omnes
795 2233 1022 2302 gentes,
1051 2233 1109 2285 et
1137 2229 1308 2285 ibunt
1323 2230 1731 2303 populimulti,
1756 2230 2037 2288 etdicent:

392 2321 616 2377 Domus
645 2319 847 2384 Jacob,
877 2319 1092 2385 venite,
1123 2322 1179 2374 et
1208 2318 1581 2375 ambulemus
1603 2318 1661 2375 in
1695 2320 1918 2377 lumine
1938 2321 2041 2377 Do-

391 2408 537 2465 mini
571 2408 703 2480 (Isa.
767 2406 912 2480 11).»
963 2408 1034 2462 Et
1093 2406 1432 2464 Psalmista:
1463 2431 1492 2458 «
1543 2408 1759 2465 Omnes
1817 2413 2038 2483 gentes,

392 2513 775 2572 quascunque
807 2495 1014 2564 fecisti,
1046 2495 1282 2552 venient
1312 2500 1369 2552 et
1390 2493 1718 2553 adorabunt
1745 2514 1940 2553 coram
1962 2502 2039 2565 te,

390 2586 654 2652 Domine,
688 2589 747 2642 et
776 2583 1189 2657 gloriﬁcabunt
1220 2601 1434 2641 nomen
1465 2589 1635 2641 tuum
1667 2585 1725 2641 in
1757 2590 2041 2643 aeternum

2151 1962 2543 2036 cognitionem
2575 1959 2809 2015 habuit:
2842 1958 2913 2013 de
2943 1957 3113 2031 longe
3143 1962 3341 2014 autem
3375 1959 3762 2032 gentilisvenit,

2152 2052 2388 2125 quando
2419 2052 2553 2122 post
2580 2047 2869 2104 idolorum
2882 2045 3172 2102 culturam
3193 2047 3263 2102 ad
3281 2047 3379 2103 Dei
3409 2047 3763 2121 cognitionem

2151 2157 2465 2198 conversus
2487 2142 2595 2195 est.
2626 2136 2788 2193 Unde
2817 2135 3132 2209 Apostolus
3175 2136 3287 2191 ait:
3323 2159 3352 2186 «
3387 2136 3514 2210 Ipse
3558 2141 3639 2192 est
3673 2155 3764 2210 pax

2150 2234 2372 2295 nostra,
2405 2228 2504 2302 qui
2537 2227 2671 2283 fecit
2700 2228 2947 2298 utraque
2977 2241 3161 2280 unum
3183 2225 3337 2297 (Eph.
3371 2225 3453 2297 ιι).
3486 2250 3514 2277 ››
3532 2226 3765 2293 Quotidie

2147 2336 2283 2376 vero
2314 2318 2371 2373 in
2405 2315 2778 2373 conversione
2808 2313 3091 2380 ﬁdelium,
3125 2313 3223 2369 alii
3257 2315 3333 2370 de
3365 2332 3559 2389 prope,
3592 2315 3679 2371 alii
3708 2316 3766 2372 de

2151 2409 2322 2482 longe
2351 2407 2421 2462 ad
2438 2402 2884 2461 ﬁdemveniunt.
2905 2402 3013 2469 Qui
3043 2402 3200 2459 enim
3232 2403 3291 2458 in
3311 2402 3494 2461 nullis
3523 2405 3764 2461 crimina-

2150 2498 2307 2553 libus
2322 2493 2574 2569 peccatis
2586 2491 3122 2549 contaminatusDei
3136 2491 3494 2549 voluntatem
3508 2494 3764 2567 sequitur,

2152 2588 2278 2643 sine
2308 2584 2487 2641 dubio
2517 2584 2588 2639 de
2616 2598 2796 2656 prope
2824 2581 3000 2637 venit.
3034 2582 3147 2637 Sed
3178 2585 3236 2638 et
3266 2582 3341 2653 is,
3379 2581 3766 2655 quilicitocon-

390 2676 564 2746 (Psat.
598 2674 818 2746 Lxxxv).
856 2696 883 2723 ››
918 2673 984 2729 Et
1030 2674 1180 2730 bene
1210 2673 1270 2729 in
1303 2673 1404 2730 illa
1449 2674 1783 2742 refectione,
1816 2692 1944 2749 qua:
1974 2692 2044 2731 ex
2143 2676 2312 2749 jugio
2344 2677 2615 2747 expertus
2663 2672 2735 2727 ad
2771 2675 2951 2727 Deum
2997 2672 3380 2739 convertitur,
3429 2689 3497 2727 ex
3542 2671 3769 2744 proximo

391 2764 651 2837 quinque
679 2763 930 2837 panibus
959 2762 1113 2819 facta
1142 2767 1249 2829 est,
1284 2779 1388 2835 per
1418 2780 1596 2835 quam
1626 2764 1908 2836 populum
1937 2764 2042 2821 Ju-

390 2853 645 2909 daaorum
663 2851 920 2909 diximus
931 2850 1874 2925 signiﬁcari,discipuliDominum
1888 2871 2043 2910 com-

389 2941 692 2998 monuisse
722 2941 1020 3011 dicuntur,
1053 2944 1118 2997 ut
1146 2940 1467 2997 dimitteret
1498 2942 1702 2998 turbas
1718 2959 1909 2999 emere
1930 2942 2042 3000 sibi

388 3029 740 3097 necessaria,
772 3030 912 3101 quia
942 3028 1097 3087 idem
1131 3029 1385 3103 populus
1416 3034 1548 3086 ante
1578 3031 1893 3087 adventum
1932 3035 2041 3088 Do-

2148 2765 2325 2822 venit.
2358 2763 2466 2827 Qui
2497 2766 2692 2817 autem
2732 2763 2865 2833 post
2911 2757 3145 2832 publica
3192 2759 3439 2832 ﬂagitia,
3496 2760 3768 2825 adulteria,

2152 2855 2326 2922 furta,
2362 2849 2698 2916 homicidia,
2730 2850 3059 2916 ebrietates,
3093 2849 3357 2921 rapinas,
3381 2866 3486 2922 per
3519 2849 3770 2922 paeniten-

2148 2944 2295 2999 tiam
2319 2943 2391 2998 ad
2424 2946 2605 2997 Deum
2636 2938 3011 3008 convertitur,
3044 2938 3114 2995 de
3131 2928 3493 3011 longevenit.
3526 2938 3602 2994 De
3617 2953 3767 3010 prepe

2151 3036 2347 3089 autem
2376 3030 2552 3097 venit,
2586 3028 2687 3102 qui
2718 3026 3192 3101 abipsainfantia
3215 3025 3302 3082 vel
3320 3027 3592 3100 pueritia,
3607 3027 3658 3083 in
3670 3043 3770 3084 ser-

388 3119 534 3176 mini
567 3118 930 3193 patriarchas
981 3122 1038 3174 et
1078 3119 1394 3191 prophetas
1437 3135 1576 3175 suos
1628 3119 2042 3178 intercessores
2077 3181 2114 3193 η
2148 3120 2286 3177 vitio
2318 3119 2416 3176 Dei
2447 3135 2509 3175 se
2540 3116 2866 3190 mancipat:
2898 3117 2969 3172 de
2994 3115 3165 3190 longe
3194 3132 3354 3184 vero,
3406 3118 3507 3190 qui
3539 3117 3595 3172 in
3623 3130 3769 3172 sene-

387 3181 613 3265 habuit.
633 3209 697 3264 In
714 3206 824 3264 hac
837 3181 1171 3281 autemipse
1184 3181 1467 3263 Dominus
1481 3208 1552 3263 ad
1578 3208 2036 3265 misericordiam
2070 3181 2115 3248 (ἶ
2150 3214 2305 3266 ctute
2333 3208 2407 3265 ad
2437 3208 2623 3264 Deum
2654 3181 3496 3279 convertitur.Promittitvergo
3518 3204 3769 3262 Dominus

387 3301 806 3364 commovetur,
841 3296 978 3370 quia
994 3296 1231 3370 gentilis
1253 3295 1507 3369 populus
1523 3313 1637 3351 non
1652 3298 1776 3353 suis
1790 3298 2035 3364 meritis,

386 3403 492 3443 nec
524 3386 718 3460 aliquo
753 3385 1192 3452 interveniente,
1226 3385 1328 3440 sed
1361 3384 1488 3441 sola
1519 3386 1773 3457 gratuita
1804 3387 2037 3442 Domini

387 3475 792 3531 misericordia
817 3474 1075 3530 salvatus
1125 3478 1234 3531 est.
1287 3474 1442 3529 sicut
1471 3460 1687 3529 Paulus
1737 3474 2038 3546 apostolus

385 3563 497 3619 ait:
533 3587 561 3611 «
596 3563 795 3618 Gratia
825 3563 926 3619 Dei
960 3562 1103 3618 salvi
1136 3563 1271 3618 facti
1304 3562 1448 3617 estis
1477 3563 1635 3633 (Eph.
1663 3562 1744 3633 ιι).
1772 3584 1799 3611 ››
1822 3563 1891 3617 Et
1912 3562 2037 3634 pul-

385 3649 523 3705 chre
554 3651 836 3706 Dominus
865 3653 1127 3717 turbam,
1162 3667 1337 3723 quam
1371 3666 1568 3705 amore
1603 3650 1756 3706 verbi
1782 3644 1879 3706 Dei
1901 3667 2037 3707 esu-

385 3738 632 3795 rientem
660 3738 822 3805 vidit,
855 3738 1035 3794 ctiam
1066 3739 1194 3795 cibo
1226 3736 1509 3809 corporali
1529 3738 1732 3803 reﬁcit,
1767 3738 2037 3796 utinillis

385 3824 731 3899 adimpleret
761 3827 915 3899 quod
950 3827 1070 3900 ipse
1101 3826 1241 3883 alibi
1272 3825 1561 3898 promisit,
1596 3826 2037 3894 dicensquute-

384 3916 493 3972 rite
522 3915 779 3987 primum
817 3931 1060 3989 regnum
1093 3915 1194 3972 Dei
1228 3915 1601 3987 etjustitiam
1644 3918 1793 3987 ejus,
1830 3920 1887 3972 et
1915 3916 2036 3974 hzec

384 4003 584 4060 omnia
615 4004 969 4075 adjiciantur
994 4005 1159 4061 vobis
1184 4004 1392 4075 (Matth.
1425 4006 1524 4073 v1).
1562 4025 1591 4053 »
1625 4006 1797 4062 Recte
1813 4022 1948 4080 ergo
1965 4008 2036 4064 de

383 4093 491 4149 hac
523 4093 697 4149 turba
726 4092 971 4150 dicitur:
1006 4117 1035 4143 «
1068 4093 1215 4161 Quia
1234 4094 1501 4165 eccejam
1520 4094 1715 4150 triduo
1743 4096 2038 4153 sustinent

382 4204 411 4232 «
444 4198 556 4249 me,
592 4199 695 4238 nec
728 4182 947 4239 habent
973 4183 1129 4256 quod
1164 4183 1539 4239 manducent.
1575 4204 1603 4232 »
1637 4184 1836 4240 Turba
1876 4185 2035 4241 enim

386 4271 695 4328 Dominum
710 4272 904 4327 triduo
921 4272 1332 4340 sustinet,cum
1348 4270 1539 4328 ﬁdelis
1550 4271 1804 4345 populus
1817 4272 1877 4328 in
1893 4288 2033 4330 con-

381 4360 633 4417 fessione
664 4365 879 4417 sancta:
911 4360 1215 4418 Trinitatis
1237 4360 1668 4417 incessabiliter
1687 4367 2033 4435 perseverat.

381 4449 683 4533 Sustipere
715 4449 871 4505 enim
895 4449 1072 4506 homo
1103 4449 1287 4505 Deum
1319 4449 1557 4516 dicitur,
1582 4466 1715 4504 cum
1735 4451 1912 4506 etiam
1932 4468 2036 4508 nec

2102 3307 2104 3309 ’
2145 3299 2345 3354 cibum
2377 3313 2438 3353 se
2467 3296 2743 3351 daturum
2769 3294 2946 3350 etiam
2974 3292 3092 3360 his,
3124 3293 3223 3365 qui
3247 3293 3319 3349 de
3337 3293 3511 3367 longe
3532 3293 3766 3358 veniunt,

2146 3387 2287 3460 quia
2313 3402 2429 3442 non
2460 3384 2652 3441 solum
2674 3385 2893 3457 justos,
2918 3383 3020 3439 sed
3052 3381 3228 3439 etiam
3277 3386 3608 3456 peccatores
3651 3398 3765 3438 con-

2143 3492 2340 3531 versos
2370 3473 2575 3546 recipit
2599 3477 2656 3528 et
2686 3476 2866 3539 amat,
2899 3470 3051 3527 sicut
3079 3475 3139 3527 et
3170 3471 3294 3545 ipse
3312 3471 3429 3528 ait:
3465 3472 3628 3528 «Non
3655 3469 3766 3526 veni

2144 3580 2347 3619 vocare
2370 3562 2589 3633 justos,
2622 3561 2722 3617 sed
2753 3564 3085 3633 peccatores
3115 3560 3184 3616 ad
3209 3560 3612 3632 pcenitentiam
3641 3561 3768 3631 (Luc.

2144 3655 2225 3721 v).
2261 3673 2289 3702 »
2320 3652 2390 3707 Et
2417 3648 2732 3723 Apostolus
2764 3650 2872 3705 ait:
2908 3671 2937 3700 ‹‹
2967 3647 3219 3704 Veniens
3249 3648 3658 3723 evangelizavit
3682 3663 3771 3719 pa-

2144 3757 2270 3797 cem
2304 3739 2397 3796 his
2425 3738 2527 3812 qui
2557 3742 2725 3795 erant
2754 3754 2952 3810 prope,
2984 3741 3043 3794 et
3069 3736 3161 3792 his
3178 3736 3472 3811 quilonge
3503 3737 3651 3809 (Eph.
3670 3736 3771 3806 11).»

2144 3828 2387 3885 Talibus
2418 3845 2553 3900 ergo
2585 3844 2690 3883 nec
2717 3826 2970 3894 veniam,
3003 3842 3109 3882 nec
3140 3824 3339 3882 cibum
3388 3828 3632 3901 abnegat
3673 3824 3772 3890 ille,

2144 3917 2245 3990 qui
2274 3934 2376 3990 per
2406 3916 2747 3989 prophetam
2780 3915 2863 3970 ait
2910 3915 3121 3983 (Ezech.
3171 3918 3368 3983 xvm):
3422 3940 3450 3966 «
3484 3914 3619 3971 Vivo
3663 3929 3772 3985 ego.

2143 4006 2291 4064 dicit
2320 4006 2605 4062 Dominus
2640 4006 2810 4073 Deus,
2843 4003 2983 4076 quia
3013 4002 3145 4059 nolo
3177 4007 3430 4060 mortem
3463 4000 3774 4077 peccatoris.

2144 4096 2246 4152 sed
2278 4097 2343 4149 ut
2371 4096 2741 4149 convertatur
2769 4096 2826 4148 et
2852 4091 3026 4147 vivat.
3072 4113 3100 4141 ››
3132 4092 3204 4147 Et
3256 4091 3505 4148 iterum:
3539 4116 3567 4142 «
3597 4092 3772 4147 Pecca-

2142 4188 2236 4241 tor
2262 4182 2323 4239 in
2342 4198 2692 4255 quacunque
2718 4181 2811 4236 die
2826 4196 3145 4237 conversus
3160 4180 3357 4248 fuerit,
3381 4177 3775 4255 etingemuerit

2145 4275 2448 4345 peccatum
2480 4287 2675 4336 suum,
2709 4267 2908 4325 omnia
2937 4273 3174 4342 peccata
3203 4270 3332 4341 ejus
3363 4267 3638 4326 oblivioni
3672 4271 3767 4322 tra-

2144 4361 2358 4418 dentur
2386 4358 2597 4432 (Ibid.).
2633 4381 2660 4409 »
2693 4359 2762 4414 Et
2793 4375 3029 4414 rursus:
3069 4381 3089 4406 α
3126 4358 3406 4430 Nunquid
3425 4356 3677 4414 oblivisci
3694 4370 3778 4428 po-

2145 4454 2260 4505 test
2291 4448 2504 4504 mulier
2534 4447 2816 4503 infantem
2849 4463 3048 4513 suum,
3083 4451 3147 4502 ut
3177 4464 3292 4502 non
3320 4442 3774 4504 misereaturﬁlio

380 4537 533 4592 inter
559 4537 803 4594 adversa
831 4540 904 4594 ab
936 4540 1064 4610 ejus
1097 4538 1294 4594 deﬁcit
1321 4554 1537 4603 amore,
1589 4538 1829 4595 imitans
1860 4538 2030 4597 illum
2067 4551 2112 4615 Ι)
2142 4540 2292 4596 uteri
2323 4537 2456 4594 sui?
2484 4537 2547 4592 Et
2582 4537 2631 4593 si
2666 4536 2769 4593 illa
2799 4534 2987 4592 oblita
3034 4536 3229 4607 fuerit,
3282 4552 3391 4610 ego
3439 4540 3631 4592 tamen
3677 4548 3774 4589 non

382 4624 482 4697 qui
505 4624 763 4681 dicebat:
804 4647 831 4679 α
861 4627 1055 4699 Dirige
1087 4644 1179 4682 me
1211 4626 1269 4682 in
1303 4625 1541 4682 veritate
1570 4627 1895 4684 tuaetdoce
1922 4645 2034 4696 me,

381 4712 521 4785 quia
551 4716 613 4769 tu
641 4731 703 4770 es
735 4714 891 4771 Deus
921 4714 1173 4772 salvator
1203 4732 1391 4786 meus,
1424 4718 1481 4769 et
1506 4718 1564 4770 te
1591 4714 1870 4771 suistinui
1912 4721 2036 4773 tota

380 4801 473 4858 die
502 4805 673 4871 (Psal.
708 4806 879 4872 XXIV).
914 4827 941 4855 ››
972 4804 1180 4861 Aliter:
1234 4805 1433 4860 Turba
1474 4802 1668 4859 triduo
1722 4804 2032 4861 Dominum

380 4891 650 4959 sustinet,
685 4909 820 4948 cum
852 4888 1019 4950 electi
1053 4891 1436 4958 intellectum,
1471 4893 1817 4949 memoriam
1848 4898 1905 4949 et
1932 4911 2029 4950 vo-

378 4978 663 5037 luntatem
696 4980 756 5036 in
788 4982 939 5039 bono
972 4999 1143 5054 opere
1175 4985 1481 5054 occupant.
1515 4980 1641 5036 Sive
1663 4985 1816 5038 certe
1846 4982 2035 5039 Domi-

380 5086 522 5124 num
555 5068 751 5124 triduo
780 5070 1050 5136 sustinet,
1086 5088 1221 5127 cum
1253 5071 1430 5127 ﬁdem
1460 5073 1519 5126 et
1549 5086 1712 5142 spem
1745 5073 1803 5125 et
1843 5069 2031 5127 chari-

379 5161 558 5212 tatem
591 5156 985 5216 inviolabilem
1019 5164 1228 5229 servat,
1261 5160 1332 5215 de
1361 5158 1578 5232 quibus
1601 5158 2030 5231 Apostolusait:

384 5267 410 5295 «
443 5245 716 5301 Maneant
744 5244 803 5301 in
830 5247 993 5303 vobis
1026 5248 1192 5315 ﬁdes,
1225 5264 1380 5320 spes,
1412 5246 1666 5303 charitas
1717 5247 1832 5304 tria
1873 5248 2029 5306 haec:

382 5333 573 5405 major
601 5337 800 5390 autem
831 5334 923 5391 his
948 5339 1037 5394 est
1069 5336 1322 5394 charitas
1351 5339 1399 5407 (l
1427 5340 1550 5395 (lor.
1583 5336 1728 5408 xm).
1766 5359 1794 5386 »

454 5445 482 5471 «
516 5422 584 5476 Et
617 5421 667 5476 si
702 5422 977 5479 dimisero
1018 5441 1117 5480 eos
1156 5426 1395 5498 jejunos
1442 5426 1501 5480 in
1552 5426 1794 5482 domum
1839 5442 2031 5493 suam,

386 5532 413 5562 α
447 5509 722 5567 deﬁcient
749 5511 806 5566 in
840 5511 950 5569 via.
990 5536 1017 5561 ››
1052 5518 1267 5569 Domus
1297 5513 1613 5571 electorum
1645 5516 1879 5589 proprie
1920 5534 2032 5571 cm-

384 5599 548 5659 lestis
575 5603 664 5656 est
692 5600 902 5675 patria,
934 5602 1003 5658 de
1022 5618 1137 5676 qua
1162 5602 1445 5661 Dominus
1472 5604 1580 5659 ait:
1616 5626 1643 5655 ‹‹
1662 5604 1724 5660 In
1742 5604 1913 5661 domo
1928 5604 2031 5661 Pa-

2148 4626 2457 4684 obliviscar
2484 4625 2571 4681 tui
2600 4627 2727 4697 (Isa.
2761 4625 2931 4697 XLIX).
2967 4646 2994 4676 ››
3029 4625 3097 4681 Et
3130 4625 3189 4681 in
3219 4624 3561 4699 Evangelio:
3611 4647 3636 4674 ‹‹
3668 4621 3775 4677 Non

2144 4721 2234 4774 est
2261 4733 2408 4789 opus
2434 4715 2599 4772 sanis
2629 4714 2916 4783 medicus,
2937 4715 3037 4772 sed
3056 4710 3771 4782 malehabentibusﬂlauh.

2143 4809 2245 4875 Ix),
2284 4828 2312 4855 ››

2219 4917 2240 4945 ι
2277 4896 2347 4950 Et
2375 4894 2807 4966 responderunt
2859 4893 2909 4949 ei
2945 4892 3218 4966 discipuli
3268 4894 3390 4949 sui:
3445 4892 3606 4948 Unde
3650 4889 3774 4944 istos

2144 5008 2173 5035 «
2207 4981 2418 5057 poterit
2447 4983 2582 5056 quis
2614 4982 2710 5039 hic
2742 4986 3006 5039 saturare
3037 4981 3292 5055 panibus
3321 4981 3381 5039 in
3414 4975 3770 5038 solitudine?»

2142 5073 2207 5130 In
2238 5070 2353 5127 alia
2378 5071 2689 5127 refectione
2720 5070 3025 5145 Philippus
3054 5069 3383 5146 specialiter
3412 5069 3626 5127 dixisse
3654 5081 3768 5121 nar-

2144 5164 2337 5217 ratur:
2373 5182 2401 5210 «
2433 5158 2829 5216 Ducentorum
2861 5160 3241 5217 denariorum
3270 5176 3456 5234 panes
3488 5175 3603 5215 non
3625 5152 3770 5212 suill-

2143 5250 2308 5306 ciunt
2328 5252 2388 5303 tu
2397 5248 2532 5314 rbaa,
2566 5251 2631 5303 ut
2664 5249 3071 5321 unusquisque
3084 5249 3381 5306 modicum
3393 5248 3533 5323 quid
3550 5240 3772 5315 accipiat

2142 5340 2321 5407 (Joan.
2355 5340 2453 5406 Vl).
2489 5359 2517 5386 »
2546 5336 2712 5393 Nunc
2725 5340 2922 5394 autem
2935 5337 3286 5413 generaliter
3298 5353 3506 5393 omnes
3520 5327 3771 5405 discipuli

2143 5425 2380 5482 dicunt:
2414 5450 2441 5477 «
2471 5425 2637 5481 Unde
2667 5426 2880 5498 poterit
2899 5426 3044 5484 istos
3075 5426 3209 5501 quis
3238 5427 3335 5483 hic
3382 5428 3643 5481 saturare
3687 5434 3775 5491 pa-

2144 5516 2323 5573 nibus
2353 5514 2413 5571 in
2447 5513 2804 5571 solitudine?
2835 5537 2863 5565 ››
2886 5515 3111 5581 Quanto
3140 5533 3278 5591 ergo
3307 5511 3612 5588 discipulis
3640 5504 3775 5565 difﬁ-

2144 5605 2311 5662 cilior
2337 5621 2431 5662 res
2460 5604 2585 5660 visa
2615 5608 2725 5674 est,
2760 5608 2922 5663 tanto
2955 5608 3144 5680 magis
3174 5602 3527 5664 miraculum
3571 5591 3780 5656 Domini
