  <div class='ocr_page' id='page_1' title='image "/cluster/home/n/w/nwhite01/storage/ocr_20150623/118/hvd.32044073505158/324.png"; bbox 0 0 3908 6172; ppageno 0'>
   <div class='ocr_carea' id='block_1_1' title="bbox 257 317 364 384">
    <p class='ocr_par' dir='ltr' id='par_1_1' title="bbox 257 317 364 384">
     <span class='ocr_line' id='line_1_1' title="bbox 257 317 364 384; baseline -0.037 0"><span class='ocrx_word' id='word_1_1' title='bbox 257 317 364 384; x_wconf 68' lang='grc'>637</span> 
     </span>
    </p>
   </div>
   <div class='ocr_carea' id='block_1_2' title="bbox 1472 313 2418 382">
    <p class='ocr_par' dir='ltr' id='par_1_2' title="bbox 1472 313 2418 382">
     <span class='ocr_line' id='line_1_2' title="bbox 1472 313 2418 382; baseline -0.002 -2"><span class='ocrx_word' id='word_1_2' title='bbox 1472 316 1826 380; x_wconf 77' lang='lat' dir='ltr'>HOMILLE</span> <span class='ocrx_word' id='word_1_3' title='bbox 1871 313 1975 382; x_wconf 81' lang='lat' dir='ltr'>DE</span> <span class='ocrx_word' id='word_1_4' title='bbox 2017 314 2418 380; x_wconf 79' lang='lat' dir='ltr'>TEMPORE.</span> 
     </span>
    </p>
   </div>
   <div class='ocr_carea' id='block_1_3' title="bbox 3526 319 3674 399">
    <p class='ocr_par' dir='ltr' id='par_1_3' title="bbox 3526 319 3674 399">
     <span class='ocr_line' id='line_1_3' title="bbox 3526 319 3674 399; baseline 0.014 -19"><span class='ocrx_word' id='word_1_5' title='bbox 3526 319 3674 399; x_wconf 73' lang='lat' dir='ltr'>63a</span> 
     </span>
    </p>
   </div>
   <div class='ocr_carea' id='block_1_4' title="bbox 257 448 3647 528">
    <p class='ocr_par' dir='ltr' id='par_1_4' title="bbox 257 448 3647 528">
     <span class='ocr_line' id='line_1_4' title="bbox 257 448 3647 528; baseline 0 -18"><span class='ocrx_word' id='word_1_6' title='bbox 257 451 518 510; x_wconf 80' lang='lat' dir='ltr'>clarescit.</span> <span class='ocrx_word' id='word_1_7' title='bbox 549 452 876 528; x_wconf 83' lang='lat' dir='ltr'>Fragilitate</span> <span class='ocrx_word' id='word_1_8' title='bbox 907 452 1123 526; x_wconf 86' lang='lat' dir='ltr'>quippe</span> <span class='ocrx_word' id='word_1_9' title='bbox 1143 450 1332 508; x_wconf 86' lang='lat' dir='ltr'>carnis</span> <span class='ocrx_word' id='word_1_10' title='bbox 1363 452 1582 526; x_wconf 77' lang='lat' dir='ltr'>gravati</span> <span class='ocrx_word' id='word_1_11' title='bbox 1611 449 1882 526; x_wconf 83' lang='lat' dir='ltr'>apostoli,</span> <span class='ocrx_word' id='word_1_12' title='bbox 1914 451 1971 518; x_wconf 78' lang='grc' dir='ltr'><strong>Α</strong></span> <span class='ocrx_word' id='word_1_13' title='bbox 2002 475 2026 499; x_wconf 89' lang='grc'>‹‹</span> <span class='ocrx_word' id='word_1_14' title='bbox 2049 451 2226 506; x_wconf 81' lang='lat' dir='ltr'>dabat</span> <span class='ocrx_word' id='word_1_15' title='bbox 2241 449 2549 523; x_wconf 89' lang='lat' dir='ltr'>discipulis</span> <span class='ocrx_word' id='word_1_16' title='bbox 2563 448 2686 506; x_wconf 90' lang='lat' dir='ltr'>suis</span> <span class='ocrx_word' id='word_1_17' title='bbox 2708 454 2767 505; x_wconf 88' lang='lat' dir='ltr'>ut</span> <span class='ocrx_word' id='word_1_18' title='bbox 2785 453 3229 523; x_wconf 88' lang='lat' dir='ltr'>apponerent,et</span> <span class='ocrx_word' id='word_1_19' title='bbox 3245 460 3647 526; x_wconf 89' lang='lat' dir='ltr'>apposuerunt</span> 
     </span>
    </p>
   </div>
   <div class='ocr_carea' id='block_1_5' title="bbox 257 539 1882 615">
    <p class='ocr_par' dir='ltr' id='par_1_5' title="bbox 257 539 1882 615">
     <span class='ocr_line' id='line_1_5' title="bbox 257 539 1882 615; baseline -0.002 -17"><span class='ocrx_word' id='word_1_20' title='bbox 257 544 501 600; x_wconf 88' lang='lat' dir='ltr'>nondum</span> <span class='ocrx_word' id='word_1_21' title='bbox 535 543 725 598; x_wconf 91' lang='lat' dir='ltr'>adhuc</span> <span class='ocrx_word' id='word_1_22' title='bbox 758 545 1006 615; x_wconf 80' lang='lat' dir='ltr'>perfecte</span> <span class='ocrx_word' id='word_1_23' title='bbox 1037 542 1395 598; x_wconf 73' lang='lat' dir='ltr'>divinitatem</span> <span class='ocrx_word' id='word_1_24' title='bbox 1430 541 1639 597; x_wconf 80' lang='lat' dir='ltr'>Christi</span> <span class='ocrx_word' id='word_1_25' title='bbox 1675 539 1882 596; x_wconf 87' lang='lat' dir='ltr'>intelli-</span> 
     </span>
    </p>
   </div>
   <div class='ocr_carea' id='block_1_6' title="bbox 255 630 1888 706">
    <p class='ocr_par' dir='ltr' id='par_1_6' title="bbox 255 630 1888 706">
     <span class='ocr_line' id='line_1_6' title="bbox 255 630 1888 706; baseline -0.002 -18"><span class='ocrx_word' id='word_1_26' title='bbox 255 634 472 706; x_wconf 84' lang='lat' dir='ltr'>gebant,</span> <span class='ocrx_word' id='word_1_27' title='bbox 507 632 741 703; x_wconf 88' lang='lat' dir='ltr'>quando</span> <span class='ocrx_word' id='word_1_28' title='bbox 773 648 840 686; x_wconf 92' lang='lat' dir='ltr'>eo</span> <span class='ocrx_word' id='word_1_29' title='bbox 869 635 1169 704; x_wconf 72' lang='lat' dir='ltr'>praesente,</span> <span class='ocrx_word' id='word_1_30' title='bbox 1207 631 1306 702; x_wconf 85' lang='lat' dir='ltr'>qui</span> <span class='ocrx_word' id='word_1_31' title='bbox 1351 631 1544 686; x_wconf 80' lang='lat' dir='ltr'>educit</span> <span class='ocrx_word' id='word_1_32' title='bbox 1576 647 1782 702; x_wconf 89' lang='lat' dir='ltr'>panem</span> <span class='ocrx_word' id='word_1_33' title='bbox 1815 630 1888 684; x_wconf 90' lang='lat' dir='ltr'>de</span> 
     </span>
    </p>
   </div>
   <div class='ocr_carea' id='block_1_7' title="bbox 255 719 1888 793">
    <p class='ocr_par' dir='ltr' id='par_1_7' title="bbox 255 719 1888 793">
     <span class='ocr_line' id='line_1_7' title="bbox 255 719 1888 793; baseline -0.002 -17"><span class='ocrx_word' id='word_1_34' title='bbox 255 725 390 776; x_wconf 89' lang='lat' dir='ltr'>terra</span> <span class='ocrx_word' id='word_1_35' title='bbox 423 725 480 776; x_wconf 88' lang='lat' dir='ltr'>et</span> <span class='ocrx_word' id='word_1_36' title='bbox 510 720 731 788; x_wconf 88' lang='lat' dir='ltr'>vinum,</span> <span class='ocrx_word' id='word_1_37' title='bbox 753 722 906 793; x_wconf 92' lang='lat' dir='ltr'>quod</span> <span class='ocrx_word' id='word_1_38' title='bbox 939 721 1190 775; x_wconf 71' lang='lat' dir='ltr'>laetificat</span> <span class='ocrx_word' id='word_1_39' title='bbox 1223 737 1320 775; x_wconf 91' lang='lat' dir='ltr'>cor</span> <span class='ocrx_word' id='word_1_40' title='bbox 1348 719 1624 786; x_wconf 86' lang='lat' dir='ltr'>hominis,</span> <span class='ocrx_word' id='word_1_41' title='bbox 1645 737 1712 774; x_wconf 92' lang='lat' dir='ltr'>ex</span> <span class='ocrx_word' id='word_1_42' title='bbox 1742 736 1888 790; x_wconf 90' lang='lat' dir='ltr'>pau-</span> 
     </span>
    </p>
   </div>
   <div class='ocr_carea' id='block_1_8' title="bbox 256 807 1888 882">
    <p class='ocr_par' dir='ltr' id='par_1_8' title="bbox 256 807 1888 882">
     <span class='ocr_line' id='line_1_8' title="bbox 256 807 1888 882; baseline -0.001 -19"><span class='ocrx_word' id='word_1_43' title='bbox 256 809 326 866; x_wconf 85' lang='lat' dir='ltr'>cis</span> <span class='ocrx_word' id='word_1_44' title='bbox 353 809 602 882; x_wconf 90' lang='lat' dir='ltr'>panibus</span> <span class='ocrx_word' id='word_1_45' title='bbox 652 809 1088 865; x_wconf 77' lang='lat' dir='ltr'>multitudinem</span> <span class='ocrx_word' id='word_1_46' title='bbox 1135 809 1442 864; x_wconf 89' lang='lat' dir='ltr'>hominum</span> <span class='ocrx_word' id='word_1_47' title='bbox 1475 825 1645 879; x_wconf 90' lang='lat' dir='ltr'>posse</span> <span class='ocrx_word' id='word_1_48' title='bbox 1676 807 1888 862; x_wconf 89' lang='lat' dir='ltr'>satiare</span> 
     </span>
    </p>
   </div>
   <div class='ocr_carea' id='block_1_9' title="bbox 255 897 1892 954">
    <p class='ocr_par' dir='ltr' id='par_1_9' title="bbox 255 897 1892 954">
     <span class='ocr_line' id='line_1_9' title="bbox 255 897 1892 954; baseline -0.002 0"><span class='ocrx_word' id='word_1_49' title='bbox 255 898 608 954; x_wconf 82' lang='lat' dir='ltr'>dubitabant.</span> <span class='ocrx_word' id='word_1_50' title='bbox 639 898 750 953; x_wconf 89' lang='lat' dir='ltr'>Sed</span> <span class='ocrx_word' id='word_1_51' title='bbox 783 899 1067 953; x_wconf 90' lang='lat' dir='ltr'>Dominus</span> <span class='ocrx_word' id='word_1_52' title='bbox 1099 915 1212 952; x_wconf 93' lang='lat' dir='ltr'>non</span> <span class='ocrx_word' id='word_1_53' title='bbox 1247 897 1436 952; x_wconf 89' lang='lat' dir='ltr'>solum</span> <span class='ocrx_word' id='word_1_54' title='bbox 1484 901 1548 951; x_wconf 92' lang='lat' dir='ltr'>ut</span> <span class='ocrx_word' id='word_1_55' title='bbox 1577 897 1892 952; x_wconf 87' lang='lat' dir='ltr'>dubitatio-</span> 
     </span>
    </p>
   </div>
   <div class='ocr_carea' id='block_1_10' title="bbox 255 984 1890 1058">
    <p class='ocr_par' dir='ltr' id='par_1_10' title="bbox 255 984 1890 1058">
     <span class='ocr_line' id='line_1_10' title="bbox 255 984 1890 1058; baseline -0.002 -17"><span class='ocrx_word' id='word_1_56' title='bbox 255 1005 374 1042; x_wconf 86' lang='lat' dir='ltr'>uem</span> <span class='ocrx_word' id='word_1_57' title='bbox 402 986 828 1058; x_wconf 90' lang='lat' dir='ltr'>discipulorum</span> <span class='ocrx_word' id='word_1_58' title='bbox 863 987 1135 1053; x_wconf 80' lang='lat' dir='ltr'>auferret,</span> <span class='ocrx_word' id='word_1_59' title='bbox 1158 1003 1359 1042; x_wconf 90' lang='lat' dir='ltr'>verum</span> <span class='ocrx_word' id='word_1_60' title='bbox 1393 986 1563 1041; x_wconf 87' lang='lat' dir='ltr'>etiam</span> <span class='ocrx_word' id='word_1_61' title='bbox 1599 991 1662 1040; x_wconf 91' lang='lat' dir='ltr'>ut</span> <span class='ocrx_word' id='word_1_62' title='bbox 1692 984 1890 1040; x_wconf 89' lang='lat' dir='ltr'>multi-</span> 
     </span>
    </p>
   </div>
   <div class='ocr_carea' id='block_1_11' title="bbox 254 1075 1891 1148">
    <p class='ocr_par' dir='ltr' id='par_1_11' title="bbox 254 1075 1891 1148">
     <span class='ocr_line' id='line_1_11' title="bbox 254 1075 1891 1148; baseline -0.001 -17"><span class='ocrx_word' id='word_1_63' title='bbox 254 1076 508 1131; x_wconf 87' lang='lat' dir='ltr'>tudinem</span> <span class='ocrx_word' id='word_1_64' title='bbox 541 1075 845 1148; x_wconf 81' lang='lat' dir='ltr'>fatigatam</span> <span class='ocrx_word' id='word_1_65' title='bbox 875 1076 1100 1146; x_wconf 86' lang='lat' dir='ltr'>jejunio</span> <span class='ocrx_word' id='word_1_66' title='bbox 1151 1077 1425 1142; x_wconf 84' lang='lat' dir='ltr'>reﬁceret,</span> <span class='ocrx_word' id='word_1_67' title='bbox 1459 1093 1528 1130; x_wconf 91' lang='lat' dir='ltr'>ex</span> <span class='ocrx_word' id='word_1_68' title='bbox 1558 1075 1759 1147; x_wconf 88' lang='lat' dir='ltr'>paucis</span> <span class='ocrx_word' id='word_1_69' title='bbox 1789 1092 1891 1146; x_wconf 90' lang='lat' dir='ltr'>pa-</span> 
     </span>
    </p>
   </div>
   <div class='ocr_carea' id='block_1_12' title="bbox 252 1164 1719 1220">
    <p class='ocr_par' dir='ltr' id='par_1_12' title="bbox 252 1164 1719 1220">
     <span class='ocr_line' id='line_1_12' title="bbox 252 1164 1719 1220; baseline -0.001 -1"><span class='ocrx_word' id='word_1_70' title='bbox 252 1165 411 1220; x_wconf 89' lang='lat' dir='ltr'>nibus</span> <span class='ocrx_word' id='word_1_71' title='bbox 444 1164 883 1219; x_wconf 82' lang='lat' dir='ltr'>multitudinem</span> <span class='ocrx_word' id='word_1_72' title='bbox 918 1164 1222 1218; x_wconf 89' lang='lat' dir='ltr'>hominum</span> <span class='ocrx_word' id='word_1_73' title='bbox 1257 1166 1489 1218; x_wconf 83' lang='lat' dir='ltr'>reficere</span> <span class='ocrx_word' id='word_1_74' title='bbox 1519 1164 1719 1218; x_wconf 90' lang='lat' dir='ltr'>voluit.</span> 
     </span>
    </p>
   </div>
   <div class='ocr_carea' id='block_1_13' title="bbox 315 1253 1889 1325">
    <p class='ocr_par' dir='ltr' id='par_1_13' title="bbox 315 1253 1889 1325">
     <span class='ocr_line' id='line_1_13' title="bbox 315 1253 1889 1325; baseline 0.001 -21"><span class='ocrx_word' id='word_1_75' title='bbox 315 1279 339 1304; x_wconf 84' lang='grc'>‹‹</span> <span class='ocrx_word' id='word_1_76' title='bbox 372 1255 437 1308; x_wconf 86' lang='lat' dir='ltr'>Et</span> <span class='ocrx_word' id='word_1_77' title='bbox 468 1253 848 1325; x_wconf 85' lang='lat' dir='ltr'>interrogavit</span> <span class='ocrx_word' id='word_1_78' title='bbox 878 1270 977 1308; x_wconf 89' lang='lat' dir='ltr'>eos</span> <span class='ocrx_word' id='word_1_79' title='bbox 1004 1270 1016 1307; x_wconf 88' lang='lat'>:</span> <span class='ocrx_word' id='word_1_80' title='bbox 1050 1255 1200 1318; x_wconf 89' lang='lat' dir='ltr'>Quot</span> <span class='ocrx_word' id='word_1_81' title='bbox 1221 1270 1400 1325; x_wconf 85' lang='lat' dir='ltr'>panes</span> <span class='ocrx_word' id='word_1_82' title='bbox 1423 1253 1741 1308; x_wconf 82' lang='lat' dir='ltr'>habetis?»</span> <span class='ocrx_word' id='word_1_83' title='bbox 1766 1253 1889 1306; x_wconf 86' lang='lat' dir='ltr'>Non</span> 
     </span>
    </p>
   </div>
   <div class='ocr_carea' id='block_1_14' title="bbox 252 1341 1894 1415">
    <p class='ocr_par' dir='ltr' id='par_1_14' title="bbox 252 1341 1894 1415">
     <span class='ocr_line' id='line_1_14' title="bbox 252 1341 1894 1415; baseline -0.002 -18"><span class='ocrx_word' id='word_1_84' title='bbox 252 1343 520 1415; x_wconf 78' lang='lat' dir='ltr'>ignorans</span> <span class='ocrx_word' id='word_1_85' title='bbox 554 1342 833 1398; x_wconf 88' lang='lat' dir='ltr'>Dominus</span> <span class='ocrx_word' id='word_1_86' title='bbox 866 1342 1188 1414; x_wconf 86' lang='lat' dir='ltr'>discipulos</span> <span class='ocrx_word' id='word_1_87' title='bbox 1211 1343 1546 1414; x_wconf 84' lang='lat' dir='ltr'>interrogat,</span> <span class='ocrx_word' id='word_1_88' title='bbox 1573 1341 1671 1414; x_wconf 85' lang='lat' dir='ltr'>qui</span> <span class='ocrx_word' id='word_1_89' title='bbox 1693 1341 1894 1396; x_wconf 90' lang='lat' dir='ltr'>omnia</span> 
     </span>
    </p>
   </div>
   <div class='ocr_carea' id='block_1_15' title="bbox 251 1429 1894 1502">
    <p class='ocr_par' dir='ltr' id='par_1_15' title="bbox 251 1429 1894 1502">
     <span class='ocr_line' id='line_1_15' title="bbox 251 1429 1894 1502; baseline -0.002 -16"><span class='ocrx_word' id='word_1_90' title='bbox 251 1431 349 1487; x_wconf 84' lang='lat' dir='ltr'>scit</span> <span class='ocrx_word' id='word_1_91' title='bbox 380 1434 700 1502; x_wconf 86' lang='lat' dir='ltr'>antequam</span> <span class='ocrx_word' id='word_1_92' title='bbox 736 1431 897 1497; x_wconf 83' lang='lat' dir='ltr'>fiant,</span> <span class='ocrx_word' id='word_1_93' title='bbox 932 1431 1030 1486; x_wconf 89' lang='lat' dir='ltr'>sed</span> <span class='ocrx_word' id='word_1_94' title='bbox 1066 1435 1130 1484; x_wconf 90' lang='lat' dir='ltr'>ut</span> <span class='ocrx_word' id='word_1_95' title='bbox 1170 1448 1238 1485; x_wconf 85' lang='lat' dir='ltr'>ex</span> <span class='ocrx_word' id='word_1_96' title='bbox 1281 1448 1388 1485; x_wconf 91' lang='lat' dir='ltr'>sua</span> <span class='ocrx_word' id='word_1_97' title='bbox 1439 1429 1894 1502; x_wconf 84' lang='lat' dir='ltr'>interrogatione</span> 
     </span>
    </p>
   </div>
   <div class='ocr_carea' id='block_1_16' title="bbox 249 1520 1892 1591">
    <p class='ocr_par' dir='ltr' id='par_1_16' title="bbox 249 1520 1892 1591">
     <span class='ocr_line' id='line_1_16' title="bbox 249 1520 1892 1591; baseline -0.002 -16"><span class='ocrx_word' id='word_1_98' title='bbox 249 1520 474 1575; x_wconf 90' lang='lat' dir='ltr'>illorum</span> <span class='ocrx_word' id='word_1_99' title='bbox 509 1520 738 1575; x_wconf 89' lang='lat' dir='ltr'>animos</span> <span class='ocrx_word' id='word_1_100' title='bbox 770 1520 1090 1584; x_wconf 90' lang='lat' dir='ltr'>erudiat,ct</span> <span class='ocrx_word' id='word_1_101' title='bbox 1111 1520 1339 1574; x_wconf 90' lang='lat' dir='ltr'>discant</span> <span class='ocrx_word' id='word_1_102' title='bbox 1364 1536 1467 1591; x_wconf 91' lang='lat' dir='ltr'>per</span> <span class='ocrx_word' id='word_1_103' title='bbox 1493 1520 1621 1590; x_wconf 88' lang='lat' dir='ltr'>ejus</span> <span class='ocrx_word' id='word_1_104' title='bbox 1640 1535 1892 1590; x_wconf 64' lang='lat' dir='ltr'>prasen-</span> 
     </span>
    </p>
   </div>
   <div class='ocr_carea' id='block_1_17' title="bbox 246 1607 1896 1681">
    <p class='ocr_par' dir='ltr' id='par_1_17' title="bbox 246 1607 1896 1681">
     <span class='ocr_line' id='line_1_17' title="bbox 246 1607 1896 1681; baseline -0.002 -17"><span class='ocrx_word' id='word_1_105' title='bbox 246 1611 381 1664; x_wconf 86' lang='lat' dir='ltr'>tiam</span> <span class='ocrx_word' id='word_1_106' title='bbox 415 1610 488 1664; x_wconf 89' lang='lat' dir='ltr'>de</span> <span class='ocrx_word' id='word_1_107' title='bbox 514 1609 715 1681; x_wconf 88' lang='lat' dir='ltr'>paucis</span> <span class='ocrx_word' id='word_1_108' title='bbox 737 1609 989 1681; x_wconf 89' lang='lat' dir='ltr'>panibus</span> <span class='ocrx_word' id='word_1_109' title='bbox 1013 1609 1228 1663; x_wconf 88' lang='lat' dir='ltr'>multas</span> <span class='ocrx_word' id='word_1_110' title='bbox 1253 1608 1454 1663; x_wconf 84' lang='lat' dir='ltr'>turbas</span> <span class='ocrx_word' id='word_1_111' title='bbox 1477 1607 1782 1662; x_wconf 90' lang='lat' dir='ltr'>hominum</span> <span class='ocrx_word' id='word_1_112' title='bbox 1809 1623 1896 1661; x_wconf 89' lang='lat' dir='ltr'>sa-</span> 
     </span>
    </p>
   </div>
   <div class='ocr_carea' id='block_1_18' title="bbox 244 1697 1895 1770">
    <p class='ocr_par' dir='ltr' id='par_1_18' title="bbox 244 1697 1895 1770">
     <span class='ocr_line' id='line_1_18' title="bbox 244 1697 1895 1770; baseline -0.002 -16"><span class='ocrx_word' id='word_1_113' title='bbox 244 1699 372 1755; x_wconf 88' lang='lat' dir='ltr'>tiari</span> <span class='ocrx_word' id='word_1_114' title='bbox 405 1715 580 1770; x_wconf 87' lang='lat' dir='ltr'>posse</span> <span class='ocrx_word' id='word_1_115' title='bbox 603 1699 660 1753; x_wconf 91' lang='lat' dir='ltr'>in</span> <span class='ocrx_word' id='word_1_116' title='bbox 694 1697 1026 1764; x_wconf 90' lang='lat' dir='ltr'>solitudine,</span> <span class='ocrx_word' id='word_1_117' title='bbox 1052 1697 1151 1768; x_wconf 81' lang='lat' dir='ltr'>qui</span> <span class='ocrx_word' id='word_1_118' title='bbox 1181 1715 1282 1770; x_wconf 90' lang='lat' dir='ltr'>per</span> <span class='ocrx_word' id='word_1_119' title='bbox 1302 1697 1690 1769; x_wconf 86' lang='lat' dir='ltr'>quadraginta</span> <span class='ocrx_word' id='word_1_120' title='bbox 1711 1712 1895 1750; x_wconf 89' lang='lat' dir='ltr'>annos</span> 
     </span>
    </p>
   </div>
   <div class='ocr_carea' id='block_1_19' title="bbox 242 1784 1974 1888">
    <p class='ocr_par' dir='ltr' id='par_1_19' title="bbox 242 1784 1974 1888">
     <span class='ocr_line' id='line_1_19' title="bbox 242 1784 1974 1888; baseline -0.003 -45"><span class='ocrx_word' id='word_1_121' title='bbox 242 1787 367 1843; x_wconf 87' lang='lat' dir='ltr'>sine</span> <span class='ocrx_word' id='word_1_122' title='bbox 401 1787 586 1842; x_wconf 87' lang='lat' dir='ltr'>aratri</span> <span class='ocrx_word' id='word_1_123' title='bbox 620 1786 816 1842; x_wconf 88' lang='lat' dir='ltr'>labore</span> <span class='ocrx_word' id='word_1_124' title='bbox 870 1786 1192 1841; x_wconf 86' lang='lat' dir='ltr'>immensas</span> <span class='ocrx_word' id='word_1_125' title='bbox 1224 1785 1419 1858; x_wconf 89' lang='lat' dir='ltr'>p0puli</span> <span class='ocrx_word' id='word_1_126' title='bbox 1470 1789 1729 1840; x_wconf 84' lang='lat' dir='ltr'>catervas</span> <span class='ocrx_word' id='word_1_127' title='bbox 1769 1784 1894 1838; x_wconf 89' lang='lat' dir='ltr'>cibo</span> <span class='ocrx_word' id='word_1_128' title='bbox 1929 1824 1974 1888; x_wconf 77' lang='grc' dir='ltr'><strong>Β</strong></span> 
     </span>
    </p>
   </div>
   <div class='ocr_carea' id='block_1_20' title="bbox 239 1873 1894 1944">
    <p class='ocr_par' dir='ltr' id='par_1_20' title="bbox 239 1873 1894 1944">
     <span class='ocr_line' id='line_1_20' title="bbox 239 1873 1894 1944; baseline -0.004 -12"><span class='ocrx_word' id='word_1_129' title='bbox 239 1894 470 1932; x_wconf 66' lang='lat' dir='ltr'>manna:</span> <span class='ocrx_word' id='word_1_130' title='bbox 515 1875 663 1930; x_wconf 89' lang='lat' dir='ltr'>aluit</span> <span class='ocrx_word' id='word_1_131' title='bbox 695 1877 754 1929; x_wconf 92' lang='lat' dir='ltr'>in</span> <span class='ocrx_word' id='word_1_132' title='bbox 784 1876 1034 1930; x_wconf 90' lang='lat' dir='ltr'>deserto.</span> <span class='ocrx_word' id='word_1_133' title='bbox 1074 1899 1084 1923; x_wconf 93' lang='grc'><strong>‹</strong></span> <span class='ocrx_word' id='word_1_134' title='bbox 1113 1873 1219 1940; x_wconf 87' lang='lat' dir='ltr'>Qui</span> <span class='ocrx_word' id='word_1_135' title='bbox 1249 1874 1556 1929; x_wconf 86' lang='lat' dir='ltr'>dixerunt:</span> <span class='ocrx_word' id='word_1_136' title='bbox 1581 1875 1835 1944; x_wconf 85' lang='lat' dir='ltr'>Septem.</span> <span class='ocrx_word' id='word_1_137' title='bbox 1869 1895 1894 1919; x_wconf 84' lang='grc'><strong>››</strong></span> 
     </span>
    </p>
   </div>
   <div class='ocr_carea' id='block_1_21' title="bbox 236 1962 1897 2036">
    <p class='ocr_par' dir='ltr' id='par_1_21' title="bbox 236 1962 1897 2036">
     <span class='ocr_line' id='line_1_21' title="bbox 236 1962 1897 2036; baseline -0.004 -15"><span class='ocrx_word' id='word_1_138' title='bbox 236 1967 296 2021; x_wconf 85' lang='lat' dir='ltr'>In</span> <span class='ocrx_word' id='word_1_139' title='bbox 351 1965 472 2020; x_wconf 88' lang='lat' dir='ltr'>alia</span> <span class='ocrx_word' id='word_1_140' title='bbox 519 1965 832 2019; x_wconf 81' lang='lat' dir='ltr'>refectione</span> <span class='ocrx_word' id='word_1_141' title='bbox 877 1965 1137 2034; x_wconf 89' lang='lat' dir='ltr'>quinque</span> <span class='ocrx_word' id='word_1_142' title='bbox 1171 1981 1349 2036; x_wconf 89' lang='lat' dir='ltr'>panes</span> <span class='ocrx_word' id='word_1_143' title='bbox 1379 1962 1684 2018; x_wconf 87' lang='lat' dir='ltr'>hordeacei</span> <span class='ocrx_word' id='word_1_144' title='bbox 1716 1962 1897 2015; x_wconf 87' lang='lat' dir='ltr'>fuisse</span> 
     </span>
    </p>
   </div>
   <div class='ocr_carea' id='block_1_22' title="bbox 229 2049 1898 2124">
    <p class='ocr_par' dir='ltr' id='par_1_22' title="bbox 229 2049 1898 2124">
     <span class='ocr_line' id='line_1_22' title="bbox 229 2049 1898 2124; baseline -0.004 -13"><span class='ocrx_word' id='word_1_145' title='bbox 229 2055 597 2119; x_wconf 86' lang='lat' dir='ltr'>referuntur,</span> <span class='ocrx_word' id='word_1_146' title='bbox 623 2069 724 2124; x_wconf 90' lang='lat' dir='ltr'>per</span> <span class='ocrx_word' id='word_1_147' title='bbox 755 2070 922 2124; x_wconf 91' lang='lat' dir='ltr'>quos,</span> <span class='ocrx_word' id='word_1_148' title='bbox 954 2056 1017 2107; x_wconf 93' lang='lat' dir='ltr'>ut</span> <span class='ocrx_word' id='word_1_149' title='bbox 1046 2051 1324 2118; x_wconf 84' lang='lat' dir='ltr'>diximus,</span> <span class='ocrx_word' id='word_1_150' title='bbox 1351 2051 1644 2123; x_wconf 90' lang='lat' dir='ltr'>scriptura</span> <span class='ocrx_word' id='word_1_151' title='bbox 1671 2049 1898 2105; x_wconf 84' lang='lat' dir='ltr'>Veteris</span> 
     </span>
    </p>
   </div>
   <div class='ocr_carea' id='block_1_23' title="bbox 229 2137 1897 2214">
    <p class='ocr_par' dir='ltr' id='par_1_23' title="bbox 229 2137 1897 2214">
     <span class='ocr_line' id='line_1_23' title="bbox 229 2137 1897 2214; baseline -0.005 -14"><span class='ocrx_word' id='word_1_152' title='bbox 229 2143 606 2200; x_wconf 86' lang='lat' dir='ltr'>Testamenti</span> <span class='ocrx_word' id='word_1_153' title='bbox 639 2142 965 2214; x_wconf 79' lang='lat' dir='ltr'>significata</span> <span class='ocrx_word' id='word_1_154' title='bbox 996 2147 1102 2207; x_wconf 92' lang='lat' dir='ltr'>est,</span> <span class='ocrx_word' id='word_1_155' title='bbox 1146 2142 1256 2196; x_wconf 92' lang='lat' dir='ltr'>sub</span> <span class='ocrx_word' id='word_1_156' title='bbox 1288 2140 1544 2212; x_wconf 85' lang='lat' dir='ltr'>tegmine</span> <span class='ocrx_word' id='word_1_157' title='bbox 1575 2139 1775 2194; x_wconf 72' lang='lat' dir='ltr'>littera:</span> <span class='ocrx_word' id='word_1_158' title='bbox 1808 2137 1897 2192; x_wconf 89' lang='lat' dir='ltr'>1a-</span> 
     </span>
    </p>
   </div>
   <div class='ocr_carea' id='block_1_24' title="bbox 223 2229 1898 2301">
    <p class='ocr_par' dir='ltr' id='par_1_24' title="bbox 223 2229 1898 2301">
     <span class='ocr_line' id='line_1_24' title="bbox 223 2229 1898 2301; baseline -0.005 -12"><span class='ocrx_word' id='word_1_159' title='bbox 223 2232 568 2289; x_wconf 81' lang='lat' dir='ltr'>tens.Nunc</span> <span class='ocrx_word' id='word_1_160' title='bbox 585 2234 779 2285; x_wconf 87' lang='lat' dir='ltr'>autem</span> <span class='ocrx_word' id='word_1_161' title='bbox 799 2229 892 2284; x_wconf 91' lang='lat' dir='ltr'>hic</span> <span class='ocrx_word' id='word_1_162' title='bbox 915 2235 1136 2301; x_wconf 90' lang='lat' dir='ltr'>septem</span> <span class='ocrx_word' id='word_1_163' title='bbox 1158 2247 1337 2301; x_wconf 90' lang='lat' dir='ltr'>panes</span> <span class='ocrx_word' id='word_1_164' title='bbox 1366 2229 1546 2284; x_wconf 84' lang='lat' dir='ltr'>fuisse</span> <span class='ocrx_word' id='word_1_165' title='bbox 1569 2244 1898 2282; x_wconf 87' lang='lat' dir='ltr'>memoran-</span> 
     </span>
    </p>
   </div>
   <div class='ocr_carea' id='block_1_25' title="bbox 218 2317 1900 2392">
    <p class='ocr_par' dir='ltr' id='par_1_25' title="bbox 218 2317 1900 2392">
     <span class='ocr_line' id='line_1_25' title="bbox 218 2317 1900 2392; baseline -0.005 -14"><span class='ocrx_word' id='word_1_166' title='bbox 218 2327 344 2386; x_wconf 91' lang='lat' dir='ltr'>tur,</span> <span class='ocrx_word' id='word_1_167' title='bbox 365 2323 614 2392; x_wconf 83' lang='lat' dir='ltr'>propter</span> <span class='ocrx_word' id='word_1_168' title='bbox 629 2318 1026 2391; x_wconf 88' lang='lat' dir='ltr'>septiformem</span> <span class='ocrx_word' id='word_1_169' title='bbox 1045 2317 1290 2391; x_wconf 88' lang='lat' dir='ltr'>gratiam</span> <span class='ocrx_word' id='word_1_170' title='bbox 1312 2317 1566 2389; x_wconf 91' lang='lat' dir='ltr'>Spiritus</span> <span class='ocrx_word' id='word_1_171' title='bbox 1584 2317 1900 2380; x_wconf 88' lang='lat' dir='ltr'>sancti,cu-</span> 
     </span>
    </p>
   </div>
   <div class='ocr_carea' id='block_1_26' title="bbox 203 2405 1895 2482">
    <p class='ocr_par' dir='ltr' id='par_1_26' title="bbox 203 2405 1895 2482">
     <span class='ocr_line' id='line_1_26' title="bbox 203 2405 1895 2482; baseline -0.004 -16"><span class='ocrx_word' id='word_1_172' title='bbox 203 2412 321 2482; x_wconf 84' lang='lat' dir='ltr'>jus</span> <span class='ocrx_word' id='word_1_173' title='bbox 342 2408 552 2481; x_wconf 87' lang='lat' dir='ltr'>gratia</span> <span class='ocrx_word' id='word_1_174' title='bbox 574 2407 886 2463; x_wconf 89' lang='lat' dir='ltr'>illuminati</span> <span class='ocrx_word' id='word_1_175' title='bbox 906 2405 1154 2479; x_wconf 89' lang='lat' dir='ltr'>apostoli</span> <span class='ocrx_word' id='word_1_176' title='bbox 1171 2423 1494 2478; x_wconf 89' lang='lat' dir='ltr'>eorumque</span> <span class='ocrx_word' id='word_1_177' title='bbox 1511 2421 1895 2468; x_wconf 88' lang='lat' dir='ltr'>successores,</span> 
     </span>
    </p>
   </div>
   <div class='ocr_carea' id='block_1_27' title="bbox 207 2493 1898 2567">
    <p class='ocr_par' dir='ltr' id='par_1_27' title="bbox 207 2493 1898 2567">
     <span class='ocr_line' id='line_1_27' title="bbox 207 2493 1898 2567; baseline -0.004 -12"><span class='ocrx_word' id='word_1_178' title='bbox 207 2504 274 2555; x_wconf 88' lang='lat' dir='ltr'>et</span> <span class='ocrx_word' id='word_1_179' title='bbox 306 2499 508 2554; x_wconf 83' lang='lat' dir='ltr'>ﬁdem</span> <span class='ocrx_word' id='word_1_180' title='bbox 532 2501 744 2554; x_wconf 69' lang='lat' dir='ltr'>sanctae</span> <span class='ocrx_word' id='word_1_181' title='bbox 767 2495 1089 2563; x_wconf 87' lang='lat' dir='ltr'>Trinitatis,</span> <span class='ocrx_word' id='word_1_182' title='bbox 1109 2500 1165 2550; x_wconf 90' lang='lat' dir='ltr'>et</span> <span class='ocrx_word' id='word_1_183' title='bbox 1187 2501 1439 2567; x_wconf 87' lang='lat' dir='ltr'>quatuor</span> <span class='ocrx_word' id='word_1_184' title='bbox 1454 2493 1898 2566; x_wconf 87' lang='lat' dir='ltr'>Evangeliorum</span> 
     </span>
    </p>
   </div>
   <div class='ocr_carea' id='block_1_28' title="bbox 205 2583 1898 2653">
    <p class='ocr_par' dir='ltr' id='par_1_28' title="bbox 205 2583 1898 2653">
     <span class='ocr_line' id='line_1_28' title="bbox 205 2583 1898 2653; baseline -0.004 -10"><span class='ocrx_word' id='word_1_185' title='bbox 205 2587 576 2643; x_wconf 87' lang='lat' dir='ltr'>doctrinam</span> <span class='ocrx_word' id='word_1_186' title='bbox 598 2585 819 2640; x_wconf 90' lang='lat' dir='ltr'>mundo</span> <span class='ocrx_word' id='word_1_187' title='bbox 840 2583 1523 2646; x_wconf 88' lang='lat' dir='ltr'>annuntiaverunt.Quod</span> <span class='ocrx_word' id='word_1_188' title='bbox 1545 2583 1689 2636; x_wconf 90' lang='lat' dir='ltr'>bene</span> <span class='ocrx_word' id='word_1_189' title='bbox 1708 2587 1898 2653; x_wconf 89' lang='lat' dir='ltr'>septe-</span> 
     </span>
    </p>
   </div>
   <div class='ocr_carea' id='block_1_29' title="bbox 202 2670 1898 2745">
    <p class='ocr_par' dir='ltr' id='par_1_29' title="bbox 202 2670 1898 2745">
     <span class='ocr_line' id='line_1_29' title="bbox 202 2670 1898 2745; baseline -0.005 -15"><span class='ocrx_word' id='word_1_190' title='bbox 202 2675 446 2732; x_wconf 83' lang='lat' dir='ltr'>narius</span> <span class='ocrx_word' id='word_1_191' title='bbox 479 2691 764 2730; x_wconf 88' lang='lat' dir='ltr'>numerus</span> <span class='ocrx_word' id='word_1_192' title='bbox 794 2673 1009 2745; x_wconf 86' lang='lat' dir='ltr'>signat,</span> <span class='ocrx_word' id='word_1_193' title='bbox 1044 2673 1144 2744; x_wconf 92' lang='lat' dir='ltr'>qui</span> <span class='ocrx_word' id='word_1_194' title='bbox 1199 2676 1427 2728; x_wconf 82' lang='lat' dir='ltr'>constat</span> <span class='ocrx_word' id='word_1_195' title='bbox 1455 2689 1523 2726; x_wconf 84' lang='lat' dir='ltr'>ex</span> <span class='ocrx_word' id='word_1_196' title='bbox 1554 2671 1742 2742; x_wconf 90' lang='lat' dir='ltr'>primo</span> <span class='ocrx_word' id='word_1_197' title='bbox 1773 2670 1898 2742; x_wconf 89' lang='lat' dir='ltr'>pari</span> 
     </span>
    </p>
   </div>
   <div class='ocr_carea' id='block_1_30' title="bbox 199 2759 1897 2837">
    <p class='ocr_par' dir='ltr' id='par_1_30' title="bbox 199 2759 1897 2837">
     <span class='ocr_line' id='line_1_30' title="bbox 199 2759 1897 2837; baseline -0.004 -18"><span class='ocrx_word' id='word_1_198' title='bbox 199 2769 268 2820; x_wconf 89' lang='lat' dir='ltr'>et</span> <span class='ocrx_word' id='word_1_199' title='bbox 299 2764 517 2837; x_wconf 89' lang='lat' dir='ltr'>primo</span> <span class='ocrx_word' id='word_1_200' title='bbox 545 2762 774 2835; x_wconf 89' lang='lat' dir='ltr'>impari,</span> <span class='ocrx_word' id='word_1_201' title='bbox 803 2762 860 2816; x_wconf 91' lang='lat' dir='ltr'>id</span> <span class='ocrx_word' id='word_1_202' title='bbox 895 2766 1001 2828; x_wconf 85' lang='lat' dir='ltr'>est,</span> <span class='ocrx_word' id='word_1_203' title='bbox 1037 2779 1104 2816; x_wconf 89' lang='lat' dir='ltr'>ex</span> <span class='ocrx_word' id='word_1_204' title='bbox 1133 2760 1386 2816; x_wconf 87' lang='lat' dir='ltr'>ternario</span> <span class='ocrx_word' id='word_1_205' title='bbox 1419 2765 1474 2815; x_wconf 91' lang='lat' dir='ltr'>et</span> <span class='ocrx_word' id='word_1_206' title='bbox 1505 2759 1897 2831; x_wconf 90' lang='lat' dir='ltr'>quaternario.</span> 
     </span>
    </p>
   </div>
   <div class='ocr_carea' id='block_1_31' title="bbox 201 2846 1899 2924">
    <p class='ocr_par' dir='ltr' id='par_1_31' title="bbox 201 2846 1899 2924">
     <span class='ocr_line' id='line_1_31' title="bbox 201 2846 1899 2924; baseline -0.006 -14"><span class='ocrx_word' id='word_1_207' title='bbox 201 2855 357 2910; x_wconf 85' lang='lat' dir='ltr'>Sive</span> <span class='ocrx_word' id='word_1_208' title='bbox 380 2853 534 2924; x_wconf 87' lang='lat' dir='ltr'>quia</span> <span class='ocrx_word' id='word_1_209' title='bbox 551 2851 916 2923; x_wconf 82' lang='lat' dir='ltr'>septenarius</span> <span class='ocrx_word' id='word_1_210' title='bbox 937 2867 1217 2904; x_wconf 91' lang='lat' dir='ltr'>numerus</span> <span class='ocrx_word' id='word_1_211' title='bbox 1241 2851 1571 2920; x_wconf 89' lang='lat' dir='ltr'>frequenter</span> <span class='ocrx_word' id='word_1_212' title='bbox 1593 2865 1694 2919; x_wconf 89' lang='lat' dir='ltr'>pro</span> <span class='ocrx_word' id='word_1_213' title='bbox 1717 2846 1899 2918; x_wconf 91' lang='lat' dir='ltr'>pleni-</span> 
     </span>
    </p>
   </div>
   <div class='ocr_carea' id='block_1_32' title="bbox 203 2936 1900 3014">
    <p class='ocr_par' dir='ltr' id='par_1_32' title="bbox 203 2936 1900 3014">
     <span class='ocr_line' id='line_1_32' title="bbox 203 2936 1900 3014; baseline -0.005 -16"><span class='ocrx_word' id='word_1_214' title='bbox 203 2943 449 2998; x_wconf 81' lang='lat' dir='ltr'>tudine</span> <span class='ocrx_word' id='word_1_215' title='bbox 481 2941 738 3014; x_wconf 88' lang='lat' dir='ltr'>ponitur,</span> <span class='ocrx_word' id='word_1_216' title='bbox 771 2939 912 3012; x_wconf 87' lang='lat' dir='ltr'>quia</span> <span class='ocrx_word' id='word_1_217' title='bbox 959 2955 1062 3011; x_wconf 89' lang='lat' dir='ltr'>per</span> <span class='ocrx_word' id='word_1_218' title='bbox 1112 2938 1298 2994; x_wconf 88' lang='lat' dir='ltr'>sancti</span> <span class='ocrx_word' id='word_1_219' title='bbox 1349 2937 1603 3009; x_wconf 87' lang='lat' dir='ltr'>Spiritus</span> <span class='ocrx_word' id='word_1_220' title='bbox 1651 2936 1900 3008; x_wconf 88' lang='lat' dir='ltr'>gratiam</span> 
     </span>
    </p>
   </div>
   <div class='ocr_carea' id='block_1_33' title="bbox 207 3026 1666 3103">
    <p class='ocr_par' dir='ltr' id='par_1_33' title="bbox 207 3026 1666 3103">
     <span class='ocr_line' id='line_1_33' title="bbox 207 3026 1666 3103; baseline -0.005 -17"><span class='ocrx_word' id='word_1_221' title='bbox 207 3030 661 3103; x_wconf 80' lang='lat' dir='ltr'>perfectionem</span> <span class='ocrx_word' id='word_1_222' title='bbox 686 3027 929 3100; x_wconf 65' lang='lat' dir='ltr'>justitim</span> <span class='ocrx_word' id='word_1_223' title='bbox 961 3026 1258 3082; x_wconf 86' lang='lat' dir='ltr'>consecuti</span> <span class='ocrx_word' id='word_1_224' title='bbox 1289 3030 1427 3080; x_wconf 91' lang='lat' dir='ltr'>sunt</span> <span class='ocrx_word' id='word_1_225' title='bbox 1458 3026 1666 3080; x_wconf 87' lang='lat' dir='ltr'>sancti.</span> 
     </span>
    </p>
   </div>
   <div class='ocr_carea' id='block_1_34' title="bbox 298 3115 1898 3190">
    <p class='ocr_par' dir='ltr' id='par_1_34' title="bbox 298 3115 1898 3190">
     <span class='ocr_line' id='line_1_34' title="bbox 298 3115 1898 3190; baseline 0 -21"><span class='ocrx_word' id='word_1_226' title='bbox 298 3142 331 3169; x_wconf 76' lang='grc' dir='ltr'>α</span> <span class='ocrx_word' id='word_1_227' title='bbox 370 3120 452 3173; x_wconf 85' lang='lat' dir='ltr'>Et</span> <span class='ocrx_word' id='word_1_228' title='bbox 481 3116 754 3190; x_wconf 70' lang='lat' dir='ltr'>praecepit</span> <span class='ocrx_word' id='word_1_229' title='bbox 783 3117 965 3171; x_wconf 64' lang='lat' dir='ltr'>turba;</span> <span class='ocrx_word' id='word_1_230' title='bbox 995 3115 1362 3171; x_wconf 87' lang='lat' dir='ltr'>discumbere</span> <span class='ocrx_word' id='word_1_231' title='bbox 1393 3130 1570 3186; x_wconf 85' lang='lat' dir='ltr'>super</span> <span class='ocrx_word' id='word_1_232' title='bbox 1596 3119 1835 3169; x_wconf 87' lang='lat' dir='ltr'>terram.</span> <span class='ocrx_word' id='word_1_233' title='bbox 1871 3136 1898 3162; x_wconf 85' lang='grc'>››</span> 
     </span>
    </p>
   </div>
   <div class='ocr_carea' id='block_1_35' title="bbox 2000 541 3645 614">
    <p class='ocr_par' dir='ltr' id='par_1_35' title="bbox 2000 541 3645 614">
     <span class='ocr_line' id='line_1_35' title="bbox 2000 541 3645 614; baseline 0.004 -20"><span class='ocrx_word' id='word_1_234' title='bbox 2000 563 2028 590; x_wconf 90' lang='grc'>‹‹</span> <span class='ocrx_word' id='word_1_235' title='bbox 2059 542 2261 596; x_wconf 72' lang='lat' dir='ltr'>turbae.</span> <span class='ocrx_word' id='word_1_236' title='bbox 2289 564 2314 588; x_wconf 73' lang='grc' dir='ltr'>υ</span> <span class='ocrx_word' id='word_1_237' title='bbox 2343 542 2471 596; x_wconf 84' lang='lat' dir='ltr'>Jam</span> <span class='ocrx_word' id='word_1_238' title='bbox 2509 541 2782 612; x_wconf 87' lang='lat' dir='ltr'>superius</span> <span class='ocrx_word' id='word_1_239' title='bbox 2808 557 2911 611; x_wconf 89' lang='lat' dir='ltr'>per</span> <span class='ocrx_word' id='word_1_240' title='bbox 2941 544 3162 613; x_wconf 88' lang='lat' dir='ltr'>septem</span> <span class='ocrx_word' id='word_1_241' title='bbox 3196 558 3395 613; x_wconf 88' lang='lat' dir='ltr'>panes,</span> <span class='ocrx_word' id='word_1_242' title='bbox 3425 549 3645 614; x_wconf 89' lang='lat' dir='ltr'>septem</span> 
     </span>
    </p>
   </div>
   <div class='ocr_carea' id='block_1_36' title="bbox 1997 629 3647 706">
    <p class='ocr_par' dir='ltr' id='par_1_36' title="bbox 1997 629 3647 706">
     <span class='ocr_line' id='line_1_36' title="bbox 1997 629 3647 706; baseline 0.003 -22"><span class='ocrx_word' id='word_1_243' title='bbox 1997 631 2149 685; x_wconf 90' lang='lat' dir='ltr'>dona</span> <span class='ocrx_word' id='word_1_244' title='bbox 2165 631 2420 702; x_wconf 87' lang='lat' dir='ltr'>Spiritus</span> <span class='ocrx_word' id='word_1_245' title='bbox 2444 629 2628 685; x_wconf 88' lang='lat' dir='ltr'>sancti</span> <span class='ocrx_word' id='word_1_246' title='bbox 2654 630 2890 702; x_wconf 80' lang='lat' dir='ltr'>figurari</span> <span class='ocrx_word' id='word_1_247' title='bbox 2915 629 3189 685; x_wconf 81' lang='lat' dir='ltr'>diximus.</span> <span class='ocrx_word' id='word_1_248' title='bbox 3206 631 3491 686; x_wconf 89' lang='lat' dir='ltr'>Dominus</span> <span class='ocrx_word' id='word_1_249' title='bbox 3512 651 3647 706; x_wconf 89' lang='lat' dir='ltr'>ergo</span> 
     </span>
    </p>
   </div>
   <div class='ocr_carea' id='block_1_37' title="bbox 1997 717 3650 791">
    <p class='ocr_par' dir='ltr' id='par_1_37' title="bbox 1997 717 3650 791">
     <span class='ocr_line' id='line_1_37' title="bbox 1997 717 3650 791; baseline 0.001 -17"><span class='ocrx_word' id='word_1_250' title='bbox 1997 725 2219 791; x_wconf 89' lang='lat' dir='ltr'>septem</span> <span class='ocrx_word' id='word_1_251' title='bbox 2256 736 2433 791; x_wconf 89' lang='lat' dir='ltr'>panes</span> <span class='ocrx_word' id='word_1_252' title='bbox 2460 719 2699 790; x_wconf 88' lang='lat' dir='ltr'>accepit,</span> <span class='ocrx_word' id='word_1_253' title='bbox 2717 717 2855 790; x_wconf 89' lang='lat' dir='ltr'>quia</span> <span class='ocrx_word' id='word_1_254' title='bbox 2877 737 2990 790; x_wconf 70' lang='lat' dir='ltr'>prae</span> <span class='ocrx_word' id='word_1_255' title='bbox 3014 719 3289 774; x_wconf 88' lang='lat' dir='ltr'>omnibus</span> <span class='ocrx_word' id='word_1_256' title='bbox 3311 719 3650 776; x_wconf 89' lang='lat' dir='ltr'>hominibus</span> 
     </span>
    </p>
   </div>
   <div class='ocr_carea' id='block_1_38' title="bbox 1999 807 3649 880">
    <p class='ocr_par' dir='ltr' id='par_1_38' title="bbox 1999 807 3649 880">
     <span class='ocr_line' id='line_1_38' title="bbox 1999 807 3649 880; baseline 0.001 -16"><span class='ocrx_word' id='word_1_257' title='bbox 1999 808 2329 880; x_wconf 83' lang='lat' dir='ltr'>specialiter</span> <span class='ocrx_word' id='word_1_258' title='bbox 2354 813 2574 880; x_wconf 83' lang='lat' dir='ltr'>septem</span> <span class='ocrx_word' id='word_1_259' title='bbox 2603 808 2754 861; x_wconf 90' lang='lat' dir='ltr'>dona</span> <span class='ocrx_word' id='word_1_260' title='bbox 2775 807 3027 878; x_wconf 86' lang='lat' dir='ltr'>Spiritus</span> <span class='ocrx_word' id='word_1_261' title='bbox 3049 807 3234 863; x_wconf 88' lang='lat' dir='ltr'>sancti</span> <span class='ocrx_word' id='word_1_262' title='bbox 3255 809 3312 864; x_wconf 92' lang='lat' dir='ltr'>in</span> <span class='ocrx_word' id='word_1_263' title='bbox 3338 826 3400 864; x_wconf 91' lang='lat' dir='ltr'>se</span> <span class='ocrx_word' id='word_1_264' title='bbox 3423 809 3649 878; x_wconf 88' lang='lat' dir='ltr'>habuit,</span> 
     </span>
    </p>
   </div>
   <div class='ocr_carea' id='block_1_39' title="bbox 2000 896 3652 973">
    <p class='ocr_par' dir='ltr' id='par_1_39' title="bbox 2000 896 3652 973">
     <span class='ocr_line' id='line_1_39' title="bbox 2000 896 3652 973; baseline 0.002 -22"><span class='ocrx_word' id='word_1_265' title='bbox 2000 897 2226 952; x_wconf 89' lang='lat' dir='ltr'>dicente</span> <span class='ocrx_word' id='word_1_266' title='bbox 2257 897 2537 968; x_wconf 88' lang='lat' dir='ltr'>propheta</span> <span class='ocrx_word' id='word_1_267' title='bbox 2570 913 2582 950; x_wconf 87' lang='lat'>:</span> <span class='ocrx_word' id='word_1_268' title='bbox 2617 919 2644 944; x_wconf 84' lang='lat'><strong><em>«</em></strong></span> <span class='ocrx_word' id='word_1_269' title='bbox 2679 897 2747 950; x_wconf 87' lang='lat' dir='ltr'>Et</span> <span class='ocrx_word' id='word_1_270' title='bbox 2778 896 3104 968; x_wconf 89' lang='lat' dir='ltr'>requiescet</span> <span class='ocrx_word' id='word_1_271' title='bbox 3133 915 3311 970; x_wconf 91' lang='lat' dir='ltr'>super</span> <span class='ocrx_word' id='word_1_272' title='bbox 3358 917 3493 954; x_wconf 91' lang='lat' dir='ltr'>eum</span> <span class='ocrx_word' id='word_1_273' title='bbox 3534 900 3652 973; x_wconf 91' lang='lat' dir='ltr'>spi-</span> 
     </span>
    </p>
   </div>
   <div class='ocr_carea' id='block_1_40' title="bbox 2000 985 3654 1062">
    <p class='ocr_par' dir='ltr' id='par_1_40' title="bbox 2000 985 3654 1062">
     <span class='ocr_line' id='line_1_40' title="bbox 2000 985 3654 1062; baseline 0.002 -21"><span class='ocrx_word' id='word_1_274' title='bbox 2000 987 2147 1042; x_wconf 89' lang='lat' dir='ltr'>ritus</span> <span class='ocrx_word' id='word_1_275' title='bbox 2178 986 2431 1052; x_wconf 88' lang='lat' dir='ltr'>Domini,</span> <span class='ocrx_word' id='word_1_276' title='bbox 2465 985 2706 1056; x_wconf 86' lang='lat' dir='ltr'>spiritus</span> <span class='ocrx_word' id='word_1_277' title='bbox 2738 985 3035 1056; x_wconf 70' lang='lat' dir='ltr'>sapientiae</span> <span class='ocrx_word' id='word_1_278' title='bbox 3066 991 3122 1041; x_wconf 89' lang='lat' dir='ltr'>et</span> <span class='ocrx_word' id='word_1_279' title='bbox 3150 986 3498 1056; x_wconf 87' lang='lat' dir='ltr'>intellectus,</span> <span class='ocrx_word' id='word_1_280' title='bbox 3533 989 3654 1062; x_wconf 88' lang='lat' dir='ltr'>spi-</span> 
     </span>
    </p>
   </div>
   <div class='ocr_carea' id='block_1_41' title="bbox 2001 1073 3651 1152">
    <p class='ocr_par' dir='ltr' id='par_1_41' title="bbox 2001 1073 3651 1152">
     <span class='ocr_line' id='line_1_41' title="bbox 2001 1073 3651 1152; baseline 0.003 -22"><span class='ocrx_word' id='word_1_281' title='bbox 2001 1077 2148 1131; x_wconf 90' lang='lat' dir='ltr'>ritus</span> <span class='ocrx_word' id='word_1_282' title='bbox 2179 1075 2403 1130; x_wconf 90' lang='lat' dir='ltr'>consilii</span> <span class='ocrx_word' id='word_1_283' title='bbox 2435 1080 2491 1130; x_wconf 89' lang='lat' dir='ltr'>et</span> <span class='ocrx_word' id='word_1_284' title='bbox 2517 1073 2895 1140; x_wconf 85' lang='lat' dir='ltr'>fortitudinis,</span> <span class='ocrx_word' id='word_1_285' title='bbox 2914 1075 3156 1147; x_wconf 88' lang='lat' dir='ltr'>spiritus</span> <span class='ocrx_word' id='word_1_286' title='bbox 3179 1076 3432 1132; x_wconf 65' lang='lat' dir='ltr'>scientiae</span> <span class='ocrx_word' id='word_1_287' title='bbox 3455 1085 3512 1134; x_wconf 91' lang='lat' dir='ltr'>et</span> <span class='ocrx_word' id='word_1_288' title='bbox 3532 1080 3651 1152; x_wconf 89' lang='lat' dir='ltr'>pie-</span> 
     </span>
    </p>
   </div>
   <div class='ocr_carea' id='block_1_42' title="bbox 2001 1163 3649 1236">
    <p class='ocr_par' dir='ltr' id='par_1_42' title="bbox 2001 1163 3649 1236">
     <span class='ocr_line' id='line_1_42' title="bbox 2001 1163 3649 1236; baseline 0.003 -17"><span class='ocrx_word' id='word_1_289' title='bbox 2001 1165 2158 1230; x_wconf 89' lang='lat' dir='ltr'>tatis,</span> <span class='ocrx_word' id='word_1_290' title='bbox 2196 1169 2252 1219; x_wconf 91' lang='lat' dir='ltr'>et</span> <span class='ocrx_word' id='word_1_291' title='bbox 2284 1163 2528 1236; x_wconf 89' lang='lat' dir='ltr'>replebit</span> <span class='ocrx_word' id='word_1_292' title='bbox 2558 1180 2690 1218; x_wconf 91' lang='lat' dir='ltr'>eum</span> <span class='ocrx_word' id='word_1_293' title='bbox 2726 1163 2966 1234; x_wconf 90' lang='lat' dir='ltr'>spiritus</span> <span class='ocrx_word' id='word_1_294' title='bbox 2998 1165 3227 1219; x_wconf 87' lang='lat' dir='ltr'>timoris</span> <span class='ocrx_word' id='word_1_295' title='bbox 3258 1166 3486 1221; x_wconf 90' lang='lat' dir='ltr'>Domini</span> <span class='ocrx_word' id='word_1_296' title='bbox 3521 1171 3649 1235; x_wconf 73' lang='lat' dir='ltr'>(1.9a.</span> 
     </span>
    </p>
   </div>
   <div class='ocr_carea' id='block_1_43' title="bbox 1999 1254 3652 1328">
    <p class='ocr_par' dir='ltr' id='par_1_43' title="bbox 1999 1254 3652 1328">
     <span class='ocr_line' id='line_1_43' title="bbox 1999 1254 3652 1328; baseline 0.002 -19"><span class='ocrx_word' id='word_1_297' title='bbox 1999 1255 2099 1318; x_wconf 80' lang='lat' dir='ltr'>XI).</span> <span class='ocrx_word' id='word_1_298' title='bbox 2141 1278 2164 1301; x_wconf 89' lang='grc'><strong>››</strong></span> <span class='ocrx_word' id='word_1_299' title='bbox 2203 1254 2394 1324; x_wconf 88' lang='lat' dir='ltr'>Fregit</span> <span class='ocrx_word' id='word_1_300' title='bbox 2422 1258 2616 1307; x_wconf 89' lang='lat' dir='ltr'>autem</span> <span class='ocrx_word' id='word_1_301' title='bbox 2650 1270 2829 1324; x_wconf 86' lang='lat' dir='ltr'>panes</span> <span class='ocrx_word' id='word_1_302' title='bbox 2858 1259 2916 1308; x_wconf 90' lang='lat' dir='ltr'>et</span> <span class='ocrx_word' id='word_1_303' title='bbox 2961 1254 3120 1308; x_wconf 88' lang='lat' dir='ltr'>dedit</span> <span class='ocrx_word' id='word_1_304' title='bbox 3164 1255 3470 1328; x_wconf 88' lang='lat' dir='ltr'>discipulis</span> <span class='ocrx_word' id='word_1_305' title='bbox 3503 1258 3652 1324; x_wconf 86' lang='lat' dir='ltr'>suis,</span> 
     </span>
    </p>
   </div>
   <div class='ocr_carea' id='block_1_44' title="bbox 2003 1341 3648 1418">
    <p class='ocr_par' dir='ltr' id='par_1_44' title="bbox 2003 1341 3648 1418">
     <span class='ocr_line' id='line_1_44' title="bbox 2003 1341 3648 1418; baseline 0.004 -22"><span class='ocrx_word' id='word_1_306' title='bbox 2003 1343 2139 1416; x_wconf 90' lang='lat' dir='ltr'>quia</span> <span class='ocrx_word' id='word_1_307' title='bbox 2169 1343 2432 1412; x_wconf 90' lang='lat' dir='ltr'>ejusdem</span> <span class='ocrx_word' id='word_1_308' title='bbox 2466 1342 2718 1412; x_wconf 89' lang='lat' dir='ltr'>Spiritus</span> <span class='ocrx_word' id='word_1_309' title='bbox 2761 1341 2947 1397; x_wconf 88' lang='lat' dir='ltr'>sancti</span> <span class='ocrx_word' id='word_1_310' title='bbox 2977 1343 3129 1398; x_wconf 89' lang='lat' dir='ltr'>dona</span> <span class='ocrx_word' id='word_1_311' title='bbox 3161 1345 3478 1418; x_wconf 90' lang='lat' dir='ltr'>unicuique</span> <span class='ocrx_word' id='word_1_312' title='bbox 3511 1356 3648 1402; x_wconf 89' lang='lat' dir='ltr'>san-</span> 
     </span>
    </p>
   </div>
   <div class='ocr_carea' id='block_1_45' title="bbox 2002 1429 3652 1505">
    <p class='ocr_par' dir='ltr' id='par_1_45' title="bbox 2002 1429 3652 1505">
     <span class='ocr_line' id='line_1_45' title="bbox 2002 1429 3652 1505; baseline 0.002 -18"><span class='ocrx_word' id='word_1_313' title='bbox 2002 1436 2249 1496; x_wconf 90' lang='lat' dir='ltr'>ctorum,</span> <span class='ocrx_word' id='word_1_314' title='bbox 2285 1436 2454 1502; x_wconf 89' lang='lat' dir='ltr'>prout</span> <span class='ocrx_word' id='word_1_315' title='bbox 2483 1429 2626 1497; x_wconf 90' lang='lat' dir='ltr'>vult,</span> <span class='ocrx_word' id='word_1_316' title='bbox 2650 1431 2970 1496; x_wconf 88' lang='lat' dir='ltr'>distribuit,</span> <span class='ocrx_word' id='word_1_317' title='bbox 2995 1431 3123 1487; x_wconf 91' lang='lat' dir='ltr'>aliis</span> <span class='ocrx_word' id='word_1_318' title='bbox 3151 1432 3403 1505; x_wconf 87' lang='lat' dir='ltr'>largiens</span> <span class='ocrx_word' id='word_1_319' title='bbox 3428 1452 3652 1491; x_wconf 88' lang='lat' dir='ltr'>sermo-</span> 
     </span>
    </p>
   </div>
   <div class='ocr_carea' id='block_1_46' title="bbox 2004 1517 3655 1597">
    <p class='ocr_par' dir='ltr' id='par_1_46' title="bbox 2004 1517 3655 1597">
     <span class='ocr_line' id='line_1_46' title="bbox 2004 1517 3655 1597; baseline 0.004 -23"><span class='ocrx_word' id='word_1_320' title='bbox 2004 1537 2136 1575; x_wconf 90' lang='lat' dir='ltr'>nem</span> <span class='ocrx_word' id='word_1_321' title='bbox 2155 1519 2474 1591; x_wconf 69' lang='lat' dir='ltr'>sapientiaa,</span> <span class='ocrx_word' id='word_1_322' title='bbox 2491 1517 2622 1574; x_wconf 90' lang='lat' dir='ltr'>aliis</span> <span class='ocrx_word' id='word_1_323' title='bbox 2643 1536 2972 1574; x_wconf 89' lang='lat' dir='ltr'>sermonem</span> <span class='ocrx_word' id='word_1_324' title='bbox 2997 1521 3273 1592; x_wconf 68' lang='lat' dir='ltr'>scientiae,</span> <span class='ocrx_word' id='word_1_325' title='bbox 3288 1522 3420 1578; x_wconf 91' lang='lat' dir='ltr'>aliis</span> <span class='ocrx_word' id='word_1_326' title='bbox 3441 1541 3655 1597; x_wconf 83' lang='lat' dir='ltr'>genera</span> 
     </span>
    </p>
   </div>
   <div class='ocr_carea' id='block_1_47' title="bbox 2003 1607 3654 1679">
    <p class='ocr_par' dir='ltr' id='par_1_47' title="bbox 2003 1607 3654 1679">
     <span class='ocr_line' id='line_1_47' title="bbox 2003 1607 3654 1679; baseline 0.004 -17"><span class='ocrx_word' id='word_1_327' title='bbox 2003 1608 2359 1679; x_wconf 82' lang='lat' dir='ltr'>linguarum,</span> <span class='ocrx_word' id='word_1_328' title='bbox 2393 1607 2526 1663; x_wconf 90' lang='lat' dir='ltr'>aliis</span> <span class='ocrx_word' id='word_1_329' title='bbox 2557 1607 3094 1679; x_wconf 86' lang='lat' dir='ltr'>interpretationem</span> <span class='ocrx_word' id='word_1_330' title='bbox 3127 1616 3488 1679; x_wconf 82' lang='lat' dir='ltr'>sermonum,</span> <span class='ocrx_word' id='word_1_331' title='bbox 3523 1613 3654 1669; x_wconf 89' lang='lat' dir='ltr'>aliis</span> 
     </span>
    </p>
   </div>
   <div class='ocr_carea' id='block_1_48' title="bbox 2005 1696 3653 1774">
    <p class='ocr_par' dir='ltr' id='par_1_48' title="bbox 2005 1696 3653 1774">
     <span class='ocr_line' id='line_1_48' title="bbox 2005 1696 3653 1774; baseline 0.004 -22"><span class='ocrx_word' id='word_1_332' title='bbox 2005 1697 2415 1752; x_wconf 88' lang='lat' dir='ltr'>discretionem</span> <span class='ocrx_word' id='word_1_333' title='bbox 2448 1696 2784 1768; x_wconf 91' lang='lat' dir='ltr'>spirituum.</span> <span class='ocrx_word' id='word_1_334' title='bbox 2819 1697 2946 1752; x_wconf 88' lang='lat' dir='ltr'>Sive</span> <span class='ocrx_word' id='word_1_335' title='bbox 3000 1698 3158 1752; x_wconf 87' lang='lat' dir='ltr'>dedit</span> <span class='ocrx_word' id='word_1_336' title='bbox 3207 1704 3428 1772; x_wconf 88' lang='lat' dir='ltr'>septem</span> <span class='ocrx_word' id='word_1_337' title='bbox 3474 1719 3653 1774; x_wconf 89' lang='lat' dir='ltr'>panes</span> 
     </span>
    </p>
   </div>
   <div class='ocr_carea' id='block_1_49' title="bbox 2005 1785 3652 1862">
    <p class='ocr_par' dir='ltr' id='par_1_49' title="bbox 2005 1785 3652 1862">
     <span class='ocr_line' id='line_1_49' title="bbox 2005 1785 3652 1862; baseline 0.005 -22"><span class='ocrx_word' id='word_1_338' title='bbox 2005 1785 2309 1857; x_wconf 85' lang='lat' dir='ltr'>discipulis</span> <span class='ocrx_word' id='word_1_339' title='bbox 2339 1792 2402 1840; x_wconf 91' lang='lat' dir='ltr'>ut</span> <span class='ocrx_word' id='word_1_340' title='bbox 2433 1791 2791 1856; x_wconf 89' lang='lat' dir='ltr'>apponerent</span> <span class='ocrx_word' id='word_1_341' title='bbox 2821 1787 3270 1859; x_wconf 73' lang='lat' dir='ltr'>turbze,qt1ando</span> <span class='ocrx_word' id='word_1_342' title='bbox 3302 1794 3432 1862; x_wconf 90' lang='lat' dir='ltr'>post</span> <span class='ocrx_word' id='word_1_343' title='bbox 3461 1808 3652 1848; x_wconf 89' lang='lat' dir='ltr'>resur-</span> 
     </span>
    </p>
   </div>
   <div class='ocr_carea' id='block_1_50' title="bbox 2006 1873 3652 1946">
    <p class='ocr_par' dir='ltr' id='par_1_50' title="bbox 2006 1873 3652 1946">
     <span class='ocr_line' id='line_1_50' title="bbox 2006 1873 3652 1946; baseline 0.005 -16"><span class='ocrx_word' id='word_1_344' title='bbox 2006 1875 2320 1930; x_wconf 86' lang='lat' dir='ltr'>rectionem</span> <span class='ocrx_word' id='word_1_345' title='bbox 2355 1891 2642 1946; x_wconf 88' lang='lat' dir='ltr'>apparens</span> <span class='ocrx_word' id='word_1_346' title='bbox 2683 1873 2820 1938; x_wconf 91' lang='lat' dir='ltr'>illis,</span> <span class='ocrx_word' id='word_1_347' title='bbox 2853 1875 3171 1932; x_wconf 84' lang='lat' dir='ltr'>insufﬂavit</span> <span class='ocrx_word' id='word_1_348' title='bbox 3219 1883 3273 1932; x_wconf 91' lang='lat' dir='ltr'>et</span> <span class='ocrx_word' id='word_1_349' title='bbox 3322 1879 3466 1935; x_wconf 82' lang='lat' dir='ltr'>dixit</span> <span class='ocrx_word' id='word_1_350' title='bbox 3517 1883 3602 1937; x_wconf 92' lang='lat' dir='ltr'>eis</span> <span class='ocrx_word' id='word_1_351' title='bbox 3640 1900 3652 1938; x_wconf 91' lang='lat'>:</span> 
     </span>
    </p>
   </div>
   <div class='ocr_carea' id='block_1_51' title="bbox 2006 1963 3657 2035">
    <p class='ocr_par' dir='ltr' id='par_1_51' title="bbox 2006 1963 3657 2035">
     <span class='ocr_line' id='line_1_51' title="bbox 2006 1963 3657 2035; baseline 0.008 -22"><span class='ocrx_word' id='word_1_352' title='bbox 2006 1987 2032 2014; x_wconf 85' lang='grc'>‹‹</span> <span class='ocrx_word' id='word_1_353' title='bbox 2067 1963 2322 2035; x_wconf 87' lang='lat' dir='ltr'>Accipite</span> <span class='ocrx_word' id='word_1_354' title='bbox 2350 1963 2632 2035; x_wconf 89' lang='lat' dir='ltr'>Spiritum</span> <span class='ocrx_word' id='word_1_355' title='bbox 2684 1968 2974 2019; x_wconf 90' lang='lat' dir='ltr'>sanctum.</span> <span class='ocrx_word' id='word_1_356' title='bbox 3009 1967 3264 2028; x_wconf 88' lang='lat' dir='ltr'>Quorum</span> <span class='ocrx_word' id='word_1_357' title='bbox 3313 1969 3657 2027; x_wconf 89' lang='lat' dir='ltr'>remiseritis</span> 
     </span>
    </p>
   </div>
   <div class='ocr_carea' id='block_1_52' title="bbox 2007 2044 3654 2127">
    <p class='ocr_par' dir='ltr' id='par_1_52' title="bbox 2007 2044 3654 2127">
     <span class='ocr_line' id='line_1_52' title="bbox 2007 2044 3654 2127; baseline 0.005 -20"><span class='ocrx_word' id='word_1_358' title='bbox 2007 2057 2264 2124; x_wconf 91' lang='lat' dir='ltr'>peccata,</span> <span class='ocrx_word' id='word_1_359' title='bbox 2299 2044 2679 2106; x_wconf 70' lang='lat' dir='ltr'>remittuntur</span> <span class='ocrx_word' id='word_1_360' title='bbox 2724 2053 2806 2106; x_wconf 89' lang='lat' dir='ltr'>eis</span> <span class='ocrx_word' id='word_1_361' title='bbox 2842 2069 2855 2108; x_wconf 94' lang='lat'>:</span> <span class='ocrx_word' id='word_1_362' title='bbox 2889 2057 2945 2108; x_wconf 92' lang='lat' dir='ltr'>et</span> <span class='ocrx_word' id='word_1_363' title='bbox 2975 2070 3223 2126; x_wconf 90' lang='lat' dir='ltr'>quorum</span> <span class='ocrx_word' id='word_1_364' title='bbox 3274 2055 3654 2127; x_wconf 88' lang='lat' dir='ltr'>retinueritis,</span> 
     </span>
    </p>
   </div>
   <div class='ocr_carea' id='block_1_53' title="bbox 2007 2140 3656 2218">
    <p class='ocr_par' dir='ltr' id='par_1_53' title="bbox 2007 2140 3656 2218">
     <span class='ocr_line' id='line_1_53' title="bbox 2007 2140 3656 2218; baseline 0.005 -23"><span class='ocrx_word' id='word_1_365' title='bbox 2007 2145 2228 2196; x_wconf 89' lang='lat' dir='ltr'>retenta</span> <span class='ocrx_word' id='word_1_366' title='bbox 2259 2147 2396 2196; x_wconf 90' lang='lat' dir='ltr'>sunt</span> <span class='ocrx_word' id='word_1_367' title='bbox 2427 2142 2603 2213; x_wconf 84' lang='lat' dir='ltr'>(Joan.</span> <span class='ocrx_word' id='word_1_368' title='bbox 2628 2145 2740 2207; x_wconf 79' lang='lat' dir='ltr'>xx).</span> <span class='ocrx_word' id='word_1_369' title='bbox 2765 2164 2790 2189; x_wconf 91' lang='grc'><strong>››</strong></span> <span class='ocrx_word' id='word_1_370' title='bbox 2825 2140 3110 2215; x_wconf 89' lang='lat' dir='ltr'>Discipuli</span> <span class='ocrx_word' id='word_1_371' title='bbox 3144 2149 3338 2200; x_wconf 89' lang='lat' dir='ltr'>autem</span> <span class='ocrx_word' id='word_1_372' title='bbox 3371 2163 3656 2218; x_wconf 88' lang='lat' dir='ltr'>apposue-</span> 
     </span>
    </p>
   </div>
   <div class='ocr_carea' id='block_1_54' title="bbox 2008 2230 3654 2301">
    <p class='ocr_par' dir='ltr' id='par_1_54' title="bbox 2008 2230 3654 2301">
     <span class='ocr_line' id='line_1_54' title="bbox 2008 2230 3654 2301; baseline 0.005 -17"><span class='ocrx_word' id='word_1_373' title='bbox 2008 2235 2144 2285; x_wconf 91' lang='lat' dir='ltr'>runt</span> <span class='ocrx_word' id='word_1_374' title='bbox 2163 2231 2367 2296; x_wconf 65' lang='lat' dir='ltr'>turbae,</span> <span class='ocrx_word' id='word_1_375' title='bbox 2385 2230 2524 2301; x_wconf 87' lang='lat' dir='ltr'>quia</span> <span class='ocrx_word' id='word_1_376' title='bbox 2545 2247 2646 2300; x_wconf 91' lang='lat' dir='ltr'>per</span> <span class='ocrx_word' id='word_1_377' title='bbox 2666 2245 2867 2284; x_wconf 90' lang='lat' dir='ltr'>eorum</span> <span class='ocrx_word' id='word_1_378' title='bbox 2892 2233 3362 2301; x_wconf 67' lang='lat' dir='ltr'>praedicationem</span> <span class='ocrx_word' id='word_1_379' title='bbox 3389 2237 3654 2292; x_wconf 87' lang='lat' dir='ltr'>notitiam</span> 
     </span>
    </p>
   </div>
   <div class='ocr_carea' id='block_1_55' title="bbox 2008 2318 3659 2390">
    <p class='ocr_par' dir='ltr' id='par_1_55' title="bbox 2008 2318 3659 2390">
     <span class='ocr_line' id='line_1_55' title="bbox 2008 2318 3659 2390; baseline 0.007 -18"><span class='ocrx_word' id='word_1_380' title='bbox 2008 2318 2157 2373; x_wconf 90' lang='lat' dir='ltr'>sacri</span> <span class='ocrx_word' id='word_1_381' title='bbox 2191 2318 2449 2390; x_wconf 64' lang='lat' dir='ltr'>mysterii</span> <span class='ocrx_word' id='word_1_382' title='bbox 2484 2319 2703 2373; x_wconf 91' lang='lat' dir='ltr'>mundo</span> <span class='ocrx_word' id='word_1_383' title='bbox 2749 2319 2931 2374; x_wconf 88' lang='lat' dir='ltr'>voluit</span> <span class='ocrx_word' id='word_1_384' title='bbox 2980 2321 3361 2379; x_wconf 86' lang='lat' dir='ltr'>innotescere.</span> <span class='ocrx_word' id='word_1_385' title='bbox 3413 2326 3659 2383; x_wconf 89' lang='lat' dir='ltr'>Pulchre</span> 
     </span>
    </p>
   </div>
   <div class='ocr_carea' id='block_1_56' title="bbox 2008 2407 3658 2481">
    <p class='ocr_par' dir='ltr' id='par_1_56' title="bbox 2008 2407 3658 2481">
     <span class='ocr_line' id='line_1_56' title="bbox 2008 2407 3658 2481; baseline 0.006 -20"><span class='ocrx_word' id='word_1_386' title='bbox 2008 2408 2328 2463; x_wconf 84' lang='lat' dir='ltr'>refecturus</span> <span class='ocrx_word' id='word_1_387' title='bbox 2356 2408 2589 2462; x_wconf 87' lang='lat' dir='ltr'>turbam</span> <span class='ocrx_word' id='word_1_388' title='bbox 2635 2407 2855 2480; x_wconf 89' lang='lat' dir='ltr'>gratias</span> <span class='ocrx_word' id='word_1_389' title='bbox 2885 2408 3075 2481; x_wconf 84' lang='lat' dir='ltr'>egisse</span> <span class='ocrx_word' id='word_1_390' title='bbox 3106 2411 3338 2480; x_wconf 91' lang='lat' dir='ltr'>dicitur,</span> <span class='ocrx_word' id='word_1_391' title='bbox 3371 2420 3436 2469; x_wconf 90' lang='lat' dir='ltr'>ut</span> <span class='ocrx_word' id='word_1_392' title='bbox 3465 2420 3658 2471; x_wconf 87' lang='lat' dir='ltr'>osten-</span> 
     </span>
    </p>
   </div>
   <div class='ocr_carea' id='block_1_57' title="bbox 2008 2496 3659 2570">
    <p class='ocr_par' dir='ltr' id='par_1_57' title="bbox 2008 2496 3659 2570">
     <span class='ocr_line' id='line_1_57' title="bbox 2008 2496 3659 2570; baseline 0.006 -18"><span class='ocrx_word' id='word_1_393' title='bbox 2008 2497 2170 2552; x_wconf 90' lang='lat' dir='ltr'>deret</span> <span class='ocrx_word' id='word_1_394' title='bbox 2217 2496 2272 2550; x_wconf 90' lang='lat' dir='ltr'>in</span> <span class='ocrx_word' id='word_1_395' title='bbox 2324 2497 2599 2552; x_wconf 90' lang='lat' dir='ltr'>omnibus</span> <span class='ocrx_word' id='word_1_396' title='bbox 2655 2497 2823 2552; x_wconf 90' lang='lat' dir='ltr'>bouis</span> <span class='ocrx_word' id='word_1_397' title='bbox 2873 2499 3148 2570; x_wconf 89' lang='lat' dir='ltr'>operibus</span> <span class='ocrx_word' id='word_1_398' title='bbox 3195 2501 3379 2558; x_wconf 88' lang='lat' dir='ltr'>Deum</span> <span class='ocrx_word' id='word_1_399' title='bbox 3411 2521 3446 2558; x_wconf 93' lang='lat' dir='ltr'>a</span> <span class='ocrx_word' id='word_1_400' title='bbox 3490 2506 3659 2562; x_wconf 88' lang='lat' dir='ltr'>nobis</span> 
     </span>
    </p>
   </div>
   <div class='ocr_carea' id='block_1_58' title="bbox 1966 2585 2627 2657">
    <p class='ocr_par' dir='ltr' id='par_1_58' title="bbox 1966 2585 2627 2657">
     <span class='ocr_line' id='line_1_58' title="bbox 1966 2585 2627 2657; baseline -0.002 -16"><span class='ocrx_word' id='word_1_401' title='bbox 1966 2631 1968 2633; x_wconf 33' lang='lat'>.</span> <span class='ocrx_word' id='word_1_402' title='bbox 2009 2601 2135 2641; x_wconf 90' lang='lat' dir='ltr'>esse</span> <span class='ocrx_word' id='word_1_403' title='bbox 2160 2585 2627 2657; x_wconf 81' lang='lat' dir='ltr'>gloriﬁcandum.</span> 
     </span>
    </p>
   </div>
   <div class='ocr_carea' id='block_1_59' title="bbox 2081 2673 3658 2751">
    <p class='ocr_par' dir='ltr' id='par_1_59' title="bbox 2081 2673 3658 2751">
     <span class='ocr_line' id='line_1_59' title="bbox 2081 2673 3658 2751; baseline 0.01 -26"><span class='ocrx_word' id='word_1_404' title='bbox 2081 2696 2107 2722; x_wconf 94' lang='grc'>‹‹</span> <span class='ocrx_word' id='word_1_405' title='bbox 2142 2674 2211 2727; x_wconf 90' lang='lat' dir='ltr'>Et</span> <span class='ocrx_word' id='word_1_406' title='bbox 2243 2673 2536 2728; x_wconf 88' lang='lat' dir='ltr'>habebant</span> <span class='ocrx_word' id='word_1_407' title='bbox 2569 2674 2882 2745; x_wconf 90' lang='lat' dir='ltr'>pisciculos</span> <span class='ocrx_word' id='word_1_408' title='bbox 2915 2693 3150 2747; x_wconf 89' lang='lat' dir='ltr'>paucos,</span> <span class='ocrx_word' id='word_1_409' title='bbox 3183 2682 3238 2733; x_wconf 90' lang='lat' dir='ltr'>et</span> <span class='ocrx_word' id='word_1_410' title='bbox 3287 2680 3445 2751; x_wconf 89' lang='lat' dir='ltr'>ipsos</span> <span class='ocrx_word' id='word_1_411' title='bbox 3483 2683 3658 2740; x_wconf 89' lang='lat' dir='ltr'>bene-</span> 
     </span>
    </p>
   </div>
   <div class='ocr_carea' id='block_1_60' title="bbox 2012 2762 3658 2840">
    <p class='ocr_par' dir='ltr' id='par_1_60' title="bbox 2012 2762 3658 2840">
     <span class='ocr_line' id='line_1_60' title="bbox 2012 2762 3658 2840; baseline 0.008 -27"><span class='ocrx_word' id='word_1_412' title='bbox 2012 2785 2041 2812; x_wconf 85' lang='lat'><strong>«</strong></span> <span class='ocrx_word' id='word_1_413' title='bbox 2072 2762 2235 2829; x_wconf 85' lang='lat' dir='ltr'>dixit,</span> <span class='ocrx_word' id='word_1_414' title='bbox 2261 2762 2511 2832; x_wconf 90' lang='lat' dir='ltr'>etjussit</span> <span class='ocrx_word' id='word_1_415' title='bbox 2533 2765 2767 2835; x_wconf 89' lang='lat' dir='ltr'>apponi.</span> <span class='ocrx_word' id='word_1_416' title='bbox 2795 2786 2822 2811; x_wconf 82' lang='lat'><strong>»</strong></span> <span class='ocrx_word' id='word_1_417' title='bbox 2845 2765 2952 2819; x_wconf 87' lang='lat' dir='ltr'>Per</span> <span class='ocrx_word' id='word_1_418' title='bbox 2974 2765 3464 2840; x_wconf 90' lang='lat' dir='ltr'>pisciculos,quos</span> <span class='ocrx_word' id='word_1_419' title='bbox 3484 2771 3658 2826; x_wconf 88' lang='lat' dir='ltr'>bene-</span> 
     </span>
    </p>
   </div>
   <div class='ocr_carea' id='block_1_61' title="bbox 2009 2850 3658 2922">
    <p class='ocr_par' dir='ltr' id='par_1_61' title="bbox 2009 2850 3658 2922">
     <span class='ocr_line' id='line_1_61' title="bbox 2009 2850 3658 2922; baseline 0.005 -17"><span class='ocrx_word' id='word_1_420' title='bbox 2009 2850 2155 2905; x_wconf 81' lang='lat' dir='ltr'>dixit</span> <span class='ocrx_word' id='word_1_421' title='bbox 2183 2854 2240 2906; x_wconf 89' lang='lat' dir='ltr'>et</span> <span class='ocrx_word' id='word_1_422' title='bbox 2269 2851 2542 2922; x_wconf 90' lang='lat' dir='ltr'>apposuit</span> <span class='ocrx_word' id='word_1_423' title='bbox 2572 2853 2776 2919; x_wconf 70' lang='lat' dir='ltr'>turbae,</span> <span class='ocrx_word' id='word_1_424' title='bbox 2811 2857 3150 2908; x_wconf 82' lang='lat' dir='ltr'>sanctorum</span> <span class='ocrx_word' id='word_1_425' title='bbox 3185 2855 3484 2913; x_wconf 90' lang='lat' dir='ltr'>imitabilis</span> <span class='ocrx_word' id='word_1_426' title='bbox 3516 2876 3658 2914; x_wconf 86' lang='lat' dir='ltr'>con-</span> 
     </span>
    </p>
   </div>
   <div class='ocr_carea' id='block_1_62' title="bbox 2007 2939 3658 3019">
    <p class='ocr_par' dir='ltr' id='par_1_62' title="bbox 2007 2939 3658 3019">
     <span class='ocr_line' id='line_1_62' title="bbox 2007 2939 3658 3019; baseline 0.006 -25"><span class='ocrx_word' id='word_1_427' title='bbox 2007 2939 2257 2996; x_wconf 88' lang='lat' dir='ltr'>versatio</span> <span class='ocrx_word' id='word_1_428' title='bbox 2288 2940 2649 3012; x_wconf 89' lang='lat' dir='ltr'>designatur,</span> <span class='ocrx_word' id='word_1_429' title='bbox 2685 2942 2783 3013; x_wconf 90' lang='lat' dir='ltr'>qui</span> <span class='ocrx_word' id='word_1_430' title='bbox 2820 2960 2932 2997; x_wconf 88' lang='lat' dir='ltr'>non</span> <span class='ocrx_word' id='word_1_431' title='bbox 2983 2943 3174 2998; x_wconf 90' lang='lat' dir='ltr'>solum</span> <span class='ocrx_word' id='word_1_432' title='bbox 3216 2963 3376 3001; x_wconf 91' lang='lat' dir='ltr'>more</span> <span class='ocrx_word' id='word_1_433' title='bbox 3407 2947 3658 3019; x_wconf 86' lang='lat' dir='ltr'>piscium</span> 
     </span>
    </p>
   </div>
   <div class='ocr_carea' id='block_1_63' title="bbox 2010 3028 3660 3100">
    <p class='ocr_par' dir='ltr' id='par_1_63' title="bbox 2010 3028 3660 3100">
     <span class='ocr_line' id='line_1_63' title="bbox 2010 3028 3660 3100; baseline 0.005 -16"><span class='ocrx_word' id='word_1_434' title='bbox 2010 3028 2196 3084; x_wconf 88' lang='lat' dir='ltr'>saltus</span> <span class='ocrx_word' id='word_1_435' title='bbox 2215 3045 2391 3100; x_wconf 90' lang='lat' dir='ltr'>super</span> <span class='ocrx_word' id='word_1_436' title='bbox 2407 3045 2588 3100; x_wconf 86' lang='lat' dir='ltr'>aquas</span> <span class='ocrx_word' id='word_1_437' title='bbox 2605 3030 2742 3084; x_wconf 86' lang='lat' dir='ltr'>dare</span> <span class='ocrx_word' id='word_1_438' title='bbox 2759 3037 3206 3100; x_wconf 88' lang='lat' dir='ltr'>consueverunt,</span> <span class='ocrx_word' id='word_1_439' title='bbox 3222 3039 3660 3093; x_wconf 86' lang='lat' dir='ltr'>contemnentes</span> 
     </span>
    </p>
   </div>
   <div class='ocr_carea' id='block_1_64' title="bbox 2010 3117 3661 3186">
    <p class='ocr_par' dir='ltr' id='par_1_64' title="bbox 2010 3117 3661 3186">
     <span class='ocr_line' id='line_1_64' title="bbox 2010 3117 3661 3186; baseline 0.006 -14"><span class='ocrx_word' id='word_1_440' title='bbox 2010 3122 2226 3172; x_wconf 89' lang='lat' dir='ltr'>terram</span> <span class='ocrx_word' id='word_1_441' title='bbox 2275 3121 2330 3172; x_wconf 92' lang='lat' dir='ltr'>et</span> <span class='ocrx_word' id='word_1_442' title='bbox 2361 3120 2624 3172; x_wconf 89' lang='lat' dir='ltr'>amantes</span> <span class='ocrx_word' id='word_1_443' title='bbox 2669 3117 2899 3186; x_wconf 72' lang='lat' dir='ltr'>cmlum,</span> <span class='ocrx_word' id='word_1_444' title='bbox 2934 3120 3034 3174; x_wconf 91' lang='lat' dir='ltr'>sed</span> <span class='ocrx_word' id='word_1_445' title='bbox 3066 3121 3241 3176; x_wconf 90' lang='lat' dir='ltr'>etiam</span> <span class='ocrx_word' id='word_1_446' title='bbox 3266 3122 3419 3179; x_wconf 90' lang='lat' dir='ltr'>inter</span> <span class='ocrx_word' id='word_1_447' title='bbox 3448 3125 3661 3182; x_wconf 84' lang='lat' dir='ltr'>ﬂuctus</span> 
     </span>
    </p>
   </div>
   <div class='ocr_carea' id='block_1_65' title="bbox 221 3188 3662 3279">
    <p class='ocr_par' dir='ltr' id='par_1_65' title="bbox 221 3188 3662 3279">
     <span class='ocr_line' id='line_1_65' title="bbox 221 3188 3662 3279; baseline 0.002 -16"><span class='ocrx_word' id='word_1_448' title='bbox 221 3207 295 3264; x_wconf 86' lang='lat' dir='ltr'>In</span> <span class='ocrx_word' id='word_1_449' title='bbox 321 3207 448 3262; x_wconf 83' lang='lat' dir='ltr'>alia</span> <span class='ocrx_word' id='word_1_450' title='bbox 477 3207 788 3262; x_wconf 85' lang='lat' dir='ltr'>refectione</span> <span class='ocrx_word' id='word_1_451' title='bbox 811 3206 983 3260; x_wconf 86' lang='lat' dir='ltr'>turba</span> <span class='ocrx_word' id='word_1_452' title='bbox 1006 3221 1182 3276; x_wconf 89' lang='lat' dir='ltr'>super</span> <span class='ocrx_word' id='word_1_453' title='bbox 1201 3205 1400 3259; x_wconf 89' lang='lat' dir='ltr'>fenum</span> <span class='ocrx_word' id='word_1_454' title='bbox 1427 3203 1796 3258; x_wconf 90' lang='lat' dir='ltr'>discubuisse</span> <span class='ocrx_word' id='word_1_455' title='bbox 1820 3202 1898 3258; x_wconf 84' lang='lat' dir='ltr'>le-</span> <span class='ocrx_word' id='word_1_456' title='bbox 1931 3188 1973 3254; x_wconf 84' lang='lat' dir='ltr'>C</span> <span class='ocrx_word' id='word_1_457' title='bbox 2009 3207 2301 3260; x_wconf 89' lang='lat' dir='ltr'>variarum</span> <span class='ocrx_word' id='word_1_458' title='bbox 2347 3207 2816 3276; x_wconf 87' lang='lat' dir='ltr'>persecutionum</span> <span class='ocrx_word' id='word_1_459' title='bbox 2862 3207 3246 3279; x_wconf 89' lang='lat' dir='ltr'>spiritualiter</span> <span class='ocrx_word' id='word_1_460' title='bbox 3289 3219 3557 3268; x_wconf 88' lang='lat' dir='ltr'>crescunt</span> <span class='ocrx_word' id='word_1_461' title='bbox 3603 3220 3662 3272; x_wconf 91' lang='lat' dir='ltr'>et</span> 
     </span>
    </p>
   </div>
   <div class='ocr_carea' id='block_1_66' title="bbox 232 3292 1900 3369">
    <p class='ocr_par' dir='ltr' id='par_1_66' title="bbox 232 3292 1900 3369">
     <span class='ocr_line' id='line_1_66' title="bbox 232 3292 1900 3369; baseline -0.002 -17"><span class='ocrx_word' id='word_1_462' title='bbox 232 3297 430 3369; x_wconf 82' lang='lat' dir='ltr'>gitur,</span> <span class='ocrx_word' id='word_1_463' title='bbox 454 3296 595 3368; x_wconf 88' lang='lat' dir='ltr'>quia</span> <span class='ocrx_word' id='word_1_464' title='bbox 624 3295 716 3350; x_wconf 91' lang='lat' dir='ltr'>lex</span> <span class='ocrx_word' id='word_1_465' title='bbox 744 3293 1000 3350; x_wconf 90' lang='lat' dir='ltr'>carnalia</span> <span class='ocrx_word' id='word_1_466' title='bbox 1023 3298 1253 3348; x_wconf 85' lang='lat' dir='ltr'>tantum</span> <span class='ocrx_word' id='word_1_467' title='bbox 1280 3292 1625 3364; x_wconf 89' lang='lat' dir='ltr'>prohibebat</span> <span class='ocrx_word' id='word_1_468' title='bbox 1646 3297 1900 3363; x_wconf 89' lang='lat' dir='ltr'>peccata.</span> 
     </span>
    </p>
   </div>
   <div class='ocr_carea' id='block_1_67' title="bbox 239 3380 1903 3453">
    <p class='ocr_par' dir='ltr' id='par_1_67' title="bbox 239 3380 1903 3453">
     <span class='ocr_line' id='line_1_67' title="bbox 239 3380 1903 3453; baseline -0.004 -12"><span class='ocrx_word' id='word_1_469' title='bbox 239 3407 271 3434; x_wconf 75' lang='grc' dir='ltr'>α</span> <span class='ocrx_word' id='word_1_470' title='bbox 309 3385 523 3441; x_wconf 87' lang='lat' dir='ltr'>Omnis</span> <span class='ocrx_word' id='word_1_471' title='bbox 551 3384 708 3439; x_wconf 91' lang='lat' dir='ltr'>enim</span> <span class='ocrx_word' id='word_1_472' title='bbox 741 3399 874 3439; x_wconf 88' lang='lat' dir='ltr'>caro</span> <span class='ocrx_word' id='word_1_473' title='bbox 897 3383 1188 3444; x_wconf 83' lang='lat' dir='ltr'>fenum,et</span> <span class='ocrx_word' id='word_1_474' title='bbox 1209 3381 1402 3437; x_wconf 91' lang='lat' dir='ltr'>omnis</span> <span class='ocrx_word' id='word_1_475' title='bbox 1423 3380 1605 3453; x_wconf 86' lang='lat' dir='ltr'>gloria</span> <span class='ocrx_word' id='word_1_476' title='bbox 1626 3382 1754 3450; x_wconf 89' lang='lat' dir='ltr'>ejus</span> <span class='ocrx_word' id='word_1_477' title='bbox 1775 3384 1903 3435; x_wconf 89' lang='lat' dir='ltr'>tan-</span> 
     </span>
    </p>
   </div>
   <div class='ocr_carea' id='block_1_68' title="bbox 246 3471 1902 3545">
    <p class='ocr_par' dir='ltr' id='par_1_68' title="bbox 246 3471 1902 3545">
     <span class='ocr_line' id='line_1_68' title="bbox 246 3471 1902 3545; baseline -0.002 -16"><span class='ocrx_word' id='word_1_478' title='bbox 246 3490 434 3545; x_wconf 87' lang='lat' dir='ltr'>quam</span> <span class='ocrx_word' id='word_1_479' title='bbox 463 3474 570 3529; x_wconf 85' lang='lat' dir='ltr'>ﬂos</span> <span class='ocrx_word' id='word_1_480' title='bbox 602 3473 724 3545; x_wconf 91' lang='lat' dir='ltr'>agri</span> <span class='ocrx_word' id='word_1_481' title='bbox 753 3474 877 3543; x_wconf 78' lang='lat' dir='ltr'>(Isa.</span> <span class='ocrx_word' id='word_1_482' title='bbox 911 3473 1020 3543; x_wconf 69' lang='grc' dir='ltr'>ιι).</span> <span class='ocrx_word' id='word_1_483' title='bbox 1056 3492 1081 3519; x_wconf 85' lang='grc'><strong>››</strong></span> <span class='ocrx_word' id='word_1_484' title='bbox 1118 3472 1179 3526; x_wconf 92' lang='lat' dir='ltr'>In</span> <span class='ocrx_word' id='word_1_485' title='bbox 1213 3471 1320 3525; x_wconf 91' lang='lat' dir='ltr'>hac</span> <span class='ocrx_word' id='word_1_486' title='bbox 1351 3474 1566 3536; x_wconf 88' lang='lat' dir='ltr'>autem,</span> <span class='ocrx_word' id='word_1_487' title='bbox 1600 3487 1702 3541; x_wconf 90' lang='lat' dir='ltr'>per</span> <span class='ocrx_word' id='word_1_488' title='bbox 1725 3487 1902 3541; x_wconf 90' lang='lat' dir='ltr'>quam</span> 
     </span>
    </p>
   </div>
   <div class='ocr_carea' id='block_1_69' title="bbox 248 3558 1904 3635">
    <p class='ocr_par' dir='ltr' id='par_1_69' title="bbox 248 3558 1904 3635">
     <span class='ocr_line' id='line_1_69' title="bbox 248 3558 1904 3635; baseline -0.002 -17"><span class='ocrx_word' id='word_1_489' title='bbox 248 3564 501 3635; x_wconf 83' lang='lat' dir='ltr'>gratiam</span> <span class='ocrx_word' id='word_1_490' title='bbox 537 3563 676 3617; x_wconf 87' lang='lat' dir='ltr'>Novi</span> <span class='ocrx_word' id='word_1_491' title='bbox 727 3560 1083 3617; x_wconf 89' lang='lat' dir='ltr'>Testamenti</span> <span class='ocrx_word' id='word_1_492' title='bbox 1136 3560 1393 3614; x_wconf 87' lang='lat' dir='ltr'>diximus</span> <span class='ocrx_word' id='word_1_493' title='bbox 1445 3558 1703 3631; x_wconf 83' lang='lat' dir='ltr'>figurari,</span> <span class='ocrx_word' id='word_1_494' title='bbox 1751 3563 1904 3615; x_wconf 88' lang='lat' dir='ltr'>recte</span> 
     </span>
    </p>
   </div>
   <div class='ocr_carea' id='block_1_70' title="bbox 251 3648 1902 3723">
    <p class='ocr_par' dir='ltr' id='par_1_70' title="bbox 251 3648 1902 3723">
     <span class='ocr_line' id='line_1_70' title="bbox 251 3648 1902 3723; baseline -0.001 -19"><span class='ocrx_word' id='word_1_495' title='bbox 251 3653 429 3707; x_wconf 89' lang='lat' dir='ltr'>turba</span> <span class='ocrx_word' id='word_1_496' title='bbox 449 3668 622 3723; x_wconf 91' lang='lat' dir='ltr'>super</span> <span class='ocrx_word' id='word_1_497' title='bbox 644 3656 858 3706; x_wconf 89' lang='lat' dir='ltr'>terram</span> <span class='ocrx_word' id='word_1_498' title='bbox 881 3649 1202 3706; x_wconf 88' lang='lat' dir='ltr'>discumbit</span> <span class='ocrx_word' id='word_1_499' title='bbox 1225 3666 1237 3703; x_wconf 88' lang='lat'>:</span> <span class='ocrx_word' id='word_1_500' title='bbox 1264 3648 1402 3720; x_wconf 93' lang='lat' dir='ltr'>quia</span> <span class='ocrx_word' id='word_1_501' title='bbox 1422 3649 1609 3720; x_wconf 89' lang='lat' dir='ltr'>gratia</span> <span class='ocrx_word' id='word_1_502' title='bbox 1630 3648 1771 3703; x_wconf 86' lang='lat' dir='ltr'>Novi</span> <span class='ocrx_word' id='word_1_503' title='bbox 1797 3649 1902 3703; x_wconf 87' lang='lat' dir='ltr'>&#39;I‘e-</span> 
     </span>
    </p>
   </div>
   <div class='ocr_carea' id='block_1_71' title="bbox 253 3737 1903 3811">
    <p class='ocr_par' dir='ltr' id='par_1_71' title="bbox 253 3737 1903 3811">
     <span class='ocr_line' id='line_1_71' title="bbox 253 3737 1903 3811; baseline -0.001 -18"><span class='ocrx_word' id='word_1_504' title='bbox 253 3741 528 3796; x_wconf 83' lang='lat' dir='ltr'>stamenti</span> <span class='ocrx_word' id='word_1_505' title='bbox 552 3758 668 3795; x_wconf 89' lang='lat' dir='ltr'>non</span> <span class='ocrx_word' id='word_1_506' title='bbox 702 3739 892 3796; x_wconf 91' lang='lat' dir='ltr'>solum</span> <span class='ocrx_word' id='word_1_507' title='bbox 915 3739 1118 3811; x_wconf 90' lang='lat' dir='ltr'>culpas</span> <span class='ocrx_word' id='word_1_508' title='bbox 1139 3737 1351 3810; x_wconf 90' lang='lat' dir='ltr'>operis,</span> <span class='ocrx_word' id='word_1_509' title='bbox 1380 3738 1482 3792; x_wconf 88' lang='lat' dir='ltr'>sed</span> <span class='ocrx_word' id='word_1_510' title='bbox 1504 3737 1678 3792; x_wconf 90' lang='lat' dir='ltr'>etiam</span> <span class='ocrx_word' id='word_1_511' title='bbox 1702 3737 1903 3808; x_wconf 90' lang='lat' dir='ltr'>culpas</span> 
     </span>
    </p>
   </div>
   <div class='ocr_carea' id='block_1_72' title="bbox 256 3826 1902 3901">
    <p class='ocr_par' dir='ltr' id='par_1_72' title="bbox 256 3826 1902 3901">
     <span class='ocr_line' id='line_1_72' title="bbox 256 3826 1902 3901; baseline -0.001 -20"><span class='ocrx_word' id='word_1_512' title='bbox 256 3829 622 3901; x_wconf 87' lang='lat' dir='ltr'>cogitationis</span> <span class='ocrx_word' id='word_1_513' title='bbox 644 3829 976 3901; x_wconf 91' lang='lat' dir='ltr'>restringit:</span> <span class='ocrx_word' id='word_1_514' title='bbox 999 3845 1103 3884; x_wconf 88' lang='lat' dir='ltr'>nec</span> <span class='ocrx_word' id='word_1_515' title='bbox 1121 3827 1312 3883; x_wconf 91' lang='lat' dir='ltr'>solum</span> <span class='ocrx_word' id='word_1_516' title='bbox 1330 3826 1520 3881; x_wconf 88' lang='lat' dir='ltr'>aliena</span> <span class='ocrx_word' id='word_1_517' title='bbox 1541 3826 1902 3898; x_wconf 90' lang='lat' dir='ltr'>rapientibus</span> 
     </span>
    </p>
   </div>
   <div class='ocr_carea' id='block_1_73' title="bbox 259 3916 1902 3989">
    <p class='ocr_par' dir='ltr' id='par_1_73' title="bbox 259 3916 1902 3989">
     <span class='ocr_line' id='line_1_73' title="bbox 259 3916 1902 3989; baseline 0.002 -21"><span class='ocrx_word' id='word_1_518' title='bbox 259 3918 612 3986; x_wconf 83' lang='lat' dir='ltr'>contradicit,</span> <span class='ocrx_word' id='word_1_519' title='bbox 647 3919 748 3974; x_wconf 88' lang='lat' dir='ltr'>sed</span> <span class='ocrx_word' id='word_1_520' title='bbox 788 3918 965 3973; x_wconf 89' lang='lat' dir='ltr'>etiam</span> <span class='ocrx_word' id='word_1_521' title='bbox 1016 3918 1087 3972; x_wconf 89' lang='lat' dir='ltr'>ad</span> <span class='ocrx_word' id='word_1_522' title='bbox 1138 3916 1548 3989; x_wconf 82' lang='lat' dir='ltr'>perfectionem</span> <span class='ocrx_word' id='word_1_523' title='bbox 1597 3916 1902 3972; x_wconf 87' lang='lat' dir='ltr'>tendentes</span> 
     </span>
    </p>
   </div>
   <div class='ocr_carea' id='block_1_74' title="bbox 261 4004 1901 4078">
    <p class='ocr_par' dir='ltr' id='par_1_74' title="bbox 261 4004 1901 4078">
     <span class='ocr_line' id='line_1_74' title="bbox 261 4004 1901 4078; baseline 0 -19"><span class='ocrx_word' id='word_1_524' title='bbox 261 4008 518 4078; x_wconf 87' lang='lat' dir='ltr'>proprias</span> <span class='ocrx_word' id='word_1_525' title='bbox 537 4007 844 4062; x_wconf 87' lang='lat' dir='ltr'>facultates</span> <span class='ocrx_word' id='word_1_526' title='bbox 862 4023 994 4062; x_wconf 91' lang='lat' dir='ltr'>cum</span> <span class='ocrx_word' id='word_1_527' title='bbox 1014 4005 1142 4078; x_wconf 89' lang='lat' dir='ltr'>ipsa</span> <span class='ocrx_word' id='word_1_528' title='bbox 1156 4010 1310 4060; x_wconf 89' lang='lat' dir='ltr'>terra</span> <span class='ocrx_word' id='word_1_529' title='bbox 1331 4004 1658 4076; x_wconf 90' lang='lat' dir='ltr'>relinquere</span> <span class='ocrx_word' id='word_1_530' title='bbox 1680 4009 1901 4072; x_wconf 90' lang='lat' dir='ltr'>monet,</span> 
     </span>
    </p>
   </div>
   <div class='ocr_carea' id='block_1_75' title="bbox 264 4094 1902 4166">
    <p class='ocr_par' dir='ltr' id='par_1_75' title="bbox 264 4094 1902 4166">
     <span class='ocr_line' id='line_1_75' title="bbox 264 4094 1902 4166; baseline 0.003 -22"><span class='ocrx_word' id='word_1_531' title='bbox 264 4095 491 4150; x_wconf 87' lang='lat' dir='ltr'>Domino</span> <span class='ocrx_word' id='word_1_532' title='bbox 513 4096 740 4152; x_wconf 90' lang='lat' dir='ltr'>dicente</span> <span class='ocrx_word' id='word_1_533' title='bbox 765 4114 778 4151; x_wconf 89' lang='lat'>:</span> <span class='ocrx_word' id='word_1_534' title='bbox 807 4119 835 4146; x_wconf 88' lang='lat'><strong>«</strong></span> <span class='ocrx_word' id='word_1_535' title='bbox 863 4096 923 4151; x_wconf 90' lang='lat' dir='ltr'>Si</span> <span class='ocrx_word' id='word_1_536' title='bbox 944 4095 1030 4150; x_wconf 92' lang='lat' dir='ltr'>vis</span> <span class='ocrx_word' id='word_1_537' title='bbox 1053 4095 1343 4166; x_wconf 91' lang='lat' dir='ltr'>perfectus</span> <span class='ocrx_word' id='word_1_538' title='bbox 1365 4109 1514 4159; x_wconf 88' lang='lat' dir='ltr'>esse,</span> <span class='ocrx_word' id='word_1_539' title='bbox 1537 4094 1700 4160; x_wconf 88' lang='lat' dir='ltr'>vade,</span> <span class='ocrx_word' id='word_1_540' title='bbox 1718 4095 1902 4149; x_wconf 91' lang='lat' dir='ltr'>vende</span> 
     </span>
    </p>
   </div>
   <div class='ocr_carea' id='block_1_76' title="bbox 267 4181 1901 4258">
    <p class='ocr_par' dir='ltr' id='par_1_76' title="bbox 267 4181 1901 4258">
     <span class='ocr_line' id='line_1_76' title="bbox 267 4181 1901 4258; baseline 0.002 -23"><span class='ocrx_word' id='word_1_541' title='bbox 267 4183 452 4239; x_wconf 86' lang='lat' dir='ltr'>omnia</span> <span class='ocrx_word' id='word_1_542' title='bbox 470 4203 595 4258; x_wconf 79' lang='lat' dir='ltr'>quae</span> <span class='ocrx_word' id='word_1_543' title='bbox 617 4186 819 4253; x_wconf 90' lang='lat' dir='ltr'>habes,</span> <span class='ocrx_word' id='word_1_544' title='bbox 845 4189 901 4240; x_wconf 90' lang='lat' dir='ltr'>et</span> <span class='ocrx_word' id='word_1_545' title='bbox 930 4185 1004 4239; x_wconf 91' lang='lat' dir='ltr'>da</span> <span class='ocrx_word' id='word_1_546' title='bbox 1033 4184 1482 4256; x_wconf 87' lang='lat' dir='ltr'>pauperibus,et</span> <span class='ocrx_word' id='word_1_547' title='bbox 1509 4181 1754 4237; x_wconf 89' lang='lat' dir='ltr'>habebis</span> <span class='ocrx_word' id='word_1_548' title='bbox 1776 4182 1901 4238; x_wconf 87' lang='lat' dir='ltr'>the-</span> 
     </span>
    </p>
   </div>
   <div class='ocr_carea' id='block_1_77' title="bbox 270 4271 1899 4344">
    <p class='ocr_par' dir='ltr' id='par_1_77' title="bbox 270 4271 1899 4344">
     <span class='ocr_line' id='line_1_77' title="bbox 270 4271 1899 4344; baseline -0.001 -19"><span class='ocrx_word' id='word_1_549' title='bbox 270 4285 493 4328; x_wconf 83' lang='lat' dir='ltr'>saurum</span> <span class='ocrx_word' id='word_1_550' title='bbox 527 4274 586 4329; x_wconf 93' lang='lat' dir='ltr'>in</span> <span class='ocrx_word' id='word_1_551' title='bbox 621 4273 762 4329; x_wconf 76' lang='lat' dir='ltr'>coelo</span> <span class='ocrx_word' id='word_1_552' title='bbox 787 4291 798 4327; x_wconf 91' lang='lat'>:</span> <span class='ocrx_word' id='word_1_553' title='bbox 823 4279 879 4328; x_wconf 88' lang='lat' dir='ltr'>et</span> <span class='ocrx_word' id='word_1_554' title='bbox 907 4272 1319 4344; x_wconf 90' lang='lat' dir='ltr'>veni,sequere</span> <span class='ocrx_word' id='word_1_555' title='bbox 1349 4287 1443 4325; x_wconf 89' lang='lat' dir='ltr'>me</span> <span class='ocrx_word' id='word_1_556' title='bbox 1476 4271 1844 4342; x_wconf 73' lang='lat' dir='ltr'>(Matth.x1x).</span> <span class='ocrx_word' id='word_1_557' title='bbox 1872 4293 1899 4318; x_wconf 86' lang='grc'>››</span> 
     </span>
    </p>
   </div>
   <div class='ocr_carea' id='block_1_78' title="bbox 270 4356 1902 4436">
    <p class='ocr_par' dir='ltr' id='par_1_78' title="bbox 270 4356 1902 4436">
     <span class='ocr_line' id='line_1_78' title="bbox 270 4356 1902 4436; baseline 0.001 -24"><span class='ocrx_word' id='word_1_558' title='bbox 270 4356 330 4412; x_wconf 83' lang='lat' dir='ltr'>Et</span> <span class='ocrx_word' id='word_1_559' title='bbox 349 4360 490 4416; x_wconf 88' lang='lat' dir='ltr'>sicut</span> <span class='ocrx_word' id='word_1_560' title='bbox 511 4363 635 4436; x_wconf 89' lang='lat' dir='ltr'>ipse</span> <span class='ocrx_word' id='word_1_561' title='bbox 657 4361 796 4417; x_wconf 91' lang='lat' dir='ltr'>alibi</span> <span class='ocrx_word' id='word_1_562' title='bbox 815 4362 921 4417; x_wconf 90' lang='lat' dir='ltr'>ait:</span> <span class='ocrx_word' id='word_1_563' title='bbox 943 4385 969 4411; x_wconf 87' lang='lat'><strong>«</strong></span> <span class='ocrx_word' id='word_1_564' title='bbox 991 4361 1112 4416; x_wconf 89' lang='lat' dir='ltr'>Nisi</span> <span class='ocrx_word' id='word_1_565' title='bbox 1131 4361 1264 4432; x_wconf 89' lang='lat' dir='ltr'>quis</span> <span class='ocrx_word' id='word_1_566' title='bbox 1283 4359 1701 4415; x_wconf 89' lang='lat' dir='ltr'>renuntiaverit</span> <span class='ocrx_word' id='word_1_567' title='bbox 1717 4359 1902 4414; x_wconf 86' lang='lat' dir='ltr'>omni-</span> 
     </span>
    </p>
   </div>
   <div class='ocr_carea' id='block_1_79' title="bbox 273 4445 1901 4525">
    <p class='ocr_par' dir='ltr' id='par_1_79' title="bbox 273 4445 1901 4525">
     <span class='ocr_line' id='line_1_79' title="bbox 273 4445 1901 4525; baseline 0 -23"><span class='ocrx_word' id='word_1_568' title='bbox 273 4445 370 4504; x_wconf 90' lang='lat' dir='ltr'>bus</span> <span class='ocrx_word' id='word_1_569' title='bbox 391 4467 510 4522; x_wconf 69' lang='lat' dir='ltr'>quze</span> <span class='ocrx_word' id='word_1_570' title='bbox 535 4451 820 4525; x_wconf 89' lang='lat' dir='ltr'>possidet,</span> <span class='ocrx_word' id='word_1_571' title='bbox 842 4455 891 4506; x_wconf 88' lang='lat' dir='ltr'>et</span> <span class='ocrx_word' id='word_1_572' title='bbox 917 4468 1030 4506; x_wconf 90' lang='lat' dir='ltr'>non</span> <span class='ocrx_word' id='word_1_573' title='bbox 1055 4450 1177 4506; x_wconf 87' lang='lat' dir='ltr'>edit</span> <span class='ocrx_word' id='word_1_574' title='bbox 1197 4454 1443 4522; x_wconf 90' lang='lat' dir='ltr'>patrem,</span> <span class='ocrx_word' id='word_1_575' title='bbox 1467 4453 1735 4512; x_wconf 90' lang='lat' dir='ltr'>matrem,</span> <span class='ocrx_word' id='word_1_576' title='bbox 1762 4464 1901 4503; x_wconf 88' lang='lat' dir='ltr'>uxo-</span> 
     </span>
    </p>
   </div>
   <div class='ocr_carea' id='block_1_80' title="bbox 2013 3294 3662 3368">
    <p class='ocr_par' dir='ltr' id='par_1_80' title="bbox 2013 3294 3662 3368">
     <span class='ocr_line' id='line_1_80' title="bbox 2013 3294 3662 3368; baseline 0.007 -19"><span class='ocrx_word' id='word_1_577' title='bbox 2013 3295 2348 3367; x_wconf 83' lang='lat' dir='ltr'>proficiunt,</span> <span class='ocrx_word' id='word_1_578' title='bbox 2382 3294 2638 3350; x_wconf 90' lang='lat' dir='ltr'>dicentes</span> <span class='ocrx_word' id='word_1_579' title='bbox 2670 3311 2802 3350; x_wconf 91' lang='lat' dir='ltr'>cum</span> <span class='ocrx_word' id='word_1_580' title='bbox 2834 3297 3111 3368; x_wconf 81' lang='lat' dir='ltr'>Apostolo</span> <span class='ocrx_word' id='word_1_581' title='bbox 3139 3316 3150 3353; x_wconf 96' lang='lat'>:</span> <span class='ocrx_word' id='word_1_582' title='bbox 3181 3323 3207 3348; x_wconf 91' lang='grc'>‹‹</span> <span class='ocrx_word' id='word_1_583' title='bbox 3244 3301 3360 3356; x_wconf 89' lang='lat' dir='ltr'>Etsi</span> <span class='ocrx_word' id='word_1_584' title='bbox 3412 3305 3662 3360; x_wconf 89' lang='lat' dir='ltr'>exterior</span> 
     </span>
    </p>
   </div>
   <div class='ocr_carea' id='block_1_81' title="bbox 2012 3384 3657 3461">
    <p class='ocr_par' dir='ltr' id='par_1_81' title="bbox 2012 3384 3657 3461">
     <span class='ocr_line' id='line_1_81' title="bbox 2012 3384 3657 3461; baseline 0.007 -23"><span class='ocrx_word' id='word_1_585' title='bbox 2012 3384 2188 3439; x_wconf 87' lang='lat' dir='ltr'>homo</span> <span class='ocrx_word' id='word_1_586' title='bbox 2219 3388 2416 3439; x_wconf 89' lang='lat' dir='ltr'>noster</span> <span class='ocrx_word' id='word_1_587' title='bbox 2454 3385 2866 3456; x_wconf 82' lang='lat' dir='ltr'>corrumpitur,</span> <span class='ocrx_word' id='word_1_588' title='bbox 2919 3387 3020 3441; x_wconf 93' lang='lat' dir='ltr'>sed</span> <span class='ocrx_word' id='word_1_589' title='bbox 3049 3385 3098 3442; x_wconf 88' lang='lat' dir='ltr'>is</span> <span class='ocrx_word' id='word_1_590' title='bbox 3151 3388 3248 3460; x_wconf 88' lang='lat' dir='ltr'>qui</span> <span class='ocrx_word' id='word_1_591' title='bbox 3283 3389 3522 3447; x_wconf 89' lang='lat' dir='ltr'>interior</span> <span class='ocrx_word' id='word_1_592' title='bbox 3549 3397 3657 3461; x_wconf 90' lang='lat' dir='ltr'>est,</span> 
     </span>
    </p>
   </div>
   <div class='ocr_carea' id='block_1_82' title="bbox 2014 3462 3662 3552">
    <p class='ocr_par' dir='ltr' id='par_1_82' title="bbox 2014 3462 3662 3552">
     <span class='ocr_line' id='line_1_82' title="bbox 2014 3462 3662 3552; baseline 0.006 -25"><span class='ocrx_word' id='word_1_593' title='bbox 2014 3477 2324 3528; x_wconf 87' lang='lat' dir='ltr'>renovatur</span> <span class='ocrx_word' id='word_1_594' title='bbox 2353 3477 2429 3540; x_wconf 82' lang='lat' dir='ltr'>(Il</span> <span class='ocrx_word' id='word_1_595' title='bbox 2464 3477 2586 3529; x_wconf 86' lang='lat' dir='ltr'>Cor.</span> <span class='ocrx_word' id='word_1_596' title='bbox 2623 3474 2718 3543; x_wconf 87' lang='lat' dir='ltr'>Iv).</span> <span class='ocrx_word' id='word_1_597' title='bbox 2756 3498 2782 3522; x_wconf 84' lang='grc'><strong>››</strong></span> <span class='ocrx_word' id='word_1_598' title='bbox 2812 3475 2956 3529; x_wconf 89' lang='lat' dir='ltr'>Cum</span> <span class='ocrx_word' id='word_1_599' title='bbox 2989 3462 3379 3551; x_wconf 59' lang='lat' dir='ltr'>septem°ergo</span> <span class='ocrx_word' id='word_1_600' title='bbox 3410 3481 3662 3552; x_wconf 80' lang='lat' dir='ltr'>panibus</span> 
     </span>
    </p>
   </div>
   <div class='ocr_carea' id='block_1_83' title="bbox 2013 3562 3658 3638">
    <p class='ocr_par' dir='ltr' id='par_1_83' title="bbox 2013 3562 3658 3638">
     <span class='ocr_line' id='line_1_83' title="bbox 2013 3562 3658 3638; baseline 0.006 -22"><span class='ocrx_word' id='word_1_601' title='bbox 2013 3578 2230 3632; x_wconf 91' lang='lat' dir='ltr'>paucos</span> <span class='ocrx_word' id='word_1_602' title='bbox 2276 3562 2589 3635; x_wconf 90' lang='lat' dir='ltr'>pisciculos</span> <span class='ocrx_word' id='word_1_603' title='bbox 2629 3563 2810 3634; x_wconf 90' lang='lat' dir='ltr'>jussit</span> <span class='ocrx_word' id='word_1_604' title='bbox 2857 3565 3090 3637; x_wconf 89' lang='lat' dir='ltr'>apponi,</span> <span class='ocrx_word' id='word_1_605' title='bbox 3141 3567 3276 3638; x_wconf 84' lang='lat' dir='ltr'>quia</span> <span class='ocrx_word' id='word_1_606' title='bbox 3324 3574 3658 3626; x_wconf 87' lang='lat' dir='ltr'>sanctorum</span> 
     </span>
    </p>
   </div>
   <div class='ocr_carea' id='block_1_84' title="bbox 2013 3650 3660 3723">
    <p class='ocr_par' dir='ltr' id='par_1_84' title="bbox 2013 3650 3660 3723">
     <span class='ocr_line' id='line_1_84' title="bbox 2013 3650 3660 3723; baseline 0.005 -17"><span class='ocrx_word' id='word_1_607' title='bbox 2013 3650 2278 3722; x_wconf 89' lang='lat' dir='ltr'>exempla</span> <span class='ocrx_word' id='word_1_608' title='bbox 2309 3669 2441 3706; x_wconf 90' lang='lat' dir='ltr'>cum</span> <span class='ocrx_word' id='word_1_609' title='bbox 2475 3651 2881 3723; x_wconf 69' lang='lat' dir='ltr'>praedicatione</span> <span class='ocrx_word' id='word_1_610' title='bbox 2911 3655 3066 3709; x_wconf 87' lang='lat' dir='ltr'>verbi</span> <span class='ocrx_word' id='word_1_611' title='bbox 3092 3656 3161 3710; x_wconf 91' lang='lat' dir='ltr'>ad</span> <span class='ocrx_word' id='word_1_612' title='bbox 3186 3655 3535 3713; x_wconf 91' lang='lat' dir='ltr'>imitandum</span> <span class='ocrx_word' id='word_1_613' title='bbox 3560 3677 3660 3714; x_wconf 90' lang='lat' dir='ltr'>no-</span> 
     </span>
    </p>
   </div>
   <div class='ocr_carea' id='block_1_85' title="bbox 2013 3739 3660 3814">
    <p class='ocr_par' dir='ltr' id='par_1_85' title="bbox 2013 3739 3660 3814">
     <span class='ocr_line' id='line_1_85' title="bbox 2013 3739 3660 3814; baseline 0.006 -20"><span class='ocrx_word' id='word_1_614' title='bbox 2013 3739 2104 3796; x_wconf 90' lang='lat' dir='ltr'>bis</span> <span class='ocrx_word' id='word_1_615' title='bbox 2135 3741 2392 3811; x_wconf 90' lang='lat' dir='ltr'>quotidie</span> <span class='ocrx_word' id='word_1_616' title='bbox 2437 3741 2844 3810; x_wconf 69' lang='lat' dir='ltr'>przedicatores</span> <span class='ocrx_word' id='word_1_617' title='bbox 2893 3745 3213 3814; x_wconf 87' lang='lat' dir='ltr'>proferunt.</span> <span class='ocrx_word' id='word_1_618' title='bbox 3272 3745 3423 3802; x_wconf 91' lang='lat' dir='ltr'>Bene</span> <span class='ocrx_word' id='word_1_619' title='bbox 3463 3753 3660 3804; x_wconf 88' lang='lat' dir='ltr'>autem</span> 
     </span>
    </p>
   </div>
   <div class='ocr_carea' id='block_1_86' title="bbox 2013 3828 3660 3905">
    <p class='ocr_par' dir='ltr' id='par_1_86' title="bbox 2013 3828 3660 3905">
     <span class='ocr_line' id='line_1_86' title="bbox 2013 3828 3660 3905; baseline 0.005 -21"><span class='ocrx_word' id='word_1_620' title='bbox 2013 3828 2181 3900; x_wconf 89' lang='lat' dir='ltr'>pauci</span> <span class='ocrx_word' id='word_1_621' title='bbox 2216 3828 2479 3899; x_wconf 89' lang='lat' dir='ltr'>pisciculi</span> <span class='ocrx_word' id='word_1_622' title='bbox 2513 3828 2694 3885; x_wconf 89' lang='lat' dir='ltr'>fuisse</span> <span class='ocrx_word' id='word_1_623' title='bbox 2729 3838 3146 3899; x_wconf 89' lang='lat' dir='ltr'>memorantur,</span> <span class='ocrx_word' id='word_1_624' title='bbox 3164 3834 3304 3905; x_wconf 89' lang='lat' dir='ltr'>quia</span> <span class='ocrx_word' id='word_1_625' title='bbox 3325 3840 3660 3893; x_wconf 88' lang='lat' dir='ltr'>sanctorum</span> 
     </span>
    </p>
   </div>
   <div class='ocr_carea' id='block_1_87' title="bbox 2013 3916 3660 3998">
    <p class='ocr_par' dir='ltr' id='par_1_87' title="bbox 2013 3916 3660 3998">
     <span class='ocr_line' id='line_1_87' title="bbox 2013 3916 3660 3998; baseline 0.006 -26"><span class='ocrx_word' id='word_1_626' title='bbox 2013 3916 2390 3982; x_wconf 89' lang='lat' dir='ltr'>conversatio,</span> <span class='ocrx_word' id='word_1_627' title='bbox 2449 3934 2554 3972; x_wconf 88' lang='lat' dir='ltr'>suo</span> <span class='ocrx_word' id='word_1_628' title='bbox 2596 3918 2817 3987; x_wconf 90' lang='lat' dir='ltr'>judicio</span> <span class='ocrx_word' id='word_1_629' title='bbox 2866 3919 3109 3976; x_wconf 85' lang='lat' dir='ltr'>humilis</span> <span class='ocrx_word' id='word_1_630' title='bbox 3155 3926 3245 3978; x_wconf 87' lang='lat' dir='ltr'>est</span> <span class='ocrx_word' id='word_1_631' title='bbox 3275 3927 3332 3978; x_wconf 89' lang='lat' dir='ltr'>et</span> <span class='ocrx_word' id='word_1_632' title='bbox 3363 3925 3660 3998; x_wconf 89' lang='lat' dir='ltr'>despecta,</span> 
     </span>
    </p>
   </div>
   <div class='ocr_carea' id='block_1_88' title="bbox 2012 4003 3658 4086">
    <p class='ocr_par' dir='ltr' id='par_1_88' title="bbox 2012 4003 3658 4086">
     <span class='ocr_line' id='line_1_88' title="bbox 2012 4003 3658 4086; baseline 0.007 -28"><span class='ocrx_word' id='word_1_633' title='bbox 2012 4005 2227 4076; x_wconf 90' lang='lat' dir='ltr'>quibus</span> <span class='ocrx_word' id='word_1_634' title='bbox 2260 4003 2523 4059; x_wconf 89' lang='lat' dir='ltr'>Salvator</span> <span class='ocrx_word' id='word_1_635' title='bbox 2553 4005 2667 4058; x_wconf 87' lang='lat' dir='ltr'>ait:</span> <span class='ocrx_word' id='word_1_636' title='bbox 2699 4025 2721 4053; x_wconf 72' lang='grc' dir='ltr'><strong>α</strong></span> <span class='ocrx_word' id='word_1_637' title='bbox 2755 4007 2942 4062; x_wconf 88' lang='lat' dir='ltr'>Nolite</span> <span class='ocrx_word' id='word_1_638' title='bbox 2973 4008 3195 4076; x_wconf 89' lang='lat' dir='ltr'>timere,</span> <span class='ocrx_word' id='word_1_639' title='bbox 3220 4011 3471 4081; x_wconf 88' lang='lat' dir='ltr'>pusillus</span> <span class='ocrx_word' id='word_1_640' title='bbox 3500 4031 3658 4086; x_wconf 89' lang='lat' dir='ltr'>grex,</span> 
     </span>
    </p>
   </div>
   <div class='ocr_carea' id='block_1_89' title="bbox 2012 4093 3660 4173">
    <p class='ocr_par' dir='ltr' id='par_1_89' title="bbox 2012 4093 3660 4173">
     <span class='ocr_line' id='line_1_89' title="bbox 2012 4093 3660 4173; baseline 0.006 -26"><span class='ocrx_word' id='word_1_641' title='bbox 2012 4093 2150 4164; x_wconf 89' lang='lat' dir='ltr'>quia</span> <span class='ocrx_word' id='word_1_642' title='bbox 2180 4093 2533 4162; x_wconf 91' lang='lat' dir='ltr'>complacuit</span> <span class='ocrx_word' id='word_1_643' title='bbox 2564 4093 2718 4147; x_wconf 90' lang='lat' dir='ltr'>Patri</span> <span class='ocrx_word' id='word_1_644' title='bbox 2776 4100 2967 4150; x_wconf 88' lang='lat' dir='ltr'>vestro</span> <span class='ocrx_word' id='word_1_645' title='bbox 3014 4097 3151 4152; x_wconf 91' lang='lat' dir='ltr'>dare</span> <span class='ocrx_word' id='word_1_646' title='bbox 3201 4099 3364 4154; x_wconf 89' lang='lat' dir='ltr'>vobis</span> <span class='ocrx_word' id='word_1_647' title='bbox 3414 4117 3660 4173; x_wconf 90' lang='lat' dir='ltr'>regnum</span> 
     </span>
    </p>
   </div>
   <div class='ocr_carea' id='block_1_90' title="bbox 2012 4179 3658 4254">
    <p class='ocr_par' dir='ltr' id='par_1_90' title="bbox 2012 4179 3658 4254">
     <span class='ocr_line' id='line_1_90' title="bbox 2012 4179 3658 4254; baseline 0.004 -17"><span class='ocrx_word' id='word_1_648' title='bbox 2012 4183 2162 4254; x_wconf 83' lang='lat' dir='ltr'>(Luc.</span> <span class='ocrx_word' id='word_1_649' title='bbox 2209 4179 2334 4250; x_wconf 87' lang='lat' dir='ltr'>xu).</span> <span class='ocrx_word' id='word_1_650' title='bbox 2371 4202 2398 4228; x_wconf 85' lang='lat'>»</span> <span class='ocrx_word' id='word_1_651' title='bbox 2448 4179 2527 4234; x_wconf 88' lang='lat' dir='ltr'>De</span> <span class='ocrx_word' id='word_1_652' title='bbox 2577 4180 2791 4251; x_wconf 88' lang='lat' dir='ltr'>quibus</span> <span class='ocrx_word' id='word_1_653' title='bbox 2832 4199 2935 4253; x_wconf 88' lang='lat' dir='ltr'>per</span> <span class='ocrx_word' id='word_1_654' title='bbox 2982 4183 3356 4240; x_wconf 86' lang='lat' dir='ltr'>Salomonem</span> <span class='ocrx_word' id='word_1_655' title='bbox 3402 4187 3658 4244; x_wconf 91' lang='lat' dir='ltr'>dicitur:</span> 
     </span>
    </p>
   </div>
   <div class='ocr_carea' id='block_1_91' title="bbox 2013 4266 3662 4345">
    <p class='ocr_par' dir='ltr' id='par_1_91' title="bbox 2013 4266 3662 4345">
     <span class='ocr_line' id='line_1_91' title="bbox 2013 4266 3662 4345; baseline 0.008 -26"><span class='ocrx_word' id='word_1_656' title='bbox 2013 4294 2038 4319; x_wconf 85' lang='grc'><em>‹‹</em></span> <span class='ocrx_word' id='word_1_657' title='bbox 2062 4266 2444 4340; x_wconf 92' lang='lat' dir='ltr'>Lepusculus,</span> <span class='ocrx_word' id='word_1_658' title='bbox 2462 4267 2624 4339; x_wconf 89' lang='lat' dir='ltr'>plebs</span> <span class='ocrx_word' id='word_1_659' title='bbox 2647 4267 2920 4336; x_wconf 89' lang='lat' dir='ltr'>invalida,</span> <span class='ocrx_word' id='word_1_660' title='bbox 2944 4270 3187 4326; x_wconf 87' lang='lat' dir='ltr'>collocat</span> <span class='ocrx_word' id='word_1_661' title='bbox 3208 4273 3263 4327; x_wconf 90' lang='lat' dir='ltr'>in</span> <span class='ocrx_word' id='word_1_662' title='bbox 3289 4279 3449 4345; x_wconf 85' lang='lat' dir='ltr'>petra</span> <span class='ocrx_word' id='word_1_663' title='bbox 3472 4276 3662 4332; x_wconf 90' lang='lat' dir='ltr'>cubile</span> 
     </span>
    </p>
   </div>
   <div class='ocr_carea' id='block_1_92' title="bbox 2012 4357 3690 4436">
    <p class='ocr_par' dir='ltr' id='par_1_92' title="bbox 2012 4357 3690 4436">
     <span class='ocr_line' id='line_1_92' title="bbox 2012 4357 3690 4436; baseline 0.004 -23"><span class='ocrx_word' id='word_1_664' title='bbox 2012 4359 2125 4414; x_wconf 89' lang='lat' dir='ltr'>sibi</span> <span class='ocrx_word' id='word_1_665' title='bbox 2159 4358 2341 4429; x_wconf 83' lang='lat' dir='ltr'>(Prov.</span> <span class='ocrx_word' id='word_1_666' title='bbox 2377 4357 2525 4427; x_wconf 85' lang='lat' dir='ltr'>xxx).</span> <span class='ocrx_word' id='word_1_667' title='bbox 2559 4379 2584 4405; x_wconf 89' lang='grc'><strong>››</strong></span> <span class='ocrx_word' id='word_1_668' title='bbox 2615 4357 2682 4411; x_wconf 81' lang='lat' dir='ltr'>Et</span> <span class='ocrx_word' id='word_1_669' title='bbox 2713 4361 2865 4412; x_wconf 89' lang='lat' dir='ltr'>recte</span> <span class='ocrx_word' id='word_1_670' title='bbox 2913 4358 2973 4414; x_wconf 93' lang='lat' dir='ltr'>in</span> <span class='ocrx_word' id='word_1_671' title='bbox 3022 4359 3120 4415; x_wconf 90' lang='lat' dir='ltr'>illa</span> <span class='ocrx_word' id='word_1_672' title='bbox 3169 4363 3498 4430; x_wconf 88' lang='lat' dir='ltr'>refectione,</span> <span class='ocrx_word' id='word_1_673' title='bbox 3533 4368 3690 4436; x_wconf 67' lang='lat' dir='ltr'>quaa‘</span> 
     </span>
    </p>
   </div>
   <div class='ocr_carea' id='block_1_93' title="bbox 2013 4445 3662 4520">
    <p class='ocr_par' dir='ltr' id='par_1_93' title="bbox 2013 4445 3662 4520">
     <span class='ocr_line' id='line_1_93' title="bbox 2013 4445 3662 4520; baseline 0.004 -18"><span class='ocrx_word' id='word_1_674' title='bbox 2013 4463 2080 4502; x_wconf 87' lang='lat' dir='ltr'>ex</span> <span class='ocrx_word' id='word_1_675' title='bbox 2111 4446 2369 4518; x_wconf 91' lang='lat' dir='ltr'>quinque</span> <span class='ocrx_word' id='word_1_676' title='bbox 2402 4445 2652 4517; x_wconf 88' lang='lat' dir='ltr'>panibus</span> <span class='ocrx_word' id='word_1_677' title='bbox 2686 4447 2837 4502; x_wconf 88' lang='lat' dir='ltr'>facta</span> <span class='ocrx_word' id='word_1_678' title='bbox 2857 4453 2965 4514; x_wconf 90' lang='lat' dir='ltr'>est,</span> <span class='ocrx_word' id='word_1_679' title='bbox 2991 4449 3104 4504; x_wconf 92' lang='lat' dir='ltr'>duo</span> <span class='ocrx_word' id='word_1_680' title='bbox 3127 4450 3316 4520; x_wconf 90' lang='lat' dir='ltr'>pisces</span> <span class='ocrx_word' id='word_1_681' title='bbox 3343 4453 3525 4509; x_wconf 85' lang='lat' dir='ltr'>fuisse</span> <span class='ocrx_word' id='word_1_682' title='bbox 3546 4471 3662 4509; x_wconf 90' lang='lat' dir='ltr'>me-</span> 
     </span>
    </p>
   </div>
   <div class='ocr_carea' id='block_1_94' title="bbox 273 4533 3662 4620">
    <p class='ocr_par' dir='ltr' id='par_1_94' title="bbox 273 4533 3662 4620">
     <span class='ocr_line' id='line_1_94' title="bbox 273 4533 3662 4620; baseline 0.002 -29"><span class='ocrx_word' id='word_1_683' title='bbox 273 4551 402 4603; x_wconf 87' lang='lat' dir='ltr'>rem,</span> <span class='ocrx_word' id='word_1_684' title='bbox 427 4539 656 4607; x_wconf 90' lang='lat' dir='ltr'>liberos,</span> <span class='ocrx_word' id='word_1_685' title='bbox 682 4541 889 4595; x_wconf 89' lang='lat' dir='ltr'>fratres</span> <span class='ocrx_word' id='word_1_686' title='bbox 911 4544 967 4595; x_wconf 91' lang='lat' dir='ltr'>et</span> <span class='ocrx_word' id='word_1_687' title='bbox 987 4556 1236 4599; x_wconf 88' lang='lat' dir='ltr'>sorores.</span> <span class='ocrx_word' id='word_1_688' title='bbox 1262 4555 1459 4594; x_wconf 90' lang='lat' dir='ltr'>servos</span> <span class='ocrx_word' id='word_1_689' title='bbox 1481 4543 1538 4593; x_wconf 93' lang='lat' dir='ltr'>et</span> <span class='ocrx_word' id='word_1_690' title='bbox 1559 4536 1821 4602; x_wconf 89' lang='lat' dir='ltr'>ancillas,</span> <span class='ocrx_word' id='word_1_691' title='bbox 1847 4541 1904 4592; x_wconf 92' lang='lat' dir='ltr'>et</span> <span class='ocrx_word' id='word_1_692' title='bbox 1934 4557 1980 4620; x_wconf 67' lang='grc' dir='ltr'>Ι)</span> <span class='ocrx_word' id='word_1_693' title='bbox 2014 4541 2336 4604; x_wconf 89' lang='lat' dir='ltr'>morantur,</span> <span class='ocrx_word' id='word_1_694' title='bbox 2357 4539 2408 4591; x_wconf 89' lang='lat' dir='ltr'>et</span> <span class='ocrx_word' id='word_1_695' title='bbox 2433 4535 2527 4589; x_wconf 88' lang='lat' dir='ltr'>hic</span> <span class='ocrx_word' id='word_1_696' title='bbox 2549 4533 2805 4590; x_wconf 89' lang='lat' dir='ltr'>incertus</span> <span class='ocrx_word' id='word_1_697' title='bbox 2839 4554 3118 4592; x_wconf 91' lang='lat' dir='ltr'>numerus</span> <span class='ocrx_word' id='word_1_698' title='bbox 3141 4540 3498 4596; x_wconf 88' lang='lat' dir='ltr'>ostenditur:</span> <span class='ocrx_word' id='word_1_699' title='bbox 3525 4543 3662 4615; x_wconf 91' lang='lat' dir='ltr'>quia</span> 
     </span>
    </p>
   </div>
   <div class='ocr_carea' id='block_1_95' title="bbox 276 4632 1902 4702">
    <p class='ocr_par' dir='ltr' id='par_1_95' title="bbox 276 4632 1902 4702">
     <span class='ocr_line' id='line_1_95' title="bbox 276 4632 1902 4702; baseline 0.001 -21"><span class='ocrx_word' id='word_1_700' title='bbox 276 4640 428 4697; x_wconf 83' lang='lat' dir='ltr'>agros</span> <span class='ocrx_word' id='word_1_701' title='bbox 455 4635 692 4702; x_wconf 90' lang='lat' dir='ltr'>propter</span> <span class='ocrx_word' id='word_1_702' title='bbox 721 4647 933 4685; x_wconf 89' lang='lat' dir='ltr'>nomen</span> <span class='ocrx_word' id='word_1_703' title='bbox 962 4647 1181 4694; x_wconf 90' lang='lat' dir='ltr'>meum,</span> <span class='ocrx_word' id='word_1_704' title='bbox 1215 4645 1331 4684; x_wconf 90' lang='lat' dir='ltr'>non</span> <span class='ocrx_word' id='word_1_705' title='bbox 1363 4632 1553 4700; x_wconf 90' lang='lat' dir='ltr'>potest</span> <span class='ocrx_word' id='word_1_706' title='bbox 1583 4644 1748 4683; x_wconf 88' lang='lat' dir='ltr'>meus</span> <span class='ocrx_word' id='word_1_707' title='bbox 1774 4643 1902 4682; x_wconf 90' lang='lat' dir='ltr'>esse</span> 
     </span>
    </p>
   </div>
   <div class='ocr_carea' id='block_1_96' title="bbox 276 4713 1906 4790">
    <p class='ocr_par' dir='ltr' id='par_1_96' title="bbox 276 4713 1906 4790">
     <span class='ocr_line' id='line_1_96' title="bbox 276 4713 1906 4790; baseline 0.002 -22"><span class='ocrx_word' id='word_1_708' title='bbox 276 4713 576 4789; x_wconf 90' lang='lat' dir='ltr'>discipulus</span> <span class='ocrx_word' id='word_1_709' title='bbox 607 4720 758 4790; x_wconf 82' lang='lat' dir='ltr'>(Luc.</span> <span class='ocrx_word' id='word_1_710' title='bbox 779 4719 914 4790; x_wconf 82' lang='lat' dir='ltr'>xw).</span> <span class='ocrx_word' id='word_1_711' title='bbox 943 4741 970 4768; x_wconf 69' lang='grc' dir='ltr'>ν</span> <span class='ocrx_word' id='word_1_712' title='bbox 994 4717 1288 4775; x_wconf 90' lang='lat' dir='ltr'>Moraliter</span> <span class='ocrx_word' id='word_1_713' title='bbox 1309 4721 1504 4773; x_wconf 91' lang='lat' dir='ltr'>autem</span> <span class='ocrx_word' id='word_1_714' title='bbox 1530 4717 1704 4772; x_wconf 90' lang='lat' dir='ltr'>turba</span> <span class='ocrx_word' id='word_1_715' title='bbox 1729 4733 1906 4788; x_wconf 90' lang='lat' dir='ltr'>super</span> 
     </span>
    </p>
   </div>
   <div class='ocr_carea' id='block_1_97' title="bbox 275 4805 1901 4878">
    <p class='ocr_par' dir='ltr' id='par_1_97' title="bbox 275 4805 1901 4878">
     <span class='ocr_line' id='line_1_97' title="bbox 275 4805 1901 4878; baseline 0.002 -22"><span class='ocrx_word' id='word_1_716' title='bbox 275 4805 466 4862; x_wconf 86' lang='lat' dir='ltr'>terram</span> <span class='ocrx_word' id='word_1_717' title='bbox 481 4807 802 4874; x_wconf 90' lang='lat' dir='ltr'>discubuit,</span> <span class='ocrx_word' id='word_1_718' title='bbox 817 4825 950 4864; x_wconf 89' lang='lat' dir='ltr'>cum</span> <span class='ocrx_word' id='word_1_719' title='bbox 967 4806 1227 4863; x_wconf 84' lang='lat' dir='ltr'>fidelium</span> <span class='ocrx_word' id='word_1_720' title='bbox 1247 4806 1454 4861; x_wconf 71' lang='lat' dir='ltr'>animae</span> <span class='ocrx_word' id='word_1_721' title='bbox 1477 4823 1594 4862; x_wconf 67' lang='lat' dir='ltr'>suae</span> <span class='ocrx_word' id='word_1_722' title='bbox 1618 4805 1901 4878; x_wconf 87' lang='lat' dir='ltr'>fragilita-</span> 
     </span>
    </p>
   </div>
   <div class='ocr_carea' id='block_1_98' title="bbox 274 4889 1904 4968">
    <p class='ocr_par' dir='ltr' id='par_1_98' title="bbox 274 4889 1904 4968">
     <span class='ocr_line' id='line_1_98' title="bbox 274 4889 1904 4968; baseline 0.002 -25"><span class='ocrx_word' id='word_1_723' title='bbox 274 4889 339 4946; x_wconf 89' lang='lat' dir='ltr'>tis</span> <span class='ocrx_word' id='word_1_724' title='bbox 352 4904 871 4963; x_wconf 87' lang='lat' dir='ltr'>memores,terram</span> <span class='ocrx_word' id='word_1_725' title='bbox 886 4912 947 4950; x_wconf 91' lang='lat' dir='ltr'>se</span> <span class='ocrx_word' id='word_1_726' title='bbox 950 4896 1244 4968; x_wconf 88' lang='lat' dir='ltr'>jugiteret</span> <span class='ocrx_word' id='word_1_727' title='bbox 1259 4894 1556 4967; x_wconf 87' lang='lat' dir='ltr'>pulverem</span> <span class='ocrx_word' id='word_1_728' title='bbox 1575 4910 1704 4949; x_wconf 91' lang='lat' dir='ltr'>esse</span> <span class='ocrx_word' id='word_1_729' title='bbox 1720 4892 1904 4949; x_wconf 86' lang='lat' dir='ltr'>consi-</span> 
     </span>
    </p>
   </div>
   <div class='ocr_carea' id='block_1_99' title="bbox 277 4979 1902 5055">
    <p class='ocr_par' dir='ltr' id='par_1_99' title="bbox 277 4979 1902 5055">
     <span class='ocr_line' id='line_1_99' title="bbox 277 4979 1902 5055; baseline 0.002 -22"><span class='ocrx_word' id='word_1_730' title='bbox 277 4979 744 5050; x_wconf 87' lang='lat' dir='ltr'>derant,dicentes</span> <span class='ocrx_word' id='word_1_731' title='bbox 757 5002 891 5040; x_wconf 89' lang='lat' dir='ltr'>cum</span> <span class='ocrx_word' id='word_1_732' title='bbox 906 4985 1243 5040; x_wconf 89' lang='lat' dir='ltr'>Psalmista:</span> <span class='ocrx_word' id='word_1_733' title='bbox 1264 5005 1291 5033; x_wconf 83' lang='lat'><strong>«</strong></span> <span class='ocrx_word' id='word_1_734' title='bbox 1303 4983 1557 5038; x_wconf 67' lang='lat' dir='ltr'>Adhaesit</span> <span class='ocrx_word' id='word_1_735' title='bbox 1573 4981 1902 5055; x_wconf 89' lang='lat' dir='ltr'>pavimento</span> 
     </span>
    </p>
   </div>
   <div class='ocr_carea' id='block_1_100' title="bbox 279 5070 1902 5139">
    <p class='ocr_par' dir='ltr' id='par_1_100' title="bbox 279 5070 1902 5139">
     <span class='ocr_line' id='line_1_100' title="bbox 279 5070 1902 5139; baseline 0.002 -17"><span class='ocrx_word' id='word_1_736' title='bbox 279 5070 452 5127; x_wconf 86' lang='lat' dir='ltr'>anima</span> <span class='ocrx_word' id='word_1_737' title='bbox 479 5091 630 5139; x_wconf 89' lang='lat' dir='ltr'>mea,</span> <span class='ocrx_word' id='word_1_738' title='bbox 679 5074 904 5129; x_wconf 83' lang='lat' dir='ltr'>viviﬁca</span> <span class='ocrx_word' id='word_1_739' title='bbox 951 5090 1044 5128; x_wconf 89' lang='lat' dir='ltr'>me</span> <span class='ocrx_word' id='word_1_740' title='bbox 1090 5073 1411 5129; x_wconf 89' lang='lat' dir='ltr'>secundum</span> <span class='ocrx_word' id='word_1_741' title='bbox 1446 5073 1687 5127; x_wconf 90' lang='lat' dir='ltr'>verbum</span> <span class='ocrx_word' id='word_1_742' title='bbox 1733 5075 1902 5125; x_wconf 91' lang='lat' dir='ltr'>tuum</span> 
     </span>
    </p>
   </div>
   <div class='ocr_carea' id='block_1_101' title="bbox 280 5156 1905 5230">
    <p class='ocr_par' dir='ltr' id='par_1_101' title="bbox 280 5156 1905 5230">
     <span class='ocr_line' id='line_1_101' title="bbox 280 5156 1905 5230; baseline 0.001 -19"><span class='ocrx_word' id='word_1_743' title='bbox 280 5156 429 5226; x_wconf 73' lang='lat' dir='ltr'>(Psal.</span> <span class='ocrx_word' id='word_1_744' title='bbox 457 5165 671 5230; x_wconf 86' lang='lat' dir='ltr'>cxvm).</span> <span class='ocrx_word' id='word_1_745' title='bbox 709 5184 735 5212; x_wconf 88' lang='lat'><strong>»</strong></span> <span class='ocrx_word' id='word_1_746' title='bbox 769 5162 838 5216; x_wconf 90' lang='lat' dir='ltr'>Et</span> <span class='ocrx_word' id='word_1_747' title='bbox 885 5161 1138 5218; x_wconf 91' lang='lat' dir='ltr'>iterum:</span> <span class='ocrx_word' id='word_1_748' title='bbox 1177 5183 1205 5211; x_wconf 86' lang='lat'><strong>«</strong></span> <span class='ocrx_word' id='word_1_749' title='bbox 1255 5159 1541 5227; x_wconf 89' lang='lat' dir='ltr'>Quoniam</span> <span class='ocrx_word' id='word_1_750' title='bbox 1593 5158 1905 5214; x_wconf 89' lang='lat' dir='ltr'>humiliata</span> 
     </span>
    </p>
   </div>
   <div class='ocr_carea' id='block_1_102' title="bbox 278 5246 1902 5322">
    <p class='ocr_par' dir='ltr' id='par_1_102' title="bbox 278 5246 1902 5322">
     <span class='ocr_line' id='line_1_102' title="bbox 278 5246 1902 5322; baseline 0 -21"><span class='ocrx_word' id='word_1_751' title='bbox 278 5253 353 5303; x_wconf 84' lang='lat' dir='ltr'>est</span> <span class='ocrx_word' id='word_1_752' title='bbox 379 5248 432 5304; x_wconf 89' lang='lat' dir='ltr'>in</span> <span class='ocrx_word' id='word_1_753' title='bbox 463 5251 697 5322; x_wconf 88' lang='lat' dir='ltr'>pulvere</span> <span class='ocrx_word' id='word_1_754' title='bbox 745 5252 943 5307; x_wconf 89' lang='lat' dir='ltr'>anima</span> <span class='ocrx_word' id='word_1_755' title='bbox 988 5255 1206 5317; x_wconf 89' lang='lat' dir='ltr'>nostra,</span> <span class='ocrx_word' id='word_1_756' title='bbox 1255 5249 1694 5322; x_wconf 86' lang='lat' dir='ltr'>conglutinatus</span> <span class='ocrx_word' id='word_1_757' title='bbox 1727 5252 1814 5303; x_wconf 90' lang='lat' dir='ltr'>est</span> <span class='ocrx_word' id='word_1_758' title='bbox 1843 5246 1902 5301; x_wconf 92' lang='lat' dir='ltr'>in</span> 
     </span>
    </p>
   </div>
   <div class='ocr_carea' id='block_1_103' title="bbox 275 5335 1906 5411">
    <p class='ocr_par' dir='ltr' id='par_1_103' title="bbox 275 5335 1906 5411">
     <span class='ocr_line' id='line_1_103' title="bbox 275 5335 1906 5411; baseline -0.001 -21"><span class='ocrx_word' id='word_1_759' title='bbox 275 5336 412 5392; x_wconf 81' lang='lat' dir='ltr'>terra</span> <span class='ocrx_word' id='word_1_760' title='bbox 437 5344 638 5395; x_wconf 90' lang='lat' dir='ltr'>venter</span> <span class='ocrx_word' id='word_1_761' title='bbox 666 5345 866 5396; x_wconf 89' lang='lat' dir='ltr'>noster</span> <span class='ocrx_word' id='word_1_762' title='bbox 896 5341 1062 5411; x_wconf 76' lang='lat' dir='ltr'>(Psal.</span> <span class='ocrx_word' id='word_1_763' title='bbox 1092 5339 1268 5410; x_wconf 78' lang='lat' dir='ltr'>XLIII).</span> <span class='ocrx_word' id='word_1_764' title='bbox 1295 5361 1322 5389; x_wconf 85' lang='grc'><strong>››</strong></span> <span class='ocrx_word' id='word_1_765' title='bbox 1356 5337 1574 5394; x_wconf 88' lang='lat' dir='ltr'>Taliter</span> <span class='ocrx_word' id='word_1_766' title='bbox 1603 5335 1699 5392; x_wconf 91' lang='lat' dir='ltr'>ille</span> <span class='ocrx_word' id='word_1_767' title='bbox 1730 5352 1906 5406; x_wconf 91' lang='lat' dir='ltr'>super</span> 
     </span>
    </p>
   </div>
   <div class='ocr_carea' id='block_1_104' title="bbox 274 5423 1903 5501">
    <p class='ocr_par' dir='ltr' id='par_1_104' title="bbox 274 5423 1903 5501">
     <span class='ocr_line' id='line_1_104' title="bbox 274 5423 1903 5501; baseline -0.002 -20"><span class='ocrx_word' id='word_1_768' title='bbox 274 5429 470 5483; x_wconf 86' lang='lat' dir='ltr'>terram</span> <span class='ocrx_word' id='word_1_769' title='bbox 503 5429 898 5496; x_wconf 89' lang='lat' dir='ltr'>discubuerat,</span> <span class='ocrx_word' id='word_1_770' title='bbox 923 5430 1023 5501; x_wconf 91' lang='lat' dir='ltr'>qui</span> <span class='ocrx_word' id='word_1_771' title='bbox 1055 5428 1314 5483; x_wconf 89' lang='lat' dir='ltr'>dicebat:</span> <span class='ocrx_word' id='word_1_772' title='bbox 1342 5451 1369 5478; x_wconf 90' lang='grc'>‹‹</span> <span class='ocrx_word' id='word_1_773' title='bbox 1405 5428 1637 5498; x_wconf 89' lang='lat' dir='ltr'>Loquar</span> <span class='ocrx_word' id='word_1_774' title='bbox 1687 5425 1754 5479; x_wconf 90' lang='lat' dir='ltr'>ad</span> <span class='ocrx_word' id='word_1_775' title='bbox 1794 5423 1903 5477; x_wconf 90' lang='lat' dir='ltr'>Do-</span> 
     </span>
    </p>
   </div>
   <div class='ocr_carea' id='block_1_105' title="bbox 273 5515 1904 5590">
    <p class='ocr_par' dir='ltr' id='par_1_105' title="bbox 273 5515 1904 5590">
     <span class='ocr_line' id='line_1_105' title="bbox 273 5515 1904 5590; baseline -0.002 -20"><span class='ocrx_word' id='word_1_776' title='bbox 273 5516 483 5572; x_wconf 89' lang='lat' dir='ltr'>minum</span> <span class='ocrx_word' id='word_1_777' title='bbox 510 5535 877 5587; x_wconf 88' lang='lat' dir='ltr'>meum,cum</span> <span class='ocrx_word' id='word_1_778' title='bbox 905 5518 1014 5574; x_wconf 91' lang='lat' dir='ltr'>sim</span> <span class='ocrx_word' id='word_1_779' title='bbox 1039 5517 1231 5590; x_wconf 92' lang='lat' dir='ltr'>pulvis</span> <span class='ocrx_word' id='word_1_780' title='bbox 1253 5521 1308 5572; x_wconf 90' lang='lat' dir='ltr'>et</span> <span class='ocrx_word' id='word_1_781' title='bbox 1332 5516 1480 5572; x_wconf 90' lang='lat' dir='ltr'>cinis</span> <span class='ocrx_word' id='word_1_782' title='bbox 1500 5515 1652 5585; x_wconf 86' lang='lat' dir='ltr'>(Gen.</span> <span class='ocrx_word' id='word_1_783' title='bbox 1677 5516 1852 5580; x_wconf 82' lang='lat' dir='ltr'>xvuI).</span> <span class='ocrx_word' id='word_1_784' title='bbox 1878 5535 1904 5561; x_wconf 88' lang='grc'><strong>››</strong></span> 
     </span>
    </p>
   </div>
   <div class='ocr_carea' id='block_1_106' title="bbox 271 5601 1907 5680">
    <p class='ocr_par' dir='ltr' id='par_1_106' title="bbox 271 5601 1907 5680">
     <span class='ocr_line' id='line_1_106' title="bbox 271 5601 1907 5680; baseline -0.004 -19"><span class='ocrx_word' id='word_1_785' title='bbox 271 5627 296 5654; x_wconf 87' lang='grc'><em>‹‹</em></span> <span class='ocrx_word' id='word_1_786' title='bbox 326 5607 386 5662; x_wconf 85' lang='lat' dir='ltr'>Et</span> <span class='ocrx_word' id='word_1_787' title='bbox 418 5607 708 5678; x_wconf 89' lang='lat' dir='ltr'>accipiens</span> <span class='ocrx_word' id='word_1_788' title='bbox 730 5612 951 5680; x_wconf 89' lang='lat' dir='ltr'>septem</span> <span class='ocrx_word' id='word_1_789' title='bbox 979 5625 1178 5679; x_wconf 88' lang='lat' dir='ltr'>panes,</span> <span class='ocrx_word' id='word_1_790' title='bbox 1193 5607 1412 5678; x_wconf 84' lang='lat' dir='ltr'>gratias</span> <span class='ocrx_word' id='word_1_791' title='bbox 1436 5621 1613 5678; x_wconf 86' lang='lat' dir='ltr'>agens</span> <span class='ocrx_word' id='word_1_792' title='bbox 1641 5601 1829 5673; x_wconf 87' lang='lat' dir='ltr'>fregit,</span> <span class='ocrx_word' id='word_1_793' title='bbox 1849 5605 1907 5656; x_wconf 89' lang='lat' dir='ltr'>et</span> 
     </span>
    </p>
   </div>
   <div class='ocr_carea' id='block_1_107' title="bbox 2012 4623 3658 4699">
    <p class='ocr_par' dir='ltr' id='par_1_107' title="bbox 2012 4623 3658 4699">
     <span class='ocr_line' id='line_1_107' title="bbox 2012 4623 3658 4699; baseline 0.003 -19"><span class='ocrx_word' id='word_1_794' title='bbox 2012 4625 2084 4680; x_wconf 91' lang='lat' dir='ltr'>ad</span> <span class='ocrx_word' id='word_1_795' title='bbox 2102 4623 2596 4694; x_wconf 87' lang='lat' dir='ltr'>comparationem</span> <span class='ocrx_word' id='word_1_796' title='bbox 2616 4623 2871 4689; x_wconf 89' lang='lat' dir='ltr'>illorum,</span> <span class='ocrx_word' id='word_1_797' title='bbox 2888 4626 2988 4696; x_wconf 90' lang='lat' dir='ltr'>qui</span> <span class='ocrx_word' id='word_1_798' title='bbox 3007 4642 3074 4681; x_wconf 88' lang='lat' dir='ltr'>ex</span> <span class='ocrx_word' id='word_1_799' title='bbox 3091 4627 3306 4699; x_wconf 90' lang='lat' dir='ltr'>populo</span> <span class='ocrx_word' id='word_1_800' title='bbox 3324 4629 3658 4685; x_wconf 69' lang='lat' dir='ltr'>Judaaorum</span> 
     </span>
    </p>
   </div>
   <div class='ocr_carea' id='block_1_108' title="bbox 2013 4711 3658 4791">
    <p class='ocr_par' dir='ltr' id='par_1_108' title="bbox 2013 4711 3658 4791">
     <span class='ocr_line' id='line_1_108' title="bbox 2013 4711 3658 4791; baseline 0.002 -22"><span class='ocrx_word' id='word_1_801' title='bbox 2013 4711 2288 4769; x_wconf 90' lang='lat' dir='ltr'>credituri</span> <span class='ocrx_word' id='word_1_802' title='bbox 2318 4715 2502 4776; x_wconf 87' lang='lat' dir='ltr'>erant,</span> <span class='ocrx_word' id='word_1_803' title='bbox 2534 4716 2590 4766; x_wconf 93' lang='lat' dir='ltr'>et</span> <span class='ocrx_word' id='word_1_804' title='bbox 2618 4711 2849 4768; x_wconf 81' lang='lat' dir='ltr'>infinita</span> <span class='ocrx_word' id='word_1_805' title='bbox 2882 4713 3196 4770; x_wconf 89' lang='lat' dir='ltr'>multitudo</span> <span class='ocrx_word' id='word_1_806' title='bbox 3227 4732 3292 4770; x_wconf 84' lang='lat' dir='ltr'>ex</span> <span class='ocrx_word' id='word_1_807' title='bbox 3323 4717 3524 4789; x_wconf 86' lang='lat' dir='ltr'>gentili</span> <span class='ocrx_word' id='word_1_808' title='bbox 3559 4735 3658 4791; x_wconf 89' lang='lat' dir='ltr'>po-</span> 
     </span>
    </p>
   </div>
   <div class='ocr_carea' id='block_1_109' title="bbox 2013 4800 3660 4874">
    <p class='ocr_par' dir='ltr' id='par_1_109' title="bbox 2013 4800 3660 4874">
     <span class='ocr_line' id='line_1_109' title="bbox 2013 4800 3660 4874; baseline 0.004 -18"><span class='ocrx_word' id='word_1_809' title='bbox 2013 4801 2150 4874; x_wconf 92' lang='lat' dir='ltr'>pulo</span> <span class='ocrx_word' id='word_1_810' title='bbox 2183 4801 2252 4856; x_wconf 90' lang='lat' dir='ltr'>ad</span> <span class='ocrx_word' id='word_1_811' title='bbox 2287 4801 2461 4854; x_wconf 87' lang='lat' dir='ltr'>ﬁdem</span> <span class='ocrx_word' id='word_1_812' title='bbox 2505 4800 2680 4867; x_wconf 92' lang='lat' dir='ltr'>venit,</span> <span class='ocrx_word' id='word_1_813' title='bbox 2714 4801 2958 4856; x_wconf 80' lang='lat' dir='ltr'>Domino</span> <span class='ocrx_word' id='word_1_814' title='bbox 3008 4802 3231 4858; x_wconf 90' lang='lat' dir='ltr'>dicente</span> <span class='ocrx_word' id='word_1_815' title='bbox 3263 4820 3276 4857; x_wconf 91' lang='lat'><strong>:</strong></span> <span class='ocrx_word' id='word_1_816' title='bbox 3307 4829 3332 4854; x_wconf 87' lang='grc'>‹‹</span> <span class='ocrx_word' id='word_1_817' title='bbox 3366 4804 3531 4861; x_wconf 89' lang='lat' dir='ltr'>Multi</span> <span class='ocrx_word' id='word_1_818' title='bbox 3561 4825 3660 4862; x_wconf 79' lang='lat' dir='ltr'>ve-</span> 
     </span>
    </p>
   </div>
   <div class='ocr_carea' id='block_1_110' title="bbox 2012 4889 3660 4955">
    <p class='ocr_par' dir='ltr' id='par_1_110' title="bbox 2012 4889 3660 4955">
     <span class='ocr_line' id='line_1_110' title="bbox 2012 4889 3660 4955; baseline 0.004 -11"><span class='ocrx_word' id='word_1_819' title='bbox 2012 4889 2172 4945; x_wconf 91' lang='lat' dir='ltr'>nient</span> <span class='ocrx_word' id='word_1_820' title='bbox 2224 4889 2294 4944; x_wconf 90' lang='lat' dir='ltr'>ab</span> <span class='ocrx_word' id='word_1_821' title='bbox 2345 4889 2566 4944; x_wconf 91' lang='lat' dir='ltr'>oriente</span> <span class='ocrx_word' id='word_1_822' title='bbox 2615 4893 2671 4944; x_wconf 90' lang='lat' dir='ltr'>et</span> <span class='ocrx_word' id='word_1_823' title='bbox 2719 4890 3035 4955; x_wconf 89' lang='lat' dir='ltr'>occidente,</span> <span class='ocrx_word' id='word_1_824' title='bbox 3068 4896 3124 4946; x_wconf 90' lang='lat' dir='ltr'>et</span> <span class='ocrx_word' id='word_1_825' title='bbox 3154 4895 3495 4948; x_wconf 90' lang='lat' dir='ltr'>recumbent</span> <span class='ocrx_word' id='word_1_826' title='bbox 3526 4913 3660 4951; x_wconf 90' lang='lat' dir='ltr'>cum</span> 
     </span>
    </p>
   </div>
   <div class='ocr_carea' id='block_1_111' title="bbox 2010 4978 3659 5054">
    <p class='ocr_par' dir='ltr' id='par_1_111' title="bbox 2010 4978 3659 5054">
     <span class='ocr_line' id='line_1_111' title="bbox 2010 4978 3659 5054; baseline 0.005 -21"><span class='ocrx_word' id='word_1_827' title='bbox 2010 4979 2322 5046; x_wconf 86' lang='lat' dir='ltr'>Abraham,</span> <span class='ocrx_word' id='word_1_828' title='bbox 2362 4978 2519 5033; x_wconf 88' lang='lat' dir='ltr'>Isaac</span> <span class='ocrx_word' id='word_1_829' title='bbox 2550 4981 2607 5033; x_wconf 92' lang='lat' dir='ltr'>et</span> <span class='ocrx_word' id='word_1_830' title='bbox 2635 4979 2814 5034; x_wconf 89' lang='lat' dir='ltr'>Jacob</span> <span class='ocrx_word' id='word_1_831' title='bbox 2841 4978 2899 5034; x_wconf 91' lang='lat' dir='ltr'>in</span> <span class='ocrx_word' id='word_1_832' title='bbox 2932 4997 3108 5052; x_wconf 90' lang='lat' dir='ltr'>regno</span> <span class='ocrx_word' id='word_1_833' title='bbox 3139 4981 3417 5038; x_wconf 67' lang='lat' dir='ltr'>caelorum</span> <span class='ocrx_word' id='word_1_834' title='bbox 3448 4984 3659 5054; x_wconf 79' lang='lat' dir='ltr'>(Matth.</span> 
     </span>
    </p>
   </div>
   <div class='ocr_carea' id='block_1_112' title="bbox 2011 5071 2211 5136">
    <p class='ocr_par' dir='ltr' id='par_1_112' title="bbox 2011 5071 2211 5136">
     <span class='ocr_line' id='line_1_112' title="bbox 2011 5071 2211 5136; baseline -0.03 -12"><span class='ocrx_word' id='word_1_835' title='bbox 2011 5071 2152 5136; x_wconf 81' lang='lat' dir='ltr'>VIII).</span> <span class='ocrx_word' id='word_1_836' title='bbox 2190 5090 2211 5118; x_wconf 76' lang='grc' dir='ltr'><strong><em>ι</em></strong></span> 
     </span>
    </p>
   </div>
   <div class='ocr_carea' id='block_1_113' title="bbox 2086 5156 3662 5222">
    <p class='ocr_par' dir='ltr' id='par_1_113' title="bbox 2086 5156 3662 5222">
     <span class='ocr_line' id='line_1_113' title="bbox 2086 5156 3662 5222; baseline 0.009 -17"><span class='ocrx_word' id='word_1_837' title='bbox 2086 5179 2112 5206; x_wconf 88' lang='grc'>‹‹</span> <span class='ocrx_word' id='word_1_838' title='bbox 2147 5156 2214 5210; x_wconf 92' lang='lat' dir='ltr'>Et</span> <span class='ocrx_word' id='word_1_839' title='bbox 2271 5156 2790 5222; x_wconf 87' lang='lat' dir='ltr'>manducaverunt,</span> <span class='ocrx_word' id='word_1_840' title='bbox 2844 5161 2898 5212; x_wconf 88' lang='lat' dir='ltr'>et</span> <span class='ocrx_word' id='word_1_841' title='bbox 2958 5159 3201 5213; x_wconf 88' lang='lat' dir='ltr'>saturati</span> <span class='ocrx_word' id='word_1_842' title='bbox 3261 5163 3484 5217; x_wconf 84' lang='lat' dir='ltr'>sunt.»</span> <span class='ocrx_word' id='word_1_843' title='bbox 3539 5163 3662 5219; x_wconf 90' lang='lat' dir='ltr'>Non</span> 
     </span>
    </p>
   </div>
   <div class='ocr_carea' id='block_1_114' title="bbox 2013 5244 3661 5315">
    <p class='ocr_par' dir='ltr' id='par_1_114' title="bbox 2013 5244 3661 5315">
     <span class='ocr_line' id='line_1_114' title="bbox 2013 5244 3661 5315; baseline 0.004 -14"><span class='ocrx_word' id='word_1_844' title='bbox 2013 5261 2216 5301; x_wconf 90' lang='lat' dir='ltr'>omnes</span> <span class='ocrx_word' id='word_1_845' title='bbox 2271 5244 2571 5315; x_wconf 64' lang='lat' dir='ltr'>aequaliter</span> <span class='ocrx_word' id='word_1_846' title='bbox 2621 5245 3138 5314; x_wconf 88' lang='lat' dir='ltr'>manducaverunt,</span> <span class='ocrx_word' id='word_1_847' title='bbox 3187 5249 3285 5304; x_wconf 90' lang='lat' dir='ltr'>sed</span> <span class='ocrx_word' id='word_1_848' title='bbox 3339 5266 3542 5306; x_wconf 90' lang='lat' dir='ltr'>omnes</span> <span class='ocrx_word' id='word_1_849' title='bbox 3591 5254 3661 5307; x_wconf 89' lang='lat' dir='ltr'>ad</span> 
     </span>
    </p>
   </div>
   <div class='ocr_carea' id='block_1_115' title="bbox 2014 5332 3662 5409">
    <p class='ocr_par' dir='ltr' id='par_1_115' title="bbox 2014 5332 3662 5409">
     <span class='ocr_line' id='line_1_115' title="bbox 2014 5332 3662 5409; baseline 0.004 -21"><span class='ocrx_word' id='word_1_850' title='bbox 2014 5351 2191 5389; x_wconf 89' lang='lat' dir='ltr'>unam</span> <span class='ocrx_word' id='word_1_851' title='bbox 2215 5332 2540 5388; x_wconf 87' lang='lat' dir='ltr'>satietatem</span> <span class='ocrx_word' id='word_1_852' title='bbox 2560 5340 2976 5404; x_wconf 87' lang='lat' dir='ltr'>pervenerunt:</span> <span class='ocrx_word' id='word_1_853' title='bbox 2999 5337 3136 5407; x_wconf 88' lang='lat' dir='ltr'>quia</span> <span class='ocrx_word' id='word_1_854' title='bbox 3156 5338 3466 5409; x_wconf 58' lang='lat' dir='ltr'>Scriptura;</span> <span class='ocrx_word' id='word_1_855' title='bbox 3487 5357 3662 5395; x_wconf 64' lang='lat' dir='ltr'>sacrae</span> 
     </span>
    </p>
   </div>
   <div class='ocr_carea' id='block_1_116' title="bbox 2015 5422 3658 5498">
    <p class='ocr_par' dir='ltr' id='par_1_116' title="bbox 2015 5422 3658 5498">
     <span class='ocr_line' id='line_1_116' title="bbox 2015 5422 3658 5498; baseline 0.005 -23"><span class='ocrx_word' id='word_1_856' title='bbox 2015 5422 2369 5477; x_wconf 88' lang='lat' dir='ltr'>intellectum</span> <span class='ocrx_word' id='word_1_857' title='bbox 2394 5439 2508 5476; x_wconf 88' lang='lat' dir='ltr'>non</span> <span class='ocrx_word' id='word_1_858' title='bbox 2526 5438 2730 5476; x_wconf 91' lang='lat' dir='ltr'>omnes</span> <span class='ocrx_word' id='word_1_859' title='bbox 2752 5423 3053 5496; x_wconf 71' lang='lat' dir='ltr'>aequaliter</span> <span class='ocrx_word' id='word_1_860' title='bbox 3073 5425 3437 5498; x_wconf 90' lang='lat' dir='ltr'>capiunt,sed</span> <span class='ocrx_word' id='word_1_861' title='bbox 3465 5432 3658 5484; x_wconf 87' lang='lat' dir='ltr'>tamen</span> 
     </span>
    </p>
   </div>
   <div class='ocr_carea' id='block_1_117' title="bbox 2015 5511 3661 5586">
    <p class='ocr_par' dir='ltr' id='par_1_117' title="bbox 2015 5511 3661 5586">
     <span class='ocr_line' id='line_1_117' title="bbox 2015 5511 3661 5586; baseline 0.003 -20"><span class='ocrx_word' id='word_1_862' title='bbox 2015 5527 2219 5566; x_wconf 88' lang='lat' dir='ltr'>omnes</span> <span class='ocrx_word' id='word_1_863' title='bbox 2251 5528 2351 5582; x_wconf 88' lang='lat' dir='ltr'>pro</span> <span class='ocrx_word' id='word_1_864' title='bbox 2383 5511 2554 5565; x_wconf 89' lang='lat' dir='ltr'>modo</span> <span class='ocrx_word' id='word_1_865' title='bbox 2581 5516 2638 5565; x_wconf 88' lang='lat' dir='ltr'>et</span> <span class='ocrx_word' id='word_1_866' title='bbox 2668 5528 2915 5583; x_wconf 88' lang='lat' dir='ltr'>persona</span> <span class='ocrx_word' id='word_1_867' title='bbox 2936 5531 3041 5569; x_wconf 90' lang='lat' dir='ltr'>sua</span> <span class='ocrx_word' id='word_1_868' title='bbox 3063 5515 3382 5586; x_wconf 87' lang='lat' dir='ltr'>spiritalem</span> <span class='ocrx_word' id='word_1_869' title='bbox 3407 5517 3661 5571; x_wconf 84' lang='lat' dir='ltr'>refectio-</span> 
     </span>
    </p>
   </div>
   <div class='ocr_carea' id='block_1_118' title="bbox 2017 5599 3654 5660">
    <p class='ocr_par' dir='ltr' id='par_1_118' title="bbox 2017 5599 3654 5660">
     <span class='ocr_line' id='line_1_118' title="bbox 2017 5599 3654 5660; baseline 0.003 -6"><span class='ocrx_word' id='word_1_870' title='bbox 2017 5617 2147 5655; x_wconf 90' lang='lat' dir='ltr'>nem</span> <span class='ocrx_word' id='word_1_871' title='bbox 2183 5600 2236 5653; x_wconf 92' lang='lat' dir='ltr'>in</span> <span class='ocrx_word' id='word_1_872' title='bbox 2269 5616 2334 5654; x_wconf 86' lang='lat' dir='ltr'>ea</span> <span class='ocrx_word' id='word_1_873' title='bbox 2357 5599 2678 5656; x_wconf 83' lang='lat' dir='ltr'>inveniunt.</span> <span class='ocrx_word' id='word_1_874' title='bbox 2704 5600 2867 5657; x_wconf 88' lang='lat' dir='ltr'>Unde</span> <span class='ocrx_word' id='word_1_875' title='bbox 2894 5603 3036 5659; x_wconf 89' lang='lat' dir='ltr'>bene</span> <span class='ocrx_word' id='word_1_876' title='bbox 3068 5605 3137 5660; x_wconf 90' lang='lat' dir='ltr'>de</span> <span class='ocrx_word' id='word_1_877' title='bbox 3171 5619 3386 5660; x_wconf 88' lang='lat' dir='ltr'>manna</span> <span class='ocrx_word' id='word_1_878' title='bbox 3405 5602 3654 5659; x_wconf 86' lang='lat' dir='ltr'>dicitur:</span> 
     </span>
    </p>
   </div>
  </div>
