3908 6172
334 282 455 357 639

897 290 1311 358 HAYMONIS
1355 294 1903 359 HALBERSTAT.
1949 286 2195 361 EPISC.
2241 299 2413 362 OPP.
2460 298 2658 367 PARS
2703 304 2884 366 Il.-—-
2912 301 3179 383 HOMIL.
3541 314 3636 384 640

333 456 362 484 ‹‹
395 431 505 499 Qui
534 429 669 505 plus
688 428 897 486 habuit
918 445 1031 486 non
1052 428 1406 522 abundavit:
1430 428 1608 522 etqui
1630 429 1847 499 minus,
1864 448 1980 488 non
2010 427 2067 496 Α
2094 433 2223 505 ejus
2253 433 2453 501 viride,
2477 436 2611 491 etin
2643 441 2902 510 tempore
2927 438 3201 498 siccitatis
3228 458 3328 500 non
3353 442 3444 503 erit
3462 447 3632 522 sollici‘

333 522 664 585 minoravit,
700 521 802 576 sed
833 536 1038 575 omnes
1060 518 1245 574 mensi
1269 523 1408 575 sunt
1429 518 1499 573 ad
1523 535 1860 575 mensuram
1886 538 1978 593 go-

335 620 463 667 mor
491 612 564 681 (II
591 610 710 667 Cor.
742 627 876 675 vm;
910 609 1076 665 Exod.
1128 611 1265 675 xvr).
1301 630 1329 657 n
1365 606 1462 663 Est
1492 608 1646 663 enim
1679 609 1980 682 Scriptura

332 718 498 756 sacra
529 699 740 755 ﬂuvius
773 698 1033 771 quidam,
1068 714 1318 769 magnus
1361 701 1417 753 et
1446 714 1682 768 parvus,
1713 698 1978 755 excelsus

331 794 388 846 et
417 788 677 856 humilis,
710 787 771 842 in
803 805 916 859 quo
948 786 1184 857 elephas
1214 790 1397 849 natat,
1429 790 1485 841 et
1515 804 1704 857 agnus
1730 788 1978 859 pedibus

330 878 631 935 ambulat:
673 878 809 949 quia
840 875 1132 946 spiritales
1162 879 1218 929 et
1246 875 1568 931 doctissimi
1600 876 1728 943 viri,
1759 880 1976 949 quanto

330 967 560 1040 plenius
587 968 713 1038 ejus
746 964 1103 1020 intellectum
1155 965 1485 1035 degustant,
1529 968 1690 1021 tanto
1721 965 1976 1037 amplius

329 1061 420 1113 est
450 1056 603 1127 quod
635 1055 692 1109 in
725 1071 790 1109 eo
815 1053 1075 1109 esuriant
1108 1069 1121 1107 :
1156 1057 1212 1107 et
1240 1052 1494 1109 humiles
1524 1057 1581 1109 et
1612 1054 1855 1127 parvuli,
1890 1071 1972 1110 se-

329 1147 583 1201 cundum
616 1142 921 1198 modulum
953 1160 1071 1197 suae
1102 1140 1458 1212 capacitatis,
1484 1143 1637 1197 unde
1667 1143 1970 1211 satientur,

325 1235 384 1290 in
413 1251 479 1290 ea
509 1231 828 1289 inveniunt.
850 1233 927 1287 De
950 1231 1165 1302 quibus
1189 1247 1290 1302 per
1307 1230 1681 1287 Psalmistam
1715 1232 1930 1288 dicitur
1955 1250 1968 1287 :

328 1342 356 1373 ιι
390 1324 574 1378 Edent
623 1337 904 1392 pauperes
952 1325 1008 1375 et
1056 1320 1498 1397 saturabuntur,
1545 1325 1602 1376 et
1648 1321 1973 1377 laudabunt

324 1412 635 1468 Dominum
669 1411 768 1483 qui
801 1409 1105 1481 requirunt
1136 1425 1292 1474 eum,
1320 1409 1514 1464 vivent
1564 1410 1739 1466 corda
1768 1428 1970 1467 eorum

324 1502 382 1557 in
415 1500 694 1557 smculum
727 1497 922 1555 saeculi
957 1498 1128 1569 (Psal.
1162 1501 1299 1565 xxx).
1337 1520 1364 1545 n

394 1614 422 1642 ‹‹
455 1592 524 1647 Et
553 1588 920 1647 sustulerunt
940 1587 1095 1658 quod
1118 1590 1492 1658 superaverat
1515 1588 1585 1643 de
1602 1588 1968 1662 fragmentis,

325 1703 351 1732 ‹‹
374 1684 598 1752 septem
618 1682 869 1751 sportas.
890 1698 918 1725 ››
942 1675 1044 1731 Hic
1066 1675 1298 1731 Domini
1322 1675 1670 1732 miraculum
1694 1694 1971 1749 augmen-

2088 525 2238 587 tum.
2271 540 2372 580 nec
2420 523 2735 598 aliquando
2784 527 3011 584 desinet
3061 527 3237 587 facere
3274 531 3488 591 fructum
3530 541 3633 606 (lar.

2088 611 2242 679 xvu).
2275 635 2303 664 ››
2339 614 2513 679 Quasi
2547 619 2741 670 autem
2795 632 2929 672 cum
2976 618 3157 688 junco
3200 618 3371 691 palma
3415 623 3462 677 in
3489 632 3638 697 sporta

2087 701 2431 769 contexitur,
2475 704 2710 774 quando
2742 704 2917 761 iidem
2949 705 3135 761 sancti
3176 707 3269 762 viri
3297 714 3468 765 contra
3491 729 3637 770 carnis

2084 787 2226 844 vitia
2254 793 2311 844 et
2342 791 2763 863 cogitationum
2810 793 3072 864 spiritale
3118 794 3317 850 bellum
3358 799 3638 872 suscipiunt,

2086 876 2333 934 scientes
2365 879 2503 951 quia
2548 898 2681 936 caro
2713 882 3074 959 concupiscit
3121 883 3372 940 adversus
3408 887 3637 957 spiritum,

2085 966 2328 1038 spiritus
2362 973 2558 1025 autem
2591 970 2869 1026 adversus
2900 987 3133 1026 carnem
3167 989 3178 1025 :
3208 976 3259 1026 et
3284 971 3390 1027 haec
3416 973 3508 1028 sibi
3532 975 3642 1031 invi-

2084 1068 2209 1111 cem
2232 1057 2708 1125 adversantur,ut
2729 1076 2843 1114 non
2870 1076 2998 1131 qua:
3023 1059 3404 1127 volumus,illa
3422 1061 3641 1119 faciamus

2082 1146 2227 1210 (Gal.
2250 1145 2325 1215 v).
2361 1148 2617 1212 Quorum
2650 1147 3127 1204 constantissima
3155 1150 3529 1221 perseverantia
3552 1169 3645 1207 ma-

2083 1231 2410 1301 nifestatur,
2445 1251 2579 1290 cum
2613 1236 2891 1292 subditur
2921 1253 2935 1292 :

2153 1345 2179 1371 «
2208 1323 2385 1378 Erant
2406 1327 2603 1379 autem
2628 1324 2729 1397 qui
2754 1326 3261 1394 manducaverunt,
3280 1326 3428 1399 quasi
3451 1330 3647 1399 quatuor

2081 1435 2108 1461 α
2137 1410 2342 1478 millia,
2363 1415 2419 1467 et
2439 1412 2800 1469 dimisitcos.
2824 1436 2851 1464 ››
2873 1410 2995 1470 Non
3025 1414 3239 1471 frustra
3267 1420 3487 1488 quatuor
3508 1414 3648 1472 millia

2078 1500 2383 1555 hominum
2417 1517 2451 1555 a
2480 1501 2722 1558 Domino
2754 1503 3115 1558 reficiuntur.
3137 1503 3513 1568 Quaternarius
3530 1502 3648 1558 enim

2079 1605 2360 1644 numerus
2382 1590 2673 1661 perfectus
2703 1594 2811 1658 est,
2845 1596 2904 1646 et
2934 1590 2990 1645 in
3024 1592 3150 1647 suis
3181 1590 3423 1663 partibus
3460 1591 3651 1655 divisus,

2078 1678 2486 1750 perfectionem
2517 1677 2757 1733 obtinet.
2779 1678 3069 1735 Dividitur
3087 1678 3240 1734 enim
3272 1679 3325 1734 in
3355 1679 3654 1744 unum,duo-

318 1773 506 1826 tatum
538 1772 646 1825 est.
682 1766 957 1838 Magnum
989 1765 1145 1821 enim
1179 1767 1345 1861 esset
1392 1765 1766 1861 miraculum,
1800 1767 1851 1822 si
1899 1768 1970 1823 de
1997 1795 2049 1861 Β
2077 1767 2188 1823 bus
2218 1771 2274 1821 et
2302 1766 2512 1823 tribus.
2546 1766 2740 1822 Unum
2793 1784 3050 1840 namque
3099 1769 3185 1829 ad,
3227 1772 3392 1823 Deum
3440 1767 3653 1839 pertinet,

319 1860 540 1932 septem
558 1856 831 1932 panibus,
848 1859 1099 1927 quatuor
1116 1853 1377 1910 millibus
1393 1853 1698 1910 hominum
1718 1855 1964 1923 satiatis,

320 1947 467 2004 nihil
498 1948 845 2019 superesset.
876 1944 988 2001 Sed
1030 1943 1207 1999 crevit
1238 1942 1493 2017 signum,
1523 1944 1684 1999 auxit
1712 1944 1966 2000 admira-

318 2036 692 2094 tionem.Non
716 2034 907 2090 solum
926 2031 1080 2088 enim
1105 2033 1177 2087 de
1199 2036 1420 2104 septem
1447 2032 1697 2104 panibus
1715 2038 1969 2105 quatuor

319 2126 503 2182 millia
520 2125 830 2181 hominum
849 2121 1058 2178 satiata
1079 2124 1238 2187 sunt,
1258 2120 1357 2176 sed
1383 2120 1557 2176 etiam
1584 2122 1656 2176 de
1676 2121 1967 2195 fragmen-

315 2215 413 2282 tis,
440 2216 610 2288 juxta
638 2228 951 2268 numerum
973 2222 1212 2281 pauum,
1237 2213 1460 2281 septem
1493 2213 1701 2281 sporta:
1733 2211 1963 2283 repleta:

316 2308 473 2361 sunt.
495 2303 655 2368 Quod
686 2317 823 2373 ergo
852 2300 1028 2355 turba
1058 2315 1173 2354 non
1206 2298 1378 2370 capit,
1398 2298 1643 2370 apostoli
1669 2299 1726 2354 in
1751 2299 1965 2371 sportis

315 2392 633 2453 sustollunt
658 2409 672 2447 :
708 2389 847 2463 quia
876 2387 1242 2445 obscuriores
1272 2387 1591 2443 sententias
1612 2405 1787 2444 sacrae
1809 2388 1960 2443 Scri-

314 2487 519 2556 pturaa,
537 2497 686 2554 quas
711 2477 1009 2549 simplices
1041 2492 1244 2547 capere
1276 2480 1594 2548 nequeunt,
1617 2476 1882 2550 magistri
1907 2480 1964 2533 et

314 2572 580 2628 doctores
617 2568 880 2626 Ecclesiae
913 2565 973 2621 in
1005 2564 1254 2638 propriis
1286 2565 1619 2638 pecto-ribus
1651 2568 1962 2624 recondere

313 2661 546 2729 debent,
572 2663 639 2715 ut
668 2663 931 2730 tempere
960 2653 1234 2711 doctrina:
1265 2653 1583 2726 unicuique
1603 2672 1863 2726 personae
1888 2656 1963 2713 ci-

312 2752 453 2808 bum
486 2746 809 2822 spiritalem
839 2744 1096 2801 tribuere
1122 2743 1387 2815 possint:
1411 2743 1550 2815 quia
1579 2746 1746 2816 turpe
1777 2749 1867 2802 est
1894 2763 1960 2803 eo

309 2843 571 2912 tempore
600 2837 843 2899 discere,
870 2834 1104 2906 quando
1135 2833 1268 2905 quis
1298 2833 1470 2888 debet
1495 2834 1733 2901 docere;
1761 2839 1817 2891 et
1841 2836 1962 2891 sint

256 2958 260 2963 ~
310 2918 383 2986 de
412 2928 548 2993 illis,
582 2927 653 2982 de
707 2923 924 2996 quibus
971 2921 1253 2979 Dominus
1286 2914 1416 2977 ait':
1451 2945 1479 2973 «
1514 2923 1727 2979 Fidelis
1758 2941 1960 2981 servus

309 3022 366 3075 et
383 3017 841 3090 prudens,quem
862 3011 1165 3069 constituit
1187 3010 1465 3067 Dominus
1482 3028 1659 3083 supra
1675 3012 1957 3070 familiam

309 3112 501 3165 suam.
521 3109 586 3161 ut
610 3104 708 3160 det
735 3101 853 3158 illis
883 3102 941 3157 in
965 3106 1225 3173 tempore
1244 3100 1419 3156 tritici
1444 3116 1780 3156 mensuram
1804 3103 1955 3174 (Luc.

2077 1856 2216 1928 quia
2232 1880 2251 1905 ι
2271 1873 2426 1911 unus
2440 1855 3240 1923 Dominus,unafides,unum
3256 1856 3653 1928 baptisma,unus

2078 1950 2229 2000 Deus
2260 1948 2316 2000 et
2344 1946 2513 2000 Pater
2541 1945 2827 2010 omnium,
2847 1944 2945 2017 qui
2968 1951 3057 2002 est
3081 1960 3257 2017 super
3287 1961 3487 2010 omnes,
3515 1949 3561 1999 et
3582 1960 3658 2015 per

2074 2033 2292 2099 omnia,
2337 2036 2396 2090 et
2444 2034 2502 2088 in
2551 2033 2827 2089 omnibus
2874 2034 3043 2090 nobis
3087 2035 3245 2107 (Eph.
3282 2037 3371 2103 IV).
3402 2054 3427 2084 »
3456 2032 3656 2099 Duo,ad

2074 2123 2368 2197 geminam
2400 2122 2771 2178 dilectionem
2800 2123 2887 2179 vel
2918 2123 3034 2179 duo
3056 2120 3658 2185 Testamenta.'l‘res,ad

2073 2214 2335 2269 sanctam
2370 2211 2850 2283 individuamque
2892 2211 3259 2278 Trinitatem,
3291 2211 3460 2267 Patris
3487 2208 3661 2266 scilicet

2072 2306 2129 2357 et
2157 2299 2283 2356 Filii
2304 2303 2359 2356 et
2381 2299 2635 2373 Spiritus
2661 2300 2867 2356 sancti.
2892 2302 3156 2367 Quatuor
3175 2306 3362 2357 autem
3381 2300 3445 2355 ad
3460 2296 3661 2372 gratiam

2073 2390 2213 2446 Novi
2242 2388 2618 2457 Testamenti,
2656 2388 2738 2444 vel
2769 2389 2841 2444 ad
2877 2394 3135 2461 quatuor
3185 2389 3361 2447 libros
3400 2384 3657 2458 Evangelii,

2072 2496 2197 2551 quze
2231 2476 2482 2533 maxime
2512 2476 2571 2531 in
2610 2476 2703 2532 his
2734 2476 3107 2533 describitur.
3148 2478 3294 2546 Quia
3318 2493 3444 2550 ergo
3472 2476 3523 2531 in
3551 2490 3663 2546 qua-

2069 2574 2203 2625 tuor
2230 2566 2398 2623 libris
2423 2565 2863 2639 Evangeliorum
2884 2565 3244 2634 invenimus,
3268 2564 3501 2639 qualiter
3520 2577 3663 2619 unum

2072 2663 2252 2713 Deum
2266 2655 2658 2721 credamus,ct
2670 2653 2922 2727 qualiter
2931 2655 3233 2727 geminam
3248 2652 3579 2710 dilectionem
3590 2650 3665 2704 ha-

2069 2749 2564 2811 beamus,necnon
2578 2737 3667 2816 qualitersanctamindividuamqueTii

2069 2836 2313 2892 nitatem
2338 2833 2741 2899 conﬁteamur,
2764 2837 2917 2888 recte
2931 2837 3191 2905 quatuor
3211 2832 3392 2888 millia
3410 2828 3664 2886 hominum

2068 2943 2103 2982 a
2123 2924 2367 2980 Domino
2390 2922 2605 2978 satiata
2625 2937 2754 2976 esse
2779 2920 3210 2994 dignoscimus.
3239 2922 3366 2978 Sive
3392 2927 3544 2983 recte,
3563 2914 3670 2988 quia

2069 3017 2321 3087 quatuor
2337 3009 2521 3067 millia
2539 3008 2842 3065 hominum
2863 3027 2896 3065 a
2913 3010 3169 3067 Domino
3187 3010 3343 3066 reﬁci
3366 3007 3667 3070 audivimus,

2069 3120 2179 3159 nos
2206 3101 2448 3174 mystice
2477 3100 2777 3168 docemur,
2811 3103 2875 3153 ut
2905 3098 2953 3155 si
2984 3099 3339 3171 spiritaliter
3364 3096 3511 3154 refici
3542 3093 3671 3149 volu-

305 3195 429 3267 χιι).
451 3217 479 3245 ››
506 3193 753 3251 Pulchre
784 3191 842 3247 in
871 3189 990 3258 illa,
1008 3165 1133 3262 quis
1155 3206 1225 3247 ex
1244 3188 1503 3262 quinque
1532 3189 1786 3261 panibus
1808 3165 1961 3247 facta
1987 3165 2031 3232 θ
2070 3208 2223 3259 mus,
2254 3165 2507 3262 quatuor
2537 3165 2890 3261 principales
2914 3165 3185 3258 virtutes,
3215 3186 3563 3262 prudentiam
3591 3180 3673 3237 sci-

306 3290 416 3352 est,
433 3284 741 3341 duodecim
765 3281 1000 3354 cophini
1022 3281 1483 3352 fragmentorum
1508 3285 1915 3335 remanserunt
1939 3298 1952 3338 :

305 3375 444 3448 quia
471 3368 1039 3441 Judaicus,populus
1087 3366 1395 3423 duodecim
1426 3366 1723 3438 apostolos
1753 3366 1956 3438 plenos

304 3462 527 3535 Spiritu
560 3462 761 3516 sancto
794 3458 866 3513 ad
900 3474 1069 3513 suam
1101 3455 1489 3511 eruditionem
1524 3455 1822 3512 habuit.In
1842 3456 1958 3513 ista

302 3550 702 3620 autem,juxta
734 3561 1045 3602 numerum
1081 3560 1321 3615 panum,
1346 3547 1568 3613 septem
1597 3549 1806 3615 sporta.-
1829 3562 1957 3601 sus-

300 3639 591 3696 toiluntur
623 3652 635 3690 :
689 3635 828 3709 quia
874 3632 1130 3691 Ecclesia
1155 3649 1224 3689 ex
1253 3632 1529 3705 gentibus
1560 3631 1822 3690 collecta.
1855 3651 1957 3705 per

301 3727 699 3800 septiformem
731 3724 976 3798 gratiam
1010 3720 1263 3794 Spiritus
1294 3718 1481 3775 sancti
1513 3718 1953 3788 celebratur,re-

301 3817 462 3890 gitur
510 3819 684 3887 atque
738 3813 1017 3871 reficitur.
1074 3816 1134 3866 In
1189 3810 1359 3880 cujus
1414 3812 1550 3880 typo
1592 3810 1847 3865 Joannes
1894 3809 1951 3864 in

300 3903 643 3978 Apocalypsi
674 3921 782 3959 sua
810 3906 1035 3974 septem
1066 3896 1340 3957 ecclesias
1371 3901 1693 3966 enumerat,
1729 3915 1951 3954 necnon

301 3999 359 4049 et
415 3999 638 4065 septem
699 3990 1051 4049 candelabra
1102 4003 1299 4055 aurea,
1350 3990 1408 4042 et
1463 3991 1683 4059 septem
1736 4003 1953 4042 cornua

299 4083 455 4156 agni.
476 4082 639 4140 Unde
668 4080 978 4139 Zacharias
1010 4077 1298 4152 propheta
1326 4075 1404 4132 ait
1432 4092 1445 4131 :
1479 4076 1588 4131 «In
1614 4075 1805 4147 lapide
1837 4092 1951 4131 uno

298 4176 520 4246 septem
554 4170 703 4227 oculi
738 4173 879 4227 sunt
898 4169 1079 4240 (Zach.
1105 4166 1202 4239 1x).
1232 4188 1259 4215 »
1294 4166 1466 4222 Recte
1499 4168 1696 4220 autem
1728 4167 1951 4237 septem

298 4272 528 4332 sportas
585 4258 906 4331 praecordia
970 4259 1306 4311 sanctorum
1362 4252 1789 4326 signiﬁcantur,
1850 4252 1952 4324 qui

297 4349 551 4420 Spiritus
581 4346 767 4402 sancti
798 4345 986 4417 gratia
1009 4342 1347 4408 illuminati,
1367 4345 1424 4398 et
1443 4341 1793 4396 viriditatem
1818 4341 1951 4396 fidei

298 4434 847 4490 immarcessibilcm
879 4434 1133 4494 servant,
1168 4435 1224 4485 et
1253 4429 1368 4485 tela
1398 4429 1747 4502 nequissimi
1780 4430 1952 4502 ignea

2062 3280 2217 3345 licet,
2252 3275 2725 3350 temperantiam,
2759 3275 3165 3333 fortitudinem
3199 3281 3372 3350 atque
3404 3272 3671 3347 justitiam,

2064 3369 2280 3441 quibus
2306 3365 2451 3422 nihil
2484 3369 2575 3422 est
2604 3365 2810 3423 utilius
2841 3365 2900 3420 in
2930 3366 3045 3421 vita
3066 3365 3353 3433 hominis,
3378 3364 3670 3420 habeamus.

2064 3458 2209 3522 Quia
2255 3456 2412 3512 enim
2473 3454 2793 3528 quadratus
2830 3454 2980 3526 lapis
3028 3471 3147 3511 non
3203 3456 3460 3515 fluctuat,
3508 3449 3593 3506 sed
3632 3447 3675 3501 in

2064 3562 2477 3619 quamcunque
2510 3550 2736 3617 partem
2766 3560 2970 3600 versus
3003 3543 3202 3612 fuerit,
3227 3541 3515 3616 {equaliter
3532 3539 3674 3610 jacet,

2064 3640 2217 3691 recte
2250 3634 2621 3707 qualernario
2641 3650 2887 3690 numero
2910 3633 3249 3690 constantia
3267 3636 3586 3689 sanctorum
3602 3626 3679 3680 de-

2065 3724 2349 3796 signatur,
2383 3723 2481 3795 qui
2516 3738 2630 3778 non
2674 3721 3174 3778 circumferuntur
3216 3721 3377 3777 omni
3418 3723 3572 3774 vento
3597 3714 3677 3769 do-

2063 3811 2283 3878 ctrinae,
2319 3812 2420 3867 sed
2455 3815 2519 3866 ut
2548 3810 2701 3866 firmi
2732 3810 2979 3882 lapides,
3011 3810 3131 3866 sive
3162 3811 3221 3866 in
3259 3806 3557 3883 prosperis,
3585 3801 3681 3857 sive

2063 3902 2121 3956 in
2167 3900 2447 3962 adversis.
2480 3899 2537 3954 in
2570 3899 2741 3955 bonis
2772 3899 3001 3954 actibus
3032 3903 3089 3954 et
3120 3900 3179 3954 in
3216 3900 3333 3955 fide
3363 3890 3680 3953 constantis-

2062 3990 2210 4045 sime
2228 3992 2616 4061 pcrseverant,
2634 3987 3070 4043 considerantes
3088 3986 3238 4043 illud
3261 3986 3416 4059 quod
3443 3980 3681 4039 Dominus

2063 4078 2179 4134 ait:
2205 4101 2231 4127 ‹‹
2257 4076 2364 4143 Qui
2389 4075 2839 4149 perseVeraverit
2870 4092 3058 4148 usque
3086 4076 3147 4130 in
3172 4076 3377 4141 finem,
3401 4074 3492 4129 hic
3518 4069 3685 4127 salvus

2062 4165 2171 4222 erit
2188 4164 2392 4237 (Matth.
2408 4165 2581 4236 xxxv).
2607 4186 2635 4213 ››
2657 4164 2956 4237 Sive,quia
2977 4168 3034 4219 et
3056 4164 3235 4220 ﬁdem
3260 4165 3409 4219 bene
3428 4152 3680 4217 credendi.

2061 4259 2118 4311 et
2136 4253 2528 4310 constantiam
2553 4257 2706 4308 recte
2731 4252 2957 4308 vivendi
2982 4268 3086 4324 per
3109 4258 3370 4325 quatuor
3386 4243 3682 4320 Evangelia-

2062 4359 2194 4400 rum
2216 4341 2540 4398 doctrinam
2562 4340 2869 4407 discimus,
2888 4345 3040 4395 recte
3058 4344 3319 4413 quatuor
3341 4337 3518 4394 millia
3536 4328 3687 4391 homi-

2061 4443 2204 4487 num
2231 4431 2302 4485 de
2332 4434 2553 4502 septem
2577 4428 2829 4501 panibus
2854 4427 3065 4485 refecta
3088 4428 3275 4485 fuisse
3299 4425 3683 4484 memorantur.

300 4521 665 4593 spiritalibus
696 4519 877 4575 armis
914 4520 1373 4590 exstinguentes,
1407 4520 1478 4574 ad
1508 4523 1790 4592 tropaeum
1821 4535 1949 4591 per-
1980 4534 2036 4600 θ’
2059 4522 2181 4577 Non
2225 4520 2380 4576 enim
2430 4518 2598 4575 aliter
2626 4518 2862 4590 credere
2911 4522 3013 4572 aut
3041 4518 3237 4573 vivere
3268 4518 3564 4578 debemus,
3594 4503 3683 4563 nisi

300 4616 489 4683 pet’uze
519 4608 769 4665 victoriae
800 4608 1066 4663 tendunt.
1116 4608 1328 4678 Sporta
1374 4607 1531 4663 enim
1559 4624 1628 4663 ex
1668 4608 1849 4677 junco
1895 4612 1953 4662 et
2061 4610 2356 4682 quomodo
2387 4611 2639 4680 quatuor
2670 4605 2979 4679 Evangelia
3008 4606 3240 4662 docent.
3277 4602 3442 4662 Unde
3468 4604 3688 4683 Joannes

299 4699 498 4772 palma
518 4696 860 4763 contexitur,
877 4701 933 4750 et
946 4696 1164 4767 juncus
1186 4695 1424 4769 quidem
1448 4697 1618 4767 juxta
1642 4696 1949 4753 humorem

299 4806 464 4861 aquas
496 4786 655 4844 nasci
689 4784 1010 4850 consuevit,
1044 4781 1240 4857 palma
1287 4801 1419 4840 vero
1467 4783 1622 4838 dicta
1665 4788 1754 4839 est
1783 4785 1951 4857 quasi

302 4878 462 4947 pacis
495 4877 671 4947 alma,
704 4893 832 4949 quae
860 4873 1159 4929 victricem
1194 4872 1420 4929 solebat
1448 4888 1655 4929 ornare
1686 4889 1950 4930 manum.

301 4965 500 5021 Sancti
530 4982 667 5038 ergo
696 4964 823 5032 viri,
877 4962 1046 5036 quasi
1080 4964 1301 5033 juncus
1323 4963 1495 5033 juxta
1540 4977 1754 5033 aquam
1804 4961 1950 5017 vire-

303 5057 497 5120 scunt,
531 5052 762 5123 quando
808 5050 1175 5108 meditationi
1207 5067 1384 5106 sacras
1416 5048 1728 5120 Scripturae
1778 5048 1952 5106 insis-

303 5141 456 5205 tunt,
478 5157 548 5195 ne
578 5156 613 5194 a
642 5139 754 5195 fide
784 5145 841 5195 et
869 5140 1038 5196 bonis
1068 5138 1296 5195 actibus
1326 5152 1585 5193 arescere
1614 5137 1862 5208 possint,
1883 5138 1954 5193 de

305 5228 520 5300 quibus
555 5227 838 5297 scriptum
870 5233 995 5283 est:
1034 5248 1056 5276 ι
1088 5228 1433 5283 Benedictus
1467 5226 1553 5280 vir
1581 5226 1681 5297 qui
1715 5227 1954 5283 confidit

305 5317 366 5371 in
398 5314 664 5380 Domino,
684 5320 741 5370 et
765 5314 874 5370 erit
902 5315 1188 5372 Dominus
1216 5316 1433 5371 ﬁducia
1452 5315 1602 5385 ejus,
1625 5318 1681 5370 et
1703 5314 1812 5371 erit
1833 5320 1957 5371 tan-

305 5422 482 5477 quam
516 5403 741 5477 lignum
775 5403 928 5473 quod
960 5402 1286 5474 plantatum
1334 5407 1423 5459 est
1472 5419 1641 5459 secus
1672 5404 1954 5461 decursus

306 5509 614 5565 aquarum,
647 5490 804 5563 quod
837 5491 908 5545 ad
940 5490 1245 5547 humorem
1276 5491 1489 5548 emittit
1538 5492 1762 5550 radices
1794 5511 1952 5561 suas,

301 5585 363 5642 θε
390 5599 507 5643 non
536 5580 769 5637 timebit
797 5594 931 5636 cum
982 5578 1201 5636 venerit
1231 5585 1427 5649 aestus,
1462 5581 1562 5636 sed
1608 5581 1718 5637 erit
1751 5581 1953 5638 folium

2063 4680 2123 4754 i—n
2151 4697 2499 4771 Apocalypsi
2532 4699 2787 4769 quatuor
2815 4694 3103 4750 animalia
3127 4701 3268 4750 ante
3314 4688 3581 4749 thronum
3607 4680 3685 4741 Dei

2060 4785 2235 4860 plena
2256 4785 2441 4842 oculis
2460 4788 2592 4840 ante
2612 4787 2670 4839 et
2691 4787 2846 4839 retro
2868 4799 2929 4838 se
2951 4781 3166 4837 vidisse
3188 4777 3694 4848 testatur,clamau-

2060 4874 2170 4931 tia:
2187 4897 2213 4923 «
2236 4875 2505 4941 Sanetus,
2530 4875 2791 4938 sanctus,
2817 4875 3056 4927 sanctus
3078 4870 3375 4926 Dominus
3396 4861 3692 4926 Deussaba-

2060 4961 2290 5034 oth,qui
2313 4965 2484 5030 est,et
2504 4960 2611 5033 qui
2631 4962 2839 5031 erat,et
2859 4959 2957 5032 qui
2981 4964 3268 5015 venturus
3290 4952 3655 5030 est(Apoc.1v).
3669 4966 3692 4995 υ

2643 5065 2949 5122 HOMILIA
2988 5063 3147 5122 CXX.

2340 5153 2614 5193 DOMINICA
2652 5154 2804 5192 NONA
2843 5146 2984 5192 ΡΟΒΤ
3020 5152 3440 5193 PENTECOSTEN.

2136 5227 2378 5298 (Mx'rm.
2412 5226 2536 5296 vn.)
2570 5247 2597 5277 ‹‹
2632 5227 2696 5281 In
2725 5224 2829 5281 illo
2858 5230 3139 5298 tempore,
3171 5224 3326 5281 dixit
3353 5225 3523 5280 Jesus
3550 5211 3695 5272 disci-

2063 5339 2090 5366 ‹‹
2112 5314 2266 5387 pulis
2293 5313 2416 5369 suis
2440 5331 2451 5368 :
2476 5314 2770 5369 Attendite
2788 5332 2821 5369 a
2844 5312 3014 5383 falsis
3030 5308 3468 5386 prophetis,qui
3487 5302 3698 5364 veniunt

2064 5427 2091 5455 ‹‹
2127 5403 2199 5458 ad
2230 5418 2329 5458 vos
2355 5402 2413 5456 in
2444 5400 2809 5458 vestimentis
2838 5401 3055 5456 ovium.
3082 5425 3111 5451 ››
3132 5402 3203 5457 Et
3234 5399 3484 5472 reliqua.
3516 5388 3697 5450 Praevi-

2063 5493 2209 5549 dens
2226 5491 2509 5547 Dominus
2522 5490 2847 5547 doctrinam
2866 5490 3275 5548 haereticorum
3294 5491 3500 5546 contra
3511 5482 3698 5540 electos

2063 5582 2123 5638 in
2155 5580 2411 5637 Ecclesia
2442 5580 2722 5647 futuram,
2772 5595 2997 5636 necnon
3031 5584 3088 5637 et
3117 5577 3409 5636 malitiam
3445 5572 3696 5632 falsorum
