3908 6172
221 336 326 398 6M

1457 338 1810 405 HOMILUE
1850 328 1957 410 ΒΕ
1998 336 2398 407 TEMPOBE.

3502 344 3622 411 642

222 468 637 525 catholicorum
676 468 1028 535 szevituram,
1052 467 1335 525 indicium
1376 470 1742 543 cogitationis
1777 488 1870 526 ec-
1900 472 1955 539 Α
1987 470 2128 525 lluic
2172 470 2714 544 convenire-potest
2754 469 2899 529 illul
2949 472 3204 531 Maronis
3247 476 3452 550 (Eclog.
3486 489 3568 549 ιιι)

223 575 347 615 rum
380 560 549 630 prius
578 551 879 617 ostendere
908 558 1109 627 voluit,
1139 566 1203 615 ut
1230 564 1392 621 tanto
1424 559 1651 621 facilius
1682 559 1867 615 caveri

222 646 468 720 possint,
503 651 723 720 quanto
774 647 1144 707 manifestius
1193 648 1486 722 cognosci.
1518 647 1613 705 Ait
1659 649 1817 704 enim
1852 666 1865 703 :

222 759 245 787 ι(
276 737 576 795 Attendite
600 754 633 791 a
663 736 826 794 falsis
857 737 1293 810 prophetis,qui
1321 737 1564 794 veniunt
1591 738 1663 793 ad
1694 737 1867 794 vosin

222 848 247 875 ‹‹
278 825 648 883 vestimentis
678 826 893 893 ovium,
918 825 1273 882 intrinsecus
1316 831 1511 882 autem
1563 830 1701 882 sunt
1746 826 1868 899 lupi

223 939 245 965 ‹‹
278 930 544 987 rapaces.
582 936 609 963 »
640 914 801 978 Quod
834 914 1167 986 specialiter
1207 915 1278 973 de
1318 915 1611 973 haereticis
1648 915 1869 973 intelli-

219 1003 479 1075 gendum
512 1010 618 1070 est,
654 1003 754 1075 qui
785 1003 915 1059 falsi
948 1003 1243 1076 prophetis
1273 1009 1432 1069 sunt,
1458 1005 1599 1060 dum
1629 1005 1701 1060 de
1730 1006 1868 1061 snb-

216 1092 443 1151 stantia
460 1091 782 1149 divinitatis
806 1095 862 1147 et
886 1091 1273 1151 humanitatis
1287 1092 1867 1159 multamentiuntur,

214 1180 552 1252 Scripturas
583 1198 799 1247 sacras,
822 1198 951 1252 quis
982 1181 1263 1241 divinitus
1294 1181 1590 1254 inspirataa
1621 1184 1869 1249 sunt,ad

214 1286 394 1325 suum
430 1287 669 1327 sensum
698 1270 1033 1343 pertrahere
1064 1271 1386 1343 cupientes.
1422 1271 1495 1327 Ut
1523 1272 1678 1327 enim
1729 1271 1870 1327 sim-

212 1357 466 1430 plicium
499 1359 744 1417 fratrum
799 1360 976 1416 corda
1025 1359 1259 1416 facilius
1308 1359 1573 1433 decipere
1620 1361 1869 1432 possint,

210 1448 389 1520 quasi
422 1446 619 1504 ovium
651 1448 1014 1505 vestimentis
1045 1465 1106 1504 se
1138 1449 1414 1517 induunt,
1447 1451 1586 1505 dum
1630 1449 1873 1504 catholi-

209 1553 425 1591 corum
454 1537 685 1592 Patrum
717 1537 1037 1593 sententias
1054 1555 1181 1610 qua
1204 1537 1869 1599 doctrinminterserunt.

206 1626 430 1685 Sciunt
468 1625 625 1680 enim
657 1625 796 1697 quia
824 1625 871 1680 si
907 1643 1138 1700 semper
1184 1626 1339 1682 mala
1386 1626 1666 1693 dicerent,
1701 1626 1873 1682 citius

2071 577 2168 646 Qui
2194 576 2374 646 legitis
2401 579 2575 646 flores,
2611 583 2664 646 e_t
2691 579 3147 646 huminascentia
3175 582 3341 646 fraga,

2066 639 2328 703 Frigidus,
2360 653 2393 689 ο
2419 640 2592 707 pueri,
2623 642 2789 707 fugite
2814 642 2958 703 hinc,
2978 643 3109 694 latet
3137 639 3335 708 anguis
3355 646 3408 695 in
3438 646 3621 703 herba.

2046 735 2259 792 Aliter:
2295 737 2439 809 Lupi
2467 755 2725 810 rapaces,
2743 738 2874 796 falsi
2892 740 3159 797 catholici
3190 740 3620 815 intelliguntur,

1976 824 2081 896 qui
2111 826 2465 882 conﬁtentur
2494 843 2557 884 se
2590 844 2760 885 nosse
2794 833 2995 897 Deum,
3028 830 3195 886 factis
3226 836 3422 886 autem
3456 830 3622 890 illum

1977 918 2212 985 negant.
2230 914 2333 980 Qui
2353 915 2495 973 dum
2522 915 2789 971 habitum
2811 917 3271 975 Christianitatis
3287 927 3621 977 assumunt.

1978 1002 2147 1073 quasi
2176 1001 2363 1059 ovinis
2394 1002 2645 1074 pellibus
2676 1004 2863 1071 induti
2903 1011 3202 1078 apparent.
3239 1008 3389 1064 Bene
3425 1014 3622 1067 autem

1977 1089 2134 1162 lupis
2164 1092 2473 1163 rapacibus
2499 1098 2933 1165 comparantur,
2967 1095 3106 1166 quia
3135 1095 3277 1152 dum
3316 1098 3629 1155 carnaliter

1977 1178 2199 1245 vivunt,
2213 1179 2529 1252 aliquando
2558 1181 2705 1238 alios
2727 1199 2832 1237 sue
2860 1182 3014 1238 malo
3032 1184 3293 1255 exemplo
3311 1185 3382 1240 ad
3402 1186 3625 1243 malum

1980 1268 2348 1340 pertrahunt,
2365 1268 2679 1341 aliquando
2710 1270 2958 1326 aliorum
2983 1271 3343 1329 substantias
3361 1290 3523 1331 more
3540 1274 3626 1333 lu-

1981 1373 2189 1429 porum
2203 1357 2510 1430 diripiunt,
2525 1359 2595 1415 de
2609 1358 2883 1431 qualibus
2905 1376 3008 1431 per
3024 1360 3369 1433 prophetam
3382 1363 3624 1419 dicitur:

1981 1468 2009 1493 «
2044 1445 2198 1500 Facti
2230 1449 2369 1500 sunt
2402 1446 2690 1517 principes
2718 1447 2804 1502 tui
2837 1452 2900 1502 ut
2930 1447 3049 1520 lupi
3083 1450 3503 1521 vespertini,ad
3531 1469 3628 1507 ve-

1980 1550 2218 1609 sperum
2252 1551 2365 1589 non
2398 1534 2795 1607 relinquentes
2826 1536 2884 1591 in
2918 1554 3090 1592 mane
3111 1538 3406 1611 (Sophia).
3430 1540 3628 1597 n'l‘ales

1982 1639 2118 1695 ergo
2132 1623 2415 1678 Dominus
2436 1624 2606 1695 jubet
2627 1641 2845 1690 cavere,
2861 1625 3000 1696 quia
3012 1626 3163 1681 sicut
3180 1627 3462 1685 bonorum
3482 1646 3627 1685 con-

206 1715 441 1786 eog'niti
477 1721 837 1771 caverentur.
868 1716 937 1771 Et
965 1714 1095 1771 ideo
1127 1716 1280 1771 bona
1306 1714 1478 1772 malis
1510 1716 1774 1783 miscent,
1810 1719 1876 1770 ut
1983 1711 2229 1766 sortium
2264 1711 2517 1767 multum
2550 1713 2803 1784 adjuvat,
2821 1713 2903 1768 sic
2937 1713 3226 1770 malorum
3249 1716 3496 1773 societas
3517 1718 3627 1784 fre-

205 1805 363 1859 dum
397 1802 651 1861 libenter
680 1804 917 1859 auditur
944 1804 998 1861 id
1034 1805 1186 1877 quod
1220 1821 1419 1859 verum
1446 1809 1684 1871 est,non
1703 1805 1876 1860 facile
1909 1842 1952 1906 Β
1983 1804 2230 1871 quenter
2254 1800 2509 1856 multum
2524 1806 2712 1867 nocet,
2726 1805 2873 1857 teste
2885 1801 3188 1873 propheta,
3204 1804 3468 1875 quiaitzu
3484 1806 3628 1861 Cum

203 1892 596 1949 discernatur
625 1891 732 1948 hoc
764 1893 918 1965 quod
944 1893 1158 1949 falsum
1189 1898 1279 1948 est
1302 1909 1317 1948 1
1340 1909 1561 1949 morem
1589 1894 1876 1955 venefico-
1911 1889 1952 1906 "
1984 1893 2186 1944 sancto
2219 1894 2457 1944 sanctus
2480 1889 2614 1956 eris,
2639 1893 2697 1944 et
2721 1906 2856 1945 cum
2885 1891 3009 1946 viro
3037 1889 3632 1951 innocenteinnocens

202 1999 349 2037 rum
384 1983 825 2054 servantes,qui
858 1983 999 2038 dum
1021 1981 1264 2039 cuilibet
1283 1999 1567 2038 venenum
1592 1982 1878 2055 corrigere
1984 1978 2119 2032 eris.
2154 1977 2223 2032 Et
2251 1994 2387 2033 cum
2419 1977 2597 2033 electo
2645 1977 2867 2035 electus
2905 1979 3040 2047 eris,
3073 1984 3131 2034 et
3178 1996 3313 2036 cum
3361 1998 3631 2053 perverso

197 2070 445 2138 volunt,
479 2086 581 2127 ora
606 2070 807 2131 ,calicis
828 2070 998 2126 melle
1029 2070 1262 2137 liniunt,
1297 2076 1361 2126 ut
1417 2071 1558 2126 dum
1609 2075 1878 2143 gustatur
1985 2065 2329 2138 perverteris
2359 2068 2435 2138 (ll
2478 2069 2606 2136 Reg.
2639 2068 2795 2138 XXII).
2830 2089 2859 2117 »
2893 2068 2960 2122 Et
3003 2067 3311 2124 Salomone
3358 2070 3584 2128 dicente
3616 2088 3629 2126 :

198 2160 253 2214 id
294 2160 470 2232 quod
503 2158 672 2217 dulce
702 2163 808 2227 est,
844 2160 1065 2231 absque
1112 2159 1459 2215 retractione
1508 2160 1878 2231 perveniatur
1992 2154 2295 2219 «Quicum
2328 2155 3631 2229 sapientibusgraditursapienserit.Amicus,

191 2250 264 2304 ad
308 2249 372 2304 id
413 2248 572 2320 quod
601 2248 966 2305 mortiferum
999 2252 1116 2305 est:
1144 2249 1216 2303 ad
1249 2247 1698 2304 similitudinem
1716 2265 1875 2304 ερον-
1985 2243 2626 2311 stultorum,etﬁcietur
2656 2244 2869 2300 similis
2899 2247 3085 2313 (Prov.
3111 2247 3300 2319 xm)»
3321 2248 3634 2305 Hincidem

190 2339 459 2411 pienum
492 2336 727 2395 aculeos
754 2337 811 2392 in
838 2337 1027 2393 cauda
1056 2342 1372 2410 gestantes,
1392 2339 1669 2410 quoniam
1693 2338 1873 2393 hmre-

191 2427 295 2482 tici
332 2426 398 2481 in
433 2425 651 2498 primis
680 2426 874 2481 verbis
907 2426 1059 2481 bona
1087 2427 1423 2495 ostendunt,
1448 2426 1505 2481 in
1539 2427 1875 2483 novissimis

191 2520 412 2571 autem
432 2531 709 2586 perversa
729 2515 1146 2587 dogmatizant,
1162 2516 1316 2570 unde
1333 2520 1391 2571 et
1403 2520 1689 2587 pungunt.
1705 2516 1876 2572 Tales

194 2622 348 2678 ergo
395 2604 556 2676 lupis
587 2604 901 2676 rapacibus
927 2608 1360 2675 comparantur,
1394 2603 1530 2675 quia
1558 2621 1690 2659 cum
1720 2610 1874 2660 exte-

197 2696 335 2749 rius
388 2694 603 2766 lingua
652 2694 1050 2760 blandiantur,
1085 2693 1333 2748 interius
1382 2694 1577 2747 animo
1607 2693 1871 2748 szeviunt.

205 2784 364 2849 Quia
396 2783 556 2838 sicut
584 2781 762 2854 lupus
786 2797 1022 2855 gregem
1075 2781 1376 2854 dispergit,
1409 2780 1658 2839 dilaniat
1701 2785 1874 2853 atque

1984 2332 2258 2387 Salomon
2290 2350 2395 2389 nos
2426 2334 2720 2401 admonet,
2755 2334 2995 2392 dicens:
3030 2357 3058 2384 α
3094 2335 3223 2391 Noli
3250 2353 3379 2393 esse
3409 2337 3635 2395 amicus

1984 2422 2208 2477 homini
2239 2421 2541 2491 iracundo,
2557 2438 2662 2478 nec
2692 2422 2958 2479 ambules
2989 2440 3122 2480 eum
3160 2425 3279 2480 viro
3306 2426 3545 2495 furioso,
3564 2444 3635 2483 ne

1984 2512 2130 2566 forte
2142 2509 2333 2566 discas
2351 2511 2594 2567 semitas
2614 2513 2762 2583 ejus,
2778 2518 2832 2568 st
2845 2530 3050 2579 sumas
3064 2513 3411 2570 scandalum
3425 2516 3637 2572 anima;

1984 2603 2095 2653 tuae
2127 2602 2306 2670 (Prov.
2339 2600 2704 2659 xxn).»Hinc
2734 2600 2952 2656 Paulus
2979 2602 3637 2674 discipulisscribit,di-

1984 2705 2121 2743 cens
2138 2705 2149 2742 :
2168 2712 2194 2736 ‹‹
2212 2688 2270 2743 Si
2285 2689 2420 2759 quis
2445 2689 2618 2743 frater
2642 2690 3001 2755 nominatur,
3016 2696 3076 2744 et
3103 2696 3193 2745 est
3206 2691 3523 2748 fornicator
3535 2700 3639 2748 aut

1984 2775 2213 2831 adulter
2241 2780 2342 2831 aut
2371 2793 2604 2843 avarus,
2623 2777 2775 2848 qdod
2800 2781 2887 2832 est
2904 2777 3193 2833 idolorum
3212 2780 3484 2847 servitus,
3499 2797 3635 2836 cum

211 2871 518 2939 dilacerat,
551 2871 632 2927 ita
662 2876 719 2927 et
750 2870 1003 2926 haeretici
1047 2885 1403 2927 venenosum
1454 2870 1719 2926 animum
1768 2870 1875 2925 ha-

218 2961 446 3029 bentes,
480 2963 708 3017 mentes
739 2959 1100 3032 simplicium
1132 2958 1416 3015 dilaniare
1458 2976 1568 3015 non
1620 2963 1869 3015 cessant.

227 3049 292 3106 Et
321 3066 471 3121 quos
504 3050 563 3105 in
590 3048 818 3105 occulto
858 3050 1123 3120 decipere
1179 3063 1293 3103 non
1345 3052 1609 3119 possunt,
1644 3048 1874 3120 publice

233 3138 632 3210 insequuntur.
666 3137 735 3193 Et
775 3137 904 3193 ideo
955 3154 1018 3193 se
1067 3138 1420 3195 bonosesse
1469 3136 1778 3206 simulant,
1809 3144 1874 3193 ut

232 3226 579 3298 simplicium
603 3227 832 3282 animos
849 3227 916 3280 ad
936 3242 1102 3283 suam
1118 3225 1387 3281 haeresim
1408 3242 1609 3297 rapere
1625 3226 1872 3297 possint,
1906 3206 1948 3272 C

236 3315 310 3369 vel
340 3321 488 3373 certe
518 3332 720 3372 eorum
763 3314 1129 3371 substantias
1150 3314 1319 3386 quasi
1355 3314 1881 3388 bonimagistriac-

232 3404 424 3476 cipere.
454 3405 619 3471 Quod
652 3404 869 3460 Paulus
902 3403 1203 3476 apostolus
1234 3404 1291 3458 in
1326 3403 1585 3475 Epistola
1614 3421 1722 3460 sua
1743 3405 1882 3460 scri-

236 3492 544 3560 bit,dicens
560 3510 572 3548 :
588 3494 693 3551 «Hi
721 3498 857 3548 sunt
874 3493 973 3565 qui
1007 3496 1313 3564 penetrant
1331 3492 1879 3561 domosviduarum,

238 3587 290 3636 et
318 3582 568 3655 captivas
610 3583 835 3639 ducunt
881 3580 1258 3638 mulierculas
1311 3586 1581 3637 oneratas
1624 3583 1880 3655 peccatis

236 3670 303 3737 (II
324 3673 625 3741 Tim.n),et
655 3688 757 3744 per
788 3670 990 3728 dulces
1019 3684 1321 3726 sermones
1355 3675 1411 3725 et
1440 3670 1879 3728 benedictiones

234 3759 516 3817 seducunt
545 3760 723 3817 corda
761 3759 1158 3816 innocentium
1188 3760 1361 3830 (Rom.
1394 3759 1529 3831 xvr).
1560 3783 1586 3808 ι»
1618 3760 1879 3817 Talesla-

239 3863 334 3917 pos
370 3849 595 3905 futuros
630 3850 783 3905 idem
808 3847 1123 3921 Apostolus
1158 3846 1777 3920 praevidebat,quando
1797 3848 1879 3904 di-

237 3937 393 3992 cebat
414 3956 426 3992 :
447 3939 621 3995 «Scio
646 3937 794 4010 quia
825 3942 957 4010 post
981 3937 1309 3992 discessum
1344 3953 1539 3993 meum
1573 3937 1881 3994 intrabunt

242 4024 292 4080 in
322 4044 413 4083 vos
435 4027 553 4100 lupi
581 4043 805 4100 graves,
827 4026 950 4099 lupi
966 4042 1225 4098 rapaces,
1242 4043 1355 4082 non
1378 4031 1681 4098 parcentes
1691 4028 1874 4100 gregi.

243 4114 313 4170 Ex
338 4116 491 4173 vobis
522 4120 890 4188 consurgent
919 4115 1025 4170 viri
1057 4114 1270 4187 iniqui,
1302 4113 1607 4186 loquentes
1638 4116 1876 4171 menda-

242 4201 401 4273 cium,
432 4210 486 4261 et
535 4205 837 4261 abducant
884 4203 1204 4276 discipulos
1255 4208 1386 4275 post
1429 4219 1490 4258 se
1533 4203 1669 4269 (Act.
1695 4207 1809 4271 xx).
1846 4225 1875 4253 »

243 4290 346 4348 Hos
380 4294 552 4351 etiam
600 4293 790 4349 caveri
838 4293 909 4349 ab
960 4291 1245 4365 apostolis
1293 4290 1521 4347 volebat
1567 4291 1868 4361 Dominus,

240 4382 437 4452 quibus
465 4384 697 4440 dicebat
729 4400 741 4437 ε
780 4404 807 4434 «
839 4383 980 4438 Ecce
1011 4398 1118 4455 ego
1150 4381 1318 4437 mitte
1352 4397 1454 4437 vos
1481 4380 1636 4437 sicut
1664 4381 1876 4437 ovesin

241 4472 414 4528 medio
440 4472 734 4545 luporum.
752 4472 948 4529 Estote
971 4487 1107 4543 ergo
1129 4470 1445 4542 prudentes
1466 4469 1620 4524 sicut
1639 4486 1874 4542 serpen-

1982 2864 2325 2936 hujusmodi
2340 2881 2443 2920 nec
2455 2864 2652 2920 cibum
2669 2866 2962 2937 sumere(l
2973 2865 3092 2922 Cor.
3109 2866 3182 2938 v).
3201 2888 3228 2915 »
3243 2868 3355 2923 Sed
3370 2870 3636 2941 nunquid

1982 2969 2216 3026 semper
2243 2952 2424 3009 latent
2452 2953 2725 3022 haeretici,
2743 2958 2844 3008 aut
2868 2953 2996 3010 falsi
3027 2953 3297 3011 catholici
3330 2956 3441 3011 sub
3463 2958 3637 3025 ovina

1984 3041 2153 3113 pelle,
2173 3047 2273 3098 aut
2285 3058 2517 3115 semper
2533 3043 3075 3115 possuntabscondi
3088 3044 3115 3099 ‘2
3131 3061 3271 3100 non.
3287 3045 3433 3100 Nam
3446 3045 3634 3118 quali-

1981 3138 2071 3187 ter
2097 3130 2369 3203 cognosci
2398 3130 2627 3186 valeant
2648 3131 2932 3187 Dominus
2944 3132 3320 3203 aperuitcum
3341 3132 3628 3206 adjungit:

2058 3243 2086 3270 «
2119 3222 2164 3275 A
2194 3220 2481 3275 fructibus
2510 3236 2715 3276 eorum
2760 3220 3124 3293 cognoscetis
3168 3237 3286 3277 eos.
3323 3242 3350 3269 »
3383 3221 3629 3291 Fructus

1988 3308 2145 3363 enim
2171 3326 2206 3363 a
2234 3309 2480 3364 fruendo
2511 3325 2722 3365 nomen
2755 3308 2995 3380 accepit,
3029 3308 3183 3364 unde
3232 3326 3337 3381 per
3377 3310 3632 3365 fructum

1989 3415 2165 3469 cpera
2193 3397 2620 3470 significantur.
2635 3397 2694 3453 Si
2712 3413 2849 3469 ergo
2870 3398 3195 3470 interrogas
3217 3399 3316 3470 qui
3341 3402 3479 3454 sunt
3497 3398 3633 3455 boni

1991 3489 2237 3553 fructus,
2269 3503 2302 3542 a
2327 3487 2547 3557 quibus
2574 3486 2874 3541 hominem
2902 3503 3253 3559 cognoscere
3273 3486 3638 3560 possis,apo-

1989 3575 2177 3631 stolas
2206 3574 2423 3631 Paulus
2453 3575 2808 3643 manifestat,
2842 3574 3043 3631 dicens
3076 3592 3089 3632 :
3119 3600 3145 3626 ‹‹
3184 3577 3429 3632 Fructus
3478 3576 3636 3632 enim

1989 3664 2232 3737 spiritus
2263 3668 2352 3720 est
2379 3663 2978 3736 charitas,gaudium,
3012 3681 3145 3736 pax,
3179 3665 3479 3738 patientia,
3508 3664 3637 3721 lou-

1988 3754 2322 3827 ganimitas,
2358 3752 2607 3820 bonitas,
2641 3752 2991 3831 benignitas,
3043 3755 3453 3819 mansuetudo,
3494 3755 3639 3810 fides

1990 3843 2296 3909 modestia,
2332 3841 2711 3908 continentia,
2743 3842 2984 3898 castitas
3013 3843 3157 3911 (Gal.
3186 3845 3263 3915 v).
3283 3866 3310 3892 ιι
3343 3841 3469 3898 Noli
3500 3859 3639 3917 ergo

1988 3933 2048 3988 in
2078 3931 2348 3987 haeretica
2393 3946 2649 4002 quaerere
2698 3930 2836 3987 folia
2881 3931 3189 3989 verborum
3241 3931 3504 4004 pulchra,
3537 3931 3635 3988 sed

1987 4020 2119 4076 fidei
2150 4018 2630 4091 puritatem.Noli
2661 4019 2957 4075 attendere
2976 4018 3035 4073 in
3068 4020 3397 4075 Christiano
3420 4019 3638 4076 solum-

1986 4109 2160 4163 modo
2192 4108 2409 4162 famam
2434 4107 2597 4162 bona;
2628 4107 2943 4178 opinionis.
2976 4108 3074 4162 sed
3110 4108 3363 4162 fructum
3407 4108 3637 4179 inquire

1987 4203 2152 4254 recta;
2180 4194 2557 4268 operationis.
2591 4194 2718 4250 Noli
2750 4195 3048 4249 attendere
3077 4194 3485 4267 linguam,sed
3520 4212 3639 4265 ma-

1986 4303 2150 4343 num.
2171 4284 2316 4353 Quia
2339 4284 2491 4340 sicut
2508 4300 2624 4339 non
2647 4282 3104 4339 laudaturarbor
3116 4282 3636 4356 expulchritudine

1986 4376 2258 4433 foliorum
2288 4372 2375 4429 vel
2407 4372 2757 4438 florum,sed
2772 4389 2839 4427 ex
2862 4372 3264 4427 abuundantia
3284 4372 3636 4444 frugum,ita

1987 4482 2220 4538 quoque
2253 4462 2508 4528 haeretici
2536 4460 2623 4517 vel
2659 4459 2791 4516 falsi
2820 4459 3115 4527 catholici,
3135 4477 3249 4516 non
3283 4464 3421 4516 sunt
3461 4477 3529 4515 ex
3553 4461 3632 4515 si-

242 4561 335 4627 les,
366 4566 416 4617 et
446 4560 746 4633 simplices
778 4559 930 4617 sicut
959 4559 1241 4619 columba:
1272 4559 1481 4628 (Matth.
1508 4562 1586 4629 χ).
1617 4581 1644 4609 ››
1676 4559 1871 4616 Monet
1903 4570 1948 4636 ι)
1979 4554 2301 4615 mulatione
2332 4550 2750 4617 laudandi,sed
2769 4567 2838 4605 ex
2868 4550 3059 4605 fructu
3080 4549 3215 4605 boni
3239 4549 3631 4622 operis.«Non

240 4662 362 4721 ergo
391 4650 674 4706 Dominus
697 4649 843 4706 tales
873 4649 1044 4721 lupos
1074 4664 1294 4716 cavere,
1322 4648 1461 4720 quia
1483 4648 1635 4703 sicut
1651 4647 1869 4703 doctis-

239 4737 360 4793 simi
388 4740 489 4795 viri
524 4744 579 4796 et
608 4738 881 4796 catholici
906 4736 1196 4794 haereticis
1232 4737 1502 4793 resistere
1533 4736 1874 4804 debent,sic

237 4827 304 4882 ab
331 4845 527 4887 eorum
574 4829 869 4885 consortio
919 4826 1221 4900 simplices
1268 4826 1577 4894 declinare,
1610 4843 1701 4894 ne,
1731 4827 1874 4882 dum

239 4930 426 4974 eorum
459 4918 731 4975 doctrina
759 4917 1017 4986 auditur,
1053 4920 1280 4973 mentes
1310 4914 1675 4974 audientium
1716 4931 1872 4971 com-

238 5007 618 5074 maculentur,
648 5006 871 5063 Joanne
902 5004 1164 5078 apostolo
1197 5005 1568 5070 admonente,
1603 5003 1702 5075 qui
1742 5002 1824 5058 ait
1856 5019 1868 5059 :

236 5095 329 5150 «Si
356 5095 485 5168 quis
510 5096 670 5153 venit
699 5097 772 5152 ad
802 5099 998 5161 vos,et
1027 5094 1177 5150 hanc
1202 5093 1526 5151 doctrinam
1552 5109 1667 5148 non
1685 5092 1870 5160 affert,

231 5183 399 5240 nolite
429 5185 684 5257 recipere
709 5201 846 5243 eum
877 5185 937 5239 in
968 5185 1162 5249 domo,
1196 5199 1301 5239 nec
1329 5184 1443 5239 Ave
1489 5182 1540 5237 ei
1587 5179 1871 5237 dixeritis.

228 5272 283 5328 Si
310 5275 443 5347 quis
472 5274 683 5331 dixerit
712 5272 763 5330 ei
806 5275 941 5345 Ave,
970 5272 1370 5333 communicat
1395 5269 1671 5342 operibus
1712 5268 1871 5325 illius

222 5360 480 5437 indignis
546 5364 623 5435 (Il
659 5364 816 5420 lacn.
881 5362 945 5434 ι).
1003 5385 1032 5413 ››
1100 5361 1247 5419 Hinc
1308 5365 1367 5416 et
1420 5357 1733 5430 Apostolus
1798 5358 1870 5414 ad

225 5452 419 5508 Titum
489 5452 735 5518 scribit,
799 5450 1002 5509 dicens
1072 5465 1085 5505 :
1165 5470 1195 5500 ‹‹
1261 5446 1604 5503 Ηωιοθιίοιιω
1682 5446 1870 5507 homi-

222 5558 353 5598 nem
386 5544 522 5615 post
552 5556 731 5597 unam
762 5542 821 5597 et
850 5540 1170 5597 secundam
1202 5536 1626 5609 correptionem
1657 5535 1868 5605 devita,

178 5631 415 5691 sericas
459 5628 604 5708 quia
645 5642 952 5706 pervorsus
1008 5631 1097 5686 est
1145 5623 1485 5702 huiusmodi
1524 5624 1629 5697 (Ίϊι
1683 5626 1790 5696 ιιι).
1837 5646 1868 5678 η

1982 4651 2073 4705 est
2102 4643 2328 4708 enim,»
2348 4645 2413 4696 ut
2452 4638 2741 4695 Dominus
2788 4638 2927 4694 alibi
2969 4639 3051 4694 ait
3078 4640 3228 4707 (Luc.
3260 4638 3358 4710 v1),
3392 4659 3420 4687 »
3462 4639 3634 4694 arbor

1982 4738 2137 4792 bona
2169 4732 2388 4788 faciens
2421 4728 2648 4783 fructus
2680 4727 2885 4794 malos,
2922 4742 3111 4799 neque
3160 4727 3333 4782 arbor
3363 4726 3518 4782 mala
3546 4727 3629 4782 fa-

1983 4825 2144 4880 ciens
2166 4823 2190 4876 f
2190 4838 2253 4876 ru
2262 4824 2393 4874 ctus
2414 4818 2618 4873 bonos.
2645 4816 3020 4888 Unaquaeque
3036 4816 3211 4872 arbor
3225 4833 3293 4870 ex
3314 4815 3507 4870 fructu
3523 4832 3630 4870 suo

1982 4909 2372 4985 cognoscitur.
2409 4930 2437 4958 »
2468 4905 2633 4962 Unde
2661 4909 2718 4960 et
2746 4906 3018 4961 subditur
3051 4922 3064 4972 ;
3097 4926 3124 4954 ‹‹
3158 4903 3436 4976 Nunquid
3468 4902 3629 4958 colli-

1983 5024 2011 5052 ‹‹
2044 5006 2191 5074 gunt
2218 5000 2289 5054 de
2320 4996 2508 5069 spinis
2537 5011 2699 5060 uvas,
2715 4998 2816 5049 aut
2833 4995 2905 5049 de
2937 4992 3170 5050 tribulis
3202 4993 3427 5048 ﬁcus?»
3449 4993 3632 5065 Spina

1981 5096 2039 5146 et
2068 5087 2321 5145 tribulus
2351 5085 2588 5140 arbores
2620 5087 2761 5138 sunt
2797 5081 2978 5154 plenae
3026 5080 3265 5148 aculeis,
3296 5080 3377 5136 ita
3424 5087 3490 5137 ut
3534 5082 3630 5139 vix

1982 5180 2203 5251 absque
2233 5175 2465 5230 laesione
2492 5170 2730 5228 tractari
2772 5170 3018 5242 possint.
3052 5171 3275 5236 Quibus
3318 5170 3622 5228 contraria)

1981 5272 2121 5324 sunt
2150 5267 2296 5320 ficus
2324 5268 2383 5318 et
2409 5260 2564 5327 vitis,
2598 5277 2726 5337 quae
2755 5264 2813 5317 et
2851 5261 3232 5333 fragrantiam
3286 5260 3625 5318 suavissimi

1981 5356 2195 5423 odoris,
2227 5357 2285 5409 et
2312 5352 2569 5408 fructum
2591 5348 2922 5405 dulcissimi
2949 5350 3179 5423 saporis
3210 5351 3486 5407 reddunt.
3521 5351 3628 5408 Per

1979 5445 2183 5516 spinas
2212 5458 2349 5514 ergo
2379 5445 2437 5495 et
2466 5436 2734 5502 tribulos,
2764 5438 2903 5493 vitia
2926 5445 2983 5493 et
3010 5443 3247 5511 peccata
3293 5439 3624 5511 signantur,

1980 5535 2051 5590 de
2096 5531 2315 5605 quibus
2343 5546 2377 5585 a
2418 5526 2664 5583 Domino
2711 5525 2902 5599 primo
2952 5527 3175 5585 homini
3223 5527 3445 5584 dictum
3488 5528 3620 5581 est:

1982 5646 2011 5678 ιι
2041 5622 2217 5681 Terra
2243 5623 2347 5678 tua
2375 5617 2575 5695 spinas
2605 5620 2664 5676 et
2689 5614 2942 5679 tribulos
2961 5615 3315 5696 germinabit
3344 5615 3450 5675 tibi
3468 5614 3621 5691 (Gen.
