4050 6174
401 334 519 398 643

962 331 1374 397 HAYMONIS
1418 329 1963 396 HALBERSTAT.
2008 325 2256 395 EPISC.
2302 328 2475 395 OPP.
2523 332 2722 394 PARS
2766 331 2949 394 IL—
2976 328 3250 395 HOMIL.

3688 299 3865 421 eu.

392 442 500 540 Ιιι),
536 493 564 518 ››
596 469 703 523 Per
728 485 900 523 uvam
931 484 1066 523 vero
1096 473 1149 523 et
1184 470 1354 523 ﬁcum
1389 466 1579 522 dulcis
1627 471 1799 539 atque
1850 466 2047 522 suavis
2078 468 2125 533 Α
2161 466 2539 533 necessarias,
2575 482 2953 523 assumamus
2983 482 3083 521 eas
3114 464 3285 540 nobis
3314 449 3373 519 in
3404 466 3804 536 uxores,quia,

385 560 610 614 fructus
629 556 1193 629 cliarilatisaecipitu
1206 575 1250 624 r,
1272 574 1444 629 quem
1468 558 1660 628 palato
1680 556 1894 611 mentis
1912 573 2041 612 sen-

386 651 545 704 serat
592 646 709 715 ille,
764 646 863 719 qui
915 645 1189 702 dicebat:
1226 670 1253 695 ‹‹
1290 646 1473 709 Quam
1527 644 1725 701 dulcia
1771 645 2042 701 faucibus

388 736 536 793 meis
567 734 799 808 eloquia
827 738 1143 807 tua,super
1164 734 1276 790 mel
1299 739 1357 790 et
1378 734 1572 789 favum
1604 733 1690 789 ori
1722 750 1851 790 meo
1866 733 2037 804 (Psal.

387 826 602 898 cxvm).
635 848 663 875 »
697 824 859 881 Sicut
888 840 1026 897 ergo
1058 823 1229 896 spina
1257 828 1314 879 et
1342 820 1597 879 tribulus
1642 821 2040 879 intractabiles

387 918 546 982 sunt,
580 914 658 969 ita
686 913 941 969 haeretici
973 917 1030 967 et
1062 910 1190 967 falsi
1242 911 1513 968 catholici
1564 913 1750 967 amari
1798 916 1855 966 et
1900 928 2037 967 acu-

388 1003 523 1060 leati
547 1003 833 1076 proximis
877 1000 1255 1057 inveniuntur
1289 1018 1300 1056 :
1334 1004 1391 1057 et
1438 1001 1566 1056 ideo
1616 999 1850 1056 illorum
1894 998 2043 1055 falsa

387 1091 671 1158 doctrina,
705 1093 763 1146 et
791 1090 1037 1146 istorum
1070 1106 1246 1162 prava
1274 1089 1541 1161 exempla
1575 1088 1853 1161 fugienda
1877 1092 2037 1156 sunt,

387 1179 526 1253 quia
553 1180 706 1235 sicut
735 1180 817 1235 ait
845 1177 1116 1234 Salomon
1152 1195 1165 1233 :
1202 1201 1228 1229 «
1264 1180 1370 1245 Qui
1412 1177 1666 1251 tetigerit
1714 1178 1924 1251 picem,
1950 1177 2040 1233 in-

386 1268 734 1341 quinabitur
760 1269 831 1323 ab
863 1285 967 1337 ea;
1002 1272 1057 1323 et
1088 1268 1188 1339 qui
1220 1268 1471 1341 dissipat
1501 1284 1719 1340 sepem,
1754 1267 2043 1323 mordebit

383 1374 517 1413 eum
547 1356 785 1414 coluber
814 1357 1001 1427 (Ecclt'.
1033 1362 1177 1425 xm).
1207 1380 1233 1405 ››
1272 1355 1475 1423 Vel,ut
1501 1357 1747 1429 puidam
1777 1355 2037 1423 tradunt,

384 1464 485 1519 per
514 1464 683 1503 uvam
714 1451 772 1502 et
800 1445 1258 1513 ﬁcum,dulcedo
1280 1446 1582 1502 memoriae
1607 1445 1768 1518 regni
1791 1443 2040 1500 caelestis

383 1537 685 1609 accipitur.
705 1535 886 1609 Igitur
916 1536 985 1589 de
1017 1536 1202 1607 spinis
1228 1552 1342 1590 non
1376 1535 1675 1607 colligitur
1704 1549 2039 1605 uva,neque

382 1625 452 1681 de
482 1624 715 1680 tribulis
748 1630 913 1695 lit-us,
947 1625 1087 1696 quia
1118 1624 1168 1679 si
1199 1625 1517 1697 requiritur
1547 1625 1605 1679 in
1636 1623 1905 1680 haeretico
1926 1623 2040 1678 fru-

384 1718 514 1770 ctus
548 1714 874 1779 cliaritatis,
902 1713 1083 1785 spina:
1116 1712 1504 1769 dissensionis
1538 1712 1949 1777 inveniuntur;
1982 1715 2041 1767 et

381 1804 429 1859 si
464 1805 518 1859 in
551 1802 697 1859 falso
729 1801 1012 1858 catholico
1042 1818 1209 1857 amor
1237 1801 1514 1868 caelestis,
1538 1818 1721 1857 amor
1768 1806 2037 1857 terrenus
2068 1841 2112 1906 Β

381 1893 701 1966 reperitur;
734 1898 791 1947 et
821 1893 870 1947 si
903 1892 1127 1947 fructus
1158 1891 1467 1957 castitatis,
1505 1892 1730 1946 fructus
1772 1889 2035 1947 libidinis

378 1981 657 2036 intuetur.
708 1980 819 2036 Sed
870 1980 1136 2052 quamvis
1192 1980 1362 2052 spina
1432 1996 1546 2035 non
1612 1980 1836 2051 gignat,
1887 1978 2035 2034 solet

381 2073 576 2124 tamen
610 2068 786 2123 vitem
816 2084 951 2123 cum
983 2068 1150 2124 botro
1180 2066 1488 2124 sustinere.
1522 2067 1667 2134 Quia
1697 2067 1948 2123 haeretici
1978 2072 2035 2123 et

381 2156 516 2213 falsi
548 2156 839 2224 catholici,
872 2174 1008 2213 cum
1041 2157 1102 2212 in
1134 2156 1336 2213 multis
1369 2156 1503 2212 mali
1539 2157 1677 2218 sint,
1713 2155 1899 2212 solent
1946 2160 2031 2211 ta-

381 2264 513 2302 men
555 2247 821 2319 quasdam
880 2247 1033 2302 bona
1080 2247 1305 2311 docere,
1339 2249 1396 2301 et
1446 2246 1713 2317 quaedam
1761 2243 2033 2317 religiosa

379 2336 702 2392 ostendere.
719 2336 865 2400 Quid
888 2352 1023 2408 ergo
1042 2336 1112 2390 de
1134 2334 1351 2390 talibus
1373 2334 1705 2389 faciendum
1719 2333 2033 2388 erit?Nun-

380 2426 517 2498 quid
552 2430 786 2498 prepter
815 2425 1048 2497 spinam
1078 2423 1500 2495 relinquendus
1521 2427 1609 2477 est
1624 2422 1921 2489 botrus,id
1940 2425 2031 2477 est

380 2518 616 2587 propter
641 2513 794 2569 mala
827 2511 1016 2568 bona?
1036 2512 1347 2568 Absit.Sed
1380 2515 1443 2565 ut
1472 2516 1636 2583 pater
1663 2511 2028 2584 Augustinus

379 2604 460 2659 ait
492 2622 504 2659 :
537 2604 629 2658 Sic
662 2602 993 2675 carpendus
1024 2606 1115 2657 est
1146 2601 1369 2668 botrus,
1403 2605 1467 2655 ut
1514 2604 1710 2655 tamen
1761 2605 2031 2655 caveatur

376 2692 737 2766 spiua.Sicut
747 2691 903 2748 enim
916 2691 1319 2746 haereticorum
1333 2689 1599 2745 doctrina
1616 2688 2028 2761 asimplicibus

377 2781 513 2838 viris
545 2781 777 2854 penitus
807 2780 1089 2853 fugienda
1113 2783 1221 2847 est,
1256 2778 1340 2834 sic
1367 2776 1723 2834 acatholicis
1753 2782 1809 2833 et
1836 2777 2031 2833 ortho-

376 2870 539 2926 doxis
569 2869 859 2937 Patribus,
876 2869 974 2940 qui
1006 2868 1203 2924 sciunt
1226 2868 1557 2924 discernere
1579 2866 1733 2922 inter
1753 2882 1949 2922 veram
1971 2871 2030 2922 et

378 2959 583 3015 falsam
614 2958 960 3024 doctrinam,
986 2957 1142 3012 mala
1172 2957 1500 3029 respuenda
1530 2959 1767 3021 sunt,ut
1796 2955 2025 3010 bonain

377 3047 723 3104 auctoritate
733 3045 1127 3102 ecclesiastica
1142 3049 1542 3102 assumantur.
1557 3044 1718 3108 Quod
1742 3043 2025 3099 Dominus

377 3137 437 3192 in
463 3136 588 3209 lege
618 3136 864 3208 ﬁgurate
893 3135 1166 3203 ostendit,
1186 3134 1419 3207 quando
1433 3131 1867 3207 egredientibus
1889 3131 2025 3187 ﬁliis

378 3206 555 3282 Israel
583 3243 652 3281 ex
668 3206 926 3298 'tEgypto
956 3224 1145 3297 (Exod.
1178 3206 1302 3290 xu),
1332 3206 1603 3294 praecepit
1646 3219 1750 3287 eis,
1785 3225 1849 3275 ut
1895 3237 2025 3276 mu-
2056 3206 2098 3272 C

378 3318 611 3371 tuarent
640 3331 673 3369 a
702 3313 906 3371 vicinis
946 3313 1071 3369 suis
1121 3328 1258 3367 vasa
1297 3328 1473 3366 aurea
1502 3313 1557 3365 et
1588 3314 1860 3382 argentea
1909 3326 2023 3365 non

378 3421 582 3477 pauca,
617 3408 679 3458 ut
706 3400 1095 3474 exspoliarent
1117 3402 1449 3471 Egyptum.
1484 3397 1629 3461 Quid
1668 3414 1773 3469 per
1814 3413 2024 3470 argen-

378 3498 528 3558 tum,
547 3491 663 3547 nisi
686 3508 861 3547 sacrze
894 3490 1207 3561 Scriptura
1240 3486 1554 3558 praeclarus
1583 3503 1795 3543 sensus
1815 3486 2025 3560 accipi-

376 3581 557 3636 tur?«
574 3579 818 3651 Eloquia
838 3578 992 3634 enim
1017 3577 1247 3633 Domini
1269 3575 1691 3648 eloquiacasta,
1711 3581 2021 3649 argentum

376 3669 510 3742 igne
540 3668 941 3725 examinatum
972 3667 1146 3735 (Psal.
1177 3670 1358 3733 xvm).
1394 3687 1421 3714 »
1455 3664 1560 3721 Per
1606 3683 1818 3720 aurum
1865 3683 2018 3735 vero,

379 3758 531 3813 nitor
557 3756 772 3828 eloquii
804 3754 1168 3826 exprimitur,
1195 3752 1507 3810 Salomone
1537 3755 1765 3811 dicente
1796 3756 2020 3812 :«The-

377 3863 590 3902 saurus
602 3842 1004 3901 desiderabilis
1023 3842 1334 3916 requiescit
1350 3842 1407 3898 in
1421 3860 1519 3900 ore
1537 3843 1815 3916 sapientis
1835 3847 2017 3915 (Prov.

378 3939 512 4004 xw).
562 3958 589 3986 »
633 3934 809 3998 Quasi
874 3949 1011 4006 ergo
1077 3949 1253 3988 aurea
1314 3937 1370 3987 et
1417 3937 1690 4005 argentea
1733 3951 1767 3989 a
1813 3934 2020 3992 vicinis

377 4028 583 4081 mutuo
613 4021 954 4096 accipimus,
987 4022 1222 4095 quando
1255 4023 1327 4077 ab
1353 4021 1640 4079 haereticis
1687 4027 1744 4079 et
1776 4024 2021 4098 paganis

378 4109 740 4167 necessarias
789 4109 1109 4165 sententias
1139 4107 1227 4165 vel
1262 4109 1510 4165 nitorem
1542 4108 1889 4182 eloquentia:
1946 4113 2019 4168 ad

376 4204 635 4257 nostram
667 4197 982 4254 utilitatem
1001 4197 1285 4254 assumim
1296 4215 1385 4255 ns.
1406 4197 1569 4254 Unde
1596 4199 1654 4254 in
1676 4200 1879 4255 eadem
1896 4199 2020 4274 lege

374 4288 510 4344 alibi
542 4286 863 4362 ﬁguraliter
894 4287 1228 4360 praecipitur
1258 4304 1271 4342 :
1309 4309 1336 4339 α
1363 4287 1422 4343 Si
1453 4304 1725 4360 egressus
1757 4288 2019 4346 fuerisad

373 4376 591 4434 bellum
615 4380 815 4432 contra
835 4376 1032 4432 hostes
1054 4381 1210 4447 tuos,
1223 4376 1596 4432 ettradiderit
1616 4392 1713 4433 eos
1735 4376 2022 4435 Dominus

372 4467 527 4522 Deus
558 4471 696 4521 tuus
727 4465 786 4520 in
818 4482 1030 4521 manus
1061 4470 1215 4531 tuas,
1245 4465 1622 4537 captivosque
1652 4482 1750 4521 eos
1763 4467 2019 4539 duxeris,

2155 561 2219 610 ut
2241 556 2321 610 ait
2352 556 2628 611 Salomon
2654 572 2714 609 ες(
2748 555 2899 611 Uxor
2930 555 3037 609 viri
3068 537 3353 626 sapientia
3382 554 3803 625 est(Prov.x):»

2152 644 2234 700 ita
2265 648 2553 712 tamen,ut
2581 644 2746 717 prius
2775 643 3069 700 caesariem
3101 642 3313 716 capitis
3342 643 3471 715 ejus
3500 643 3802 711 radamus,

2151 738 2209 789 et
2237 733 2591 790 sumnitates
2623 733 2910 806 unguium
2942 731 3349 805 praecidamus,
3381 731 3439 787 id
3487 733 3579 788 est
3625 731 3796 804 quid-

2151 824 2293 896 quid
2315 823 2575 896 superﬁu
2586 839 2706 889 um,
2722 821 3009 895 quidquid
3029 820 3388 888 haereticum,
3404 819 3696 893 quidquid
3713 837 3807 877 no-

2152 916 2287 968 stra;
2319 911 2456 968 ﬁdei
2487 928 2730 984 pravum
2761 916 2819 967 et
2848 910 3206 966 contrarium
3256 913 3366 977 est,
3397 910 3807 966 discernamus

2151 1005 2207 1056 et
2236 1001 2609 1073 abjiciamus.
2643 999 2702 1057 Si
2737 999 2869 1073 quis
2900 1003 3094 1056 autem
3125 1016 3194 1055 ex
3220 998 3313 1054 his
3342 998 3415 1054 ad
3448 1001 3717 1054 nostram
3740 999 3803 1054 ﬁ-

2149 1091 2282 1146 dem
2316 1090 2662 1147 catholicam
2693 1088 2947 1146 converti
2983 1087 3231 1145 voluerit
3274 1104 3387 1143 non
3416 1091 3503 1143 est
3527 1086 3805 1161 repellen-

2149 1180 2281 1246 dus,
2317 1180 2418 1236 sed
2469 1177 2859 1251 recipiendus,
2893 1177 2974 1233 ita
3022 1182 3239 1245 tamen,
3281 1181 3346 1232 ut
3390 1175 3589 1250 lugeat
3643 1177 3803 1250 prius

2150 1273 2374 1340 patrem
2407 1285 2583 1324 suum
2616 1271 2673 1323 et
2703 1271 2949 1323 matrem
2975 1283 3093 1322 uno
3125 1283 3346 1333 mense,
3380 1265 3438 1321 id
3469 1270 3558 1322 est
3587 1265 3666 1320 de
3699 1266 3808 1339 pri-

2150 1358 2306 1413 stina
2334 1356 2771 1414 conversatione
2799 1355 3139 1413 ethzerctica
3155 1356 3589 1428 pravitate,qua
3607 1355 3805 1428 inqui-

2149 1451 2325 1503 natus
2351 1446 2439 1503 vel
2470 1447 2726 1502 nutritus
2756 1450 2862 1514 est,
2882 1444 3288 1518 paenitentiam
3320 1448 3545 1517 agat,et
3566 1445 3809 1499 anathe-

2150 1536 2385 1592 matizet
2414 1539 2472 1591 et
2501 1533 2704 1591 diluat.
3246 1562 3251 1565 η
3742 1550 3745 1553 ·

2221 1645 2249 1676 ‹‹
2282 1625 2375 1681 Sic
2405 1624 2597 1680 omnis
2628 1625 2800 1679 arbor
2828 1623 2984 1679 bona
3010 1623 3239 1679 fructus
3262 1622 3445 1678 bonos
3476 1622 3809 1690 facit,mala

2148 1737 2175 1763 ((
2211 1718 2405 1769 autem
2438 1713 2612 1769 arbor
2642 1712 2867 1768 fructus
2901 1710 3090 1767 malos
3124 1711 3278 1766 facit.
3314 1734 3341 1763 υ
3369 1711 3529 1775 Quod
3564 1712 3808 1767 arbores

2149 1802 2206 1857 in
2240 1802 2559 1875 Scripturis
2588 1801 2859 1857 homines
2890 1799 3243 1873 signiﬁcant,
3278 1800 3566 1855 Dominus
3609 1800 3806 1856 mani-

2144 1892 2318 1947 festat
2342 1907 2474 1946 cum
2508 1891 2645 1945 alibi
2678 1890 2845 1945 dicit:
2865 1892 3021 1945 «Aut
3051 1889 3220 1944 facite
3250 1890 3517 1945 arborem
3550 1889 3804 1959 bonum,

2144 1984 2201 2035 et
2232 1979 2485 2034 fructum
2514 1979 2642 2051 ejus
2666 1978 2920 2045 bonum;
2945 1981 3047 2033 aut
3069 1976 3238 2034 facite
3264 1978 3530 2033 arborem
3555 1978 3804 2045 malam,

2143 2073 2201 2124 et
2244 2070 2498 2125 fructum
2549 2069 2676 2139 ejus
2722 2067 2943 2123 malum
2978 2067 3184 2138 (Matth.
3235 2067 3372 2138 xxx).
3408 2089 3436 2115 »
3468 2066 3539 2121 Et
3587 2083 3804 2135 caecus,

2143 2158 2242 2229 qui
2276 2176 2309 2213 a
2339 2158 2586 2214 Domino
2635 2157 3001 2212 illuminatus
3052 2156 3259 2224 fuerat,
3287 2155 3479 2212 aiebat
3516 2173 3529 2210 :
3560 2178 3587 2203 ››
3623 2155 3807 2211 Video

2141 2247 2410 2303 homines
2441 2246 2610 2319 quasi
2636 2247 2871 2302 arbores
2903 2245 3086 2318 (Marc.
3119 2249 3244 2311 xu).
3282 2268 3309 2294 »
3345 2243 3541 2300 Daniel
3562 2260 3807 2317 quoque

2138 2335 2198 2390 in
2229 2335 2449 2391 visione
2479 2335 3013 2391 Nabuchodonosor
3035 2332 3493 2407 regis,magnam
3519 2334 3805 2389 arborem

2140 2426 2333 2498 ipsum
2366 2442 2559 2499 regem
2592 2425 3011 2496 interpretatur
3041 2425 3214 2495 (Dan.
3248 2424 3343 2495 iv).
3376 2424 3446 2478 Et
3470 2439 3580 2496 per
3631 2423 3802 2480 Psal-

2140 2515 2376 2570 mistam
2410 2515 2479 2569 de
2502 2515 2665 2585 justo
2698 2513 2946 2568 dicitur:
2980 2513 3187 2568 Justus
3218 2516 3283 2566 ut
3311 2511 3507 2584 palma
3538 2512 3801 2580 ﬁorebit,

2137 2608 2195 2659 et
2224 2604 2374 2659 sicut
2403 2603 2614 2658 cedrus
2645 2601 2848 2657 Libani
2880 2600 3369 2673 multiplicabitur
3397 2602 3566 2670 (Psal.
3601 2606 3752 2669 XCI).
3779 2624 3799 2650 ι

2138 2692 2296 2755 Quod
2328 2708 2463 2764 ergo
2494 2690 2644 2747 ait:«
2665 2690 2755 2745 Sic
2772 2690 2967 2746 omnis
2997 2690 3169 2746 arbor
3190 2690 3342 2745 bona
3358 2689 3588 2745 fructus
3608 2691 3804 2746 bonos

2137 2780 2297 2848 facit,
2314 2779 2470 2835 mala
2500 2783 2695 2835 autem
2714 2779 2887 2834 arbor
2910 2779 3135 2835 fructus
3159 2777 3345 2833 malos
3359 2776 3511 2842 facit,
3530 2777 3700 2834 ntale
3718 2785 3804 2835 est

2138 2886 2205 2924 ac
2235 2869 2283 2924 si
2317 2868 2741 2925 diceret:Sicut
2762 2884 2866 2923 nec
2886 2866 3058 2939 spina
3085 2884 3277 2934 uvam,
3294 2883 3399 2922 nec
3414 2865 3683 2922 tribulus
3705 2885 3801 2941 ge-

2138 2961 2303 3013 nerat
2332 2958 2529 3025 ﬁcum,
2545 2956 2630 3013 sic
2645 2973 2712 3012 ex
2737 2956 2933 3012 radice
2962 2956 3172 3011 vitiosa
3194 2954 3387 3011 malus
3409 2955 3643 3011 fructus
3665 2973 3801 3029 pro-

2136 3046 2381 3115 ccdit,et
2410 3063 2479 3102 ex
2508 3046 2663 3102 bona
2693 3045 3014 3102 intentione
3042 3045 3198 3100 bona
3221 3044 3480 3118 operatio
3502 3044 3798 3101 nascitur.

2135 3135 2297 3191 Unde
2328 3140 2386 3191 et
2413 3134 2707 3191 subditur.

2211 3248 2239 3275 ‹‹
2271 3226 2394 3280 Non
2428 3227 2619 3296 potest
2655 3226 2827 3280 arbor
2873 3225 3025 3279 bona
3078 3223 3303 3280 fructus
3336 3221 3522 3279 malos
3575 3224 3794 3291 facere,

2135 3337 2164 3364 «
2197 3331 2384 3386 neque
2413 3313 2586 3368 arbor
2615 3311 2769 3370 mala
2800 3312 3025 3369 fructus
3057 3312 3241 3368 bonos
3271 3313 3475 3368 facere.
3510 3335 3539 3361 ››
3558 3312 3623 3368 In
3650 3329 3798 3384 quo,

2132 3403 2258 3459 loco
2290 3402 2533 3475 quaestio
2564 3402 2830 3457 animum
2862 3401 3081 3474 pulsat,
3099 3417 3278 3474 quare
3295 3401 3518 3456 dicata
3542 3400 3675 3456 Non
3703 3418 3801 3473 po-

2131 3496 2245 3549 test
2275 3492 2447 3548 arbor
2483 3492 2637 3546 bona
2686 3491 2913 3547 fructus
2962 3489 3150 3546 malos
3199 3490 3408 3558 facere,
3438 3505 3633 3562 neque
3697 3506 3794 3545 ar-

2131 3581 2237 3637 bor
2284 3580 2439 3636 mala
2486 3580 2712 3636 fructus
2763 3580 2949 3636 bonos
2995 3579 3203 3646 facere,
3254 3600 3283 3630 ››
3334 3594 3469 3634 cum
3512 3576 3797 3652 legamus

2131 3669 2375 3726 Paulum
2398 3668 2727 3741 apostolum
2759 3669 3027 3724 arborem
3059 3668 3263 3741 utique
3283 3668 3498 3724 bonam
3522 3667 3795 3722 fructum

2132 3757 2353 3814 malum
2393 3757 2620 3826 fecisse,
2646 3759 2883 3831 quando
2915 3757 3234 3814 Ecclesiam
3284 3757 3384 3813 Dei
3435 3761 3796 3829 persecutus

2130 3852 2255 3917 est;
2289 3851 2345 3903 et
2371 3846 2586 3902 Judam
2618 3846 3134 3903 arborem'malam
3162 3846 3415 3901 fructum
3448 3846 3677 3901 bonum
3706 3845 3791 3901 fe-

2130 3938 2302 4005 cisse,
2334 3937 2569 4009 quando
2600 3953 2735 3991 cum
2767 3936 2988 3991 caeteris
3008 3935 3286 4007 apostolis
3308 3938 3543 3989 secutus
3564 3937 3658 3989 est
3680 3933 3795 3988 Do-

2133 4028 2380 4083 minum.
2414 4027 2498 4081 Ad
2529 4025 2685 4098 quod
2714 4024 3210 4096 respondendum,
3244 4023 3382 4095 quia
3412 4022 3565 4079 sicut
3592 4039 3665 4077 ex
3697 4024 3795 4078 ra—

2134 4117 2259 4172 dice
2277 4114 2503 4171 arboris
2528 4115 2754 4170 fructus
2778 4114 3057 4185 procedit,
3072 4117 3130 4168 et
3145 4129 3213 4168 ex
3231 4112 3356 4185 ipso
3374 4112 3590 4176 fructu,
3613 4112 3795 4183 cujus

2130 4205 2358 4279 generis
2386 4203 2472 4260 vel
2496 4203 2723 4275 saporis
2745 4202 2821 4257 sit
2849 4201 3242 4274 cognoscitur,
3268 4201 3349 4256 ita
3377 4200 3795 4256 exintentione

2129 4294 2322 4349 cordis
2352 4310 2498 4366 opus
2530 4291 2841 4365 profertur.
2864 4291 2931 4346 Et
2961 4291 3114 4347 sicut
3142 4290 3427 4346 Dominus
3448 4288 3592 4345 dicit
3612 4290 3799 4353 :Qua—

2132 4382 2205 4439 lis
2234 4383 2411 4438 fuerit
2435 4381 2681 4436 intentio
2711 4385 2835 4445 tua,
2865 4379 2980 4435 tale
3010 4380 3122 4436 erit
3140 4383 3198 4435 et
3228 4395 3377 4451 opus
3400 4382 3593 4434 tuum.
3622 4376 3796 4432 Ideo-

2131 4488 2245 4544 que
2274 4472 2466 4527 bonus
2496 4470 2672 4525 homo
2702 4467 2907 4524 tandiu
2938 4467 3128 4524 malos
3158 4468 3383 4523 fructus
3432 4466 3623 4522 facere
3674 4480 3795 4521 non

372 4558 429 4610 et
456 4554 670 4610 videris
701 4554 761 4608 in
793 4570 1039 4609 numero
1074 4552 1386 4608 mulierum
1415 4552 1673 4625 puellam
1711 4554 2020 4626 pulchram
2050 4578 2096 4643 Β
2131 4565 2340 4633 potest,
2364 4558 2625 4632 quandiu
2654 4559 2713 4613 in
2746 4557 2940 4613 radice
2963 4558 3126 4613 bonaa
3152 4554 3495 4612 intentionis
3521 4569 3799 4627 perseve-

373 4661 498 4717 quae
532 4642 720 4716 placet
748 4642 932 4699 oculis
964 4642 1102 4708 tuis,
1123 4642 1487 4715 volucrisque
1509 4660 1639 4699 eam
1657 4643 1871 4700 habere
1889 4662 2022 4701 uxo-

285 4741 289 4744 ’
372 4750 516 4801 rem,
551 4732 884 4789 introduces
914 4749 1042 4788 eam
1077 4731 1135 4786 in
1155 4732 1395 4787 domum
1427 4735 1612 4798 tuam,
1630 4732 2019 4803 itatamen,ut

373 4823 533 4895 prius
568 4822 863 4878 caesariem
906 4820 1114 4893 capitis
1148 4821 1276 4892 ejus
1308 4821 1502 4890 radas,
1536 4826 1595 4877 et
1646 4823 2018 4879 summitates

376 4911 661 4983 unguium
694 4910 855 4965 illius
884 4908 1188 4982 praecidas,
1203 4907 1514 4981 lugeatque
1531 4914 1755 4982 patrem
1773 4929 1948 4967 suum
1964 4916 2023 4967 et
2042 4954 2047 4961 .

372 5004 617 5055 matrem
642 4999 701 5053 in
732 5000 906 5055 domo
940 5015 1057 5053 uno
1080 5015 1301 5065 mense,
1321 5001 1377 5053 et
1390 5002 1522 5070 post
1543 4998 1664 5054 haec
1688 5000 2021 5055 introduces

370 5105 498 5143 eam
531 5088 601 5142 ad
632 5092 772 5154 te,et
801 5088 912 5142 erit
944 5086 1048 5142 tibi
1084 5103 1229 5142 uxor
1258 5090 1441 5154 (Deut.
1458 5088 1595 5159 xx1).
1618 5109 1646 5136 ››
1669 5086 2022 5159 Spiritaliter

371 5179 564 5231 autem
593 5176 665 5231 ad
698 5173 916 5230 bellum
932 5175 1321 5247 procedimus,
1338 5176 1572 5248 quando
1594 5192 1728 5231 cum
1748 5177 2021 5235 hostibus

372 5263 671 5331 Ecclesiae,
703 5263 761 5318 id
788 5269 877 5319 est
908 5263 1219 5332 haereticis,
1249 5264 1320 5320 de
1351 5265 1469 5320 ﬁde
1495 5264 1828 5323 Christiana
1858 5270 1914 5322 et
1930 5283 2019 5324 re-

370 5350 586 5425 ligione
605 5344 939 5409 conﬂictum
964 5351 1271 5408 habemus.
1288 5354 1591 5425 Cunmque
1610 5353 1807 5411 divina
1822 5360 2021 5413 aucto-

371 5441 540 5496 ritate
572 5440 1172 5513 superati,tradiderit
1192 5458 1290 5498 eos
1321 5442 1608 5498 Dominus
1640 5443 1794 5501 Deus
1827 5450 2023 5502 noster

373 5529 431 5585 in
462 5545 674 5586 manus
706 5533 956 5595 nostras,
974 5528 1024 5585 si
1045 5530 1442 5587 invenerimus
1466 5530 1523 5586 in
1550 5549 1796 5589 numero
1819 5533 2020 5607 dispu-

348 5619 659 5682 tationum
691 5617 1012 5680 sententias
1041 5619 1114 5679 ad
1149 5623 1410 5678 nostram
1436 5619 1613 5678 ﬁdem
1632 5622 2022 5685 roborandam

2130 4653 2253 4716 rat;
2287 4665 2392 4704 nec
2426 4646 2619 4703 malus
2648 4646 2825 4702 homo
2861 4645 3067 4702 tandiu
3100 4645 3327 4700 fructus
3373 4644 3557 4700 bonos
3599 4642 3794 4698 facere

2129 4742 2338 4810 potest,
2363 4737 2605 4809 quandu
2636 4734 2792 4791 mala
2821 4734 3068 4791 intentio
3099 4732 3584 4807 perdurat.Juxla
3605 4746 3785 4803 quem

2129 4844 2370 4883 sensum
2400 4825 2652 4899 legimus
2674 4829 2732 4880 et
2760 4825 2996 4880 Petrum
3022 4822 3353 4897 apostolum
3384 4822 3655 4878 arborem
3674 4818 3791 4875 uti-

2131 4933 2243 4988 que
2255 4916 2492 4981 bonam,
2507 4914 2693 4970 malos
2707 4914 2932 4969 fructus
2946 4913 3172 4983 fecisse,
3187 4911 3451 4984 quandiu
3464 4908 3783 4966 Dominum

2132 5003 2362 5077 negavit
2401 5005 2607 5073 (Matth.
2639 5005 2816 5069 xxvx).
2868 5002 2936 5057 Et
2982 5002 3205 5072 Jethro,
3238 5017 3374 5058 cum
3420 5000 3587 5072 prius
3628 4996 3783 5054 mala

2130 5092 2304 5149 arbor
2348 5096 2520 5158 esset,
2552 5092 2775 5146 bonum
2819 5091 3075 5146 fructum
3118 5090 3271 5158 fecit,
3315 5089 3551 5161 quando
3597 5085 3777 5159 Moysi

2130 5180 2274 5238 utile
2304 5180 2616 5237 consilium
2647 5179 2805 5235 dedit
2836 5179 3037 5251 (Exod.
3069 5178 3254 5251 xvul).
3287 5176 3575 5234 Similiter
3602 5179 3661 5231 et
3680 5179 3784 5229 Da-

2128 5270 2244 5338 vid,
2277 5272 2430 5326 bona
2459 5270 2659 5342 utique
2681 5268 3151 5335 arbor,fructum
3178 5267 3402 5324 malum
3425 5264 3783 5336 fecit,quan-

2131 5358 2204 5413 do
2227 5373 2329 5430 per
2358 5355 2891 5429 concupiscantiam
2913 5354 3207 5411 carnalem
3231 5351 3590 5410 adulterium
3609 5355 3669 5406 et
3686 5349 3778 5405 bo-

2132 5446 2435 5502 micidium
2468 5444 2818 5519 perpetravit
2845 5446 2919 5515 (Il
2946 5447 3074 5515 Reg.
3107 5447 3210 5514 xz).
3242 5441 3778 5500 Nabuchodonosor

2132 5540 2497 5604 autem,cum
2529 5538 2685 5590 esset
2705 5532 2861 5589 mala
2892 5535 3084 5602 arbor,
3101 5534 3320 5591 bonum
3351 5533 3613 5588 fructum
3632 5526 3778 5597 fecit,

2131 5626 2366 5701 quando
2379 5629 2559 5683 Deum
2574 5621 2832 5684 Danielis
2844 5622 2904 5683 in
2924 5627 3043 5686 toto
3055 5623 3194 5683 orbe
3205 5621 3434 5685 adorari
3445 5619 3781 5701 jussitwm
