4050 6174
198 294 318 356 649

1438 294 1793 357 HOMILLE
1835 288 1937 353 DE
1979 291 2377 354 TEMPORE.

197 444 303 501 per
334 425 719 499 Prophetam:
750 448 771 477 ι
798 424 1045 492 Quaerito
1077 426 1390 481 Dominum
1430 427 1569 481 dum
1612 409 1858 480 inveniri
1890 426 1942 491 Α
1974 429 2305 480 manentem
2337 424 2648 493 civitatem,
2684 426 2784 481 sed
2816 425 3073 481 futuram
3098 433 3215 483 toto
3237 430 3594 485 desiderioin

194 519 409 590 patest,
428 516 689 571 invocate
715 532 853 572 eum
874 515 1015 571 dum
1039 532 1217 588 prope
1239 520 1330 571 est
1363 515 1489 583 (lsa.
1519 518 1626 587 LV.)
1653 538 1680 567 »
1713 516 1857 571 Hinc

197 610 255 662 et
265 604 581 679 Apostolus
598 604 709 661 ait:
727 628 753 654 ‹‹
773 606 918 660 Ecce
932 621 1086 659 nunc
1097 609 1211 660 tem
1218 622 1331 675 pus
1347 604 1860 677 acceptabile,ecce

201 712 363 751 nunc
385 694 511 751 dies
530 692 763 749 salutis.
781 692 1007 750 Nemini
1025 694 1230 749 dantes
1259 693 1437 749 ullam
1457 694 1858 759 oll‘ensionem,

200 788 274 839 ut
291 800 409 839 non
435 782 798 854 vituperetur
817 780 1211 839 ministerium
1236 782 1639 839 nostrum.Sed
1663 780 1723 837 in
1746 799 1865 838 om-

200 871 379 928 nibus
399 871 782 929 exhibeamus
803 871 1220 943 nosmetipsos,
1239 871 1393 928 sicut
1413 872 1514 928 Dei
1538 871 1860 940 ministros,

198 960 262 1017 in
296 960 487 1017 multa
517 959 887 1032 patientia,in
908 960 1477 1026 tribulationibus,in
1502 960 1862 1017 necessitati-

200 1050 336 1117 bus,
369 1049 430 1105 in
463 1048 775 1122 angustiis,
808 1047 868 1103 in
893 1047 1170 1121 plagis,in
1195 1049 1612 1117 carceribus,in
1635 1049 1867 1106 seditio-

200 1137 465 1209 nibus,in
487 1137 876 1203 laboribus,in
898 1136 1202 1210 vigiliis,in
1216 1137 1551 1209 jejuniis,in
1574 1139 1861 1205 castitate,

198 1228 259 1283 in
281 1226 548 1291 scientia,
564 1226 624 1282 in
645 1225 1117 1299 longanimitate,
1140 1226 1199 1282 in
1226 1228 1533 1295 suavitate,
1562 1228 1621 1282 in
1644 1226 1864 1298 Spiritu

200 1321 431 1385 sancto,
453 1315 512 1371 in
549 1315 835 1371 charitate
865 1331 981 1370 non
1015 1315 1149 1370 ﬁcta
1182 1317 1231 1385 (Ι
1261 1316 1382 1371 Cor.
1414 1320 1519 1384 v1.)
1540 1338 1567 1366 ››
1603 1316 1672 1371 Et
1702 1316 1863 1371 Salo-

203 1411 349 1461 m‘on
382 1421 397 1460 :
431 1428 458 1455 (ι
496 1404 919 1476 Quodcumque
950 1408 1143 1476 potest
1173 1421 1383 1459 manus
1416 1410 1516 1460 tua
1545 1405 1754 1472 facere,
1784 1405 1869 1460 in-

202 1497 430 1551 stanter
476 1508 715 1566 operare
746 1494 942 1563 (Ecclr.
977 1494 1077 1563 ιχ.)
1116 1517 1143 1541 ››
1174 1497 1321 1548 Ante
1365 1494 1521 1549 enim
1562 1493 1760 1549 omnia
1809 1499 1867 1549 et

203 1600 387 1656 super
419 1582 639 1650 omnia,
669 1582 825 1638 diem
858 1581 1063 1638 mortis
1094 1587 1226 1636 ante
1248 1581 1446 1637 oculos
1469 1598 1682 1654 ponere
1702 1583 1868 1640 debe-

203 1672 559 1729 mus.Facile
582 1687 837 1742 namque
857 1671 1179 1727 contemnit
1195 1671 1413 1737 omnia,
1438 1672 1537 1743 qui
1558 1689 1619 1728 se
1637 1688 1869 1744 semper

202 1761 428 1835 cogitat
459 1759 832 1816 moriturum.
882 1759 1043 1815 Unde
1074 1776 1178 1832 per
1234 1760 1507 1815 eumdem
1542 1760 1864 1832 sapientem

202 1850 425 1906 dicitur
457 1866 470 1904 :
509 1871 538 1899 α
571 1848 634 1905 In
665 1848 759 1904 die
791 1846 1081 1905 malorum
1116 1866 1187 1905 ne
1218 1847 1531 1905 immemor
1564 1848 1645 1904 sis
1677 1849 1863 1905 bono-

1970 515 2201 585 quirere
2232 516 2411 587 (Hebr.
2442 523 2590 584 xm.)
2637 514 2768 570 Filii
2799 513 2997 570 saeculi
3054 515 3349 583 dicuntur,
3383 518 3484 589 qui
3515 519 3625 576 hoc

1975 602 2253 663 saeculum
2287 608 2478 659 monte
2508 607 2565 659 ct
2594 604 3252 660 desiderioinhabitant.
3285 606 3447 662 Sicut
3466 608 3624 664 enim

1971 690 2077 745 ﬁlii
2103 690 2253 748 lucis
2284 693 2687 763 dicuntur,qui
2721 692 3155 750 inaccesibilem
3203 693 3418 760 lucem,
3446 694 3504 751 id
3536 700 3626 751 est

1972 779 2155 835 Deum
2186 784 2306 837 toto
2337 782 2509 839 corde
2538 780 2793 855 diligunt
2822 799 2835 837 :
2862 782 2946 855 sic
2976 782 3081 837 ﬁlii
3104 782 3301 839 seaculi
3332 782 3511 855 hujus
3532 800 3625 840 vo-

1972 873 2201 935 cantur,
2235 869 2334 941 qni
2367 869 2426 925 in
2458 868 2655 926 seculi
2685 870 2864 942 hujus
2895 888 3093 927 amore
3149 870 3374 928 radices
3431 872 3621 929 cordis

1973 954 2466 1026 plantaverunt,in
2499 958 2715 1031 quibus
2745 959 3014 1016 voluntas
3059 965 3213 1017 esset
3243 961 3371 1018 sine
3399 962 3515 1018 ﬁne
3542 961 3622 1017 vi-

1974 1045 2166 1113 vendi,
2194 1051 2337 1104 teste
2355 1048 2523 1104 Petro
2545 1049 2936 1121 apostolo,qui
2960 1049 3042 1104 ait
3065 1067 3078 1105 :
3098 1051 3277 1120 Cujus
3296 1050 3430 1123 quis
3447 1067 3624 1124 opera

1975 1133 2131 1201 facit,
2165 1135 2295 1207 ejus
2324 1136 2483 1192 ﬁlius
2516 1137 2863 1210 appellatur.
2888 1140 3033 1212 Ergo
3057 1160 3086 1190 «
3117 1138 3457 1211 ﬁliisaeculi,
3483 1157 3621 1214 pru-

1974 1222 2273 1281 dentiores
2302 1225 2439 1281 ﬁliis
2460 1225 2607 1282 lucis
2622 1226 2681 1281 in
2704 1226 3080 1301 generalione
3108 1246 3213 1285 sua
3235 1233 3393 1297 sunt,
3428 1250 3457 1278 »
3485 1230 3625 1302 quia

1975 1326 2109 1366 cum
2138 1311 2220 1367 illi
2255 1314 2373 1368 sint
2402 1313 2619 1383 callidi,
2647 1316 2825 1370 astuti
2847 1320 2904 1371 et
2924 1314 3236 1387 ingeniosi,
3264 1317 3623 1388 deceptores,

1976 1400 2238 1472 duplices
2271 1404 2487 1470 animo,
2512 1404 2609 1459 isti
2640 1405 2963 1460 econtrario
2994 1404 3314 1478 simplices,
3345 1405 3623 1473 humiles,

1976 1491 2130 1561 puri,
2155 1493 2412 1566 benigni,
2443 1493 2770 1549 nescientes
2793 1494 3015 1550 malum
3039 1511 3143 1566 pro
3167 1493 3321 1551 malo
3343 1494 3583 1551 reddere
3611 1511 3625 1550 :

1975 1582 2033 1633 et
2062 1580 2216 1635 sicut
2244 1581 2342 1636 isti
2375 1581 2672 1654 simplices
2697 1588 2837 1638 sunt
2866 1584 2921 1652 in
2957 1582 3130 1649 malo,
3156 1583 3474 1655 prudentes
3496 1599 3629 1639 vero

1977 1666 2034 1721 in
2069 1667 2243 1736 bono,
2275 1670 2361 1725 sic
2390 1670 2473 1725 illi
2534 1671 2829 1743 sapientes
2885 1677 3025 1728 sunt
3054 1676 3121 1728 ut
3174 1672 3393 1729 faciant
3449 1672 3626 1742 mala,

1976 1755 2121 1813 bene
2139 1762 2333 1814 autem
2352 1760 2540 1816 facere
2559 1760 2851 1816 nesciunt.
2879 1765 2956 1816 De
2976 1762 3192 1832 quibus
3212 1762 3495 1818 Dominus
3511 1761 3625 1818 ait:

1977 1866 2005 1895 «
2034 1845 2128 1900 Vae
2162 1848 2261 1919 qui
2294 1848 2587 1920 sapientes
2611 1849 2754 1905 estis
2786 1849 2845 1904 in
2876 1848 3059 1913 oculis
3080 1850 3310 1919 vestris,
3343 1856 3401 1906 et
3430 1867 3627 1907 coram

200 1957 345 1995 rum
374 1940 567 2007 (Eccle.
602 1938 704 2010 x1.)
763 1938 833 1993 Et
862 1937 1075 1994 iterum
1112 1955 1126 1994 :
1162 1961 1189 1988 ‹‹
1223 1938 1286 1993 In
1315 1937 1590 1994 omnibus
1628 1938 1716 1993 vis
1746 1939 1865 1995 tuis
1972 1935 2138 1990 vobis
2168 1935 2316 2008 ipsis
2348 1939 2666 2009 prudentes
2696 1940 2822 2001 (Isa.
2855 1938 2931 2009 v).
2965 1958 2990 1990 η
3026 1938 3132 2004 Qui
3166 1943 3318 1994 recte
3358 1939 3419 1995 in
3448 1955 3629 2012 gene-

198 2043 535 2085 memorare
564 2032 668 2083 tua
697 2026 1036 2083 novissima.
1066 2028 1260 2097 (Eccle.
1296 2029 1429 2095 νυ.)
1461 2049 1490 2076 ››

282 2142 315 2168 ‹‹
351 2115 693 2173 Convocatis
720 2116 919 2187 itaque
944 2115 1196 2188 singulis
1226 2115 1590 2172 debitoribus
1638 2115 1869 2172 Domini

214 2227 238 2256 ι
265 2206 389 2274 sui,
413 2205 644 2261 dicebat
662 2208 853 2277 primo
877 2221 891 2259 :
917 2205 1211 2270 Quantum
1231 2199 1408 2261 debes
1429 2204 1677 2261 Domino
1694 2222 1821 2260 meo
1844 2205 1872 2260 ?

206 2320 238 2345 α
278 2297 354 2351 At
382 2294 476 2351 ille
520 2293 702 2349 dlxit:
729 2294 973 2350 Centum
997 2294 1174 2349 cados
1193 2293 1597 2366 olei.Dixitque
1619 2293 1699 2349 illi
1728 2312 1740 2349 :
1764 2296 1872 2349 Ac-

220 2407 245 2431 ς
288 2385 421 2457 cipe
448 2383 780 2440 cautionem
804 2386 967 2439 tuam
987 2388 1045 2439 et
1061 2384 1217 2450 sede,
1241 2384 1356 2439 cito
1378 2384 1567 2439 scribe
1595 2383 1880 2456 quinqua-

222 2496 249 2523 ι
284 2473 472 2548 ginta.
490 2473 711 2529 Deinde
740 2471 838 2527 alii
859 2472 1010 2528 dixit
1031 2490 1043 2528 :
1066 2473 1154 2528 Tu
1183 2490 1317 2529 vero
1349 2477 1633 2545 quantum
1656 2473 1832 2528 debes
1851 2473 1879 2528 ?

221 2588 265 2613 «7
291 2562 404 2629 Qui
429 2561 544 2618 ait:
568 2561 813 2617 Centum
836 2577 1005 2618 coros
1026 2560 1500 2634 tritici.Dixitque
1518 2562 1598 2617 illi
1625 2579 1638 2618 :
1667 2561 1879 2633 Accipe

213 2673 247 2704 ‹‹
276 2651 514 2706 litteras
544 2653 699 2719 tuas,
732 2654 791 2706 et
824 2651 1013 2706 scribe
1039 2651 1354 2723 octoginta.
1382 2674 1411 2702 ››
1442 2655 1506 2706 In
1530 2650 1637 2706 hoc
1659 2649 1874 2720 villico,

211 2756 402 2812 quem
433 2738 709 2795 dominus
736 2739 807 2795 de
832 2737 1089 2794 villicatu
1110 2739 1398 2810 ejiciebat,
1426 2757 1542 2796 non
1564 2739 1759 2795 omnia
1782 2740 1877 2796 de-

208 2831 434 2885 bemus
453 2828 525 2885 ad
545 2827 899 2884 imitandum
922 2828 1447 2900 assumere.Neque
1466 2829 1623 2884 enim
1656 2834 1756 2884 aut
1778 2829 1878 2885 do-

213 2917 426 2983 minis,
457 2922 559 2972 aut
586 2920 877 2973 extraneis
907 2916 1172 2973 fraudem
1203 2916 1461 2989 aliquam
1493 2918 1680 2974 facere
1710 2917 1877 2973 debe-

210 3020 381 3072 mus,
401 3010 464 3061 ut
486 3006 621 3062 inde
641 3004 1040 3077 eleemosynas
1061 3004 1496 3075 faciamus,sed,
1521 3010 1585 3060 ut
1604 3007 1874 3078 superius

210 3095 503 3163 diximus,
534 3094 651 3153 ista
678 3112 781 3167 per
800 3093 1247 3151 similitudinem
1273 3094 1643 3163 dicuntur,ut
1661 3094 1873 3151 intelli-

1977 2022 2201 2080 ratione
2220 2042 2328 2080 sua
2347 2027 2668 2096 prudentes
2689 2026 3131 2098 dicuntur,quia
3151 2026 3297 2087 tales
3318 2044 3434 2083 non
3454 2028 3515 2083 in
3536 2044 3632 2100 ge-

1979 2111 2279 2168 neratione
2300 2114 2527 2182 Dei,sed
2551 2115 2609 2170 in
2632 2132 2743 2170 sua
2763 2120 3200 2186 computantur,
3215 2115 3355 2188 quia
3380 2117 3631 2188 pruden-
3696 2142 3703 2145 λ

1982 2200 2065 2255 tia
2094 2200 2274 2273 hujus
2303 2204 2500 2259 saeculi
2532 2204 2784 2259 stultitia
2823 2210 2913 2259 est
2959 2204 3115 2276 apud
3164 2204 3371 2261 Deum.
3405 2209 3485 2261 De
3514 2222 3633 2277 qua

1984 2290 2528 2361 prudentiaPaulus
2561 2292 2863 2365 apostolus
2887 2292 3005 2348 ait:
3043 2315 3072 2345 «
3104 2294 3420 2350 Prudentia
3439 2294 3636 2351 carnis

1987 2395 2145 2434 mors
2168 2385 2257 2435 est
2274 2384 2445 2449 (Rom.
2463 2384 2610 2444 vni.)
2636 2405 2662 2431 »
2685 2387 2810 2438 Non
2828 2382 2982 2438 enim
3002 2383 3072 2438 de
3089 2383 3204 2439 illis
3218 2383 3470 2463 dicitur:
3488 2408 3515 2436 α
3530 2387 3637 2439 Ge-

1990 2467 2213 2524 neratio
2238 2474 2528 2526 rectorum
2544 2471 3102 2541 benedicetur(PsaL
3126 2473 3264 2539 CXL)
3284 2495 3312 2523 ››
3326 2473 3429 2528 sed
3442 2472 3639 2546 potius

1988 2554 2143 2610 inter
2170 2573 2269 2613 eos
2315 2564 2756 2625 enumerantur,
2790 2561 2861 2615 de
2892 2558 3109 2632 quibus
3152 2560 3440 2633 scriptum
3485 2565 3575 2617 est
3621 2578 3634 2617 :

1989 2667 2017 2693 ‹‹
2049 2647 2355 2702 Generatio
2386 2665 2562 2719 prava
2582 2652 2639 2703 et
2660 2647 2924 2704 adultera
2944 2648 3154 2717 (Matth.
3186 2649 3310 2721 xu.)
3342 2672 3372 2699 «
3406 2654 3481 2704 At
3508 2666 3641 2707 vero

1986 2733 2059 2788 de
2092 2735 2400 2805 prudentia
2430 2735 2685 2792 ﬁliorum
2716 2737 2866 2793 lucis
2897 2738 3123 2793 dictum
3163 2742 3253 2793 est
3282 2754 3295 2792 :
3333 2760 3361 2789 ‹‹
3390 2736 3497 2793 Illa
3531 2755 3635 2794 au-

1986 2825 2103 2877 tem
2134 2839 2275 2895 quae
2293 2840 2527 2881 sursum
2552 2830 2641 2882 est
2659 2826 2968 2899 sapientia,
2983 2826 3240 2898 primum
3265 2826 3501 2899 quidem
3530 2844 3638 2899 pu-

1985 2910 2114 2966 dica
2142 2917 2251 2981 est,
2285 2914 2494 2970 deinde
2539 2915 2801 2986 paciﬁca,
2863 2916 3146 2985 modesta,
3207 2915 3537 2985 suadibilis,
3570 2916 3631 2972 in

1983 2999 2152 3057 bonis
2185 3005 2555 3060 consentiens
2586 3007 2724 3073 (Jac.
2758 3007 2867 3073 ιιι.)
2900 3026 2928 3054 ››
2958 3004 3149 3062 Finita
3173 3010 3371 3061 autem
3420 3004 3630 3061 simili-

1982 3088 2204 3158 tudine,
2242 3092 2376 3164 pius
2414 3094 2698 3150 Dominus
2730 3094 2802 3150 ad
2850 3098 3111 3150 nostram
3169 3094 3629 3151 admonitionem

212 3188 435 3258 gamus
461 3184 601 3255 quia
629 3183 678 3240 si
710 3182 937 3240 laudari
968 3183 1157 3255 potuit
1184 3184 1235 3239 is
1267 3183 1366 3255 qui
1416 3184 1681 3240 fraudem
1712 3185 1866 3253 fecit,
1899 3171 1941 3236 C
1980 3194 2308 3237 sermonem
2339 3183 2637 3251 convertit,
2670 3183 2870 3239 dicens
2903 3200 2917 3238 :

213 3289 292 3329 eo
322 3273 478 3345 quod
502 3272 563 3327 in
585 3272 846 3328 futurum
874 3271 983 3327 sibi
1006 3273 1325 3345 prudenter
1340 3272 1874 3344 prmviderit,multo

218 3361 422 3434 magis
452 3377 558 3417 nos
588 3359 1003 3418 laudabiliores
1032 3362 1274 3428 erimus,
1308 3361 1446 3417 side
1470 3362 1722 3435 propriis
1738 3362 1875 3419 sub-

218 3449 463 3509 stantiis
502 3448 697 3522 largas
736 3448 1135 3521 eleemOsynas
1168 3450 1479 3508 fecerimus
1513 3468 1525 3507 :
1559 3456 1616 3507 et
1644 3452 1787 3506 dum
1819 3450 1878 3506 in

220 3538 505 3613 presenti
525 3538 797 3610 vivimus,
816 3537 877 3594 in
902 3538 1166 3595 futurum
1190 3539 1358 3596 nobis
1387 3541 1881 3613 prospexerimus,

223 3629 390 3686 sicut
410 3628 587 3684 etiam
606 3628 675 3684 de
688 3628 888 3699 judice
906 3627 1255 3700 iniquitatis,
1281 3630 1380 3701 qui
1402 3630 1887 3703 interpellabatur

222 3737 265 3776 α
282 3718 382 3774 vid
392 3716 987 3789 ua,comparationem
1002 3718 1168 3773 duxit
1187 3719 1257 3775 ad
1271 3719 1534 3790 judicem
1548 3719 1883 3788 Dominum,

223 3804 525 3862 cuinulla
553 3821 623 3860 ex
649 3810 812 3878 parte
835 3806 1021 3877 judex
1052 3807 1295 3879 iniquus
1347 3808 1735 3865 conferendas
1775 3812 1885 3876 est,

224 3894 381 3950 πιάδος
411 3894 567 3951 enim
600 3895 813 3966 Graece,
842 3895 1042 3951 Latine
1072 3912 1354 3954 mensura
1393 3901 1502 3963 est,
1564 3901 1682 3953 tres
1713 3912 1894 3952 urnas

227 3983 757 4041 continens.Corus
772 4001 906 4041 vero
929 3984 1173 4057 triginta
1193 3985 1406 4042 modiis
1430 3984 1893 4058 impletur.Qu0d

228 4088 374 4147 ergo
406 4073 481 4129 de
511 4077 749 4128 centum
780 4073 940 4129 cadis
961 4073 1070 4130 olei
1099 4074 1546 4146 quinquaginta,
1574 4078 1631 4130 et
1658 4074 1729 4129 de
1758 4090 1896 4128 cen-

230 4168 365 4217 tum
381 4160 540 4217 coris
553 4161 732 4217 tritici
747 4162 1462 4235 octogintaadebitoribus
1475 4163 1729 4219 scribere
1742 4162 1895 4232 fecit,

232 4252 349 4306 hoc
383 4249 673 4317 insinuat,
707 4250 846 4323 quia
874 4250 1065 4307 omnis
1094 4251 1194 4323 qui
1227 4252 1297 4307 de
1320 4252 1626 4325 praeteritis
1648 4251 1901 4324 peccatis

234 4338 652 4411 paenitentiam
677 4338 818 4412 agit,
842 4357 959 4395 non
983 4340 1173 4396 solum
1203 4341 1262 4395 in
1300 4358 1361 4398 se
1391 4341 1768 4414 peccantibus
1789 4340 1902 4396 cle-

234 4433 477 4483 menter
488 4427 783 4484 dimittere
798 4428 1094 4500 debet,sed
1111 4430 1285 4485 etiam
1302 4447 1369 4485 ex
1383 4428 1731 4487 substantiis
1745 4430 1905 4500 juste

2067 3295 2093 3319 «
2128 3273 2196 3326 Et
2224 3287 2329 3344 ego
2345 3272 2476 3328 dico
2494 3272 2656 3328 vobis
2692 3290 2703 3328 :
2732 3272 2919 3328 Facite
2937 3272 3102 3329 vobis
3122 3274 3343 3329 amicos
3359 3273 3431 3329 de
3452 3289 3639 3329 mam-

1991 3386 2019 3415 ‹‹
2052 3379 2227 3419 mena
2256 3361 2676 3434 iniquitatis,ut
2695 3379 2830 3418 cum
2852 3362 3198 3432 defcceritis,
3222 3362 3506 3436 recipiant
3532 3378 3637 3418 vos

1994 3474 2023 3505 ‹‹
2054 3452 2113 3508 in
2144 3455 2361 3507 aeterna
2390 3451 2786 3507 tabernacula.
2811 3454 2997 3519 Quam
3016 3452 3365 3508 sententiam
3397 3450 3641 3523 quidam

1990 3542 2074 3597 ita
2102 3539 2543 3613 intelligendam
2575 3544 2869 3613 putavere,
2898 3545 2961 3596 ut
2983 3540 3175 3597 aliena
3197 3557 3400 3614 rapere
3420 3544 3477 3597 et
3506 3540 3644 3596 inde

1993 3628 2353 3703 pauperibus
2386 3630 2663 3698 tribuere,
2725 3629 2836 3685 hoc
2866 3634 3021 3686 esset
3075 3630 3298 3686 amicos
3356 3630 3543 3686 facere
3576 3628 3647 3684 de

1998 3735 2338 3775 mammona
2358 3717 2877 3790 iniquitatis.Quod
2898 3723 3186 3791 quantum
3218 3718 3296 3775 sit
3326 3718 3649 3775 absurdum

2000 3811 2057 3864 et
2088 3825 2122 3863 a
2151 3806 2427 3879 religione
2459 3807 2717 3864 alienum
2748 3807 3057 3864 manifeste
3104 3811 3282 3881 patet.
3316 3808 3443 3864 Non
3494 3806 3651 3863 enim

2000 3902 2154 3952 Deus
2186 3895 2555 3966 omnipotens
2586 3895 2781 3952 aliena
2807 3913 3009 3969 rapere
3032 3897 3223 3968 jubet,
3274 3897 3376 3969 qui
3417 3895 3654 3970 propria

2003 3984 2275 4058 prmeepit
2303 3983 2503 4056 largiri
2526 4001 2538 4040 :
2560 4001 2665 4040 nec
2685 3984 2960 4057 dignatur
2989 3986 3061 4041 de
3092 3985 3313 4058 rapinis
3341 3984 3653 4058 eleemosy-

2005 4090 2141 4129 nam
2174 4072 2491 4144 suscipere,
2524 4072 2623 4144 qui
2658 4089 2761 4145 per
2802 4065 3143 4145 prophe’tam
3193 4074 3406 4130 clamat
3439 4092 3451 4131 :
3482 4098 3510 4125 «
3544 4074 3651 4138 Qui

2007 4163 2173 4220 offert
2220 4161 2573 4217 sacrificium
2605 4162 2677 4216 de
2708 4161 3057 4218 substantiis
3106 4179 3451 4235 pauperum,
3484 4162 3653 4235 quasi

2010 4252 2109 4324 qui
2141 4250 2401 4307 victimat
2434 4249 2494 4304 in
2524 4256 2839 4322 conspectu
2890 4251 3075 4323 patris
3106 4252 3198 4307 sui
3244 4250 3432 4306 ﬁlium
3464 4251 3652 4324 (Eccli.

2010 4340 2223 4412 xxxtv.)
2260 4362 2286 4388 ››
2314 4338 2476 4395 Unde
2507 4355 2609 4411 per
2654 4340 2969 4411 quemdam
3027 4340 3351 4412 sapientem
3390 4340 3608 4396 dicitur
3639 4357 3653 4397 :

2012 4430 2177 4487 Unus
2207 4429 2523 4499 aediﬁcans,
2555 4432 2613 4485 et
2640 4428 2785 4484 alter
2806 4429 3114 4484 destruens
3138 4447 3151 4484 :
3177 4446 3332 4486 unus
3375 4447 3568 4498 orans,
3602 4435 3660 4485 et

237 4514 561 4590 acquisitis
588 4516 988 4590 eleemosynas
1010 4534 1267 4591 erogare,
1305 4535 1411 4574 nec
1427 4518 1618 4575 solum
1650 4518 1906 4575 decimas
1943 4539 1984 4603 D
2018 4519 2166 4576 alter
2195 4518 2549 4575 maledicens
2583 4536 2595 4574 :
2647 4519 2817 4590 cujus
2874 4535 3072 4575 vocem
3123 4518 3415 4575 exaudivit
3465 4518 3664 4576 Deus?

236 4611 296 4661 et
327 4604 656 4679 primitias,
690 4610 755 4661 ut
783 4606 844 4661 in
876 4606 1001 4680 lege
1021 4611 1372 4680 praeceptum
1399 4613 1509 4678 est,
1537 4610 1697 4675 dare,
1723 4608 1824 4664 sed
1842 4625 1911 4665 ex
2018 4614 2351 4664 Mammona
2384 4607 2662 4663 Hebraice
2696 4607 2783 4663 vel
2826 4606 3078 4680 Syriace,
3103 4606 3305 4663 Latine
3335 4607 3548 4663 divitia:
3574 4606 3664 4662 in-

235 4696 477 4768 reliqua
496 4692 1074 4769 parteindigentihus
1087 4696 1441 4752 ministrare.
1454 4697 1555 4754 Vel
1574 4702 1727 4753 certe
1747 4697 1915 4753 dimi-

237 4785 418 4841 dium
438 4798 638 4839 rerum
664 4784 1359 4852 suarumtribuere,sicut
1374 4785 1913 4857 focitZachaaus,qui

236 4890 385 4932 cum
419 4872 786 4942 suscepisset
806 4872 1121 4929 Dominum
1136 4873 1340 4930 Jesum
1366 4873 1425 4929 in
1454 4875 1697 4930 domum
1723 4891 1915 4945 suam,

237 4963 322 5019 ait
357 4980 373 5018 :
415 4960 745 5017 Dimidium
778 4978 976 5018 rerum
997 4978 1265 5019 mearum
1296 4964 1370 5018 do
1397 4964 1838 5036 pauperibus,et
1867 4963 1917 5019 si

242 5050 402 5125 quid
429 5048 611 5105 alicui
631 5049 759 5119 tuli,
777 5051 835 5106 in
858 5051 1256 5124 quadruplum
1278 5052 1581 5108 restituam
1608 5056 1756 5120 (Luc.
1780 5052 1919 5124 xxx.)

315 5164 349 5190 ‹‹
390 5138 464 5194 Et
497 5136 757 5195 laudavit
801 5141 1077 5197 dominus
1105 5139 1369 5198 villicum
1399 5141 1749 5213 iniquitatis,
1788 5141 1926 5212 quia

243 5253 270 5280 «
306 5224 654 5302 prudenter
685 5228 940 5285 fecisset.
964 5229 1112 5295 Quia
1132 5229 1234 5285 ﬁlii
1261 5230 1440 5302 hujus
1459 5229 1655 5286 saeculi
1677 5231 1928 5302 pruden-

247 5341 271 5369 κ
308 5319 514 5375 tiores
543 5316 680 5373 ﬁliis
711 5316 863 5374 lucis
894 5319 953 5373 in
984 5320 1359 5392 generatione
1398 5336 1507 5374 sua
1537 5322 1695 5373 sunt.
1740 5342 1766 5368 ››
1800 5320 1923 5375 Non

247 5404 532 5464 laudavit
543 5405 822 5464 dominus
842 5406 1101 5463 villicum
1115 5407 1464 5480 iniquitatis,
1481 5408 1636 5478 quod
1661 5407 1923 5465 fraudem

232 5497 505 5563 iecerat,
539 5495 643 5550 sed
675 5497 831 5567 quod
863 5496 975 5552 sibi
1006 5496 1066 5551 in
1099 5496 1361 5551 futurum
1382 5496 1699 5568 prudenter
1728 5497 1926 5569 praevi-

255 5584 432 5655 derit,
468 5587 541 5641 ut
560 5599 669 5640 nos
696 5585 827 5658 ejus
842 5583 1107 5658 exemplo
1125 5584 1445 5655 discamus,
1462 5602 1577 5642 non
1595 5583 1689 5642 hic
1714 5583 1925 5648 habere

592 5708 856 5775 PATROL.
901 5710 1168 5778 CXVIII.

2022 4698 2596 4770 terpretantur,quia
2618 4696 2833 4753 Punice
2855 4714 3149 4753 mammsn
3174 4697 3407 4753 lucrum
3433 4695 3666 4752 dicitur.

2023 4792 2357 4844 Mammcna
2386 4804 2521 4860 ergo
2553 4786 2904 4859 iniquitatis,
2946 4786 3071 4842 istas
3104 4785 3314 4841 divitias
3369 4788 3669 4853 vocantur,

2027 4877 2201 4934 etiam
2234 4893 2302 4931 ex
2325 4876 2558 4947 justitia
2583 4875 2903 4947 acquisitaa,
2936 4880 2991 4931 et
3021 4892 3149 4948 qua;
3180 4892 3248 4930 ex
3279 4875 3414 4945 jure
3462 4889 3675 4947 paren-

2026 4971 2153 5022 tum
2178 4966 2519 5030 succedunt,
2535 4965 2674 5035 quia
2695 4981 2829 5020 cum
2843 4963 3041 5021 labore
3054 4964 3520 5036 acquiruntur,et
3540 4978 3677 5018 cum

2030 5072 2247 5127 magna
2272 5052 2661 5109 sollicitudine
2691 5052 3121 5120 custodiuntur,
3143 5057 3201 5109 et
3219 5053 3346 5109 sine
3367 5052 3680 5124 iniquitate

2034 5148 2135 5200 aut
2162 5142 2254 5199 vix
2284 5148 2386 5197 aut
2416 5159 2547 5198 raro
2580 5142 2778 5198 haberi
2815 5145 3083 5214 possunt.
3115 5141 3291 5197 Jubet
3319 5158 3455 5214 ergo
3485 5141 3683 5197 Domi-

2032 5250 2146 5289 nus
2178 5232 2399 5288 amicos
2434 5232 2622 5287 facere
2648 5232 2718 5287 de
2749 5247 3089 5286 mammona
3116 5230 3470 5303 iniquitatis,
3507 5231 3565 5285 id
3596 5234 3687 5287 est

2032 5323 2103 5377 dc
2124 5320 2354 5376 devitiis
2373 5337 2505 5376 cum
2530 5320 2728 5375 labore
2752 5318 3056 5392 acquisitis
3089 5319 3688 5394 eleemosynam,dare

2033 5415 2117 5477 ut,
2152 5410 2478 5465 secundum
2510 5409 2666 5480 quod
2700 5410 2783 5465 ait
2811 5409 3146 5481 Apostolus,
3174 5409 3233 5465 in
3267 5409 3540 5482 praesenti
3570 5408 3691 5465 vita

2032 5515 2358 5572 pauperum
2380 5497 2640 5570 inopiam
2652 5498 2898 5554 divitum
2923 5498 3287 5555 abundantia
3306 5498 3579 5572 suppleat
3598 5514 3611 5566 ;
3628 5514 3698 5569 ut

2032 5588 2247 5648 iterum
2279 5587 2338 5645 in
2373 5586 2489 5645 alia
2517 5588 2633 5646 vita
2662 5587 2908 5647 divitum
2928 5587 3136 5666 inopiae
3153 5604 3478 5667 pauperum
3508 5586 3700 5663 abun:

3290 5713 3367 5793 21
