4050 6174
465 279 577 337 651

1027 277 1430 339 IlAYMONlS
1476 274 2015 338 HALBEBSTAT.
2068 272 2314 337 EPlSC.
2362 274 2535 337 OPP.
2582 277 2783 337 PARS
2829 274 3009 336 IL—
3039 274 3306 337 HOMIL.

3597 282 3615 300 '
3693 285 3787 345 052

463 412 606 467 dant
636 391 711 465 sit
767 410 1085 465 consolatio
1118 412 1187 481 (ll
1217 412 1336 466 Cor.
1389 417 1536 477 νηί.)
1568 408 1773 473 Amici,
1836 426 1982 480 quos
2043 408 2111 463 de
2142 411 2193 475 Α
2225 408 2676 480 eleemosyna,in
2709 407 2984 463 omnibus
3010 406 3346 463 facientibus
3375 424 3491 464 eam
3519 413 3638 482 (Tob.
3666 420 3788 488 IV).n

463 515 803 554 mammona
823 498 1151 570 iniquitatis
1174 500 1357 553 facere
1371 499 1788 569 jubemur.pau
1800 514 1963 569 peres
1975 501 2117 552 sunt

463 593 521 644 et
550 587 900 660 indigentes,
935 605 1084 659 quos
1109 594 1256 643 Deus
1281 587 1547 658 permisit
1576 603 1744 659 egere
1773 588 1842 642 ad
1878 585 2111 641 illorum

464 677 874 749 purgationem
905 683 963 732 et
993 682 1252 733 nostram
1287 676 1712 748 probationem.
1760 677 1915 742 Quos
1944 675 2113 731 nobis

463 765 684 822 amicos
698 765 1203 837 facimus,quando
1223 781 1422 820 eorum
1447 764 1773 819 nuditatem
1790 765 2108 836 operimus,

463 855 714 910 esuriem
730 854 1042 912 reﬁcimus.
1064 854 1219 908 sitim
1238 854 1750 925 cxstinguimus,et
1766 854 1821 907 in
1836 854 2113 909 omnibus

462 959 663 999 eorum
698 941 1146 997 necessitatibus
1168 941 1569 997 subvenimus.
1590 943 1695 1005 Qui
1722 959 1834 996 non
1860 941 2112 1013 recipere

461 1031 735 1086 dicuntur
760 1030 819 1084 in
843 1035 1053 1085 aeterna
1075 1031 1469 1098 tabernacula,
1494 1031 1633 1103 quia
1654 1029 1751 1086 ille
1771 1048 1874 1102 pro
1899 1031 1983 1086 eis
2005 1048 2111 1086 nos

460 1122 798 1189 recepturus
829 1122 939 1183 est,
973 1119 1073 1190 qui
1106 1120 1187 1174 ait
1222 1136 1234 1174 :
1272 1142 1299 1169 ‹‹
1332 1119 1558 1185 Venite,
1594 1120 1879 1175 benedicti
1921 1119 2111 1176 Patris

458 1207 571 1262 mei
598 1224 611 1262 :
644 1206 923 1279 percipite
951 1224 1217 1281 regnum,
1253 1210 1409 1279 quod
1430 1210 1593 1264 vobis
1626 1214 1894 1280 paratum
1926 1215 2016 1264 est
2036 1210 2110 1264 ab

455 1295 677 1368 origine
710 1296 935 1351 mundi.
964 1297 1183 1352 Esurivi
1203 1298 1381 1365 enim,
1416 1302 1472 1352 et
1500 1298 1744 1353 dedistis
1767 1297 1909 1351 mihi
1943 1314 2108 1353 man-

455 1386 672 1440 ducare
700 1403 712 1453 ;
738 1384 912 1451 sitivi,
928 1387 1243 1442 etdedistis
1262 1386 1409 1441 mihi
1430 1386 1627 1442 bibere
1653 1405 1665 1455 ;
1690 1387 1904 1458 hospes
1925 1403 2106 1455 eram,

456 1477 512 1529 et
542 1473 860 1547 collegistis
883 1491 976 1529 me
1002 1492 1014 1529 :
1048 1476 1265 1540 nudus,
1299 1480 1357 1531 et
1376 1475 1761 1546 coeperuistis
1782 1491 1875 1529 me
1909 1492 1920 1530 ε
1946 1475 2108 1530 infir-

456 1580 590 1618 mus
621 1566 677 1617 et
702 1563 758 1616 in
793 1580 1042 1629 carcere,
1068 1570 1126 1619 et
1154 1565 1436 1620 visitastis
1459 1581 1549 1619 me
1571 1564 1779 1631 (Matth.
1813 1568 1964 1631 xxv.)
1990 1588 2016 1613 η
2044 1567 2112 1619 Et

455 1651 572 1707 illis
604 1652 932 1708 dicentibus
968 1671 979 1708 :
1020 1675 1040 1703 ο
1083 1654 1340 1717 Domine,
1367 1654 1601 1725 quando
1627 1658 1679 1708 te
1710 1653 1961 1706 vidimus
1983 1669 2110 1708 esu-

457 1741 723 1810 rientem,
757 1745 813 1795 et
844 1742 1147 1813 pavimus;
1183 1748 1239 1796 et
1261 1742 1577 1808 sitientem,
1611 1747 1665 1796 et
1689 1741 1959 1796 dedimus
2002 1740 2105 1796 tibi

457 1834 660 1901 potum
688 1848 699 1897 ;
729 1830 1043 1901 hospitem,
1066 1836 1124 1886 et
1145 1831 1513 1902 suscepimus
1538 1836 1593 1885 te
1619 1848 1631 1898 ;
1658 1831 1966 1897 nudum,et
1982 1848 2107 1886 coo-

457 1918 759 1990 peruimus
782 1924 870 1986 te;
898 1920 1201 1975 infirmum
1223 1925 1278 1974 et
1309 1920 1365 1973 in
1390 1934 1640 1975 carcere.
1666 1924 1723 1973 et
1741 1920 2010 1974 venimus
2033 1920 2107 1974 ad

457 2012 512 2061 te
530 2006 557 2060 ?
580 2007 760 2076 (Ibid.)
795 2030 821 2056 ››
842 2009 1151 2079 respondet
1185 2026 1196 2063 :
1223 2031 1250 2057 ‹‹
1280 2011 1461 2063 Amen
1485 2009 1612 2062 dico
1636 2007 1818 2073 vobis,
1844 2007 2103 2079 quandiu

457 2095 555 2148 uni
591 2096 850 2153 minimis
883 2096 1029 2151 meis
1079 2097 1314 2153 fecistis.
1360 2096 1503 2151 mihi
1567 2096 1785 2152 fecistis
1839 2096 2044 2168 (Ibid.)
2078 2117 2105 2145 »

454 2188 571 2239 Hos
601 2186 822 2241 amicos
854 2186 995 2256 quia
1039 2185 1227 2240 noluit
1277 2186 1489 2240 habere
1522 2185 1617 2239 ille
1665 2185 1843 2251 dives,
1879 2202 1992 2239 non
2046 2185 2105 2238 in

454 2276 669 2328 aeterna
699 2274 1097 2341 tabernacula,
1131 2275 1231 2328 sed
1265 2273 1324 2328 in
1358 2278 1574 2328 aeterna
1630 2290 1796 2345 poena
1853 2272 2101 2344 positus,

453 2360 645 2414 aiebat
674 2377 685 2414 :
721 2385 748 2410 ‹‹
787 2361 953 2416 Pater
1006 2362 1327 2427 Abraham,
1361 2362 1635 2416 miserere
1683 2360 1817 2429 mei,
1852 2365 1908 2414 et
1938 2360 2104 2416 mitte

456 2448 735 2504 Lazarum
769 2455 833 2504 ut
858 2450 1109 2523 intingat
1132 2455 1457 2506 extremum
1478 2448 1645 2521 digiti
1665 2450 1754 2505 sui
1777 2448 1834 2504 in
1857 2454 2104 2520 aqua,ut

454 2537 750 2610 refrigeret
779 2538 1041 2612 linguam
1074 2557 1287 2604 meam,
1315 2539 1455 2612 quia
1475 2540 1701 2595 crucior
1724 2540 1781 2593 in
1807 2539 1915 2593 hac
1939 2540 2102 2594 flam-

454 2642 549 2681 ma
580 2628 730 2699 (Luc.
768 2630 905 2701 xvx.)
942 2653 966 2677 η
1002 2634 1227 2684 Eterna
1256 2629 1634 2684 tabernacula
1663 2628 1901 2684 diversos
1934 2628 2097 2682 retri-

454 2714 721 2771 butiones
751 2723 890 2772 sunt
910 2717 1727 2789 meritorum,quodDominus
1746 2714 1885 2772 alibi
1907 2715 2097 2772 decla-

452 2808 559 2870 rat,
585 2803 784 2860 dicens
820 2823 886 2861 :u
912 2806 973 2860 In
996 2807 1170 2861 domo
1195 2806 1379 2862 Patris
1408 2806 1519 2861 mei
1539 2805 1876 2861 mansiones
1898 2809 2097 2860 multa;

451 2897 590 2947 sunt
620 2895 805 2963 (Joan.
832 2895 969 2965 xxv.)
1002 2918 1028 2945 »
1061 2896 1276 2950 Audiat
1305 2911 1440 2967 ergo
1498 2895 1604 2950 hoc
1653 2893 1834 2961 dives,
1898 2893 2100 2949 audiat

449 2981 1027 3054 Christianus,discat
1055 2984 1311 3040 tribuere
1343 2984 1606 3049 minima,
1643 2987 1708 3038 ut
1738 2982 1922 3054 possit
1952 2982 2098 3037 acci-

450 3085 579 3140 pere
614 3073 997 3144 magna.Quia
1019 3074 1154 3145 «qui
1186 3074 1242 3128 in
1266 3072 1512 3128 minimo
1544 3071 1735 3128 ﬁdelis
1755 3076 1864 3137 est,
1903 3077 1966 3126 ut
1990 3077 2093 3127 Do-

446 3160 644 3215 minus
668 3161 767 3229 ait,
802 3167 858 3217 et
889 3163 945 3218 in
994 3179 1206 3235 magno
1235 3161 1421 3216 fidelis
1445 3161 1554 3216 erit
1580 3163 1731 3229 (Luc.
1763 3162 1902 3230 xvr.)
1935 3184 1962 3210 ››

443 3254 566 3304 seat
588 3250 727 3306 dare
751 3251 1105 3316 transitoria,
1138 3254 1204 3305 ut
1234 3255 1526 3305 mereatur
1569 3249 1826 3321 accipere
1856 3255 2092 3317 aeterna,

440 3340 729 3412 Suscipiat
762 3356 1074 3411 pauperem
1099 3339 1156 3393 in
1175 3340 1413 3394 domum
1437 3343 1699 3405 suam,ut
1721 3338 1940 3411 suscipi
1973 3355 2093 3394 Ine-

443 3432 637 3483 reatur
666 3446 699 3483 a
728 3428 957 3483 Christo
982 3430 1037 3482 in
1065 3428 1439 3483 tabernacula
1460 3444 1586 3483 sua.
1616 3427 1676 3483 In
1700 3427 1792 3482 his
1822 3428 2092 3484 taberna-

442 3516 590 3570 culis
622 3517 814 3571 loeum
840 3518 950 3572 sibi
975 3517 1503 3589 optabatinvenire,
1537 3516 1637 3588 qui
1659 3516 1889 3571 dicebat
1918 3519 2086 3585 (Ρδαι.

442 3606 554 3677 xiv)
582 3622 594 3662 :
626 3629 653 3654 ‹‹
693 3605 950 3671 Domine,
984 3606 1116 3676 quis
1149 3605 1436 3659 habitabit
1467 3605 1525 3659 in
1556 3604 1932 3661 tabernaculo
1964 3611 2087 3676 tuo,

443 3699 543 3749 aut
565 3694 1107 3766 quisrequiescetin
1122 3699 1319 3749 monte
1331 3698 1534 3749 sancto
1553 3700 1651 3749 tuo
1669 3694 1696 3749 ‘I
1718 3718 1744 3743 ››
1766 3694 1865 3749 Cui
1892 3696 2088 3751 divina

439 3797 573 3835 voce
628 3780 896 3852 protinus
947 3782 1332 3853 respondetur
1365 3798 1376 3836 :
1404 3805 1429 3831 ‹‹
1452 3782 1558 3847 Qui
1609 3782 1932 3854 ingreditur
1960 3784 2086 3840 sine

439 3869 669 3925 macula
691 3873 746 3925 et
767 3874 1040 3941 operatur
1050 3870 1368 3941 justitiam,
1386 3871 1483 3942 qui
1507 3871 1766 3942 loquitur
1783 3872 2082 3929 veritatem

433 3958 493 4013 in
526 3959 697 4014 corde
727 3974 854 4027 suo,
884 3959 981 4030 qui
1016 3976 1131 4014 non
1152 3959 1269 4032 egit
1291 3958 1491 4014 dolum
1516 3960 1573 4013 in
1599 3959 1800 4031 lingua
1826 3976 1953 4032 sua,
1978 3979 2081 4017 nec

428 4046 561 4102 fecit
593 4047 856 4119 proximo
888 4064 993 4103 suo
1027 4047 1269 4116 malum,
1295 4052 1351 4102 et
1379 4049 1759 4120 opprobrium
1779 4066 1894 4104 non
1924 4066 2081 4108 acce-

423 4135 802 4207 pitadversus
825 4135 1120 4208 proximos
1139 4137 1391 4192 suos.Ad
1417 4136 1666 4192 nihilum
1684 4138 1973 4194 deductus
1991 4144 2079 4196 est

422 4225 480 4280 in
515 4232 826 4298 conspectu
858 4228 985 4297 ejus
1017 4214 1331 4299 malignus,
1365 4226 1637 4283 timentes
1669 4233 1864 4285 autem
1890 4230 2075 4284 Domi-

422 4332 561 4370 num
594 4314 898 4387 glorificat.
935 4315 1041 4378 Qui
1066 4316 1231 4385 jurat
1253 4316 1514 4387 proximo
1536 4334 1665 4381 suo,
1698 4322 1755 4372 et
1785 4334 1900 4372 non
1918 4319 2070 4373 deci-

421 4404 542 4475 pit;
577 4405 674 4475 qui
709 4404 1016 4476 pecuniam
1049 4421 1215 4459 suam
1252 4422 1363 4459 non
1407 4404 1567 4460 dedit
1596 4406 1667 4460 ad
1719 4423 1982 4473 usuram,
2015 4411 2072 4462 et

2136 1788 2182 1852 Β

2222 501 2292 551 Et
2321 497 2534 554 iterum
2569 514 2580 552 :
2610 497 2758 566 Filii,
2780 520 2810 547 ‹‹
2844 496 3214 568 eleemosyna
3234 512 3268 552 a
3287 502 3456 553 morte
3485 498 3790 575 liberattl‘ob.

2223 588 2344 655 κω)
2380 609 2407 636 ››
2436 592 2493 642 et
2525 603 2637 641 non
2673 586 2891 658 patitur
2920 585 3219 641 hominem
3243 586 3445 643 intrare
3472 588 3525 643 in
3552 595 3791 653 tenebras.

2222 681 2290 731 Et
2322 693 2557 731 rursum
2583 691 2596 729 :
2620 675 2875 731 Desudet
2896 674 3229 747 elemosyna
3248 674 3305 729 in
3326 690 3489 731 manu
3510 682 3617 749 tua,
3645 682 3793 742 donec

2221 765 2484 820 invenias
2507 766 2737 836 justum
2766 763 2860 820 cui
2891 764 3088 819 tradas
3120 779 3268 818 eam.
3316 765 3384 818 Et
3410 780 3664 838 pauperes
3687 787 3795 845 ergo

2212 856 2385 925 juxta
2415 852 2861 925 possibilltatem
2888 869 3057 909 suam
3076 852 3461 924 eleemosynas
3478 855 3699 914 tribuere
3719 861 3793 918 de-

2222 944 2551 1000 bent.Unde
2580 944 2771 998 bonus
2800 947 2966 1013 pater
2993 941 3269 997 erudiens
3300 941 3473 997 ﬁlium
3502 960 3673 1015 suum,
3700 948 3794 1018 ait;

2221 1033 2346 1100 Fili,
2381 1056 2408 1081 u
2434 1032 2480 1088 si
2510 1031 2761 1086 multum
2784 1030 2891 1085 tibi
2913 1029 3102 1085 fuerit.
3125 1028 3481 1086 abundanter
3498 1031 3696 1089 tribue:
3717 1058 3739 1085 ιι
3756 1038 3796 1092 si

2219 1127 2416 1178 autem
2447 1120 2724 1192 exiguum
2755 1119 2932 1175 etiam
2961 1118 3236 1191 exiguum
3275 1116 3510 1174 libenter
3550 1120 3800 1194 impertire

2220 1211 2362 1283 (Tob.
2398 1214 2496 1277 iv.)
2524 1209 2721 1280 Neque
2751 1208 2908 1263 enim
2939 1207 3095 1278 apud
3118 1209 3349 1279 justum
3396 1208 3635 1279 judicem
3659 1228 3797 1268 excu-

2219 1299 2366 1356 satio
2399 1300 2469 1354 de
2502 1297 2835 1369 elemosyna
2866 1296 2996 1364 erit,
3041 1297 3276 1369 quando
3322 1296 3491 1352 etiam
3517 1314 3610 1369 pro
3660 1298 3802 1355 calice

2218 1405 2381 1460 aqua;
2404 1387 2628 1459 frigidae
2652 1386 2976 1442 mercedem
2999 1402 3061 1441 se
3081 1385 3349 1457 promisit
3367 1385 3621 1440 daturum
3638 1387 3798 1459 (Matth.

2216 1477 2296 1548 x.)
2330 1477 2513 1531 Aliter
2545 1492 2557 1530 :
2594 1474 2842 1542 Quidam
2877 1479 3077 1530 autem
3112 1474 3267 1530 hanc
3323 1473 3729 1531 similitudinem
3756 1476 3803 1531 in

2219 1566 2397 1623 Paulo
2412 1564 2989 1639 apostoloimpletam
3018 1562 3263 1637 intelligi
3281 1561 3474 1619 volunt
3502 1563 3601 1619 hoc
3634 1564 3800 1618 modo:

2217 1661 2400 1711 Homo
2425 1656 2534 1710 iste
2560 1658 2708 1709 Deus
2728 1652 3097 1724 omnipotens
3117 1652 3333 1723 est,qui
3357 1651 3555 1707 habuit
3570 1650 3805 1720 villicum,

2217 1744 2437 1801 sellicet
2453 1744 2694 1798 Paulum
2718 1741 3070 1815 apostolum,
3095 1741 3188 1797 cui
3214 1738 3454 1797 divitias
3477 1757 3605 1797 suas
3622 1739 3807 1812 dispen-

2217 1834 2433 1889 Sandas
2464 1830 3022 1903 commisit,quando
3043 1846 3214 1885 secus
3240 1830 3415 1902 pedes
3436 1827 3735 1884 Gamalielis
3751 1828 3807 1884 le-

2215 1922 2305 1995 gis
2326 1921 2601 1988 doctoris,
2621 1922 2792 1992 juxta
2809 1919 3111 1975 veritatem
3135 1924 3390 1990 paterna:
3413 1917 3551 1990 legis
3570 1935 3687 1974 eum
3704 1933 3806 1972 eru-

2215 2010 2377 2065 divit.
2403 2011 2511 2065 Sed
2538 2009 2689 2063 male
2711 2005 2942 2063 divitias
2969 2007 3200 2062 Domini
3223 2005 3319 2062 sui
3341 2004 3805 2077 tractavit,quando

2216 2100 2401 2173 legem
2432 2098 2745 2154 carnaliter
2764 2096 3118 2169 intelligens,
3138 2095 3497 2152 Christianos
3520 2096 3811 2167 persecutus

2213 2193 2303 2244 est
2332 2188 2644 2254 intactum,
2682 2192 2745 2241 ut
2773 2186 3060 2258 acciperet
3086 2184 3371 2257 epistolas
3397 2203 3429 2240 a
3448 2182 3722 2257 princibus
3737 2197 3810 2237 ss-

2212 2278 2605 2341 cerdotum,ut
2635 2291 3039 2348 quoscumque
3060 2274 3351 2330 inveniret
3380 2273 3554 2345 hujus
3583 2272 3673 2328 vim
3692 2271 3813 2325 viros

2213 2383 2279 2422 ac
2311 2364 2609 2431 mulieres,
2643 2365 2867 2419 vinctos
2890 2364 3313 2436 perduceretin
3341 2358 3814 2419 Jerusalem.Ditl'a-

2212 2458 2407 2511 matus
2437 2459 2525 2511 est
2555 2458 2751 2509 autem
2783 2453 2938 2525 apud
2965 2453 3279 2508 Dominum
3301 2468 3498 2518 suum,
3530 2448 3738 2523 quando
3753 2445 3816 2509 di-

2211 2549 2369 2599 ctum
2400 2548 2489 2600 est
2517 2543 2588 2599 de
2608 2560 2703 2598 eo:
2735 2541 3198 2608 Domine,audivi
3218 2558 3255 2596 a
3279 2539 3480 2596 multis
3500 2540 3567 2595 de
3586 2537 3692 2593 viro
3710 2536 3811 2602 hoc,

2211 2637 2430 2704 quanta
2443 2631 2600 2688 mala
2620 2631 2840 2689 sanctis
2855 2630 2975 2686 tuis
2997 2630 3196 2687 fecerit
3217 2629 3278 2685 in
3296 2626 3647 2685 Hierusalem
3660 2645 3673 2695 ;
3686 2624 3813 2681 ethic

2209 2722 2386 2777 habet
2404 2725 2749 2794 potestatem
2763 2738 2796 2775 a
2812 2719 3178 2793 principibus
3197 2719 3570 2776 sacerdotum
3581 2712 3812 2788 alligandi

2208 2827 2414 2865 omnes
2437 2810 2537 2882 qui
2560 2810 2833 2864 invocant
2854 2823 3065 2864 nomen
3087 2807 3549 2879 tuum.Cnmque
3569 2804 3813 2875 famaper-

2208 2900 2525 2956 secutionis
2546 2900 2673 2970 ejus
2704 2900 2776 2954 ad
2822 2898 3136 2953 Dominum
3175 2897 3563 2962 ascendisset,
3585 2894 3814 2967 pergente

2206 3007 2272 3044 eo
2296 2994 2666 3053 Damascum,
2689 2986 2911 3043 vocavit
2932 2985 3099 3041 illum
3127 2986 3422 3042 Dominus
3443 3001 3585 3041 suus
3604 2983 3666 3037 de
3682 2977 3812 3044 calo,

2205 3082 2262 3133 et
2292 3079 2374 3133 ait
2403 3076 2489 3132 illi
2523 3094 2537 3133 :
2576 3102 2597 3127 ι
2633 3077 2828 3147 Saule,
2858 3075 3049 3142 Saule,
3083 3075 3227 3148 quid
3283 3091 3377 3131 me
3422 3067 3815 3147 pesequerisil

1997 3161 2092 3215 Di-
2126 3153 2168 3219 C
2203 3170 2351 3235 (Αει.
2385 3167 2485 3238 1x.)
2519 3165 2741 3221 Durum
2771 3170 2860 3220 est
2887 3162 2995 3219 tibi
3051 3167 3261 3219 contra
3321 3161 3625 3220 stimulum
3675 3154 3815 3214 calci-

2206 3259 2380 3309 trare.
2415 3254 2577 3320 Quod
2609 3257 2699 3308 est
2745 3252 2936 3307 dicere
2968 3268 2980 3306 :
3015 3275 3043 3301 ‹‹
3076 3251 3227 3318 Quid
3273 3251 3388 3307 hoc
3435 3248 3603 3306 audio
3644 3246 3708 3302 de
3730 3240 3818 3299 te?

2204 3343 2399 3398 Redde
2430 3341 2712 3397 rationem
2744 3339 3118 3397 villicationis
3146 3344 3288 3407 tua,
3339 3341 3468 3411 jam
3528 3354 3636 3393 non
3686 3335 3815 3407 pote-

2203 3432 2284 3487 ris
2340 3430 2593 3486 villicare
2625 3431 2774 3502 (Luc.
2833 3433 2977 3497 XVI,)
3024 3429 3122 3485 :id
3178 3434 3276 3485 est
3324 3427 3643 3500 judaizare.
3690 3431 3757 3476 Ac
3779 3418 3818 3473 si

2200 3520 2535 3575 diceretur:
2569 3518 2717 3581 Quia
2751 3534 2944 3589 usque
3000 3516 3173 3573 hodie
3234 3516 3386 3590 legis
3443 3516 3637 3570 doctor
3685 3505 3817 3566 fuisti

2199 3607 2530 3677 carnaliter,
2562 3605 2892 3679 discipulus
2923 3606 3184 3661 veritatis
3245 3605 3501 3677 incipies
3556 3617 3675 3658 esse
3720 3595 3816 3668 spi-

2199 3697 2465 3753 ritaliter.
2499 3696 2743 3751 Villicus
2781 3694 3017 3760 dicitur,
3067 3694 3169 3766 qui
3219 3711 3409 3768 super
3455 3691 3692 3748 alienam
3734 3683 3816 3740 vil-

2194 3785 2310 3842 lam
2342 3802 2541 3841 curam
2573 3786 2740 3856 gerit.
2771 3790 2955 3856 Super
2982 3782 3236 3839 alienam
3272 3782 3497 3856 quippe
3532 3777 3717 3835 villam
3738 3789 3817 3829 cu-

2194 3893 2319 3931 ram
2352 3874 2591 3948 gerebat
2621 3872 2856 3943 Paulus,
2904 3870 3143 3943 quando
3198 3869 3401 3943 legem
3461 3887 3561 3943 per
3616 3866 3816 3948 Moysen

2191 3946 2388 4019 datam
2418 3961 2729 4019 carnaliter
2757 3961 3022 4016 docebat.
3056 3960 3169 4017 Sed
3198 3960 3409 4017 ablata
3435 3962 3526 4016 est
3554 3957 3624 4014 ab
3649 3970 3710 4010 eo
3732 3946 3814 4006 vil-

2188 4053 2401 4119 licatio,
2437 4050 2673 4123 quando
2705 4049 2958 4105 carnalis
2979 4048 3070 4105 lex
3097 4066 3216 4105 non
3240 4048 3581 4114 carnaliter,
3613 4042 3705 4100 sed
3723 4037 3815 4111 spi-

2186 4140 2477 4196 ritualiter
2505 4139 2556 4195 ei
2588 4138 2835 4210 intelligi
2868 4142 3153 4210 praecepta
3174 4143 3289 4194 est.
3317 4140 3345 4187 α
3366 4138 3465 4194 Ait
3492 4139 3679 4190 autem
3697 4124 3814 4184 villi-

2184 4246 2289 4284 cus
2322 4230 2475 4284 intra
2504 4245 2566 4284 se
2591 4244 2603 4283 :
2639 4227 3047 4293 Quidfacism,
3080 4226 3221 4298 quia
3244 4226 3535 4282 dominus
3556 4236 3711 4278 meus
3735 4231 3814 4272 au-

2183 4319 2345 4373 ferta
2366 4333 2459 4371 me
2480 4315 2890 4371 villicationem
2912 4315 2940 4369 ?
2976 4338 2997 4364 a
3026 4316 3178 4386 (Luc.
3210 4315 3360 4387 xw.)
3386 4311 3565 4380 Quasi
3595 4307 3811 4392 diceret:

2179 4405 2327 4469 Quid
2359 4404 2590 4470 faciam,
2625 4404 2766 4475 quia
2794 4404 3075 4476 magister
3103 4402 3187 4458 fui
3229 4404 3292 4458 in
3327 4400 3556 4459 carnali
3585 4392 3819 4454 doctrina

422 4508 663 4547 munera
682 4509 858 4563 super
882 4493 1217 4548 innocentes
1232 4509 1344 4547 non
1360 4494 1580 4565 accepit
1604 4511 1616 4561 ;
1643 4495 1745 4566 qui
1771 4491 1907 4550 facit
1926 4496 2066 4564 haec,
2095 4520 2140 4583 Β
2174 4496 2341 4569 legis,
2373 4498 2430 4550 et
2459 4492 2686 4549 villicus
2717 4496 2773 4548 et
2801 4490 3129 4564 discipulus
3158 4508 3346 4565 cogor
3398 4506 3532 4547 esse
3558 4491 3615 4544 et
3640 4497 3812 4583 operi}:

420 4597 535 4635 non
561 4581 887 4636 movebitur
907 4580 964 4635 in
987 4585 1267 4636 aeternum
1293 4582 1474 4654 (Ιὺίιι.)
1492 4603 1518 4631 ››
1546 4606 1572 4631 ‹‹
1599 4588 1808 4638 Beatus
1830 4584 2008 4651 enim,
2034 4608 2062 4634 ››

416 4667 498 4723 ait
528 4667 832 4740 Propheta,
866 4692 893 4719 «
927 4669 1025 4740 qui
1048 4668 1319 4740 intelligit
1348 4686 1526 4740 super
1553 4686 1800 4741 egenum
1832 4678 1889 4726 et
1918 4689 2060 4744 pau-

330 4752 335 4757 ’
416 4774 632 4828 perem,
673 4756 731 4812 in
762 4757 855 4813 die
895 4756 1050 4813 mala
1089 4756 1361 4813 liberabit
1399 4774 1532 4813 eum
1575 4760 1856 4816 Dominus
1887 4763 2057 4830 (Psal.

411 4854 529 4912 XL.)
566 4870 592 4895 ››
628 4853 768 4902 Nam
826 4852 1114 4918 quantum
1171 4846 1357 4901 virtus
1414 4846 1794 4920 eleemosynae
1849 4849 2058 4916 valeat,

412 4935 690 4989 Dominus
724 4938 1084 5002 inanifestat,
1115 4935 1313 4990 dicens
1348 4953 1359 4989 :
1400 4960 1419 4984 ε
1457 4941 1593 4990 Date
1631 4935 2059 5009 eleemosynam

406 5029 463 5079 et
495 5024 695 5079 omnia
726 5024 947 5078 munda
980 5030 1121 5078 sunt
1152 5024 1315 5078 vobis
1344 5025 1493 5088 (Luc.
1527 5029 1629 5092 xu.)
1654 5046 1680 5073 ››
1711 5026 1779 5079 Et
1808 5026 2054 5083 iterum:

406 5137 434 5162 ‹‹
463 5116 603 5167 Cum
639 5112 783 5166 facis
824 5112 1136 5183 prandium
1188 5117 1290 5167 aut
1339 5130 1585 5179 comam,
1638 5114 1757 5169 noli
1810 5115 2055 5172 invitare

402 5218 502 5256 eos
533 5201 634 5272 qui
665 5205 719 5255 te
750 5201 1078 5263 reinvitent,
1110 5201 1211 5256 sed
1243 5218 1381 5255 voca
1414 5218 1718 5274 pauperes,
1763 5207 1818 5259 et
1849 5205 2053 5262 beatus

401 5287 682 5359 eris,quia
702 5304 816 5343 non
842 5286 1060 5344 habent
1081 5290 1233 5343 unde
1253 5290 1576 5345 retribuant
1592 5291 1693 5346 tibi
1713 5293 2005 5364 (Luc.x1v.)
2022 5317 2049 5344 ››

400 5378 468 5431 Et
481 5375 618 5431 alibi
637 5393 685 5431 ;‹‹
698 5375 860 5431 Sicut
872 5393 1025 5448 aqua
1036 5378 1355 5449 exstinguit
1371 5378 1672 5450 ignem,ita
1683 5381 2049 5455 eleemosyna

398 5463 1030 5538 exstinguitpeecatum
1051 5467 1238 5535 (Eccli.
1264 5468 1371 5539 III.)
1397 5466 1764 5540 nUndejusti
1787 5473 1890 5527 viri
1914 5490 2049 5528 voce

395 5554 611 5620 dicitur
645 5571 658 5613 :
692 5578 719 5607 «
756 5554 994 5613 Fiducia
1023 5571 1237 5633 magna
1266 5556 1381 5614 erit
1417 5571 1616 5616 coram
1648 5576 1880 5619 summo
1931 5561 2046 5622 Deo

2175 4566 2298 4641 rius
2319 4580 2601 4654 spiritalis
2631 4580 2822 4652 legis?
2851 4602 2879 4631 «
2913 4580 3132 4636 Fodere
3152 4597 3275 4636 non
3298 4580 3473 4636 valeo
3515 4575 3691 4650 (IbidJ
3720 4593 3745 4620 »
3769 4566 3817 4622 id

2170 4679 2261 4731 est
2288 4671 2616 4729 doctrinam
2664 4669 2809 4742 legis
2865 4669 3220 4741 perscrutari
3281 4685 3395 4741 per
3424 4663 3812 4735 memetipsum

2171 4777 2414 4834 nequeo.
2447 4782 2476 4810 «
2507 4758 2836 4814 Mendicare
2863 4757 3144 4814 erubesco
3175 4758 3399 4828 (Ibid.),
3437 4779 3467 4809 »
3498 4754 3637 4829 quia
3664 4748 3815 4834 fidem

2169 4833 2619 4907 Christianitatis
2648 4848 2720 4903 ab
2750 4846 2996 4913 Anania,
3028 4862 3204 4918 quem
3227 4845 3603 4918 discipulum
3633 4833 3809 4899 habui.

2170 4940 2390 4995 discere
2419 4953 2633 4993 vereor.
2668 4958 2696 4986 ι(
2729 4935 2859 4990 Scio
2889 4935 3030 5006 quid
3060 4934 3300 5002 faciam,
3337 4939 3407 4990 ut
3436 4950 3577 4991 cum
3605 4928 3815 4988 amotus

2168 5030 2328 5084 fuero
2346 5024 2759 5093 avillicatione,
2775 5023 3059 5095 recipiant
3080 5040 3174 5079 me
3197 5022 3530 5080 Christiani
3554 5021 3613 5076 in
3629 5018 3811 5073 domos

2164 5134 2302 5173 suas
2348 5114 2554 5189 (lbid.),
2590 5136 2619 5163 »
2650 5129 2799 5184 quos
2859 5118 3203 5185 persecutus
3264 5129 3434 5169 sum.
3481 5105 3811 5176 Vocavitque

2160 5207 2309 5261 duos
2330 5203 2624 5261 debitores
2646 5201 2873 5257 Domini
2901 5200 3013 5270 sui,
3035 5201 3392 5257 Judaaorum
3415 5197 3647 5257 scilicet
3655 5205 3815 5267 popu‘

2160 5294 2282 5349 lum
2310 5299 2367 5349 et
2384 5290 2670 5364 gentium,
2693 5290 2794 5362 qui
2829 5289 3000 5346 ambo
3021 5291 3131 5346 sub
3151 5288 3360 5346 debito
3398 5305 3511 5346 seu
3539 5288 3680 5360 jugo
3701 5292 3810 5355 pec-

2160 5384 2272 5439 cati
2302 5380 2599 5437 constricti
2624 5379 2795 5436 teneb
2809 5382 3002 5446 antur,
3026 5379 3180 5435 sicut
3200 5378 3287 5434 ait
3306 5376 3634 5451 Apostolus
3655 5373 3819 5445 (Rom.

2158 5474 2318 5544 xm):
2354 5495 2379 5521 α
2416 5469 2541 5524 Non
2575 5467 2730 5525 enim
2778 5472 2868 5525 est
2913 5468 3212 5524 distinctio
3274 5467 3478 5523 Judei
3524 5470 3583 5521 et
3626 5454 3807 5521 Graaci.

2158 5564 2373 5622 Omnes
2401 5558 2559 5618 enim
2591 5562 2992 5633 peccaverunt,
3025 5562 3081 5617 et
3108 5560 3287 5633 egent
3318 5555 3518 5635 gloria
3545 5552 3667 5614 Dei.
3684 5569 3727 5618 ,ν
3751 5548 3811 5604 Bt
