3908 6172
142 303 233 365 653

1326 300 1685 367 ΗΟΜΙΕῙΛΕ
1725 304 1828 366 DE
1871 304 2268 370 TEMPORE.

3375 314 3498 378 654

139 436 214 493 uni
238 434 492 507 praecepit
521 434 591 489 de
621 437 855 491 centum
888 434 1046 490 cadis
1087 434 1218 500 olei,
1270 437 1737 510 quinquaginta:
1768 439 1821 505 Α
1852 438 2067 495 tialiter
2097 441 2147 496 ei
2182 442 2520 509 afﬂuebant,
2555 444 2713 515 quod
2754 444 3016 499 futurum
3067 448 3209 511 erat,
3260 447 3503 504 minime
3540 408 3553 415 Α

134 529 177 583 et
199 525 339 581 alteri
372 525 442 579 de
472 528 707 579 centum
737 524 888 579 coris
918 524 1115 593 tritici,
1151 527 1446 598 octoginta
1467 528 1740 583 scribere.

132 613 508 687 Octogenarius
539 629 821 667 numerus
846 612 918 668 ad
947 612 1120 668 ﬁdem
1145 615 1590 671 resurrectionis
1621 632 1744 688 per-

127 703 263 769 tinet,
291 701 428 774 quia
484 700 770 757 Dominus
806 700 980 757 Jesus
1011 701 1277 757 Christus
1337 706 1537 758 octava
1588 702 1679 759 die
1711 721 1745 759 a

128 791 340 848 mortuis
384 789 720 846 resurrexit.
755 790 1304 864 Quinquagenarius
1337 792 1409 847 ad
1459 792 1743 864 pmniten-

124 882 261 947 tiam,
275 880 550 953 quoniam
567 878 952 952 quinquagesi
961 896 1095 934 mus
1113 879 1376 952 psalmus
1390 881 1447 935 in
1466 880 1747 953 poeniten-

123 971 241 1025 tiam
281 973 373 1043 est
406 969 768 1023 decantatus.
802 968 874 1023 Et
903 968 1430 1041 quinquagesimus
1461 986 1653 1025 annus
1684 968 1741 1023 in

123 1057 226 1131 lege
252 1054 528 1114 Jubilaa‘us
559 1060 648 1112 est
677 1056 891 1122 dictus,
925 1057 983 1111 id
1014 1061 1102 1113 est
1136 1073 1326 1113 annus
1358 1056 1744 1113 remissionis.

119 1147 428 1202 Judeorum
459 1162 594 1219 ergo
628 1144 841 1219 populo
872 1146 943 1200 de
962 1151 1198 1201 centum
1220 1146 1371 1202 coris
1398 1145 1569 1202 tritici
1596 1151 1748 1202 octo-

119 1236 255 1308 ginta
273 1234 527 1291 scribere
553 1234 850 1309 fecit,quia
870 1235 1352 1291 resurrectionem
1371 1235 1587 1292 Christi
1611 1252 1747 1291 eum

119 1324 322 1381 credere
376 1324 594 1379 docuit.
651 1323 936 1380 Gentilem
990 1341 1125 1380 vero
1156 1325 1227 1380 de
1285 1325 1619 1381 centenario
1673 1326 1745 1380 ad

119 1412 665 1486 quinquagenarium
720 1412 964 1482 vocavit,
1028 1414 1167 1486 quia
1196 1430 1301 1486 per
1344 1413 1747 1486 paenitentiam

118 1501 339 1575 pristina
367 1500 525 1556 mala
544 1499 702 1555 illius
726 1499 1095 1573 corrigere,et
1123 1500 1238 1555 Deo
1279 1500 1749 1573 appropinquare

119 1590 309 1647 docuit.
351 1609 373 1638 ι
403 1590 472 1645 Et
495 1588 755 1644 laudavit
784 1589 1059 1644 dominus
1088 1588 1346 1644 villicum
1394 1588 1746 1661 iniquitatis,

121 1680 238 1752 quia
274 1679 589 1751 prudenter
636 1677 870 1733 fecisset
914 1678 1068 1740 (Luc.
1100 1678 1238 1745 xvr),
1282 1677 1551 1734 videlicet
1600 1679 1747 1733 Pau-

1854 530 2222 599 prznvidcbat.
2257 531 2418 588 Unde
2439 536 2495 587 et
2519 553 2544 587 η
2580 533 2825 589 Domino
2857 534 3098 589 dicitur:
3125 557 3152 584 «
3174 534 3244 588 Et
3267 535 3503 605 quidem

1855 640 1882 667 «
1918 617 1976 671 in
1998 618 2107 673 hac
2127 619 2218 675 die
2234 623 2356 687 tua,
2372 637 2498 692 quas
2517 622 2587 675 ad
2606 638 2807 693 pacem
2822 625 2964 677 sunt
2984 620 3111 691 tibi,
3136 639 3291 677 nunc
3313 625 3507 678 autem

1855 706 2198 763 abscondita
2229 713 2369 764 sunt
2398 711 2470 764 ab
2498 710 2685 765 oculis
2715 711 2855 767 tuis.
2878 732 2905 760 »
2938 712 3114 777 Quasi
3137 711 3295 766 enim
3326 709 3386 765 in
3418 711 3511 767 die

1854 811 1962 851 sua
1990 812 2191 868 pacem
2226 797 2496 866 habebat,
2522 815 2657 854 cum
2679 798 3063 855 extollebatur
3082 800 3143 855 in
3164 800 3508 868 honoribus,
3604 844 3607 849 ι

1856 884 2218 957 gloriabatur
2246 887 2305 942 in
2326 887 2723 955 facultatibus,
2747 888 3055 945 laetabatur
3075 889 3132 945 in
3155 890 3513 946 fecunditate

1856 974 2059 1046 prolis,
2092 979 2148 1030 et
2180 976 2307 1032 ideo
2338 977 2684 1049 periculum,
2717 978 2869 1050 quod
2894 978 3005 1034 sibi
3027 982 3341 1034 venturum
3362 983 3508 1046 erat,

1857 1062 2020 1118 nullo
2054 1065 2225 1119 modo
2257 1066 2628 1138 agnoscebat.
2664 1067 2797 1131 Quae
2830 1071 3026 1123 autem
3050 1066 3129 1122 illi
3152 1070 3399 1123 ventura
3427 1083 3512 1123 es-

1857 1156 2009 1215 sent,
2042 1154 2326 1228 Dominus
2357 1155 2511 1210 brevi
2559 1171 2825 1211 sermone
2865 1153 3324 1228 comprehendit,
3376 1171 3510 1211 cum

1857 1240 2125 1314 adjungit
2150 1260 2163 1298 :
2294 1224 2307 1245 ’

1930 1353 1957 1380 ‹‹
1992 1330 2136 1395 Quia
2164 1332 2399 1388 venient
2430 1333 2551 1389 dies
2585 1334 2643 1388 in
2674 1338 2814 1396 te.et
2845 1333 3297 1390 circumdabunt
3322 1336 3379 1390 te
3409 1332 3515 1388 ini-

1863 1440 1890 1467 ‹‹
1922 1418 2057 1475 mici
2084 1420 2170 1475 tui
2200 1420 2349 1477 vallo
2374 1438 2387 1477 :
2419 1426 2476 1478 et
2504 1422 2956 1478 circumdabant
2984 1426 3063 1491 te,
3084 1426 3142 1478 et
3170 1425 3514 1497 coangusta-

1860 1530 1887 1556 «
1922 1509 2071 1564 bunt
2102 1513 2156 1564 te
2188 1510 2466 1582 undique,
2501 1515 2557 1566 et
2587 1512 2656 1567 ad
2708 1515 2923 1567 terram
2955 1514 3325 1583 prosternent
3370 1515 3426 1567 te
3457 1514 3516 1567 et

1861 1618 1889 1646 «
1922 1596 2076 1653 filios
2107 1602 2258 1666 tuos,
2293 1600 2393 1670 qui
2426 1600 2485 1654 in
2515 1604 2570 1655 te
2600 1604 2770 1665 sunt;
2805 1603 2861 1656 et
2880 1618 2996 1657 non
3018 1599 3349 1673 relinquent
3368 1599 3429 1655 in
3459 1603 3516 1657 te

1863 1708 1890 1734 «
1921 1684 2172 1757 lapidem
2207 1703 2382 1759 super
2411 1686 2684 1760 lapidem.
2712 1712 2738 1737 »
2771 1688 2904 1745 Dies
2931 1692 3208 1745 venturos
3233 1687 3395 1757 dicit,
3423 1686 3519 1743 tri-

122 1770 223 1874 lnm
251 1766 603 1874 apostqlum,
644 1783 713 1822 ex
739 1771 1132 1874 “persecutore
1162 1767 1615 1874 ‘prazdicatorem
1665 1766 1747 1874 fa-
1780 1810 1826 1874 B
1862 1772 2181 1874 hulationis
2212 1780 2269 1830 et
2315 1776 2619 1874 angustiae,
2662 1777 3012 1833 calamitatis
3036 1781 3101 1869 et
3131 1776 3323 1843 famis,
3357 1775 3515 1874 obsi-

122 1863 276 1923 ctum,
310 1858 368 1912 in
423 1855 686 1911 doctrina
737 1855 977 1922 factum,
1028 1855 1086 1911 in
1144 1856 1412 1911 doctrina
1440 1861 1498 1912 et
1542 1854 1746 1928 prsidi-

123 1946 324 2002 catione
355 1945 770 2016 magniﬁcavit,
805 1945 1007 2000 dicens
1056 1946 1127 2000 de
1156 1944 1252 2000 illo
1303 1946 1371 2001 ad
1421 1945 1744 2000 Ananiam:

122 2035 337 2101 «Vade,
398 2034 539 2107 quia
610 2050 711 2089 vas
767 2032 1075 2089 electionis
1134 2034 1278 2088 mihi
1338 2038 1427 2090 est
1486 2035 1617 2101 iste,
1685 2038 1752 2089 ut

117 2128 284 2195 portet
311 2139 523 2179 nomen
556 2139 755 2178 meum
787 2138 983 2179 coram
1016 2123 1290 2195 gentibus
1319 2126 1377 2178 et
1410 2123 1664 2196 regibus,
1697 2126 1754 2177 et

116 2210 236 2267 ﬁliis
266 2211 441 2269 Israel
457 2213 702 2281 (Acth),
731 2234 758 2261 »
782 2210 1022 2283 impleta
1043 2210 1553 2283 prophetia,quam
1575 2211 1753 2266 Jacob

114 2299 264 2367 olim,
298 2315 433 2354 cum
467 2298 834 2354 benediceret
864 2297 1015 2353 ﬁlios
1048 2315 1208 2364 suos,
1250 2298 1632 2371 prophetavit,
1665 2298 1755 2353 di-

114 2388 240 2443 cens
265 2407 283 2443 :
318 2409 346 2437 α
380 2388 682 2458 Benjamin
717 2387 898 2459 lupux
924 2404 1121 2460 rapax,
1146 2404 1317 2443 mane
1340 2388 1600 2443 comedet
1619 2404 1759 2459 pra:-

114 2478 258 2544 dam,
314 2482 373 2533 et
428 2490 669 2548 vespere
717 2475 936 2531 dividet
966 2475 1154 2548 spolia
1185 2476 1336 2544 (Gen.
1370 2480 1534 2542 κως).
1578 2498 1604 2525 ››
1650 2476 1756 2530 De-

114 2566 260 2621 tribu
292 2570 492 2622 autem
526 2564 830 2636 Benjamin
856 2564 1072 2621 Paulus
1092 2565 1394 2637 apostolus
1416 2566 1617 2631 fuit,ut
1636 2566 1761 2636 ipse

109 2655 483 2720 testatur.Qui
516 2652 675 2710 velut
693 2653 869 2726 lupus
889 2670 1067 2725 rapax
1089 2654 1145 2708 in
1170 2654 1569 2725 persecutione
1597 2653 1759 2708 Chri-

113 2745 429 2800 stianorum
461 2743 697 2799 exarsit.
740 2744 907 2798 Mane
939 2743 1192 2799 comedit
1222 2744 1499 2815 przedam,
1532 2744 1671 2814 quia
1700 2742 1759 2796 in

113 2833 496 2889 adolescentia
526 2831 841 2889 Ecclesium
871 2831 971 2887 Dei
998 2837 1341 2904 persecutus
1370 2837 1477 2887 est.
1511 2832 1761 2903 Vespere

113 2920 302 2977 divisit
324 2921 529 2994 spolia,
564 2920 702 2994 quia
733 2924 1049 2993 postquam
1083 2921 1153 2976 ad
1187 2921 1361 2976 ﬁdem
1384 2920 1598 2976 Christi
1630 2936 1763 2975 con-

112 3026 308 3066 versus
326 3016 435 3079 est,
462 3027 563 3066 eos
584 3026 752 3082 quos,
777 3010 847 3065 de
870 3012 1155 3082 potestate
1174 3008 1391 3065 diaboli
1413 3009 1596 3063 victor
1617 3008 1763 3064 obti-

120 3095 334 3168 ﬁuit,ad
368 3099 800 3172 praedicandam
821 3098 1018 3165 fidem,
1038 3115 1212 3171 quam
1232 3096 1396 3170 prius
1421 3101 1762 3169 persecutus

120 3185 320 3257 fuerat,
355 3188 413 3243 in
444 3188 705 3244 diversas
735 3186 1002 3243 nationes
1033 3186 1364 3243 destinavit.

665 3375 967 3432 HOMILIA
1005 3375 1213 3432 CXXII.

326 3498 602 3539 DOMINICA
626 3498 937 3538 'UNDECIMA
968 3498 1105 3539 POST
1136 3498 1545 3537 PENTECOSTEN.

184 3631 343 3703 (Luc.
377 3634 511 3697 xix).
547 3656 574 3681 «
601 3634 666 3689 in
690 3632 789 3689 illo
818 3636 1117 3706 tempore:
1141 3633 1287 3689 Cum
1337 3632 1766 3705 appropinqua-

125 3741 147 3765 ‹‹
175 3725 260 3776 ret
284 3722 457 3778 Jesus
485 3721 835 3788 Jerusalem,
858 3722 1063 3777 videns
1085 3721 1560 3789 civitatem,ﬁevit
1590 3737 1768 3793 super

126 3831 149 3853 α
178 3808 361 3879 illam,
392 3812 633 3867 dicens:
696 3811 843 3876 Quia
873 3811 921 3866 si
964 3810 1354 3884 cognovisses,
1388 3815 1445 3866 et
1491 3814 1575 3865 tu.
1612 3832 1640 3860 »
1699 3810 1769 3864 Et

128 3896 427 3970 reliqua.ln
448 3899 631 3971 huius
650 3898 918 3956 lectionis
939 3899 1087 3955 serie
1110 3898 1391 3955 Dominus
1420 3898 1591 3954 Jesus
1613 3897 1770 3952 Chri-

130 3990 246 4042 stus
268 3993 575 4061 utramque
603 4004 773 4044 suam
796 3992 1067 4044 naturam
1089 3987 1480 4053 commendat,
1509 3985 1767 4040 divinam

132 4074 335 4133 scilicet
358 4082 413 4134 et
440 4078 785 4133 humanam.
812 4077 1090 4133 Humana:
1123 4077 1338 4149 quippe
1369 4079 1588 4131 naturae
1622 4075 1770 4130 indi-

135 4161 276 4219 cium
294 4169 541 4236 est,cum
564 4166 835 4239 periturae
855 4166 1069 4222 civitati
1087 4181 1273 4237 usque
1294 4165 1366 4220 ad
1389 4164 1589 4219 ﬂetum
1611 4180 1768 4219 com-

136 4253 378 4319 patitur:
410 4255 639 4322 divinae,
674 4270 809 4310 cum
841 4254 1029 4309 eidem
1071 4254 1309 4321 civitati,
1345 4268 1473 4325 quae
1524 4256 1772 4307 ventura

138 4347 306 4413 erant,
336 4348 400 4400 ut
427 4344 583 4400 Deus
616 4343 897 4416 praedicit.
943 4343 1119 4407 Quasi
1157 4342 1333 4398 homo
1364 4340 1651 4414 templum
1682 4340 1770 4396 in-

141 4440 357 4497 gressus
377 4438 485 4501 est,
519 4433 620 4488 sed
643 4431 812 4504 quasi
832 4431 984 4487 Deus
1008 4433 1324 4487 vendentes
1346 4436 1404 4487 et
1422 4434 1682 4486 ementes
1699 4430 1772 4486 de

1856 1864 2047 1919 dionis
2078 1869 2136 1919 et
2166 1864 2394 1920 mortis.
2428 1865 2704 1922 Inimicos
2733 1862 3326 1922 Romanos‘nominat
3354 1864 3515 1936 prin-

1857 1951 2035 2024 cipes,
2071 1952 2171 2024 qui
2214 1954 2481 2009 eamdem
2539 1955 2829 2010 civitatem
2873 1953 3022 2010 vallo
3070 1953 3523 2009 circumdantes-

1860 2041 2119 2112 undique
2152 2046 2704 2115 coangustaverunt,
2738 2049 2793 2099 et
2818 2060 2947 2099 eam
2987 2044 3060 2099 ad
3092 2041 3346 2098 litteram
3376 2058 3516 2115 pro-

1861 2134 2214 2198 straverunt,
2246 2135 2303 2185 et
2333 2130 2484 2186 ﬁlios
2523 2132 2652 2203 ejus
2696 2135 3068 2187 necaverunt.
3119 2131 3253 2196 Quae
3298 2131 3519 2200 omnia,

1862 2218 2116 2290 qualiter
2158 2220 2377 2275 civitati
2427 2220 2794 2293 contigerint,
2827 2220 3120 2292 Josephus
3141 2220 3547 2293 historiograr

1866 2308 2018 2379 phus
2049 2308 2420 2364 Hebraeorum
2454 2309 2699 2381 pleniter
2731 2314 2950 2365 narrat.
2985 2309 3099 2367 Sed
3122 2314 3359 2383 propter
3378 2309 3522 2366 sim-

1866 2396 2154 2469 pliciores,
2190 2384 2291 2470 qui
2322 2398 2588 2454 fortassis
2619 2399 2838 2470 praefati
2870 2398 2977 2453 viri
3011 2398 3317 2455 historiam
3356 2398 3522 2472 igno—

1869 2490 2018 2553 rant,
2053 2502 2120 2540 ex
2167 2486 2372 2542 multis
2420 2504 2607 2559 pauca
2635 2488 3148 2543 commemoranda
3177 2490 3334 2543 sunt.
3385 2487 3525 2543 Post

1868 2574 2098 2629 Domini
2130 2575 2287 2629 enim
2318 2575 2743 2642 ascensionem,
2777 2580 2911 2646 post
2938 2591 3138 2630 necem
3168 2574 3392 2641 Jacobi,
3416 2574 3518 2646 qui

1860 2663 2061 2733 justus
2088 2668 2176 2718 est
2207 2662 2555 2735 appellatus,
2589 2663 2922 2719 Judazorum
2955 2662 3170 2735 populo
3208 2662 3267 2716 in
3297 2661 3523 2718 malitia

1870 2755 2293 2823 perseverante,
2326 2751 2628 2806 suscitavit
2648 2752 2926 2807 adversus
2947 2767 3047 2806 eos
3069 2750 3355 2806 Dominus
3374 2750 3524 2805 duos

1870 2840 2267 2895 Romanorum
2297 2839 2610 2912 principes,
2648 2838 3065 2911 Vespasianum
3099 2837 3321 2895 scilicet
3347 2842 3406 2894 et
3435 2838 3527 2893 Ti-

1869 2934 2017 2995 tum,
2050 2932 2278 2999 patrem
2310 2933 2366 2983 et
2393 2928 2602 2995 filium,
2627 2928 2792 3000 justo
2820 2928 2923 2983 Dei
2944 2926 3169 2999 judicio
3201 2930 3426 3000 agente,
3462 2930 3527 2981 ut

1871 3015 1971 3088 qui
2003 3020 2225 3087 patrem
2247 3021 2304 3072 et
2334 3016 2520 3071 tilium
2544 3020 2913 3089 negaverant,
2946 3032 2980 3072 a
3004 3019 3167 3088 patre
3196 3019 3253 3071 et
3283 3013 3402 3071 ﬁlio
3431 3030 3529 3070 ne-

1871 3108 2157 3160 carentur.
2193 3104 2457 3176 Cumque
2497 3105 2833 3161 Judmorum
2883 3104 3179 3177 regionem
3222 3103 3522 3159 Romanus

1788 3174 1831 3239 (ἶ
1870 3197 2122 3249 vastaret
2149 3174 2457 3261 exercitus,
2482 3193 2824 3249 imminente
2846 3174 3214 3249 solemnitate
3236 3189 3517 3264 paschali,

1869 3282 2126 3337 cucurrit
2156 3281 2348 3337 omnis
2374 3281 2626 3355 populus
2648 3281 2708 3336 in
2729 3280 3018 3336 civitatem
3043 3280 3211 3352 quasi
3225 3280 3313 3336 vir
3342 3295 3518 3347 unus;

1860 3372 2024 3442 justo
2057 3371 2158 3426 Dei
2180 3370 2406 3442 judicio
2455 3369 2737 3443 exigente,
2772 3374 2837 3423 ut
2873 3368 2972 3441 qui
3005 3370 3065 3425 in
3114 3367 3377 3442 paschali
3423 3384 3522 3425 so-

1870 3458 2172 3514 lemnitate
2201 3457 2500 3514 Christum
2544 3457 2896 3524 occiderant,
2922 3456 2983 3512 in
3012 3457 3217 3514 eadem
3247 3455 3524 3514 solemni-

1870 3550 1990 3603 tate
2017 3547 2426 3603 obsidionibus
2455 3545 2980 3602 circumdarentur.
3011 3546 3159 3602 Nam
3191 3549 3425 3619 repente
3454 3544 3527 3603 ab

1872 3635 2141 3692 hostibus
2166 3634 2379 3691 vallata
2422 3639 2513 3691 est
2541 3635 2703 3703 urbs,
2735 3634 2819 3691 ita
2848 3639 2914 3691 ut
2943 3634 3143 3691 nullus
3171 3633 3398 3709 ingredi
3428 3636 3533 3690 aut

1874 3724 2067 3796 egredi
2097 3727 2312 3795 posset,
2334 3728 2391 3779 et
2406 3723 2607 3779 taudiu
2636 3724 2896 3791 obsessa,
2927 3724 3313 3796 quoadusque
3334 3721 3535 3779 omnia

1875 3830 2002 3885 quae
2028 3829 2227 3869 secum
2259 3812 2331 3866 ad
2365 3812 2657 3868 edendum
2688 3811 3036 3880 detulerant,
3070 3815 3420 3884 consumpta
3446 3809 3531 3865 vi-

1875 3901 2168 3956 derentur.
2202 3900 2337 3963 Qua:
2381 3906 2575 3955 autem
2607 3904 2769 3957 extra
2810 3900 3102 3955 civitatem
3150 3898 3528 3972 reliquerant,

1876 3989 2073 4045 omnia
2104 3989 2403 4044 Romanus
2443 3992 2768 4044 vastaverat
2795 3987 3100 4044 exercitus.
3152 3989 3353 4060 Longa
3393 4002 3532 4059 ergo

1876 4077 2177 4134 obsidione
2198 4076 2414 4144 afﬂicti,
2440 4076 2627 4132 multo
2648 4077 2885 4150 gravius
2906 4077 3057 4133 fame
3077 4076 3530 4146 interius,quam

1878 4168 1950 4221 ab
1982 4165 2251 4221 hostibus
2284 4165 2699 4236 premebantur
2728 4164 3004 4220 exterius.
3038 4164 3200 4230 Quod
3254 4164 3409 4219 idem
3440 4161 3531 4216 hi-

1878 4253 2322 4327 storiographus
2352 4253 2625 4320 ostendit,
2661 4269 2795 4307 cum
2826 4253 2967 4308 dicit
2995 4252 3134 4308 dira:
3156 4256 3213 4308 et
3239 4253 3531 4308 diuturna

1878 4344 2050 4400 famis
2082 4343 2280 4416 inopia
2307 4342 2484 4398 etiam
2528 4340 2775 4398 delicata
2802 4342 3024 4398 viscera
3052 4341 3280 4398 eruisse
3334 4341 3528 4397 intan-

1876 4435 2097 4500 tum,ut
2126 4430 2393 4489 nonnulli
2423 4447 2526 4487 nec
2558 4430 2633 4487 ab
2677 4429 2824 4503 ipsis
2852 4430 3263 4487 calceamentis
3292 4430 3536 4487 edendis

142 4512 229 4570 illo
258 4520 439 4591 ejecit,
472 4521 675 4577 dicens
708 4537 722 4574 :
760 4542 789 4571 α
819 4520 1040 4576 Domus
1070 4536 1200 4575 mea
1237 4521 1450 4576 domus
1493 4518 1772 4576 orationis
1803 4542 1847 4606 D
1880 4540 1943 4579 se
1972 4520 2384 4579 abstinuerint.
2411 4519 2523 4575 Alii
2552 4520 2907 4593 quisquilias
2935 4519 3051 4576 feni
3082 4518 3291 4576 veteris
3321 4523 3378 4575 et
3398 4536 3534 4592 pur-

143 4608 418 4665 vocabitur
447 4609 653 4675 (Matth.
686 4610 824 4673 xxt).
864 4631 891 4658 »
923 4611 1217 4676 Quantum
1249 4614 1447 4665 autem
1484 4609 1555 4667 de
1587 4609 1773 4665 salute
1882 4614 2157 4685 gamenta
2200 4609 2480 4666 frumenti
2508 4608 2781 4664 dentibus
2824 4606 3177 4664 ruminanda
3208 4608 3534 4664 tradebant.

146 4690 422 4755 hominum
456 4700 731 4773 gaudeat,
755 4701 1112 4771 quantumve
1138 4698 1207 4753 de
1228 4714 1429 4753 eorum
1453 4698 1775 4770 perditione

146 4781 333 4855 doleat,
361 4788 419 4843 in
451 4788 688 4844 exordio
732 4786 911 4859 hujus
942 4786 1207 4843 lectionis
1237 4786 1618 4853 demonstrat,
1644 4804 1777 4843 eum

149 4872 439 4940 perituram
471 4876 767 4933 civitatem
796 4877 1056 4943 intuens,
1091 4876 1246 4931 flevit
1275 4892 1453 4948 super
1482 4875 1666 4943 illam,
1700 4878 1781 4932 di-

149 4972 300 5018 cens:
338 4988 359 5013 ι
394 4966 541 5030 Quia
570 4965 619 5021 si
671 4964 1064 5038 cognovisses,
1111 4969 1168 5019 et
1214 4969 1297 5019 tu.
1328 4986 1355 5012 ››
1412 4964 1611 5034 Flevit,
1660 4982 1780 5021 non

146 5046 619 5117 pulchritudinem
638 5054 971 5119 domorum,
989 5070 1103 5109 non
1119 5052 1488 5108 altitudinem
1504 5055 1780 5126 turrium,

147 5152 246 5194 non
275 5143 515 5200 aedificia
557 5158 883 5209 murorum,
915 5143 1015 5198 sed
1049 5142 1443 5214 metaphorice
1489 5142 1778 5211 homines,

146 5224 347 5288 Dicitur
377 5237 574 5289 autem
605 5237 663 5288 et
696 5248 730 5287 a
757 5232 928 5287 flente
954 5231 1198 5286 Domino
1226 5249 1239 5286 :
1274 5254 1301 5282 «
1325 5230 1470 5295 Quia
1503 5231 1552 5286 si
1575 5248 1784 5304 cogno-

143 5316 327 5388 visses,
360 5327 417 5379 et
444 5326 536 5388 tu,
568 5343 596 5371 »
632 5320 733 5377 ubi
766 5320 1238 5376 subaudiendum
1272 5324 1380 5388 est,
1433 5319 1573 5392 quia
1603 5321 1651 5376 si
1685 5338 1784 5376 co-

144 5410 423 5476 gnovisses
483 5410 640 5467 mala
687 5427 815 5483 qua:
862 5409 969 5465 tibi
1021 5410 1353 5478 imminent,
1416 5410 1604 5477 fleres,
1655 5427 1782 5481 qua:

142 5498 317 5566 modo,
349 5499 490 5572 quia
516 5499 708 5555 neseis
740 5499 852 5555 cito
898 5500 1178 5573 peritura,
1229 5498 1507 5554 exsultas.
1557 5498 1786 5555 Intenta

136 5586 275 5645 enim
302 5588 677 5646 solummodo
705 5587 765 5644 in
817 5587 1323 5663 prosperitatibus,
1363 5604 1490 5663 quae
1524 5604 1781 5663 praesen-

1886 4699 2164 4756 Nonnulli
2196 4704 2498 4772 portarum
2528 4697 2875 4755 indumenta
2900 4697 3305 4766 detrahebant,
3337 4700 3402 4751 ut
3430 4695 3540 4751 hoc

1889 4788 2097 4845 saltem
2129 4788 2325 4845 edulio
2355 4787 2528 4843 famis
2557 4787 2817 4860 inopiam
2848 4789 3260 4860 temperarent.
3312 4784 3372 4841 Si
3404 4784 3539 4857 quis

1889 4883 2086 4934 autem
2108 4895 2211 4950 pro
2228 4876 2571 4949 colligendis
2592 4876 2789 4932 herbis
2806 4876 3005 4931 urbem
3025 4874 3221 4948 egredi
3241 4873 3539 4942 voluisset,

1890 4966 2058 5037 quasi
2092 4967 2192 5037 qui
2228 4966 2299 5021 ad
2357 4967 2650 5021 Romanos
2709 4966 2906 5037 fugere
2960 4962 3151 5033 vellet,
3210 4961 3539 5019 tenebatur.

1891 5054 2153 5109 Mensam
2184 5070 2316 5108 vero
2350 5051 2547 5108 nullus
2576 5069 2645 5107 ex
2670 5068 2830 5107 more
2851 5067 3139 5124 apponere
3161 5050 3544 5118 audebat,sed

1891 5143 2126 5215 propria
2155 5141 2325 5214 quasi
2355 5141 2567 5196 furtiva
2597 5141 2864 5196 edebant.
2883 5141 3028 5196 Nam
3050 5139 3336 5213 quidquid
3356 5140 3428 5196 ad
3448 5156 3544 5196 ve-

1892 5231 2233 5288 recundiam
2263 5230 2349 5287 vel
2378 5230 2660 5302 pudorem
2695 5228 3022 5285 naturalem
3054 5229 3322 5301 pertinet,
3354 5229 3415 5284 in
3438 5228 3547 5285 hac

1892 5321 2239 5378 necessitate
2268 5318 2919 5390 contemnebatur,quia
2937 5317 3047 5375 hoc
3072 5322 3260 5375 totum
3284 5317 3395 5375 sibi
3416 5335 3552 5374 ven-

1893 5411 2186 5467 dicaverat
2215 5411 2418 5467 fames.
2469 5407 2730 5480 Denique
2761 5411 2819 5464 et
2846 5406 3124 5465 mulieres
3171 5408 3242 5463 de
3292 5406 3551 5463 virorum

1897 5501 2194 5570 manibus,
2228 5504 2284 5556 et
2314 5498 2417 5555 ﬁlii
2453 5498 2523 5553 de
2552 5501 2885 5571 parentum,
2929 5500 2987 5552 et
3033 5496 3211 5570 (quod
3262 5494 3553 5551 infelicius

1896 5592 2005 5653 est)
2023 5594 2242 5649 matres
2266 5607 2298 5646 a
2320 5587 2591 5648 faucibus
2614 5585 2872 5645 ﬁliorum
2894 5601 3138 5646 suorum
3164 5583 3326 5644 cibos
3349 5583 3554 5644 abstra
