4050 6174
463 365 581 424 655

1026 364 1435 426 HAYMONIS
1482 314 2021 424 HALBERSTAT.
2070 306 2317 423 arise.
2363 320 2533 424 ore.
2584 324 2780 425 ritas
2826 363 3008 423 II.—
3039 361 3307 424 HOMIL.

3703 338 3798 445 636

461 498 699 553 hebant.
732 496 902 551 Nulla
931 498 1171 552 senibus
1204 516 1306 570 pro
1339 496 1546 552 canitie
1579 495 1911 551 reverentia‘
1950 495 2108 550 nulla
2139 497 2191 560 Α
2224 494 2426 559 lentes,
2462 496 2615 566 quod
2652 495 2874 550 misera:
2898 495 3067 550 matri
3100 512 3169 551 ex
3197 493 3458 553 omnibus
3480 498 3802 560 facultatibus

460 586 719 660 parvulis
750 603 855 658 pro
892 586 1222 643 innocentia
1271 586 1565 642 miseratio
1614 586 1974 651 servabatur,
2009 585 2110 642 sed

458 675 918 733 verberabantur
944 692 1134 742 senes,
1167 675 1215 730 si
1242 676 1440 730 cibum
1460 674 1749 730 occultare
1770 673 2107 731 voluissent.

461 766 695 836 Sparsis
725 764 899 821 etiam
926 763 1186 823 crinibus
1228 763 1503 820 mulieres
1536 781 1636 836 per
1666 763 1884 835 plateas
1917 763 2108 820 trahe-

460 855 700 921 bantur,
720 853 917 910 cibum
949 852 1138 908 celare
1156 856 1466 908 tentantes.
1488 853 1767 909 Jacebant
1790 857 1984 908 autem
2008 868 2110 923 per

459 941 682 1014 plateas
701 943 988 1013 juvenem
1017 957 1278 1014 corpora,
1331 942 1518 1014 magis
1551 942 1702 997 fame
1733 958 1910 1013 quam
1942 946 2109 997 aetate

459 1034 825 1103 consumpta.
850 1029 1104 1102 Sepelire
1126 1034 1323 1086 autem
1342 1035 1702 1086 mortuorum
1723 1048 1987 1102 corpora,
2004 1048 2107 1087 nec

458 1118 833 1175 morientium
879 1119 1214 1186 multitudo,
1250 1136 1352 1174 nec
1402 1119 1613 1174 virium
1660 1118 1931 1174 debilitas
1978 1136 2105 1191 per-

456 1207 742 1263 mittebat.
777 1208 942 1263 Multi
974 1208 1154 1275 enim,
1178 1209 1319 1263 dum
1343 1208 1650 1263 charorum
1678 1224 1919 1280 corpora
1942 1224 2104 1280 sepe-

454 1297 559 1351 lire
578 1296 810 1364 vellent,
833 1296 1076 1368 spiritus
1099 1298 1461 1352 emittebant.
1490 1297 1754 1368 Cumque
1778 1297 1921 1352 fetor
1952 1297 2106 1353 into-

453 1385 713 1441 lerabilis
734 1387 804 1441 de
827 1391 1191 1442 mortuorum
1216 1387 1593 1442 cadaveribus
1614 1386 1671 1441 in
1695 1385 1925 1441 civitate
1951 1403 2104 1441 cres-

454 1491 583 1531 cere
604 1476 897 1548 cmpisset,
915 1481 1076 1531 extra
1102 1493 1301 1531 muros
1325 1477 1524 1532 eadem
1549 1475 1854 1547 ejicebant.
1879 1477 2103 1531 Etcum

452 1563 707 1633 quadam
737 1563 830 1618 die
861 1563 1048 1631 Titus,
1074 1581 1249 1636 quem
1280 1569 1445 1635 pater
1473 1565 1717 1619 Romam
1749 1580 2014 1619 reversus
2044 1564 2103 1619 in

452 1652 756 1708 obsidione
776 1652 1306 1724 Hierosolymorum
1332 1651 1804 1724 reliquerat,eum
1820 1653 2106 1709 militibus

452 1741 660 1796 urbem
690 1740 979 1808 circuiret,
1016 1741 1218 1796 videns
1251 1742 1531 1796 cadavera
1563 1746 1924 1797 mortuorum
1958 1759 2104 1815 pene

2220 584 2329 641 hoc
2359 583 3153 656 selummodoreliquissent,
3199 588 3570 657 perpetratum
3614 589 3803 663 facinus

2219 673 2634 755 nuntiaverunt
2681 673 2832 729 urbi.
2885 673 3095 729 Factus
3125 676 3214 735 est
3252 673 3460 730 clamor
3512 681 3805 749 magnusin

2217 762 2447 819 civitate
2483 761 2807 819 dolentium
2865 766 3043 834 atque
3099 761 3441 835 lugentium,
3498 764 3654 835 et,in
3703 766 3804 840 ipso

2218 853 2469 908 clamore
2500 853 2718 926 apertis
2765 852 2974 925 portis,
3030 851 3329 923 ingressus
3365 856 3453 909 est
3497 852 3647 909 Titus
3695 872 3805 912 cum

2218 941 2483 999 Romano
2539 941 2813 1009 exercitu,
2871 940 3022 997 alios
3075 938 3268 1012 gladio
3330 939 3642 1012 trucidavit,
3690 942 3809 1000 alios

2218 1029 2354 1102 igne
2405 1030 2750 1099 combussit,
2803 1031 3051 1103 juvenes
3080 1044 3311 1102 quoque
3352 1028 3427 1098 in.
3469 1028 3807 1103 captivitatem

2216 1118 2549 1175 destinavit.
2604 1120 2795 1190 Ipsam
2844 1135 2978 1174 vero
3030 1118 3237 1183 urbem
3268 1134 3303 1172 a
3350 1117 3716 1181 fundamentis
3749 1120 3813 1175 ita

2217 1208 2522 1276 destruxit,
2582 1212 2647 1262 ut
2695 1209 2867 1280 juxta
2922 1206 3155 1263 Domini
3212 1223 3429 1272 vocem,
3501 1225 3606 1263 non
3670 1207 3810 1277 relin-

2217 1302 2494 1368 queretur
2554 1296 2611 1351 in
2669 1313 2737 1352 ea
2791 1295 2942 1368 lapis
2998 1313 3176 1368 super
3243 1294 3514 1367 lapidem.
3570 1296 3629 1353 In
3677 1298 3815 1369 cujus

2215 1386 2610 1443 destructione
2633 1386 2937 1457 impletum
2961 1390 3051 1441 est
3071 1385 3224 1457 quod
3251 1384 3531 1447 Dominus
3550 1384 3673 1441 olim
3697 1386 3814 1458 ﬁgu-

2216 1481 2338 1531 rate
2359 1492 2460 1548 per
2490 1474 2843 1531 Ezechielem
2879 1473 3218 1547 prophetam
3241 1473 3815 1546 praedixerat,diccns:

2215 1588 2243 1614 «
2277 1566 2345 1621 Et
2374 1570 2458 1631 tu,
2494 1563 2571 1618 fili
2597 1563 2872 1631 hominis,
2898 1580 3063 1619 sume
3086 1563 3191 1618 tibi
3221 1561 3481 1636 gladium
3504 1567 3818 1630 acutum,ra-

2214 1654 2446 1709 dentem
2470 1652 2641 1725 pilos,
2659 1657 2716 1707 et
2737 1654 2914 1709 duces
2944 1669 3078 1708 eum
3110 1668 3213 1724 per
3243 1656 3421 1724 caput
3448 1656 3608 1708 tuum
3636 1656 3691 1707 et
3713 1652 3819 1709 bar-

2213 1742 2372 1810 bam,
2403 1747 2459 1799 et
2488 1742 2720 1797 tertiam
2754 1745 2978 1814 partem
3013 1740 3131 1813 igni
3163 1740 3498 1809 comburas,
3532 1746 3586 1796 et
3628 1741 3821 1796 tertiam

451 1846 621 1884 muro
652 1828 902 1884 civitatis
922 1828 1159 1900 aequari,
1192 1846 1327 1885 cum
1360 1829 1577 1902 ingenti
1613 1830 1829 1902 gemitu
1863 1830 2100 1887 elevatis
2136 1864 2178 1928 Β
2215 1836 2438 1903 partem
2468 1830 2663 1903 gladio
2720 1829 3011 1897 concides,
3072 1830 3309 1889 tertiam
3366 1845 3499 1887 vero
3548 1833 3749 1901 partem
3774 1829 3823 1885 in

453 1916 638 1971 oculis
670 1917 727 1970 in
759 1916 990 1983 ccelum,
1024 1922 1204 1973 Deum
1236 1918 1465 1974 invocat
1494 1922 1723 1986 testem,
1771 1919 1878 1975 hoc
1927 1938 2101 1976 suum

452 2022 599 2076 opus
630 2022 745 2061 non
777 2021 925 2062 esse.
977 2006 1418 2079 Conversusque
1463 2007 1751 2063 militibus
1782 2008 1898 2064 ait:
1930 2008 2103 2064 Arbi-

452 2097 594 2160 tror,
619 2093 760 2165 quia
785 2094 833 2149 si
864 2095 936 2159 ab
968 2095 1076 2150 hac
1107 2094 1439 2167 pestilentia
1470 2095 1631 2151 urbis
1662 2095 1969 2167 paululum
1999 2098 2105 2153 Ro-

453 2198 663 2239 manus
696 2184 1032 2240 recessisset
1060 2184 1474 2255 exercitus,aut
1498 2185 1667 2256 aquis
1698 2185 1900 2241 diluvii
1934 2203 2101 2242 neca-

451 2278 671 2338 rentur,
704 2278 807 2328 aut
836 2273 1234 2329 Sodomitanis
1266 2272 1506 2346 ignibus
1551 2279 1968 2343 cremarentur,
2002 2279 2104 2330 aut

449 2366 605 2417 certe
630 2361 791 2417 hiatu
817 2367 977 2417 terra:
1010 2363 1478 2418 absorberentur.
1496 2362 1563 2416 Et
1583 2378 1717 2418 cum
1749 2363 1809 2417 in
1839 2363 2100 2434 proximo

449 2467 789 2507 recessurus
810 2451 1199 2517 esset,iterum
1213 2452 1489 2507 adversus
1503 2450 1793 2508 civitatem
1815 2452 2102 2509 confortat

449 2539 684 2609 milites,
718 2539 1013 2596 custodias
1045 2540 1253 2609 munit,
1288 2543 1480 2596 armat
1502 2540 1903 2609 exercitum,et
1924 2558 2100 2614 super

449 2628 570 2685 haec
604 2629 803 2685 omnia
834 2629 989 2685 mala
1016 2630 1318 2701 praedones
1346 2646 1414 2684 ex
1445 2629 1588 2701 ipsis
1619 2630 1759 2686 viris
1790 2647 2094 2686 consurre-

447 2723 669 2786 xerunt,
703 2719 803 2791 qui
835 2719 908 2774 ab
936 2718 1081 2790 ipsis
1119 2719 1404 2786 faucibus,
1434 2723 1498 2773 ut
1527 2719 1606 2774 ita
1636 2719 1902 2787 dixerim,
1934 2721 2095 2777 cibos

445 2808 771 2879 rapiebant.
808 2808 879 2863 Et
908 2807 956 2864 si
986 2807 1322 2879 cujuspiam
1353 2810 1505 2864 fores
1530 2807 1762 2864 clausas
1789 2807 2091 2877 vidissent,

444 2896 728 2953 indicium
757 2914 885 2952 esse
915 2897 1247 2965 credebant,
1273 2896 1428 2968 quod
1461 2895 1621 2951 intus
1644 2896 1816 2967 positi
1836 2897 2090 2953 ederent:

445 2990 503 3040 et
534 2989 768 3057 repente
797 2984 1106 3041 confractis
1156 2986 1378 3041 foribus
1411 2984 1753 3051 insilientes,
1803 2986 2094 3058 quidquid

446 3074 703 3131 invenire
745 3078 1029 3146 poterant,
1063 3076 1388 3146 rapiebant.
1423 3073 1534 3130 Sed
1564 3073 1707 3145 quia
1733 3073 1974 3147 longum
2007 3079 2096 3142 est

446 3179 788 3221 enumerare
810 3164 1011 3223 omnia
1042 3163 1213 3231 mala,
1244 3178 1372 3235 quae
1417 3161 1635 3218 Judaeis
1665 3179 1767 3234 pro
1812 3164 2093 3220 eﬂ‘usione

2209 1924 2446 1975 ventum
2470 1919 2855 1993 disperges,et
2874 1918 3193 1990 evaginabo
3210 1917 3477 1991 gladium
3509 1935 3692 1974 meum
3720 1922 3827 1990 post

2210 2026 2308 2065 eos
2334 2008 2548 2075 (Exerit.
2578 2008 2655 2079 v).
2693 2032 2720 2057 ››
2753 2007 3075 2063 Concordat
3127 2010 3329 2063 autem
3370 2006 3550 2079 hujus
3589 2006 3824 2063 historio-

2209 2096 2416 2170 graphi
2462 2096 2774 2169 descriptio
2821 2113 2957 2152 cum
3001 2095 3192 2153 verbis
3228 2090 3568 2164 Salvatoris,
3600 2096 3827 2168 quicum

2210 2185 2425 2241 mmnia
2472 2185 2722 2241 civitatis
2770 2185 3034 2255 vidisset,
3091 2185 3212 2240 ait:
3248 2184 3399 2241 Cum
3428 2183 3827 2241 videritis‘civi-

2208 2277 2386 2328 tatem
2410 2273 2654 2346 hancjab
2676 2273 2929 2329 exercitu
2952 2273 3330 2340 circumdari,
3356 2273 3566 2333 scitote
3580 2272 3709 2345 quia
3723 2288 3831 2344 pro-

2209 2378 2279 2433 pe
2309 2366 2399 2417 est
2426 2361 2705 2418 desolatio
2735 2363 2882 2433 ejus.
2912 2384 2940 2412 «
2969 2363 3131 2417 'I‘unc
3151 2361 3252 2434 qui
3278 2362 3340 2418 in
3361 2361 3565 2418 Judaaa
3587 2365 3731 2427 sunt,
3759 2359 3829 2414 fu-

2208 2451 2370 2522 giant
2391 2449 2449 2505 in
2472 2455 2719 2515 montes.
2743 2451 2838 2505 Vae
2859 2453 3054 2505 autem
3077 2450 3526 2523 praegnantibus
3541 2453 3598 2507 et
3616 2448 3835 2505 nutrien-

2207 2540 2368 2595 tibus
2391 2540 2449 2595 in
2484 2538 2604 2596 illis
2641 2539 2849 2595 diebus
2877 2543 3031 2610 (Luc.
3063 2541 3199 2611 xxi).
3239 2563 3268 2589 »ι
3302 2541 3379 2595 Et
3428 2539 3565 2595 alibi
3595 2538 3830 2611 legimus,

2207 2629 2346 2701 quia
2370 2646 2504 2685 cum
2526 2628 2795 2701 discipuli
2819 2628 3214 2685 ostendissent
3242 2629 3295 2686 ei
3316 2628 3567 2697 adiﬁcia
3598 2624 3833 2693 civitatis,

2205 2719 2353 2774 dixit
2378 2737 2391 2774 :
2423 2718 2647 2775 Videtis
2677 2718 2797 2774 haec
2828 2716 3064 2781 omnia?
3099 2718 3298 2787 Amen
3321 2718 3458 2785 dico
3486 2716 3666 2787 vobis,
3693 2740 3719 2766 «
3740 2730 3832 2770 non

2206 2806 2567 2879 relinquetur
2595 2805 2744 2879 lapis
2765 2823 2941 2879 super
2961 2805 3238 2879 lapidem,
3266 2805 3372 2879 qui
3397 2824 3517 2877 non
3536 2806 3835 2863 destruatur

2204 2900 2405 2965 (Marc.
2433 2896 2578 2967 xm).
2606 2919 2633 2945 »
2664 2896 2745 2950 Ex
2776 2912 2894 2967 qua
2924 2898 3120 2960 autem
3154 2911 3341 2952 causa
3370 2896 3547 2952 ruina
3585 2891 3835 2966 praedicta

2204 2984 2421 3041 civitati
2441 2984 2768 3058 contigerit,
2791 2984 3076 3041 Dominus
3096 2984 3465 3053 manifestat,
3497 3000 3631 3041 eum
3656 2981 3835 3052 adjun-

2203 3074 2322 3148 git:
2359 3099 2385 3124 ‹‹
2420 3075 2499 3130 Eo
2528 3074 2684 3146 quod
2725 3090 2841 3130 non
2871 3073 3207 3146 cognoveris
3241 3066 3490 3146 tempus
3520 3067 3838 3128 visitationis

2205 3187 2232 3213 «
2267 3169 2399 3219 tum.
2418 3186 2445 3213 »
2468 3163 2628 3225 Hanc
2645 3161 2860 3236 quippe
2873 3162 3157 3219 Dominus
3176 3178 3284 3233 per
3301 3158 3722 3219 incarnationis
3739 3171 3835 3212 sua!

444 3251 735 3309 Dominici
765 3252 1071 3325 sanguinis
1090 3233 1481 3323 contigerunt,
1516 3233 1766 3322 qualiter
1786 3252 1989 3307 eadem
2019 3253 2093 3308 ci-
2123 3233 2164 3297 (ἶ
2203 3251 2548 3324 mysterium
2577 3233 2853 3319 visitavit,
2889 3250 3123 3323 quando
3140 3249 3418 3307 excelsus
3451 3251 3607 3306 Deus
3628 3244 3841 3305 humilis

440 3340 589 3397 vitas
608 3347 793 3414 capta
822 3341 917 3407 sit,
951 3340 1200 3397 breviter
1228 3340 1807 3396 commemorandum
1845 3340 2090 3397 videtur.

439 3429 578 3484 Erat
607 3430 773 3485 enim
795 3430 1063 3501 quaedam
1095 3428 1308 3484 mulier
1336 3428 1519 3483 Maria
1548 3428 1804 3495 nomine,
1838 3427 2092 3485 Eleazari

438 3515 579 3586 ﬁlia,
613 3516 829 3572 nobilis
857 3528 1085 3589 genere,
1140 3515 1518 3572 facultatibus
1559 3515 1739 3583 dives,
1774 3516 1895 3572 haec
1951 3535 2087 3575 cum

437 3608 641 3660 caetera
697 3604 1073 3661 multitudine
1133 3606 1203 3660 ad
1236 3604 1390 3661 diem
1452 3605 1668 3661 festum
1700 3611 2082 3665 convenerat:

433 3709 687 3765 cumque
715 3693 997 3749 diuturna
1016 3693 1317 3749 obsidione
1337 3693 1535 3749 omnia
1556 3711 1682 3765 quae
1704 3710 1905 3750 secum
1926 3696 2086 3752 detu-

429 3779 577 3836 lerat
605 3782 1089 3855 consumpsisset,
1126 3787 1183 3838 et
1203 3783 1331 3853 jam
1362 3782 1607 3839 delicata
1639 3783 1858 3840 viscera
1898 3785 2081 3842 fames

426 3874 741 3941 torqueret,
775 3876 976 3927 contra
1004 3872 1195 3944 ipsam
1226 3871 1421 3943 agitur
1448 3876 1741 3928 naturam.
1768 3873 1902 3929 Erat
1920 3874 2078 3931 enim

426 3959 539 4014 sub
564 3959 843 4017 uberibus
865 3960 1140 4033 parvulus
1171 3960 1348 4029 filius,
1381 3960 1536 4017 hunc
1556 3966 1689 4018 ante
1710 3962 1909 4019 oculos
1939 3980 2077 4021 suos

424 4047 805 4118 constituens,
865 4050 979 4105 ait:
1014 4049 1418 4107 Infelicissime
1473 4055 1677 4118 mater,
1709 4069 1741 4107 ο
1790 4052 2080 4110 infelicior

426 4135 528 4204 fili,
562 4136 621 4191 in
658 4137 827 4205 bello,
861 4139 1014 4193 fame
1043 4143 1099 4194 et
1129 4138 1454 4211 direptione
1483 4140 1845 4211 praedonum,
1897 4142 1989 4198 cui
2020 4148 2074 4198 te

424 4226 773 4282 reservabo?
802 4225 947 4282 Nam
980 4232 1037 4282 et
1065 4227 1113 4282 si
1145 4227 1260 4282 vita
1288 4229 1509 4299 sperari
1556 4232 1772 4299 posset,
1809 4230 1955 4302 jugo
1988 4234 2072 4286 ιθ.

422 4329 556 4369 men
587 4315 861 4370 Romanis
894 4316 1194 4373 servitutis
1234 4332 1529 4388 urgemur.
1564 4316 1707 4371 Veni
1735 4334 1895 4390 ergo,
1927 4335 1960 4372 ο
1993 4318 2070 4373 mi

421 4407 703 4470 nate,esto
726 4405 1014 4460 matribus
1037 4405 1232 4461 seaculi
1254 4405 1471 4472 fabula,
1496 4405 1866 4476 praedonibus
1888 4407 2065 4464 furor.

420 4490 486 4544 Et
515 4491 635 4546 haec
664 4492 884 4561 dicens,
919 4494 1105 4550 tilium
1128 4494 1385 4566 jugulat,
1420 4498 1646 4566 partem
1679 4495 1813 4568 igne
1842 4501 2067 4553 torrens

2200 3339 2376 3395 homo
2408 3341 2562 3395 inter
2579 3340 2850 3395 homines
2881 3355 3188 3412 apparens,
3225 3339 3427 3397 multa
3458 3340 3628 3411 signa
3654 3339 3707 3392 et
3746 3332 3837 3389 mi-

2200 3427 2399 3483 racula
2428 3428 2702 3485 ostendit.
2736 3429 2918 3493 Quam
2944 3416 3350 3483 visitationem
3378 3428 3626 3501 optabat
3652 3425 3840 3485 videre,

2197 3516 2298 3589 qui
2332 3516 2562 3573 dicebat
2590 3535 2651 3572 ;‹‹
2676 3517 2966 3572 Memento
2989 3515 3194 3583 nostri,
3218 3516 3569 3583 Domine,in
3596 3508 3840 3585 benepla-

2195 3605 2309 3662 cito
2341 3604 2540 3679 populi
2570 3605 2679 3673 tui,
2702 3605 2872 3662 visita
2892 3622 2998 3661 nos
3024 3605 3083 3659 in
3103 3604 3357 3662 salutari
3380 3612 3488 3662 tuo
3509 3604 3682 3675 (Paul.
3704 3600 3802 3673 ev).
3820 3622 3842 3647 ››

2193 3694 2353 3751 Hanc
2394 3695 2571 3751 etiam
2615 3694 2674 3750 in
2705 3694 2967 3766 proximo
3011 3701 3420 3767 prospexerat,
3486 3694 3588 3767 qui
3647 3689 3840 3747 aiebat:

2191 3806 2219 3832 «
2256 3784 2603 3841 Benedictus
2628 3783 2919 3849 Dominus
2944 3783 3101 3841 Deus
3130 3783 3336 3851 Israel,
3372 3783 3525 3857 quia
3539 3776 3785 3838 visitavit
3798 3778 3845 3833 et

2189 3872 2329 3933 fecit
2353 3872 2814 3945 redemptionem
2863 3871 3052 3945 plebis
3082 3889 3201 3928 sua:
3234 3876 3402 3941 (Luc.
3440 3871 3657 3943 vam).
3695 3892 3719 3915 υ
3746 3863 3838 3922 Sed

2185 3966 2418 4034 tempus
2436 3960 2788 4017 visitationis
2817 3978 2936 4017 suis
2966 3961 3222 4034 superba
3249 3962 3475 4019 civitas
3508 3977 3629 4018 non
3654 3969 3840 4029 cogno-

2182 4049 2430 4122 vit,quia
2449 4066 2626 4122 quem
2655 4047 2956 4105 hominem
2981 4049 3147 4115 vidit,
3170 4049 3370 4107 Deum
3394 4051 3640 4107 credere
3662 4046 3840 4117 despe-

2182 4137 2283 4193 xit.
2311 4139 2396 4194 Ad
2419 4139 2590 4212 cujus
2611 4137 2885 4194 duritiam
2906 4136 3344 4210 incredulitatis
3368 4134 3842 4199 convincendam,

2180 4227 2356 4283 etiam
2375 4244 2508 4283 aves
2523 4227 2646 4282 οωιί
2666 4226 2724 4281 in
2750 4225 3156 4283 tcsttmonium
3178 4226 3736 4299 deducuntur,c_um
3759 4234 3844 4292 per

2181 4315 2528 4388 Prophetam
2560 4314 2805 4370 dicitur:
2841 4338 2869 4364 «
2905 4314 3118 4370 Milvus
3145 4313 3206 4370 in
3229 4314 3387 4371 coelo
3423 4312 3841 4391 cognovittem-

2176 4421 2287 4476 pus
2317 4421 2515 4472 suum,
2538 4407 2731 4459 turtur
2749 4408 2807 4459 et
2826 4403 3078 4459 hirundo
3100 4407 3157 4459 et
3177 4403 3420 4461 ciconia
3441 4399 3845 4475 custodierunt

2174 4496 2408 4565 tempus
2438 4493 2719 4549 adventus
2750 4492 2862 4561 sui,
2893 4492 3146 4565 populus
3178 4497 3391 4549 autem
3419 4509 3598 4548 meus
3629 4505 3739 4545 non
3767 4500 3843 4541 co-

417 4581 688 4648 comedi't,
712 4586 764 4637 et
796 4589 1022 4655 partem
1054 4584 1114 4638 in
1136 4588 1435 4655 posterum
1468 4585 2066 4658 reservavit.Cumque
2094 4601 2141 4665 D
2173 4582 2372 4655 gnovit
2419 4581 2712 4654 judicium
2769 4580 3001 4636 Domini
3059 4583 3188 4653 (Jer.
3219 4586 3379 4651 vni).
3418 4605 3448 4632 »ι
3498 4584 3573 4639 Et
3608 4580 3843 4635 iterum:

415 4670 487 4725 ob
519 4671 751 4728 odorem
785 4673 853 4727 ad
867 4677 1005 4728 usus
1036 4673 1230 4728 carnis
1259 4673 1563 4745 praadones
1583 4690 1651 4729 ex
1673 4690 1833 4730 more
1862 4674 2064 4731 affuis-

413 4763 560 4827 sent,
593 4765 842 4816 mortem
874 4762 1085 4818 minari
1117 4767 1436 4834 cmperunt,
1488 4761 1602 4818 nisi
1643 4778 1789 4833 quos
1820 4765 2065 4820 abscon-

412 4848 595 4915 derat,
646 4851 976 4906 ostenderet
1005 4852 1185 4907 cibos.
1218 4854 1291 4907 At
1320 4851 1423 4907 illa
1452 4850 1776 4908 truculento
1804 4852 1968 4909 vultu
1998 4871 2064 4909 ex

411 4935 555 5005 ipsis
582 4938 955 5006 praedonibus
977 4936 1473 5014 tristior,partem,
1492 4940 1878 5012 ait,optimam
1898 4942 2062 4999 vobis

411 5026 715 5080 reservavi.
746 5026 814 5081 Et
845 5028 965 5083 haec
997 5030 1217 5097 dicens,
1266 5030 1529 5085 membra
1559 5047 1685 5101 quae
1718 5034 2061 5100 supererant

408 5112 624 5169 detexit
652 5114 914 5171 infantis.
946 5118 1209 5187 Cumque
1242 5118 1541 5188 praedones
1570 5117 1881 5189 stupefacti
1929 5121 2057 5174 tan-

405 5205 530 5257 tum
563 5203 792 5260 facinus
839 5204 1302 5275 pertimuissent,
1337 5205 1417 5261 ait
1449 5223 1460 5262 :
1491 5210 1650 5261 Meus
1693 5210 1785 5262 est
1830 5211 2054 5278 partus,

404 5307 569 5346 meus
601 5292 965 5357 ﬁlius,meus
986 5297 1076 5347 est
1097 5295 1262 5349 cibus
1286 5300 1343 5350 et
1358 5294 1605 5358 facinus,
1634 5310 1864 5351 mecum
1878 5296 2051 5352 edite.

400 5379 545 5434 Nam
579 5396 684 5452 ego
714 5380 873 5451 prior
902 5382 1146 5447 comedi,
1180 5400 1307 5453 quae
1343 5384 1557 5455 genui..
1580 5382 1764 5438 Nolite
1793 5401 1922 5439 esse
1953 5389 2054 5443 aut

398 5473 585 5529 matre
617 5467 1031 5539 religiosiores,
1070 5477 1171 5526 aut
1202 5472 1417 5527 femina
1458 5470 1769 5528 molliores.
1803 5473 1966 5536 Quod
1998 5474 2049 5529 si

393 5573 496 5615 vos
522 5557 710 5628 pietas
737 5557 937 5626 vincit,
967 5561 1349 5617 exsecramini
1373 5577 1537 5619 meos
1557 5561 1739 5617 cibos.
1773 5566 1888 5634 Ego
1917 5578 2045 5634 quae

391 5644 613 5704 talibus
643 5651 810 5720 pasta
836 5663 990 5719 sum,
1010 5665 1115 5725 ego
1135 5649 1229 5708 his
1250 5649 1463 5709 iterum
1489 5665 1714 5725 pascar.
1736 5650 1805 5708 At
1828 5649 1908 5708 illi
1941 5650 2043 5709 do-

2172 4694 2200 4720 u
2234 4670 2513 4744 Cognovit
2542 4670 2648 4728 bos
2677 4686 3075 4743 possessorem
3106 4687 3310 4742 suum,
3367 4675 3435 4727 et
3477 4670 3687 4727 asinus
3714 4679 3841 4737 prae-

2173 4776 2310 4833 sepe
2340 4758 2563 4816 domini
2585 4758 2697 4827 sui,
2722 4758 2901 4816 Israel
2930 4762 3126 4815 autem
3158 4774 3251 4817 me
3277 4776 3412 4815 non
3439 4756 3740 4833 cognovit,
3760 4767 3847 4826 p0-

2172 4848 2348 4921 pulus
2379 4865 2545 4905 meus
2570 4865 2663 4905 me
2685 4865 2801 4905 non
2824 4846 3108 4905 intellexit
3135 4850 3266 4917 (Isa.
3301 4849 3370 4918 ι).
3410 4870 3441 4899 υ
3479 4847 3603 4921 Nec
3632 4843 3842 4902 solum-

2171 4938 2343 4993 modo
2362 4954 2469 5009 per
2488 4937 2858 5009 praesentiam
2891 4954 3011 4993 suis
3038 4936 3651 4995 incarnationis'eam
3670 4930 3849 5009 visita.

2166 5027 2267 5094 vit,
2300 5027 2402 5082 sed
2435 5030 2568 5098 post
2596 5042 2765 5081 suam
2797 5026 3200 5083 ascensionem
3219 5025 3427 5083 multa
3455 5026 3637 5100 signa
3655 5027 3713 5079 et
3731 5033 3845 5095 por-

2170 5120 2350 5184 tenta,
2373 5119 2654 5171 uteorum
2676 5131 2776 5171 cor
2794 5115 2866 5170 ad
2890 5114 3294 5188 paenitentiam
3320 5113 3847 5181 emolliret,osten-

2166 5204 2425 5260 dit.Nam
2448 5209 2514 5261 ut
2536 5204 2692 5261 idem
2711 5203 3220 5277 historiograpbus
3241 5204 3460 5273 refert,
3486 5219 3635 5260 cum
3658 5212 3844 5275 quam-

2163 5294 2299 5349 dam
2331 5293 2702 5350 festivitatem
2754 5292 3143 5363 celebrarent,
3184 5292 3396 5353 subito
3451 5286 3848 5351 commotione

2162 5383 2315 5439 facta
2345 5383 2403 5437 in
2435 5380 2648 5455 populo
2676 5381 3035 5449 Judteorum,
3067 5381 3315 5455 triginta
3345 5381 3558 5440 millia
3590 5397 3662 5437 ex
3685 5378 3768 5435 eis
3792 5388 3848 5430 se

2160 5476 2365 5528 mutuo
2386 5470 3003 5528 interfecerunt.Nocte
3022 5487 3155 5529 vero
3183 5469 3465 5543 quadam
3489 5485 3636 5526 sera
3652 5457 3847 5537 templi

2155 5561 2540 5632 Domini,qute
2562 5560 2655 5615 vix
2673 5577 2708 5616 a
2723 5559 2931 5632 viginti
2954 5559 3092 5616 viris
3113 5558 3347 5620 moveri
3368 5556 3847 5632 poterat,spont8

2151 5654 2410 5712 reserata
2438 5653 2544 5707 est.
2575 5647 2673 5706 Die
2704 5648 2962 5725 quadam
2976 5647 3171 5707 vitula
3210 5646 3549 5706 sacriﬁciis
3592 5644 3839 5715 admota,
