3908 6172
157 358 255 426 661

1305 372 1309 376 ’
1376 355 1729 421 HOMILLE
1773 355 1873 419 DE
1917 355 2318 422 TEM‘PORE.

3426 356 3547 422 66*2

153 492 390 552 exterius
422 509 527 568 per
546 491 953 567 pradicatores
972 487 1294 549 doctrinam
1322 490 1555 559 format,
1578 494 1631 546 et
1651 490 1793 547 inte-
1822 494 1871 563 Α
1906 495 2015 551 ctis
2046 494 2422 568 singulariter
2452 511 2514 551 se
2542 494 2757 551 habere
2785 491 3035 551 aestimat
3049 495 3201 567 quod
3219 493 3541 562 habet.0uo

148 585 263 641 rius
286 602 385 641 cor
414 583 699 639 auditoris
726 582 1003 640 illustrat.

702 688 1001 745 HOMILIA
1040 689 1275 746 CXXIII.

318 778 598 819 DOMINICA
637 776 967 818 DUODECIMA
1004 776 1144 817 POST
1182 777 1590 817 PENTECOSTEN.

168 857 173 860 ’
202 850 368 929 (Luc.
402 854 589 919 xvm.)
619 872 647 899 ‹‹
672 849 735 905 In
766 849 868 906 illo
887 853 1147 922 tempore
1171 850 1316 905 dixit
1330 849 1502 906 Jesus
1523 849 1594 904 ad
1613 865 1788 921 quos-

136 965 160 992 α
191 942 350 1007 dam,
375 939 478 1012 qui
499 939 560 994 in
575 956 638 995 se
653 939 1023 995 confidebant
1042 938 1502 1012 tanquamjusti,
1516 942 1574 994 et
1589 955 1784 1009 asper-

134 1054 161 1081 «α
198 1030 496 1086 nabantur
522 1032 775 1095 caeteros,
810 1027 1310 1101 parabolamhanc
1335 1046 1347 1083 :
1371 1028 1495 1083 Duo
1512 1028 1782 1083 homines

135 1143 160 1170 α
185 1119 580 1177 ascenderunt
606 1116 668 1172 in
698 1116 1005 1189 templum.
1043 1139 1071 1166 ››
1110 1118 1181 1172 Et
1212 1115 1451 1188 reliqua.
1488 1120 1551 1169 In
1576 1115 1780 1171 multis

130 1210 267 1267 locis
296 1225 468 1265 sacra
493 1207 814 1280 Scriptura,
867 1210 1156 1278 quantum
1209 1205 1397 1260 virtus
1427 1204 1779 1260 humilitatis

132 1298 466 1357 hominibus
497 1297 703 1369 prosit,
726 1299 1085 1369 quantumve
1111 1294 1354 1350 morbus
1372 1293 1657 1366 superbiae
1680 1308 1780 1347 no-

135 1393 270 1455 ceat,
297 1387 594 1454 ostendit;
628 1385 915 1457 praecipue
946 1388 1142 1439 tamen
1174 1383 1234 1438 in
1265 1383 1373 1438 hac
1396 1382 1776 1449 lectione,sub

134 1477 376 1532 duorum
406 1474 716 1532 hominum
748 1472 1010 1546 exemplo
1047 1472 1156 1528 hoc
1184 1472 1468 1528 Dominus
1497 1470 1771 1538 declarat,

135 1564 392 1639 pharisaei
416 1563 733 1630 scilicet,de
744 1562 870 1618 suis
891 1561 1119 1619 meritis
1149 1561 1401 1616 inaniter
1416 1577 1477 1615 se
1496 1558 1772 1615 extollen-

133 1654 236 1709 tis:
268 1659 324 1709 et
351 1652 653 1726 publicani
682 1668 791 1707 sua
820 1655 1058 1724 peccata
1086 1650 1388 1706 humiliter
1416 1650 1768 1705 confitentis.

134 1742 217 1797 Ait
242 1741 399 1797 enim
421 1741 605 1797 :«Dno
625 1740 894 1796 homines
915 1740 1302 1797 ascenderunt
1323 1740 1380 1794 in
1404 1738 1712 1811 templum.
1740 1762 1767 1788 »ι

136 1832 312 1904 Supra
332 1829 531 1886 retulit
550 1829 896 1902 Evangelica
911 1828 1362 1901 lectio,qualiter
1383 1828 1664 1883 Dominus
1696 1829 1765 1882 ad

134 1919 507 1976 constantiam
531 1919 733 1975 orandi
749 1917 1069 1990 discipulos
1080 1935 1220 1973 suos
1233 1917 1584 1983 hortaretur,
1605 1915 1767 1972 simi-

133 2008 423 2065 litudinem
444 2006 747 2081 proposuit
759 2008 830 2063 de
837 2006 1579 2079 judiceiniquitatis,quem
1596 2005 1767 2060 inter-

134 2096 372 2170 pellabat
399 2096 658 2170 quotidie
676 2097 943 2169 quaedam
969 2095 1166 2164 vidua,
1199 2095 1400 2150 dicens
1424 2111 1436 2148 :
1462 2118 1490 2143 ‹‹
1523 2094 1767 2149 Vindica

135 2203 216 2242 me
243 2186 312 2242 de
341 2186 672 2242 adversario
704 2189 916 2247 meo.et
947 2183 1181 2240 nolebat
1209 2200 1312 2255 per
1334 2183 1586 2237 multum
1619 2186 1765 2239 tem-

134 2276 571 2347 pus(Luc.xvm).
609 2297 636 2324 »
687 2274 822 2330 Post
868 2273 990 2329 haec
1043 2272 1186 2329 dicit
1228 2272 1382 2328 intra
1421 2289 1521 2328 se:
1556 2295 1583 2321 ‹‹
1617 2273 1687 2327 Et
1715 2272 1763 2327 si

134 2363 305 2420 Deum
332 2380 447 2419 non
496 2363 695 2429 timeo,
742 2378 849 2419 nec
901 2360 1201 2417 hominem
1251 2376 1533 2425 revereor,
1566 2364 1763 2416 tamen

134 2452 260 2524 quia
287 2450 536 2508 molesta
556 2456 646 2508 est
669 2450 811 2507 mihi
846 2450 967 2506 haec
994 2449 1547 2517 mulier,vindicabo
1576 2449 1761 2516 illam,

131 2557 193 2597 ne
217 2540 276 2597 in
305 2540 624 2597 novissimo
652 2539 890 2595 veniens
920 2538 1193 2612 suggillet
1222 2555 1315 2594 me
1345 2540 1492 2611 (Luc.
1524 2542 1704 2607 xvm).
1733 2562 1760 2589 ››

131 2629 190 2684 Et
214 2629 386 2686 tedio
399 2629 588 2685 victus
610 2627 876 2701 praestitit
895 2628 1049 2700 quod
1073 2627 1352 2683 beneficio
1364 2632 1639 2699 prastare
1664 2644 1762 2682 no-

130 2716 323 2775 luerat.
356 2719 466 2775 Sed
501 2718 657 2790 quod
689 2717 1007 2789 omnis,qui
1037 2717 1110 2772 ad
1133 2717 1497 2771 adorandum
1516 2717 1758 2780 accedit,

128 2822 232 2861 non
257 2806 447 2863 solum
479 2806 902 2863 humanitatem
928 2806 984 2861 in
1009 2805 1311 2871 corde,sed
1334 2805 1508 2859 etiam
1532 2821 1761 2871 servare

130 2895 288 2951 debet
315 2897 371 2951 in
395 2895 827 2968 corporeﬁnita
858 2893 1245 2950 similitudine
1275 2894 1503 2949 dicebat
1533 2893 1605 2948 ad
1636 2910 1758 2957 eos,

128 2982 216 3055 qui
246 2985 307 3040 in
337 3001 398 3041 se
425 2984 796 3040 confidebant
825 2987 1106 3055 tanquam
1133 2982 1281 3054 justi
1313 2986 1548 3038 essent:
1583 3004 1610 3032 ‹‹
1635 2982 1759 3038 Duo

125 3071 381 3130 homines
410 3074 800 3129 ascenderunt
827 3071 886 3127 in
918 3071 1226 3143 templum,
1253 3075 1317 3126 ut
1345 3075 1760 3137 orarent,unus

123 3159 452 3233 pharisaeus.
484 3166 541 3218 et
569 3160 713 3218 alter
732 3159 1471 3234 publicanusmPharisieus
1504 3177 1759 3232 namque

124 3248 334 3307 divisus
361 3250 793 3322 interpretatur,
819 3266 933 3321 quo
964 3248 1200 3305 nomine
1222 3248 1305 3304 illi
1336 3248 1393 3304 in
1416 3248 1752 3304 Judaeorum
1787 3238 1828 3303 C

124 3337 326 3409 pepulo
355 3338 763 3404 censebantur,
796 3338 895 3410 qui
930 3343 994 3394 ut
1014 3338 1298 3409 justiores
1329 3342 1695 3410 apparerent,
1729 3356 1763 3394 a

123 3427 335 3483 caeteris
366 3444 428 3483 se
456 3427 793 3483 dividebant
819 3428 1107 3500 quasdam
1137 3426 1570 3483 observationes
1591 3430 1647 3482 et
1667 3444 1761 3483 su-

123 3514 484 3585 perstitiones
533 3516 823 3583 docentes,
874 3531 1121 3589 quorum
1161 3515 1302 3571 vitia
1357 3515 1642 3572 Dominus
1700 3516 1759 3571 in

121 3600 422 3676 Evangelio
452 3621 569 3660 non
597 3603 786 3660 solum
816 3605 1054 3677 detegit,
1087 3605 1187 3660 sed
1219 3603 1391 3660 etiam
1428 3605 1762 3677 frequenter

123 3688 392 3767 increpat,
426 3693 663 3749 dicens:
697 3717 723 3742 ‹‹
756 3693 851 3748 Vae
894 3680 1079 3758 vobis,
1129 3694 1342 3749 Scriba
1400 3697 1458 3749 et
1485 3693 1757 3749 Pharisaei

125 3778 554 3853 hypocritz,qui
584 3780 807 3845 similes
835 3781 978 3837 estis
1012 3780 1298 3853 sepulcris
1319 3781 1758 3853 dealbatis,quae

127 3867 318 3924 aforis
347 3873 555 3941 parent
606 3869 842 3942 quidem
896 3868 1238 3925 hominibus
1285 3870 1566 3941 speciosa,
1599 3869 1760 3925 intus

127 3961 306 4012 autem
337 3957 508 4031 plena
535 3962 674 4015 sunt
693 3958 930 4015 ossibus
949 3963 1311 4014 mortuorum
1337 3964 1394 4013 et
1416 3950 1572 4013 omni
1596 3976 1761 4030 spur-

128 4042 267 4099 citia.
299 4050 387 4101 Ita
412 4050 471 4102 et
497 4062 598 4102 vos
628 4047 867 4119 quidem
907 4064 941 4102 a
973 4046 1111 4103 foris
1160 4047 1455 4119 apparetis
1504 4048 1757 4102 homini-

127 4129 227 4186 bus
246 4134 416 4206 justi,
448 4135 611 4191 intus
640 4139 836 4191 autem
868 4134 1021 4208 pleni
1054 4135 1198 4192 estis
1227 4136 1537 4207 iniquitate
1565 4139 1623 4191 et
1653 4136 1760 4209 hy-

129 4222 324 4288 pocrisi
353 4222 565 4293 (Matth.
597 4226 777 4295 mu).
825 4247 851 4273 »
882 4225 950 4279 Et
990 4224 1239 4279 iterum:
1274 4247 1299 4272 ‹‹
1354 4230 1539 4296 Super
1563 4225 1757 4279 cathe-

132 4307 279 4366 dram
301 4310 481 4385 Moysi
504 4312 781 4368 sederunt
801 4312 1015 4370 Scriba:
1028 4317 1085 4369 et
1100 4312 1366 4369 Pharisaei
1378 4313 1606 4369 .Omnia
1621 4330 1757 4388 ergo

132 4410 472 4472 quaecunque
521 4400 774 4457 dixerint
819 4401 983 4457 vobis
1037 4403 1226 4469 facite,
1260 4404 1585 4459 secundum
1623 4420 1756 4459 vero

134 4499 289 4556 opera
315 4504 515 4545 eorum
549 4489 726 4546 nolite
756 4490 960 4547 facere.
994 4490 1207 4546 Dicunt
1236 4492 1414 4558 enim,
1445 4495 1502 4547 et
1532 4509 1644 4547 non
1680 4493 1759 4547 fa-

134 4572 297 4673 ciant.
327 4576 579 4673 Alligant
603 4582 803 4673 autem
828 4595 1005 4635 onera
1033 4580 1232 4652 gravia
1253 4584 1311 4673 et
1340 4580 1754 4653 importabilia.
1789 4609 1832 4673 η

134 4665 181 4714 et
204 4662 581 4737 imponuntin
603 4667 880 4723 humeros
897 4667 1417 4741 hominum,digito
1440 4674 1634 4724 autem
1650 4686 1756 4725 suo

144 4746 321 4810 nolunt
339 4771 406 4810 ea
435 4771 665 4812 movere
697 4756 902 4825 (Ibid.).
926 4778 954 4806 ι»
980 4757 1058 4811 Ex
1089 4774 1339 4829 quorum
1370 4775 1613 4814 numero
1633 4763 1759 4814 erat

151 4830 228 4893 iste
253 4842 599 4911 Pharisaeus,
630 4844 730 4916 qui
764 4862 899 4900 cum
931 4845 1295 4901 ascendisset
1317 4846 1374 4900 in
1397 4847 1757 4919 templumut

152 4934 318 4999 oraret,
349 4932 619 4989 dicebat:
655 4954 683 4982 ‹‹
715 4932 887 5000 Deus,
920 4933 1139 5005 gratias
1184 4950 1289 5006 ego
1337 4934 1443 4991 tibi
1475 4937 1613 5008 quia
1641 4954 1755 4993 non

151 5028 170 5052 α
192 5030 303 5073 sum
334 5020 486 5076 sicut
516 5021 705 5077 ceteri
734 5020 1757 5095 hominum,raptores,injusti,adul-

148 5105 298 5192 fieri,
330 5109 487 5165 velut
517 5110 693 5166 etiam
719 5111 814 5165 hic
843 5110 1251 5184 publicanus.»
1268 5112 1331 5168 In
1365 5130 1479 5185 quo
1504 5113 1626 5170 loco
1645 5115 1758 5172 col-

146 5178 287 5261 ligere
316 5216 656 5271 possumus,
691 5200 831 5272 quia
860 5204 1109 5272 quatuor
1153 5200 1342 5256 modis
1372 5207 1569 5259 tumor
1597 5222 1755 5261 arro-

142 5284 367 5355 gantium
402 5287 700 5344 dividitur.
734 5288 1096 5355 Primo,cum
1129 5306 1191 5344 se
1219 5290 1513 5346 existimat
1541 5292 1757 5349 habere

140 5353 301 5453 Ροωο,
332 5377 495 5448 quod
528 5394 639 5432 non
673 5377 870 5433 habet.
893 5353 1179 5444 Secundo,
1196 5395 1328 5434 cum
1354 5379 1461 5435 hoc
1482 5384 1634 5453 quod
1659 5383 1759 5438 ha-

139 5442 229 5538 _bGt,
259 5442 494 5538 pro-pris
524 5464 736 5521 virtute
783 5483 847 5522 se
894 5466 1105 5523 habere
1154 5442 1340 5538 putat.
1373 5442 1583 5537 Tertio,
1626 5488 1759 5528 cum

135 5529 225 5605 hoc
252 5529 403 5625 quod
438 5552 635 5620 habet,
668 5571 701 5609 a
744 5554 859 5610 Deo
918 5529 1171 5627 quidem.
1207 5572 1269 5611 se
1312 5529 1624 5629 accepisse,
1659 5562 1759 5616 sed

130 5635 365 5713 Propriis
394 5640 623 5699 meritis
653 5642 852 5698 credit.
886 5645 1117 5709 Quarto,
1143 5660 1274 5699 cum
1309 5647 1531 5701 mater-is
1559 5648 1760 5721 despc-

1901 588 2102 642 morbo
2125 586 2422 659 jactantiaz
2455 586 2563 641 iste
2598 586 2924 642 Pharisieus
2951 585 3272 650 laborabat,
3296 587 3395 657 qui
3429 605 3540 642 non

1897 675 2087 732 solum
2121 675 2434 749 publicano
2456 675 2758 731 humiliter
2778 676 2964 731 oranti
2994 693 3055 731 se
3072 676 3541 747 prazferebat,sed

1895 765 2071 820 etiam
2104 765 2328 821 caeteris
2376 764 2739 835 hominibus,
2776 765 3016 820 dicens:
3052 788 3079 813 «
3115 764 3289 832 Deus,
3323 765 3543 837 gratias

1893 871 2001 927 ago
2034 855 2163 923 tibi,
2195 856 2335 926 quia
2373 872 2489 910 non
2538 871 2668 911 sum
2704 855 2856 910 sicut
2902 854 3089 909 caeteri
3142 852 3473 910 hominum.
3512 875 3539 902 »

1891 943 2096 999 Adhuc
2122 944 2299 1000 etiam
2330 945 2518 1016 ipsam
2561 944 2775 1000 mentis
2818 942 3161 1015 jactantiam
3213 943 3543 998 Pharisazus

1889 1033 2082 1088 verbis
2113 1034 2319 1105 aperit,
2353 1050 2485 1088 cum
2519 1031 2860 1104 subjungit:

1964 1146 1991 1172 ‹‹
2023 1124 2231 1194 Jejuno
2262 1122 2351 1177 bis
2378 1122 2437 1177 in
2470 1121 2998 1188 sabbato,decimas
3025 1122 3098 1176 do
3128 1122 3393 1177 omnium
3410 1139 3537 1193 quae

1891 1233 1917 1260 «
1953 1212 2243 1283 possideo.
2282 1212 2473 1277 »Quod
2511 1212 2872 1282 aitquejuno
2902 1211 2993 1265 bis
3020 1211 3078 1265 in
3100 1210 3364 1277 sabbato,
3400 1232 3428 1258 »
3453 1209 3539 1265 in-

1888 1300 2270 1373 telligendum
2301 1306 2389 1356 est
2419 1301 2479 1355 in
2502 1300 3000 1356 hebdomada.Ubi
3023 1316 3224 1355 eorum
3257 1299 3534 1371 tepiditas

1888 1390 2276 1462 redarguitur,
2311 1390 2408 1462 qui
2441 1390 2616 1446 etiam
2641 1389 3235 1460 indictumjejunium
3266 1388 3324 1442 in
3349 1387 3537 1443 Eccle-

1886 1478 1971 1534 sia
2004 1479 2218 1534 violare
2250 1483 2634 1552 praesumunt.
2665 1480 2905 1534 Frustra
2948 1482 3141 1533 tamen
3174 1476 3431 1533 decimas
3460 1477 3530 1531 de

1885 1568 2161 1625 omnibus
2193 1587 2319 1641 quae
2352 1569 2685 1641 possidebat
2714 1569 2909 1633 dabat,
2942 1566 3039 1638 qui
3073 1571 3327 1621 mentem
3360 1582 3527 1635 suam

1882 1659 1941 1713 in
1974 1658 2356 1714 fundamento
2406 1657 2755 1713 humilitatis
2799 1674 2912 1711 non
2958 1655 3355 1711 collocaverat.
3397 1656 3532 1711 Erat

1884 1747 2039 1803 enim
2073 1748 2144 1801 de
2174 1746 2291 1801 illis
2321 1747 2391 1801 de
2422 1747 2639 1817 quibus
2684 1746 2968 1800 Dominus
3002 1744 3117 1800 ait:
3154 1768 3180 1795 ‹‹
3216 1746 3309 1799 Va:
3340 1745 3524 1814 vobis,

1882 1836 2093 1891 Scribze
2126 1840 2182 1891 et
2212 1834 2843 1908 Phariszcijhypocritaa,
2877 1834 2976 1905 qui
3028 1834 3334 1891 decimatis
3360 1853 3527 1891 men-

1880 1925 2043 1981 tham
2071 1930 2127 1980 et
2162 1925 2445 1980 anethum
2491 1929 2549 1979 et
2592 1923 2888 1996 cyminum
2942 1924 3148 1995 (Matth.
3183 1940 3360 1992 XXIII;
3395 1928 3523 1981 Luc.

1874 2017 1976 2081 xu),
2011 2036 2039 2064 ››
2066 2018 2124 2068 et
2154 2030 2327 2069 omne
2358 2013 2486 2069 olus
2516 2013 2667 2068 horti
2691 2031 2704 2077 ;
2725 2013 2948 2084 majora
2978 2017 3173 2067 autem
3206 2013 3351 2085 legis
3382 2032 3528 2085 prte-

1875 2102 2219 2169 termittitis,
2253 2101 2310 2156 id
2343 2107 2431 2157 est
2452 2101 2745 2172 judicium
2777 2107 2834 2156 et
2877 2101 3234 2180 aequitatem.
3267 2101 3529 2158 Sollicita

1876 2206 2012 2265 ergo
2025 2190 2931 2262 considerationc'przevidendum
2951 2194 3129 2257 est,ut
3147 2191 3527 2263 quotiescun-

1876 2296 1987 2352 que
2019 2281 2173 2336 bona
2203 2280 2456 2352 agimus,
2479 2279 2751 2334 virtutem
2803 2278 3157 2336 humilitatis
3204 2280 3263 2334 in
3317 2281 3524 2335 funda-

1875 2375 2070 2425 mento
2084 2385 2474 2441 ponamus,ne
2496 2368 2544 2423 si
2562 2368 2814 2424 exterius
2836 2367 3070 2424 inanem
3098 2368 3340 2439 gloriam
3367 2386 3524 2441 quae-

1874 2458 2081 2523 rimus,
2115 2458 2362 2514 interius
2395 2458 2662 2513 mercede
2692 2457 3006 2529 privemur.
3042 2457 3205 2512 Unde
3236 2458 3519 2523 Ezechiel,

1872 2563 2004 2601 cum
2037 2551 2290 2618 quatuor
2318 2545 2663 2602 animalium
2708 2563 2951 2618 corpora
2994 2546 3370 2613 describeret,
3400 2547 3519 2603 ait:

1872 2636 2051 2690 Erant
2079 2635 2271 2708 capita
2295 2633 2639 2690 animalium
2668 2634 2840 2705 plena
2870 2634 3053 2689 oculis
3092 2640 3225 2689 ante
3257 2641 3315 2689 et
3344 2641 3517 2691 retro.

1870 2724 2153 2787 Quoniam
2185 2728 2522 2779 sanctorum
2568 2723 2717 2778 actio
2767 2723 3027 2794 undique
3075 2721 3515 2793 circumspecta,

1870 2812 2131 2884 undique
2158 2813 2328 2868 debet
2353 2829 2479 2867 esse
2512 2812 2760 2867 munita.
2795 2813 2935 2866 Ecce
2979 2811 3137 2866 enim
3189 2810 3516 2867 Pharisaeus

1868 2901 1978 2955 iste
1993 2900 2066 2956 ad
2085 2901 2415 2956 referendas
2432 2901 2546 2955 Deo
2573 2899 2791 2973 gratias
2812 2903 3043 2971 apertos
3065 2898 3264 2955 oculos
3286 2899 3515 2965 habuit,

1869 2990 1967 3045 sed
2003 2990 2074 3045 ad
2106 2989 2459 3045 humilitatis
2508 2989 2835 3044 custodiam
2883 2988 3135 3055 clausos,
3170 3005 3302 3044 cum
3337 2988 3515 3045 dixit:

1869 3102 1896 3128 «
1933 3079 2107 3146 Deus,
2135 3079 2353 3152 gratias
2376 3095 2484 3151 ago
2512 3077 2635 3143 tibi,
2671 3078 2811 3149 quia
2837 3095 2950 3133 non
2986 3095 3117 3134 sum
3149 3076 3300 3133 sicut
3330 3077 3517 3133 caeteri

1867 3166 2195 3223 hominum.
2232 3168 2382 3223 »Nos
2413 3172 2606 3223 autem
2640 3167 2699 3223 in
2726 3184 2792 3222 eo
2824 3168 2979 3238 quod
3013 3168 3230 3222 bonum
3262 3167 3516 3239 agimus,

1868 3257 2067 3313 oculos
2092 3260 2323 3330 apertos
2350 3257 2658 3323 habemus,
2693 3257 2795 3311 sed
2839 3254 2889 3311 si
2915 3256 2985 3311 de
3014 3256 3164 3311 bono
3195 3273 3367 3328 opere
3397 3257 3520 3311 ina-

1872 3364 2003 3402 nem
2029 3346 2273 3419 gloriam
2307 3345 2646 3418 quaarimus,
2682 3346 2739 3399 in
2772 3362 2841 3400 ea
2869 3350 3032 3417 parte
3056 3344 3200 3400 nihil
3230 3345 3515 3417 videmus.

1870 3436 1935 3489 Et
1967 3436 2106 3506 quid
2142 3436 2398 3508 prodest,
2432 3435 2479 3490 si
2497 3438 2619 3489 tota
2641 3434 2842 3489 civitas
2867 3433 3093 3509 munita
3118 3433 3212 3500 sit,
3244 3438 3302 3488 et
3330 3433 3518 3489 muris

1868 3522 2129 3595 undique
2159 3523 2541 3585 circumdata,
2574 3528 2631 3578 et
2652 3541 2837 3577 unum
2871 3523 3127 3578 foramen
3158 3522 3218 3577 in
3250 3538 3317 3577 ea
3348 3521 3519 3578 relin-

1869 3615 2212 3683 quatur,per
2239 3612 2390 3683 quod
2414 3613 2486 3666 ab
2502 3611 2771 3666 hostibus
2793 3612 3058 3683 capiatur
3074 3610 3102 3665 ‘?
3130 3613 3242 3666 Aut
3259 3610 3398 3682 quid
3422 3627 3516 3666 va-

1868 3700 1968 3766 let,
1994 3701 2041 3755 si
2070 3701 2228 3756 navis
2256 3701 2311 3755 in
2337 3700 2529 3755 medio
2552 3699 2739 3772 pelagi
2770 3700 2981 3772 posita,
3001 3699 3181 3755 clavis
3210 3703 3265 3754 et
3296 3696 3517 3754 tabulis

1870 3789 2116 3845 firmiter
2145 3790 2372 3843 conﬁxa
2401 3788 2661 3856 fuerit,et
2688 3806 2930 3859 parvum
2966 3789 3227 3843 foramen
3254 3788 3311 3843 in
3343 3805 3411 3844 ea
3432 3804 3518 3843 re~

1868 3882 2123 3944 maneat,
2156 3894 2258 3949 per
2289 3879 2440 3948 quod
2475 3896 2637 3949 aquae
2687 3877 3110 3949 ingrediantur,
3143 3880 3201 3932 et
3231 3876 3392 3931 navis
3423 3876 3517 3931 de-

1869 3970 2167 4038 mergatur
2187 3966 2213 4018 ?
2242 3966 2416 4020 Nihil.
2450 3968 2540 4020 Sic
2572 3983 2683 4020 non
2718 3965 2936 4020 sufficit
2952 3966 3167 4019 bonum
3192 3981 3383 4035 agere,
3404 3963 3514 4019 nisi

1867 4055 2001 4126 quis
2033 4053 2423 4109 humilitatem
2448 4054 2682 4109 studeat
2706 4052 3107 4115 servare.Quia
3130 4052 3229 4122 qui
3254 4051 3380 4106 sine
3412 4051 3517 4106 hu-

1868 4141 2109 4197 militate
2130 4141 2378 4196 virtutes
2409 4140 2821 4214 colligit,quasi
2857 4141 2911 4194 in
2945 4144 3183 4194 ventum
3216 4138 3512 4209 pulverem

1867 4235 2076 4302 portat.
2109 4230 2252 4285 Nam
2287 4228 2531 4285 humilis
2560 4228 2792 4293 dicitur,
2826 4227 2995 4300 quasi
3048 4227 3213 4282 humi
3258 4225 3510 4281 acclivis.

1864 4320 2047 4383 Quam
2082 4318 2471 4373 humilitatem
2506 4317 2601 4373 ille
2630 4317 2901 4382 habebat,
2934 4316 3033 4387 qui
3066 4315 3371 4369 diccbat:«
3408 4314 3514 4367 Lo-

1866 4424 2014 4479 quar
2044 4408 2115 4462 ad
2151 4407 2464 4462 Dominum
2497 4422 2717 4474 meum,
2747 4421 2880 4460 cum
2913 4404 3027 4460 sim
3058 4401 3249 4476 pulvis
3281 4407 3336 4457 et
3366 4401 3514 4457 cinis

1866 4498 2201 4567 (Gen.xvm).
2234 4519 2260 4541 η
2293 4496 2360 4550 Et
2389 4494 2673 4550 Dominus
2703 4494 2773 4548 ad
2807 4491 3155 4549 humilitatis
3187 4490 3513 4546 custodiam

1866 4601 1972 4639 nos
2006 4588 2294 4656 provorat,
2330 4601 2460 4638 cum
2495 4583 2663 4638 dicit:
2698 4606 2724 4632 «
2762 4580 2972 4637 Discite
3000 4576 3035 4636 'a
3068 4596 3160 4635 me
3185 4579 3325 4651 quia
3356 4577 3516 4634 mitis

1867 4690 1998 4728 sum
2032 4678 2088 4727 ct
2118 4672 2364 4728 humilis
2413 4672 2584 4727 corde
2633 4672 2841 4743 (Matth.
2871 4670 2967 4739 x1).
3002 4692 3028 4720 »ι
3083 4671 3151 4724 Et
3198 4668 3470 4724 Salomon
3499 4685 3511 4723 :

1870 4784 1897 4812 «
1929 4764 2157 4829 Quanto
2190 4778 2440 4833 magnus
2461 4777 2544 4827 es,
2578 4759 2826 4816 humilia
2846 4765 2901 4815 te
2934 4759 2987 4813 in
3022 4756 3512 4827 omnibus(h’ccli.

1866 4851 1971 4923 In).
2010 4874 2037 4900 ››
2070 4855 2137 4904 Et
2170 4855 2372 4905 Petrus
2403 4849 2738 4921 apostolus:
2770 4872 2796 4898 ‹‹
2830 4844 3233 4903 Humiliamini
3273 4845 3383 4900 sub
3415 4861 3515 4915 po-

1867 4940 2010 4995 tenti
2035 4957 2211 4995 manu
2236 4938 2399 5011 Dei(I
2425 4944 2574 4995 Petr.
2609 4938 2887 5006 v).»Hanc
2918 4935 3310 4991 humilitatem
3333 4933 3516 4988 habe-

1866 5030 1968 5083 bat
1991 5028 2322 5094 Psalmista,
2350 5045 2483 5083 cum
2510 5028 2740 5083 dicebat
2763 5032 3044 5083 :«Bonum
3075 5023 3515 5093 mihi,Domine,

1866 5119 2022 5191 quod
2052 5117 2375 5172 humiliasti
2429 5134 2522 5172 me
2556 5117 2723 5185 (Psal.
2758 5115 2971 5185 cxvm).
3011 5136 3032 5166 υ
3078 5115 3146 5169 Et
3176 5113 3316 5170 item
3347 5136 3373 5162 ‹‹
3406 5113 3519 5168 Hu-

1868 5207 2128 5262 miliatus
2160 5224 2291 5261 sum
2329 5223 2769 5278 usquequaque,
2802 5204 3042 5260 Domine
3075 5203 3278 5275 (Ibid.).
3316 5202 3521 5259 »Solct

1869 5298 2021 5352 enim
2058 5295 2413 5368 contingere,
2448 5301 2513 5351 ut
2543 5313 2674 5350 cum
2705 5295 2826 5351 avis
2856 5295 3063 5366 laqueo
3094 5294 3342 5366 capitur,
3377 5311 3521 5348 sana

1870 5390 1988 5439 toto
2021 5401 2257 5457 corpore
2288 5389 2344 5439 et
2372 5384 2616 5457 integris
2642 5384 2769 5451 alis,
2792 5383 3132 5440 summitate
3161 5382 3519 5456 parvissimaa

1870 5474 2085 5546 unguis
2117 5479 2400 5528 teneatur.
2438 5470 2719 5538 Quoniam
2753 5472 3119 5543 antiquuset
3148 5471 3396 5528 callidus
3426 5487 3524 5525 au-

1872 5580 2008 5633 ceps
2039 5561 2328 5625 diabolus,
2364 5578 2510 5632 quos
2542 5580 2642 5632 per
2672 5560 3299 5627 adulteria,homicidia
3327 5565 3384 5616 et
3413 5578 3518 5615 ca:-

1872 5659 1993 5707 tcra
2026 5652 2336 5707 manifesta
2368 5650 2522 5707 mala
2552 5668 2753 5723 capere
2785 5668 2899 5707 non
2924 5655 3132 5723 potest,
3158 5668 3258 5722 per
3284 5649 3518 5705 inanem
