4050 6174
336 314 457 378 665

1569 314 1928 381 somnus
1969 313 2072 378 DE
2112 315 2511 382 TEMPORE.
2606 297 2615 302 ’

3626 309 3753 375 666

336 468 533 526 regem
567 436 915 526 Babyloniis,
946 452 1016 508 ad
1050 453 1178 526 ejus
1223 450 1680 509 destructionem
1712 450 1994 509 festinan-
2026 453 2078 520 Α
2108 452 2417 525 prehendit
2439 452 2467 507 ‘?
2495 451 2771 525 Nunquid
2804 466 2918 507 non
2938 466 3133 509 coram
3156 447 3495 507 hominibus
3516 464 3649 506 eum
3673 465 3761 505 sas

337 548 455 600 tem
501 542 805 598 describit.
864 542 1169 615 Decapolis
1220 548 1414 599 autem
1478 543 1635 615 regio
1692 546 1781 599 est
1838 546 2004 598 trans

338 632 683 699 Jordanem',
716 633 915 687 decem
976 633 1152 687 urbes
1200 632 1444 700 habens,
1478 637 1542 688 ut
1581 632 1710 705 ipso
1768 630 2005 688 nomine

338 720 777 793 comprobatur.
837 721 985 777 Nam
1043 730 1161 779 δέκα
1218 723 1430 791 Graece,
1495 723 1696 778 Latine
1758 717 2001 777 decem:

338 819 476 875 πολις
500 827 658 877 vero,
709 811 768 865 in
824 810 933 866 hoc
981 811 1105 868 loco
1155 812 1359 867 civitas
1403 812 1638 879 dicitur,
1672 828 1740 866 ex
1790 809 2007 882 quibus

340 901 426 972 (ut
455 899 736 968 diximus)
767 916 979 957 nomen
1005 900 1259 974 regionis
1281 898 1589 974 Decapolis
1608 906 1699 956 est
1719 896 2008 970 composi-

332 988 658 1046 'tum.Sicut
687 1004 825 1063 ergo
859 991 1047 1063 Tyrus
1078 996 1135 1047 et
1162 989 1365 1059 Sidon,
1385 990 1617 1046 civitate
1633 988 2003 1063 sgentilium’

341 1078 621 1153 gentilem
652 1078 994 1152 signiﬁcant
1015 1079 1321 1154 populum,
1355 1079 1438 1135 sic
1465 1078 1764 1152 Decapolis
1786 1066 2007 1133 Judwo'

343 1180 495 1232 rum,
523 1168 624 1240 qui
657 1168 728 1223 ad
762 1185 930 1224 suam
965 1168 1356 1225 eruditionem
1377 1168 1725 1243 decalogum
1750 1166 1896 1240 legis
1917 1185 2006 1229 ac-

343 1260 593 1328 ceperat.
616 1256 781 1319 Quod
814 1261 1011 1312 autem
1043 1258 1163 1313 ait:
1210 1282 1239 1307 ‹‹
1270 1257 1442 1314 Venit
1471 1274 1575 1330 per
1606 1258 1883 1314 Sidonem
1934 1258 2006 1313 ad

345 1361 505 1400 mare
528 1343 797 1412 Galilmae,
822 1368 849 1396 »
881 1345 1035 1402 inter
1066 1346 1289 1402 medios
1322 1347 1467 1403 ﬁnes
1494 1330 1865 1419 Decapoleos,
1890 1364 2005 1403 non

346 1434 504 1507 ipsos
534 1434 684 1490 ﬁnes
705 1451 839 1490 eum
862 1434 1136 1503 intrasse,
1162 1436 1261 1491 sed
1277 1436 1447 1506 juxta
1475 1434 1759 1491 transisse
1787 1435 2007 1509 signiﬁ-

347 1524 457 1577 cat.
481 1523 644 1586 Quod
667 1523 845 1578 etiam
866 1540 901 1578 a
921 1524 1182 1597 mysterii
1213 1517 1643 1597 signiﬁcatione
1675 1542 1792 1579 non
1817 1528 2003 1580 vacat.

348 1611 522 1677 Quasi
555 1612 712 1668 enim
758 1612 903 1669 ﬁnes
942 1613 1246 1687 Decapolis
1279 1613 1662 1687 spiritual’iter
1691 1613 2003 1687 appropin-

350 1700 569 1772 quavit,
602 1702 839 1774 quando
872 1719 1108 1759 carnem
1140 1720 1210 1758 ex
1237 1703 1453 1760 Iudaeis
1478 1703 1820 1776 assumpsit,
1853 1704 2006 1759 sicut

349 1788 490 1890 dicit
516 1790 828 1890 Apostolus
855 1810 866 1847 :
904 1815 932 1841 ‹‹
962 1791 1219 1858 Quorum
1249 1797 1461 1890 patres,
1495 1810 1563 1849 ex
1594 1792 1811 1865 quibus
1841 1792 2057 1890 Chri-B

350 1884 478 1935 stus
505 1880 830 1936 secundum
862 1897 1117 1947 carnem,
1174 1883 1275 1955 qui
1308 1886 1397 1939 est
1427 1882 1771 1939 benedictus
1805 1882 1859 1937 in
1894 1900 2003 1938 sa:-

349 1967 479 2022 eula
510 1967 859 2053 saeculorum
906 1971 1083 2039 (Rom.
1110 1973 1186 2039 Ix)
1224 1993 1250 2019 »
1282 1971 1407 2026 Non
1441 1976 1637 2028 autem
1668 1970 1828 2043 ipsos
1860 1972 2006 2029 ﬁnes

349 2056 652 2130 ingressus
674 2062 784 2123 est,
805 2059 945 2131 quia
966 2060 1038 2115 ab
1064 2058 1148 2115 eis
1172 2075 1275 2115 nec
1293 2059 1582 2132 cognitus,
1609 2077 1711 2137 nec
1740 2064 2006 2133 receptus

350 2150 455 2212 est,
481 2146 635 2202 sicut
656 2147 781 2220 ipse
812 2148 895 2203 eis
929 2148 1336 2221 improperans
1365 2148 1513 2204 dixit
1538 2165 1550 2203 :
1587 2173 1613 2198 ‹‹
1640 2150 1757 2222 Ego
1787 2149 1916 2205 veni
1948 2149 2006 2204 in

352 2234 588 2299 nomine
616 2236 803 2293 Patris
836 2238 974 2305 mei,
1023 2240 1079 2293 et
1110 2255 1223 2293 non
1258 2238 1558 2310 recepistis
1590 2256 1719 2295 me:
1756 2238 1802 2294 si
1854 2238 2008 2294 alius

350 2323 405 2379 in
431 2325 669 2383 nomine
688 2312 796 2382 Sui)
822 2327 1272 2399 venerit,ipsum
1294 2326 1629 2399 suscipietis
1652 2328 1841 2399 (Joan.
1875 2331 1951 2395 v).
1978 2349 2007 2378 ι)

352 2412 514 2470 Unde
543 2431 647 2486 per
674 2415 962 2471 Joannem
1011 2415 1263 2471 dicitur:
1315 2438 1342 2465 ‹‹
1377 2416 1439 2471 In
1473 2416 1710 2489 propria
1746 2415 1921 2484 venit,
1954 2420 2012 2471 et

353 2502 442 2558 sui
474 2519 609 2557 eum
642 2520 759 2558 non
792 2508 1135 2576 receperunt
1165 2509 1349 2577 (Joan.
1378 2506 1441 2573 ι).
1469 2527 1496 2554 ››
1526 2504 1630 2561 Vel
1662 2509 1815 2561 Certe
1864 2506 2010 2562 ﬁnes

352 2590 656 2663 Decapolis
686 2592 1195 2666 appropinquavit,
1241 2594 1475 2665 quando
1507 2594 1867 2650 consortium
1898 2593 2008 2650 hu-

353 2696 537 2736 manae
572 2684 792 2736 natura;
824 2682 1068 2755 accepit.
1125 2682 1248 2738 Non
1297 2687 1494 2738 autem
1526 2683 1687 2755 ipsos
1749 2683 2007 2752 intravit,

354 2768 489 2841 quia
520 2770 997 2826 communionem
1027 2770 1209 2844 culpae
1239 2788 1355 2827 non
1386 2770 1614 2827 habuit.

424 2881 452 2906 «
486 2862 556 2913 Et
586 2858 887 2915 adducunt
914 2859 964 2915 ei
1016 2860 1283 2926 surdum,
1325 2864 1382 2915 et
1411 2864 1663 2929 mutum.
1702 2884 1728 2910 ››
1784 2862 2011 2918 Surdus

354 2944 459 3003 iste
479 2950 538 3001 et
555 2950 755 3003 mutus
783 2940 1089 3021 allegorice
1118 2965 1304 3022 genus
1336 2948 1629 3022 signiﬁcat
1657 2949 2008 3018 humanum,

353 3034 508 3106 quod
543 3040 775 3092 constat
817 3041 938 3092 tam
970 3054 1039 3093 ex
1066 3038 1305 3103 Judais,
1360 3054 1539 3110 quam
1596 3055 1664 3094 ex
1711 3038 2008 3111 gentibus.

354 3146 381 3172 ‹‹
413 3123 543 3179 Non
566 3128 656 3180 est
676 3124 831 3180 enim
854 3126 1210 3191 distinctio,»
1234 3131 1297 3182 ut
1324 3125 1637 3200 Apostolus
1658 3126 1740 3182 ait
1769 3150 1796 3176 ‹‹
1828 3127 2008 3183 Judaei

354 3214 408 3266 et
436 3212 617 3266 Graeci
644 3229 656 3266 :
692 3228 896 3269 omnes
921 3214 1077 3270 enim
1105 3195 1491 3287 peccaverunt
1519 3219 1577 3272 et
1604 3220 1777 3288 egent
1824 3215 2011 3288 gloria
2039 3195 2083 3263 (ἶ

354 3299 455 3355 Dei
483 3302 660 3369 (Rom.
693 3305 801 3371 III).
838 3325 865 3352 »
897 3304 1062 3359 Tunc
1107 3309 1301 3360 autem
1333 3321 1520 3378 genus
1550 3304 1879 3360 humanum
1911 3304 2013 3361 ob-

359 3389 615 3457 surduit,
650 3393 884 3463 quando
923 3392 983 3447 in
1014 3392 1202 3465 primo
1222 3384 1475 3465 parente
1502 3393 1694 3450 verbis
1727 3394 2013 3466 serpentis

358 3477 629 3535 auditum
660 3480 907 3553 aperuit.
961 3481 1100 3538 Post
1143 3481 1488 3538 surditatem
1536 3485 1677 3538 tunc
1738 3483 2014 3555 loquendi

358 3565 621 3623 ofﬁcium
682 3570 953 3642 perdidit,
1015 3571 1250 3643 quando
1308 3570 1542 3627 alaude
1599 3571 1698 3628 Dei
1745 3572 2010 3629 cessavit.

365 3674 388 3703 α
420 3657 546 3712 Non
580 3661 669 3712 est
699 3657 854 3715 enim
899 3659 1163 3731 speciosa
1199 3659 1350 3728 laus,
1385 3681 1412 3710 »
1465 3664 1529 3715 ut
1557 3658 1639 3716 ait
1689 3661 2009 3733 Scriptura,

358 3767 387 3795 ‹‹
420 3745 480 3801 in
513 3761 612 3802 ore
641 3749 961 3819 peccatoris
990 3749 1176 3821 (Ecclz'.
1208 3747 1321 3822 xv)‘.
1352 3772 1378 3797 »
1411 3749 1483 3805 Hi
1511 3754 1729 3815 autem,
1752 3750 1851 3823 qui
1882 3768 2011 3807 sur-

359 3835 500 3895 dum
523 3839 580 3891 et
609 3839 839 3892 mutum
872 3837 1118 3893 Domino
1139 3838 1211 3893 ad
1239 3839 1563 3894 curandum
1585 3838 2019 3911 adducunt,pa-'

356 3921 644 3979 triarchas
674 3926 731 3979 et
774 3924 1091 3998 prophetas
1123 3925 1476 3999 signiﬁcant,
1539 3925 1640 3998 qui
1672 3925 2014 3998 spiritaliter

355 4009 633 4068 Dominos
650 4018 931 4086 aegrotum
962 4014 1034 4068 ad
1058 4014 1385 4069 sanandum
1409 4013 1917 4080 detulerunt.Quia
1938 4015 2010 4070 ad

354 4101 482 4171 ejus
508 4099 936 4170 liberationem,
956 4120 1071 4158 non
1092 4102 1282 4159 solum
1302 4103 1527 4159 Domini
1549 4102 2009 4160 incarnationem

352 4189 762 4261 praedixerunt,
778 4191 879 4246 sed
892 4191 1068 4247 etiam
1086 4192 1225 4248 totis
1244 4189 1467 4248 viribus
1489 4207 1618 4246 eam
1641 4195 2006 4263 optaverunt.

352 4276 515 4332 Unde
546 4282 604 4333 et
632 4278 943 4335 subditur:
979 4303 1008 4330 «
1043 4280 1110 4335 Et
1138 4280 1602 4352 deprecabantur
1629 4296 1785 4346 eum,
1812 4284 1879 4336 ut
1898 4279 2007 4336 im-

354 4389 379 4415 a
414 4371 597 4437 ponat
625 4366 709 4422 illi
744 4386 1007 4424 manum.
1044 4392 1071 4419 »
1100 4374 1307 4425 Manus
1334 4368 1564 4425 Domini
1597 4368 1657 4424 in
1688 4368 2009 4442 Scripturis

352 4454 668 4528 aliquando
690 4457 1011 4528 potentiam
1028 4456 1356 4514 Divinitatis
1374 4456 2008 4531 signiﬁcat,aliquando

2115 560 2253 598 nare
2284 547 2528 616 poterat,
2558 541 2657 616 qui
2689 545 2899 598 cuncta
2927 541 3139 597 creavit
3171 558 3240 596 ex
3271 537 3492 595 nihilo?
3530 539 3761 595 Poterat

2115 632 2336 704 utique.
2366 632 2475 688 Sed
2507 633 2672 704 prius
2701 631 2897 705 ipsum
2929 648 2962 685 a
2990 630 3165 685 turba
3191 632 3444 701 separat,
3477 632 3534 682 et
3563 631 3763 698 postea

2115 726 2305 789 sanat,
2329 727 2389 777 ut
2418 721 2706 796 intelligat
2727 704 2913 794 genus
2933 720 3260 776 humanum
3284 733 3347 773 se
3368 717 3535 773 aliter
3552 704 3763 772 Sanita-

2115 816 2231 869 tem
2263 811 2469 867 animze
2500 828 2615 866 non
2649 827 2820 883 posse
2850 810 3124 882 recipere,
3156 809 3266 864 nisi
3300 807 3463 880 prius
3486 805 3763 877 pristinos

2116 920 2342 959 errores
2359 901 2716 975 relinquens,
2733 919 2767 956 a
2782 901 2953 956 turba
2968 899 3411 955 immundorum
3424 895 3757 967 spirituum,

2116 997 2173 1048 et
2203 991 2461 1049 tumultu
2492 991 2765 1047 vitiorum
2798 1007 2924 1047 sese
2945 990 3209 1046 redderet
3229 988 3506 1044 alienum.
3533 985 3762 1058 Digitus

2120 1088 2315 1140 autem
2339 1082 2438 1138 Dei
2457 1083 2515 1137 in
2538 1079 3140 1153 SeripturisSpiritum
3160 1081 3428 1133 sanctum
3450 1074 3760 1148 signiﬁcat,

2120 1174 2271 1229 sicut
2291 1172 2575 1229 Dominus
2598 1168 2731 1228 alibi
2756 1171 2871 1227 ait:
2897 1193 2924 1221 «
2949 1170 3124 1225 Porro
3155 1168 3204 1222 si
3229 1167 3286 1222 in
3320 1165 3499 1239 digito
3526 1164 3627 1239 Dei
3658 1162 3763 1235 eji-

2118 1262 2205 1318 cio
2236 1261 2524 1317 daemonia
2553 1261 2703 1333 (Luc.
2736 1263 2837 1329 x1).
2860 1281 2887 1308 »
2910 1258 3072 1325 Quod
3092 1256 3243 1312 alius
3273 1236 3629 1329 evangelista
3647 1268 3765 1307 ma-

2118 1350 2387 1408 nifestius
2435 1350 2708 1416 declarat,
2751 1348 2987 1405 dicens:
3034 1371 3061 1397 ‹‹
3098 1346 3154 1402 Si
3189 1361 3292 1418 ego
3319 1343 3379 1399 in
3411 1341 3632 1415 Spiritu
3661 1341 3761 1397 Dei

2116 1440 2283 1514 ejicio
2315 1442 2608 1496 daemones
2639 1439 2846 1513 (Matth.
2879 1440 3001 1504 χιι).
3025 1457 3045 1486 ι
3078 1438 3193 1491 Iste
3224 1438 3314 1490 est
3341 1431 3762 1505 digitus,quem

2117 1531 2272 1602 magi
2331 1531 2389 1585 in
2437 1530 2678 1601 {Egypto
2710 1526 3139 1584 conﬁtebantur
3184 1524 3441 1579 dicentes
3469 1537 3481 1575 :
3516 1542 3553 1597 ‘a
3587 1519 3764 1575 Porro

2115 1619 2335 1693 digitus
2357 1619 2458 1675 Dei
2490 1623 2577 1675 est
2606 1619 2715 1673 iste
2735 1616 2928 1686 (Brod.
2961 1615 3108 1687 vm).
3136 1636 3163 1663 ››
3195 1613 3313 1669 Hoc
3342 1607 3525 1684 digito
3553 1605 3763 1663 tabulae

2114 1708 2473 1765 Testamenti
2532 1706 2757 1780 scriptaa
2816 1707 2974 1761 sunt.
3014 1703 3084 1759 Et
3113 1701 3355 1776 pulchre
3384 1716 3487 1773 per
3513 1696 3763 1772 digitum

2116 1799 2212 1856 Dei
2239 1798 2495 1871 Spiritus
2525 1801 2765 1853 sanctus
2783 1791 3239 1869 ﬁguratur,quia
3258 1790 3412 1847 sicut
3433 1789 3633 1862 digitis
3663 1786 3765 1845 ali-

2117 1888 2257 1961 quid
2281 1885 2762 1959 constringimus,
2782 1888 2847 1939 ut
2863 1900 3189 1956 operemur,
3214 1880 3297 1936 ita
3315 1881 3483 1935 Pater
3504 1881 3562 1934 et
3584 1877 3764 1934 Filius

2116 1975 2314 2032 omnia
2344 1991 2446 2048 per
2474 1974 2759 2046 Spiritum
2793 1975 3063 2028 sanctum
3087 1971 3422 2043 operantur,
3453 1965 3767 2043 Psalmista

2117 2069 2387 2131 testante,
2413 2062 2513 2136 qui
2544 2062 2652 2119 ait:
2687 2084 2715 2112 ‹‹
2745 2060 2935 2116 Verbo
2965 2058 3196 2115 Domini
3221 2055 3346 2112 cmli
3368 2054 3579 2110 ﬁrmati
3606 2058 3763 2120 sunt,

2116 2158 2172 2211 et
2188 2154 2396 2226 spiritu
2422 2151 2540 2207 oris
2561 2153 2688 2223 ejus
2707 2149 2898 2207 omnis
2912 2148 3098 2204 virtus
3115 2163 3317 2203 eorum
3338 2145 3507 2219 (Psal.
3528 2146 3726 2212 xxxu).
3739 2166 3765 2191 ››

2116 2244 2305 2314 Hujus
2337 2240 2507 2315 digiti
2539 2238 2869 2296 mirabilem
2901 2235 3296 2309 operationem
3336 2236 3640 2306 aspexerat
3665 2231 3767 2304 qui

2118 2331 2383 2387 dicebat:
2419 2314 2446 2379 έ‹
2481 2328 2765 2395 Quoniam
2797 2326 3002 2383 videbo
3024 2324 3198 2381 ccelos
3228 2328 3381 2391 tuos,
3416 2314 3585 2394 opera
3617 2320 3768 2394 digi-

2118 2408 2312 2477 torum
2343 2424 2575 2475 tuorum
2609 2418 2785 2490 (Psal.
2815 2415 2958 2488 νηί).
2986 2436 3014 2464 ››
3045 2413 3173 2470 Sive
3205 2416 3360 2468 certe
3392 2428 3493 2485 per
3515 2409 3765 2483 digitum

2119 2508 2220 2565 Dei
2252 2513 2405 2564 recte
2436 2507 2696 2579 Spiritus
2746 2508 2984 2561 sanctus
3034 2504 3412 2575 designatur;
3448 2503 3587 2571 quia
3615 2497 3770 2554 sicut

2120 2597 2178 2653 in
2211 2597 2391 2652 nullis
2423 2596 2555 2652 aliis
2587 2594 2870 2651 membris
2917 2596 3142 2649 tantam
3188 2589 3559 2664 partitionem
3590 2587 3768 2644 habe-

2121 2704 2274 2753 mus,
2303 2687 2582 2758 quantam
2615 2683 2673 2738 in
2707 2682 2926 2755 digitis,
2962 2686 3020 2736 et
3048 2684 3242 2736 tamen
3269 2695 3386 2734 una
3414 2681 3505 2733 est
3534 2693 3767 2741 manus,

2121 2774 2204 2831 sic
2234 2774 2499 2846 ejusdem
2530 2770 2783 2845 Spiritus
2830 2769 3015 2825 sancti
3060 2769 3215 2823 dona
3242 2783 3374 2821 cum
3410 2765 3529 2820 sint
3557 2764 3615 2820 in
3646 2763 3768 2820 sin-

2120 2863 2275 2938 gulis
2306 2863 2510 2931 divisa,
2558 2861 2619 2917 in
2655 2861 2859 2917 eodem
2920 2863 3113 2914 tamen
3172 2858 3312 2913 sunt
3366 2852 3766 2910 indivisibilia.

2120 2954 2282 3010 Unde
2302 2950 2904 3016 Paulus,enumcratis
2915 2947 3179 3021 ejusdem
3193 2940 3453 3019 Spiritus
3469 2941 3653 2998 sancti
3672 2941 3772 2998 do-

2121 3042 2334 3113 nis,adj
2344 3040 2738 3096 unxitdicens:
2761 3064 2780 3088 α
2794 3039 2918 3093 llaec
2932 3035 3129 3093 omnia
3141 3038 3413 3107 operatur
3429 3049 3583 3088 unus
3596 3035 3770 3105 atque

2120 3131 2275 3187 idem
2317 3130 2591 3203 Spiritus,
2624 3127 2888 3184 dividens
2917 3124 3165 3199 singulis
3198 3127 3370 3197 prout
3419 3121 3543 3177 vult
3572 3121 3618 3193 (I
3641 3123 3764 3178 Cor.

2123 3225 2242 3290 xu).
2267 3242 2294 3271 ››
2329 3219 2505 3275 Mittit
2524 3235 2660 3292 ergo
2680 3217 2894 3289 digitos
2911 3216 2969 3270 in
2992 3206 3307 3283 auriculas,
3330 3215 3396 3266 ut
3412 3211 3589 3266 surdo
3610 3209 3769 3266 audi-

2123 3315 2249 3365 tum
2272 3308 2561 3374 restituat,
2578 3308 2711 3380 quia
2730 3311 2794 3361 ut
2806 3318 2975 3360 aures
2988 3301 3429 3359 cordisverbum
3453 3297 3551 3355 Dei
3566 3294 3768 3354 audire

2122 3402 2179 3454 et
2201 3395 2541 3470 spiritaliter
2562 3395 2884 3469 intelligere
2905 3393 3150 3466 possint,
3174 3407 3276 3464 per
3297 3388 3551 3462 Spiritus
3582 3388 3766 3444 sancti

2122 3487 2366 3561 gratiam
2392 3484 2753 3557 aperiuntur.
2783 3506 2809 3533 «
2830 3484 3247 3555 Exspuensque
3277 3477 3467 3551 tetigit
3503 3476 3768 3550 linguam

2121 3578 2268 3648 ejus.
2279 3577 2495 3648 nSputu
2506 3591 2562 3629 m
2576 3591 2644 3628 ex
2656 3571 3116 3645 capitedescendi
3127 3570 3321 3641 t.Ergo
3335 3584 3439 3640 per
3449 3564 3772 3640 caputdivi-

2123 3665 2408 3736 nitas,per
2420 3668 2658 3735 sputum
2672 3661 3011 3717 humanitas
3025 3653 3665 3732 designatur,Apostolo
3686 3653 3770 3709 di-

2122 3758 2305 3810 cente:
2335 3776 2361 3803 ‹‹
2385 3749 2784 3825 caputChristi
2798 3750 2951 3806 Deus
2965 3749 3102 3820 est(l
3124 3747 3244 3813 Cor.
3259 3746 3375 3815 11).:
3396 3742 3772 3817 Sputoigitur

2119 3840 2157 3896 1i
2166 3858 2342 3915 guam
2364 3839 2556 3913 tetigit
2573 3843 2636 3894 ut
2650 3836 2946 3910 loquelam
2960 3832 3500 3908 reciperet,quando
3521 3829 3773 3887 altitudi-

2120 3947 2255 3985 nem
2288 3946 2406 3984 suae
2460 3927 2789 3984 Divinitatis
2838 3924 3141 3997 usquead
3175 3926 3433 3978 nostram
3474 3918 3773 3976 inclinavit

2120 4017 2545 4081 humanitatem
2580 4016 2767 4086 (Joan.
2796 4014 2897 4083 x1).
2929 4013 3091 4079 Quod
3114 4009 3253 4066 alibi
3286 4008 3656 4065 manifestius
3676 4007 3770 4063 de-

2119 4104 2483 4170 monstravit,
2509 4103 2744 4176 quando
2765 4100 2965 4157 oculos
2986 4098 3115 4154 caeci
3149 4097 3267 4153 nati
3298 4097 3766 4169 aperuit.Lutum

2118 4195 2409 4269 siquidem
2443 4210 2511 4249 ex
2543 4196 2714 4264 sputo
2747 4189 2899 4251 fecit,
2932 4193 2989 4243 et
3017 4186 3207 4242 linivit
3238 4186 3436 4241 oculos
3465 4186 3613 4255 ejus.

2191 4307 2218 4334 «
2255 4284 2321 4338 Et
2350 4280 2679 4354 suspiciens
2710 4280 2770 4333 in
2801 4275 3034 4343 malum,
3082 4270 3371 4348 ingemuit
3412 4277 3469 4329 et
3515 4271 3596 4327 ait
3640 4271 3763 4327 illi:

2119 4398 2146 4423 ‹‹
2182 4371 2505 4444 Ephpheta,
2526 4367 2681 4442 quod
2705 4369 2813 4433 est,
2837 4364 3156 4436 adaperire.
3178 4384 3207 4413 ››
3230 4362 3557 4418 Sanaturus
3579 4360 3769 4416 Domi-

2118 4480 2230 4518 nus
2261 4464 2561 4533 zegrotum,
2590 4456 2649 4512 in
2672 4455 2882 4511 coelum
2906 4451 3187 4526 suspexit,
3213 4454 3279 4508 ut
3298 4449 3629 4507 ostenderet
3649 4464 3768 4504 om-

356 4543 815 4600 incarnationem
868 4544 1277 4602 humanitatis.
1337 4544 1663 4617 Potentiam
1714 4546 2009 4620 signiﬁcat
2037 4561 2085 4625 D
2118 4551 2218 4607 nia
2244 4551 2398 4605 bona
2443 4551 2500 4604 et
2526 4548 2730 4602 sancta
2760 4561 2794 4599 a
2823 4544 2938 4600 Deo
2977 4559 3105 4599 esse
3138 4539 3405 4614 petenda.
3442 4537 3579 4593 Inde
3609 4537 3762 4592 enim

355 4630 708 4699 Divinitatis,
758 4633 912 4689 sicut
960 4635 1245 4707 scriptum
1277 4636 1403 4690 est:
1437 4658 1464 4683 «
1499 4635 1562 4689 In
1594 4651 1806 4691 manus
1848 4640 2003 4703 tuas,

355 4721 968 4802 Domine,commendo
991 4722 1265 4795 spiritum
1289 4739 1487 4778 meum
1512 4725 1678 4795 (Psal.
1703 4742 1833 4794 xxx;
1878 4725 2004 4781 Luc.

353 4813 573 4879 xxiii)»
598 4809 1021 4867 Incamationis
1042 4810 1493 4878 humanitatem,
1524 4811 1675 4867 sicut
1692 4811 1829 4867 alibi
1861 4812 2006 4886 legi-

349 4901 485 4953 tur:
513 4897 759 4954 «Emitte
790 4915 1032 4955 manum
1062 4903 1225 4955 tuam
1257 4899 1328 4955 de
1366 4897 1483 4955 alto
1535 4900 1703 4974 (Psal.
1738 4900 1952 4973 cxuu).
1976 4924 2006 4951 »

350 4986 501 5059 Ergo
532 4985 591 5041 in
624 4987 733 5043 hoc
763 4986 890 5044 loco
914 5005 1029 5044 non
1057 4988 1377 5062 incongrue
1408 5004 1620 5044 manus
1652 4988 1882 5044 Domini
1913 4989 2007 5044 in-

352 5072 712 5131 carnationis
729 5075 1073 5148 mysterium
1097 5074 1410 5150 signiﬁcat.
1435 5076 1788 5147 Deprecatur
1809 5081 2006 5134 autem

350 5180 509 5230 eum,
537 5168 603 5219 ut
623 5163 675 5219 ei
706 5182 951 5221 manum
983 5165 1266 5237 imponat,
1305 5164 1445 5238 quia
1469 5182 1573 5238 per
1602 5164 1712 5221 hoc
1734 5167 1889 5237 quod
1912 5185 2010 5224 no-

353 5255 538 5307 stram
596 5250 1019 5309 mortalitatem
1075 5253 1314 5325 accepit,
1347 5269 1532 5325 genus
1573 5253 1899 5311 humanum
1935 5259 2007 5314 ab

355 5341 697 5397 inﬁrmitate
725 5341 910 5398 animi
940 5341 1223 5399 liberavit.

428 5453 457 5479 «
489 5431 560 5486 Et
588 5432 1032 5505 apprehendens
1064 5448 1199 5488 eum
1232 5432 1302 5488 de
1326 5432 1502 5487 turba
1531 5448 1817 5501 seorsum,
1850 5434 2012 5491 misit

357 5542 384 5569 ‹‹
420 5518 636 5592 digitos
686 5539 825 5578 suos
856 5520 915 5577 in
961 5520 1256 5578 auriculas
1286 5522 1434 5593 ejus.
1472 5544 1498 5570 ››
1528 5519 1674 5585 Quid
1708 5526 1797 5576 est
1852 5525 2007 5594 quod

355 5608 643 5664 Dominus
666 5615 984 5667 sanaturus
1002 5611 1246 5667 surdum
1268 5615 1323 5667 et
1345 5613 1599 5679 mutum,
1626 5626 1891 5667 seorsum
1916 5630 2013 5685 ap-

2115 4639 2312 4697 surdis
2329 4634 2725 4701 auditus,inde
2740 4631 2920 4688 mutis
2933 4625 3604 4702 redditurloquela,quia
3615 4625 3768 4681 sicut

2114 4727 2367 4785 Jacobus
2398 4720 2699 4798 aposlolus
2731 4721 2811 4776 ait
2835 4739 2846 4776 :
2885 4738 2911 4769 α
2939 4719 3122 4775 Omne
3143 4719 3347 4773 datum
3374 4715 3684 4788 optimum,
3710 4717 3767 4768 et

2115 4832 2288 4873 omne
2311 4815 2530 4870 donum
2556 4811 2875 4885 perfectum
2898 4810 3209 4864 desursum
3229 4809 3337 4871 est,
3357 4802 3715 4861 descendens
3732 4819 3767 4855 a

2118 4906 2283 4960 Patre
2300 4901 2593 4957 luminum
2625 4900 2831 4973 (Jacob.
2852 4902 2912 4966 1).
2942 4920 2967 4947 ››
2990 4897 3061 4952 Et
3085 4897 3238 4952 sicut
3257 4894 3314 4949 in
3337 4890 3644 4966 Evangelio
3669 4890 3764 4946 di-

2116 4993 2287 5049 citur:
2314 5014 2341 5041 «
2366 4992 2489 5046 Non
2520 4993 2711 5062 potest
2728 4986 2902 5044 homo
2926 5004 2959 5042 a
2979 5003 3041 5042 se
3064 4985 3251 5040 facere
3272 4980 3617 5056 quidquam,
3651 4980 3763 5037 nisi

2116 5082 2166 5137 ei
2188 5082 2392 5137 datum
2414 5074 3353 5148 fueritdesupeonan.1xetx1x).»
3377 5071 3763 5144 «Ingemuit.»

2117 5169 2391 5243 Nunquid
2407 5167 2693 5240 indigeret
2704 5163 2922 5236 aliquid
2939 5160 3292 5236 postulare,a
3306 5161 3489 5228 Patre,
3516 5178 3650 5217 cum
3673 5177 3766 5233 ge-

2119 5256 2395 5331 mitu,qui
2418 5260 2629 5313 cuncta
2653 5252 2948 5327 postulata
2972 5252 3071 5307 dat
3091 5267 3226 5307 cum
3247 5252 3452 5307 Patre?
3479 5251 3627 5306 Non.
3652 5248 3764 5305 Sed

2118 5354 2183 5404 ut
2212 5344 2543 5419 exemplum
2568 5342 2735 5398 nobis
2756 5340 3087 5397 ostenderet
3108 5340 3399 5412 gemendi,
3426 5340 3656 5412 quoties
3675 5335 3764 5392 vel

2118 5454 2222 5509 pro
2253 5431 2488 5501 nostris,
2520 5432 2607 5487 vel
2639 5447 2741 5503 pro
2791 5429 2996 5485 alienis
3038 5428 3293 5501 peccatis
3322 5427 3761 5483 intereedimus.

2119 5524 2279 5589 Quod
2303 5527 2494 5577 autem
2523 5517 3314 5593 ait,prpheta,evangelista
3335 5515 3759 5588 exposuit,cuni

2119 5610 2402 5685 adjunxit:
2425 5608 2615 5682 «quod
2629 5608 3101 5681 est,adaperire.»
3116 5605 3485 5663 Consueludo
3497 5605 3585 5657 est
3606 5598 3761 5652 enim
