4050 6174
359 281 475 348 867

361 417 870 492 evangelistarum,
895 427 962 480 ut
981 424 1296 496 aliquando
1327 426 1453 498 ipsa
1473 428 1645 484 verba
1660 426 1746 484 vel
1771 428 2009 484 nomina
2040 429 2086 495 Α

361 506 632 564 hebraica
656 527 788 565 cum
821 511 949 584 ipsa
980 531 1089 569 sua
1118 516 1477 587 expositione
1500 522 1735 589 ponant,
1768 519 1918 573 sicut
1951 519 2006 572 in

363 595 915 668 EvangelioJoannis
928 602 1106 657 dicitu
1117 603 1358 658 r:«Vadc
1371 607 1441 660 ad
1459 607 1801 661 natatoriam
1817 606 2006 673 Siloee,

361 685 946 758 quodinterpretatur
962 691 1178 746 missus
1198 693 1372 758 (Joan.
1391 698 1485 759 ix).
1507 718 1526 745 ιι
1550 695 1680 748 Etin
1702 693 2008 767 Evangelio

363 773 563 840 Marci,
582 775 960 832 «Bartimzeus
976 780 1174 834 Timaei
1191 781 1345 836 ﬁlius
1360 781 1844 849 scribitur(.’llutth.
1869 783 1944 854 Χ).
1982 806 2008 831 ››

362 861 841 928 EtJudasZelotes
855 865 1004 921 idem
1021 873 1106 922 est
1123 869 1221 941 qui
1237 871 2013 944 etJudasChananzeus,qu0-

365 950 521 1006 niam
559 953 830 1009 Chanaan
864 955 1020 1011 zelus
1050 957 1481 1028 interpretatur.
1519 961 1820 1032 prpheta
1850 979 2006 1034 ergo,

362 1041 515 1110 quod
533 1048 621 1094 est
633 1043 1187 1116 adaperire,proprie
1210 1049 1278 1102 ad
1304 1065 1473 1104 aures
1500 1051 1769 1120 pertinet.
1801 1052 1866 1105 Et
1887 1052 2011 1124 pul-

363 1128 648 1184 cherrimo
681 1131 881 1186 ordine
912 1135 1193 1191 Dominus
1214 1137 1377 1208 prius
1401 1139 1613 1211 digitos
1636 1139 1692 1194 in
1717 1141 2009 1195 auriculas

361 1216 520 1271 surdi
537 1219 952 1283 mittit,deinde
967 1222 1224 1296 linguam
1242 1231 1413 1296 sputo
1426 1228 1696 1298 tetigit,et
1717 1236 2008 1301 postremo

360 1307 440 1360 ait.
455 1306 594 1378 :Eph
606 1307 798 1378 pheta,
817 1313 972 1380 quod
995 1320 1082 1368 est
1098 1315 2007 1386 adaperire,utordinatissimum

360 1394 616 1450 officium
639 1397 966 1468 baptizandi
989 1403 1392 1459 sacerdotibus
1409 1406 2009 1472 demonstraret.0uo-

360 1483 518 1537 niam
539 1483 594 1538 bi
621 1486 718 1556 qui
739 1488 1127 1559 baptizantur,
1153 1493 1318 1562 prius
1341 1495 1594 1564 Spiritus
1611 1496 1795 1550 sancti
1820 1497 2009 1568 gratia

361 1571 1122 1646 suntilluminandi,deinde
1136 1598 1168 1635 a
1181 1582 1516 1638 doctoribus
1529 1583 2008 1639 suntinstruendi

359 1665 417 1714 et
451 1666 744 1730 postremo
775 1666 848 1720 ad
881 1668 1305 1725 confessionem
1341 1671 1474 1726 ﬁdei
1530 1673 1793 1728 vocandi.
1847 1673 2009 1728 Unde

359 1752 720 1807 consuetudo
743 1760 832 1808 est
852 1757 1241 1823 sacerdotum,
1257 1766 1321 1814 ut
1343 1777 1542 1815 eorum
1563 1761 1822 1833 linguam
1843 1767 1896 1816 et
1916 1780 2010 1817 na-

358 1854 472 1903 res,
507 1857 654 1912 quos
713 1845 1092 1910 oatechizant,
1131 1853 1302 1919 sputo
1354 1855 1617 1921 tangant,
1673 1851 1861 1922 ipsius
1896 1851 2004 1906 Do-

360 1927 504 1981 mini
528 1931 702 1984 verba
725 1931 1010 1989 dicentes:
1035 1936 1360 2008 Ephpheta,
1389 1940 1542 2010 quod
1565 1945 1657 1994 est
1685 1940 2003 2011 adaperire.

358 2015 469 2070 Sed
489 2017 625 2088 quia
655 2017 806 2074 inter
826 2021 1015 2077 dicere
1047 2023 1275 2080 Domini
1310 2032 1366 2080 et
1395 2028 1582 2082 facere
1614 2027 1773 2083 nulla
1798 2034 1887 2083 est
1918 2030 2006 2082 di-

358 2104 620 2174 stinctio:
674 2130 702 2157 ‹‹
738 2108 892 2165 Dixit
934 2113 1088 2170 enim
1121 2117 1176 2168 et
1216 2115 1368 2172 facta
1411 2122 1568 2184 sunt,
1622 2118 1920 2174 mandavit
1949 2123 2008 2173 et

357 2199 551 2248 creata
582 2201 721 2250 sunt
753 2197 918 2268 (Psal.
954 2204 1202 2264 CXLVIII).
1231 2227 1258 2252 ››
1539 2277 1555 2287 Ν

435 2300 458 2329 ε
483 2283 691 2340 Statim
719 2308 746 2334 ι»
768 2291 834 2341 ut
853 2287 1181 2362 dixit,«Eph
1189 2293 1394 2364 pheta»
1408 2283 1559 2366 quod
1578 2300 1666 2351 est
1683 2297 2003 2368 adaperire,

357 2393 385 2419 «
415 2376 624 2442 apertae
658 2380 797 2429 sunt
827 2393 998 2432 aures
1028 2380 1179 2450 ejus,
1213 2387 1269 2436 et
1297 2381 1556 2439 solutum
1588 2390 1679 2440 est
1708 2385 2002 2441 vinculum

358 2481 385 2508 «
421 2459 635 2531 linguas
668 2463 815 2532 ejus,
840 2469 898 2519 et
928 2464 1278 2538 loquebatur
1299 2475 1469 2526 recte.
1497 2496 1523 2522 υ
1553 2474 1676 2528 Νοιι
1704 2475 1859 2530 enim
1883 2482 2007 2531 erat

356 2548 625 2620 dignum,
661 2555 727 2605 ut
768 2551 818 2607 is
850 2554 950 2625 qui
983 2572 1015 2609 a
1045 2556 1290 2618 Domino
1335 2563 1564 2616 creatus
1597 2562 1803 2629 fuerat,
1838 2564 2008 2620 aliter

355 2635 694 2708 loqueretur
725 2657 902 2712 quam
953 2648 1125 2698 recte.
1158 2646 1492 2719 Juxtajvero
1522 2651 1880 2723 superiorem
1914 2655 2006 2708 in-

356 2724 760 2797 telligentiam,
794 2733 1106 2802 postquam
1136 2734 1420 2792 Dominus
1451 2755 1554 2810 per
1576 2739 2002 2796 immissionem

357 2813 608 2884 Spiritus
641 2819 828 2874 sancti
859 2836 957 2875 cor
977 2820 1219 2878 humani
1251 2827 1479 2898 generis
1501 2829 1573 2882 ad
1606 2830 2002 2903 penitentiam

355 2903 655 2970 emollivit,
692 2912 1001 2979 postquam
1034 2911 1452 2971 incarnationis
1501 2934 1618 2972 suae
1661 2919 2003 2990 mysterium

355 2992 643 3061 patefecit,
667 2993 950 3067 linguam,
988 3014 1165 3070 quam
1189 3003 1354 3072 prius
1384 3004 1698 3062 infidelitas
1723 3008 2004 3073 vinxerat,

331 3065 501 3134 'ﬁdes
533 3065 803 3148 absolvit,
843 3090 902 3141 et
933 3065 1114 3144 Deum
1145 3065 1383 3148 laudare
1413 3095 1605 3166 coepit,
1640 3097 1840 3152 dicens
1870 3065 2005 3152 cum

920 284 1330 354 HAYMONIS
1375 292 1923 358 HALBERSTAT.
1970 292 2214 357 EPISC.
2261 295 2436 359 OPP.
2480 295 2682 360 PARS
2726 296 2905 361 lI.-—-
2934 295 3205 361 HOMIL.

3627 297 3730 362 668

2193 454 2221 480 ‹‹
2254 430 2478 495 Quanto
2506 436 2700 488 autem
2721 431 2805 488 eis
2826 430 3214 505 praecipiebat,
3237 433 3395 488 tanto
3421 430 3598 506 magis
3613 432 3727 506 plus

2119 521 2530 592 praedicabant.
2562 543 2587 570 ››
2637 521 2738 578 Hic
2768 526 3030 594 tempora
3079 537 3276 582 eorum
3310 521 3728 595 redarguuntur,

2119 609 2604 682 quibusofl‘icium
2620 610 3045 682 praedicationis
3058 611 3382 681 injunctum
3397 614 3729 666 estettamen

2117 716 2150 752 a
2171 700 2584 771 prmdicatione
2596 705 2845 756 cessant.
2861 699 3357 756 Considerandum
3382 716 3620 771 namque
3635 706 3729 770 est,

2118 804 2243 859 qua
2275 788 2447 861 culpa
2467 788 2543 844 sit
2562 790 3057 862 doctoribus,post
3078 793 3424 862 praeceptum
3447 787 3660 843 Domini
3679 807 3731 844 se

2117 879 2225 933 sub
2249 877 2481 934 silentio
2499 895 2729 951 ponere,
2751 880 2983 951 quando
3006 879 3180 933 etiam
3201 894 3303 933 nec
3325 877 3406 932 illi
3424 880 3601 932 tacere
3622 894 3731 947 pos-

2117 971 2273 1034 sunt,
2308 967 2525 1039 quibus
2555 974 2910 1040 praeceptum
2939 971 3025 1022 est
3075 983 3148 1022 ne
3178 965 3268 1021 cui
3298 965 3566 1021 dicerent.
3604 965 3730 1028 Quid

2116 1061 2311 1111 autem
2341 1057 2537 1111 dicant
2568 1056 2906 1112 audiamus:

2188 1167 2215 1193 «
2252 1145 2402 1200 Bene
2433 1145 2630 1200 omnia
2661 1144 2814 1208 fecit,
2845 1149 2900 1199 et
2926 1145 3136 1200 surdos
3169 1143 3298 1198 fecit
3327 1143 3600 1208 audire,et
3623 1160 3733 1197 mu-

2117 1257 2144 1283 ‹‹
2179 1238 2268 1289 tos
2300 1233 2478 1306 loqui.
2500 1257 2525 1283 ››
2547 1235 2669 1289 Non
2692 1234 2882 1289 solum
2901 1234 2956 1288 in
2978 1233 3084 1289 hoc
3107 1234 3252 1288 bene
3276 1232 3428 1297 fecit,
3454 1231 3599 1304 quod
3623 1249 3732 1286 sur-

2117 1323 2223 1378 dos
2255 1323 2387 1379 fecit
2417 1323 2619 1378 audire
2650 1326 2706 1378 ct
2753 1327 2947 1379 mutos
2994 1322 3173 1394 loqui,
3207 1322 3307 1378 sed
3339 1321 3513 1376 etiam
3561 1322 3735 1376 omnia

2115 1427 2245 1482 quae
2267 1412 2338 1466 ab
2362 1411 2525 1466 initio
2547 1411 2779 1480 creavit,
2803 1413 2947 1468 bene
2970 1412 3121 1477 fecit,
3141 1411 3594 1480 sicutscriptum
3625 1414 3699 1464 est
3719 1423 3729 1460 :

2120 1523 2147 1550 ‹‹
2163 1501 2228 1555 Et
2249 1499 2392 1555 vidit
2412 1500 2564 1556 Deus
2588 1505 2795 1555 cuncta
2817 1518 2944 1572 quae
2968 1500 3119 1568 fecit,
3145 1505 3201 1555 et
3221 1501 3389 1554 erant
3418 1496 3576 1552 valde
3604 1497 3736 1552 bona

2115 1590 2266 1656 (Gen.
2282 1607 2358 1644 ι.»
2383 1589 2681 1645 Moraliter
2696 1595 2885 1645 autem
2912 1607 3013 1661 per
3032 1589 3276 1645 surdum
3299 1591 3356 1642 et
3379 1584 3736 1657 mutum,qui-

2114 1677 2252 1733 libet
2278 1683 2544 1750 peccator
2557 1678 2914 1750 designatur.
2931 1677 3035 1740 Qui
3050 1677 3206 1733 enim
3223 1677 3429 1732 avertit
3441 1692 3606 1731 aures
3618 1691 3735 1730 suas

2116 1784 2186 1822 ne
2200 1767 2401 1822 audiat
2421 1767 2628 1840 legem,
2645 1767 2860 1824 surdus
2873 1771 2980 1822 est.
3003 1766 3145 1830 Quia
3161 1771 3353 1821 autem
3373 1765 3624 1837 loquitur
3643 1762 3735 1817 ini-

2117 1856 2400 1928 quitatem
2426 1856 2483 1912 in
2507 1856 2748 1922 excelso,
2769 1861 2825 1912 et
2847 1856 3098 1911 seminat
3128 1855 3279 1910 inter
3309 1856 3517 1911 fratres
3541 1853 3736 1908 discor-

2116 1944 2262 2009 dias,
2287 1945 2460 2001 etiam
2475 1945 2954 2018 ofﬁcialoquendi
2970 1950 3169 2001 mutus
3183 1948 3289 2000 est.
3313 1941 3486 1999 Tales
3499 1946 3563 1999 ut
3588 1942 3738 1998 audi-

2115 2039 2240 2090 tum
2255 2039 2310 2090 et
2322 2034 2613 2108 loquelam
2628 2034 2944 2106 spiritalem
2962 2035 3215 2105 recipere
3230 2032 3485 2127 possint,
3499 2030 3739 2127 amagis:

2115 2122 2222 2177 tris
2235 2127 2290 2177 et
2307 2123 2521 2179 doctori
2532 2124 2639 2179 bus
2654 2123 2916 2178 Ecclesia:
2930 2122 3177 2177 Domino
3191 2121 3742 2184 adducuntur.Quasi

2115 2212 2569 2284 enimaagrotum
2592 2212 2836 2268 Domino
2861 2211 3436 2282 adducunt,quando
3457 2209 3514 2264 in
3539 2225 3638 2262 sua
3655 2207 3740 2260 do-

2115 2300 2301 2356 ctrina
2348 2304 2405 2356 et
2433 2301 2832 2356 exhortatione
2855 2304 3185 2372 peccatores
3216 2298 3476 2354 converti
3507 2295 3739 2352 faciunt:

2116 2395 2173 2444 et
2203 2407 2305 2462 pro
2331 2389 2448 2456 his,
2474 2407 2621 2461 quos
2639 2390 2891 2445 converti
2925 2388 3069 2444 velle
3089 2387 3336 2453 videtur,
3355 2387 3433 2442 ad
3455 2384 3739 2442 Dominum

2115 2495 2314 2550 preces
2346 2479 2619 2533 fundunt.
2655 2479 2769 2533 Nec
2801 2477 2993 2533 differt
3025 2477 3212 2554 pietas
3233 2474 3469 2531 Domini
3501 2472 3636 2528 tales
3663 2488 3741 2525 sa-

2115 2585 2271 2633 nare,
2309 2567 2407 2640 qui
2438 2568 2768 2630 animarum
2799 2566 3040 2622 vulnera
3070 2566 3659 2628 venitcurare,tamen
3687 2563 3742 2615 ut

2115 2657 2260 2712 fides
2273 2663 2329 2712 et
2351 2655 2669 2712 satisfactio
2684 2655 3088 2727 pmnitentium
3107 2672 3220 2710 non
3243 2653 3567 2710 desit.Nam
3589 2651 3740 2706 satis-

2115 2745 2359 2801 faciendi
2385 2746 2646 2801 ordinem
2670 2745 2956 2802 Dominus
2977 2744 3252 2809 ostendit,
3277 2760 3418 2799 cum
3443 2741 3672 2798 surdum
3693 2742 3741 2793 et

2115 2840 2345 2890 mutum
2372 2838 2680 2890 curaturus
2698 2850 2962 2889 seorsum
2974 2849 3107 2889 eum
3121 2836 3280 2888 extra
3295 2831 3535 2886 turbam
3551 2826 3739 2890 educit,

2116 2925 2428 2980 ostendens
2444 2923 2723 2979 nimirum
2743 2922 2881 2995 quia
2897 2922 2945 2978 si
2965 2926 3294 2995 peccatores
3316 2917 3743 2990 fructusdignos

2116 3014 2303 3070 facere
2320 3013 2784 3080 volunt,necesse
2803 3017 2891 3068 est
2905 3015 2968 3066 ut
2980 3011 3316 3066 societatem
3336 3009 3368 3063 d
3381 3021 3681 3069 azmonum,
3698 3007 3745 3057 et

2116 3103 2438 3158 tumultum
2460 3101 2755 3170 vitiorum,
2779 3105 2836 3156 et
2859 3100 3146 3158 carnalem
3177 3098 3489 3154 hominum
3512 3110 3744 3151 commu-

354 3168 669 3227 Ρεθῖτηίεῖδ
692 3189 704 3226 ε
731 3197 758 3224 α
780 3174 1042 3244 Domine,
1067 3178 1222 3235 labia
1244 3198 1373 3238 mea
1393 3164 1699 3254 aperies,et
1720 3202 1784 3240 os
1808 3203 2002 3241 meum
2035 3164 2078 3230 CI
2118 3193 2349 3249 nionem
2373 3190 2834 3250 dcserantSicut
2855 3189 3008 3246 enim
3028 3189 3312 3262 bonorum
3341 3186 3591 3242 societas
3611 3179 3743 3239 mul-

355 3262 984 3321 annuntiabitlaudem
1009 3272 1172 3326 tuam
1199 3273 1371 3337 (Psal.
1407 3272 1478 3344 ι).
1509 3296 1536 3322 ››
1568 3275 1637 3329 Et
1665 3291 1801 3330 cum
1835 3276 2003 3333 Isaia:

361 3367 387 3398 ιι
404 3349 683 3406 Dominus
696 3353 850 3409 Deus
863 3355 1023 3410 dedit
1036 3357 1179 3411 mihi
1194 3357 1454 3431 linguam
1471 3362 1756 3418 eruditam
1769 3406 1781 3429 ,
1803 3369 2007 3436 utpos—

355 3435 466 3491 sim
490 3440 782 3496 sustinere
808 3459 966 3508 eum,
997 3445 1095 3515 qui
1128 3445 1330 3518 lapsus
1362 3453 1472 3513 est,
1500 3452 1673 3507 verbo
1706 3453 1827 3524 (lsa.
1867 3435 1938 3521 ιζ).
1976 3476 2004 3502 ››

433 3547 453 3572 α
493 3527 558 3580 Et
585 3531 961 3599 praecepiteis
984 3550 1055 3587 ne
1082 3533 1172 3587 cui
1207 3537 1483 3591 dicerent.
1506 3561 1532 3586 »
1557 3541 1702 3604 Quid
1732 3543 2003 3612 est,quod

355 3612 452 3682 qui
477 3615 549 3667 ad
573 3614 681 3669 hoc
705 3615 762 3670 in
782 3620 1070 3674 mundum
1095 3628 1421 3690 ven.erat,ut
1441 3625 1720 3683 miracula
1743 3629 2005 3684 faciendo

357 3716 418 3754 se
451 3700 631 3755 Deum
661 3718 792 3759 esse
821 3708 1170 3774 ostenderet,
1219 3711 1567 3768 miraculum
1601 3732 1634 3770 a
1677 3733 1738 3771 se
1789 3718 2003 3774 factum

355 3788 645 3846 occultare
660 3791 964 3863 praecepit?
980 3794 1266 3852 Nimirum
1283 3799 1451 3854 bonis
1468 3804 1795 3876 exemplum
1816 3811 2007 3862 osten-

357 3876 460 3943 dit,
495 3881 558 3930 ut
587 3878 763 3935 etiam
797 3880 854 3935 in
889 3881 1038 3937 bono
1085 3901 1256 3956 opere
1287 3886 1518 3944 inanem
1557 3891 1803 3964 gloriam
1837 3899 1892 3950 et
1911 3896 2003 3967 ja-

356 3966 635 4022 ctantiam
664 3973 1180 4043 caveamus,juxta
1209 3977 1361 4047 quod
1397 3977 1531 4034 alibi
1564 3980 1688 4052 ipse
1719 3966 2001 4057 prtecipit,

355 4058 420 4108 ut
450 4053 738 4112 intremus
789 4058 846 4112 in
878 4060 1238 4130 cubiculum,
1272 4071 1329 4120 et
1359 4065 1558 4123 clauso
1589 4053 1737 4126 ostio
1770 4053 2004 4130 oremus

356 4143 584 4199 Patrem
618 4151 904 4203 nostrum.
939 4150 1005 4204 Et
1035 4151 1204 4207 Pater
1225 4159 1440 4223 noster,
1467 4157 1567 4228 qui
1593 4160 1750 4215 videt
1779 4162 1837 4216 in
1872 4164 2003 4219 abs-

355 4233 609 4300 condito,
646 4237 847 4294 reddet
878 4239 1066 4296 nobis.
1102 4243 1199 4298 Est
1229 4249 1422 4301 autem
1477 4247 1595 4302 haec
1627 4249 1900 4307 discretio
1944 4253 2003 4309 in

357 4320 463 4375 hac
497 4324 890 4383 taciturnitate
921 4330 1300 4399 observanda,
1337 4339 1402 4388 ut
1425 4335 1473 4389 is
1501 4337 1598 4408 qui
1625 4339 1888 4394 novellus
1918 4347 2006 4399 est

357 4409 416 4463 in
439 4415 891 4481 conversatione,
918 4435 1031 4473 non
1056 4419 1245 4475 solum
1271 4423 1343 4477 ab
1365 4424 1554 4479 officio
1578 4427 2006 4496 praedicationis

2115 3285 2241 3336 tum
2269 3282 2522 3354 adjuvat,
2548 3280 2633 3336 sic
2656 3277 2988 3334 communio
3011 3275 3332 3333 carnalium
3351 3275 3654 3340 hominum
3676 3270 3746 3369 in:

2115 3369 2302 3426 firmis
2324 3369 2618 3426 mentibus
2641 3367 2960 3440 plurimum
2975 3370 3161 3426 nocet.
3178 3370 3324 3422 teste
3336 3364 3743 3431 Psalmistaqui

2114 3458 2230 3514 ait:
2269 3481 2296 3506 ‹‹
2328 3458 2473 3513 Cum
2515 3463 2716 3513 sancto
2748 3460 2986 3516 sanctus
3026 3456 3166 3538 eris,
3195 3458 3251 3510 et
3280 3471 3420 3510 cum
3455 3453 3572 3509 viro
3598 3452 3742 3505 inno-

2115 3551 2279 3602 cente
2342 3547 2622 3602 innocens
2673 3545 2788 3601 eris
2847 3547 2960 3616 (Ps.
2993 3545 3150 3616 xvu).
3189 3567 3215 3592 ››
3269 3544 3339 3599 Et
3387 3559 3526 3598 cum
3584 3540 3742 3596 electo

2115 3636 2331 3692 electus
2362 3637 2499 3703 eris,
2545 3639 2603 3691 et
2643 3651 2774 3690 cum
2821 3650 3088 3706 perverso
3142 3633 3483 3716 perveteris.
3517 3631 3583 3686 Et
3611 3629 3746 3686 sicut

2115 3725 2385 3781 Salomon
2406 3726 2503 3780 ait:
2531 3747 2559 3773 «
2575 3724 2827 3790 Quicum
2844 3722 3209 3795 sapientibus
3221 3720 3511 3795 graditur,
3536 3717 3744 3790 sapiens

2114 3814 2240 3869 erit.
2265 3815 2502 3870 Amicus
2515 3811 2829 3876 stultorum
2852 3812 3103 3867 efficitur
3124 3809 3335 3866 similis
3356 3811 3543 3878 (Prom.
3567 3806 3695 3876 xm).
3722 3827 3743 3851 η

2115 3903 2276 3959 Unde
2308 3907 2363 3958 et
2397 3904 2521 3976 ipse
2539 3901 2677 3957 alibi
2709 3918 2814 3956 nos
2845 3901 3140 3965 admonet,
3161 3900 3393 3955 dicens:
3425 3922 3452 3948 ‹‹
3482 3896 3604 3954 Noli
3633 3910 3745 3950 esse

2115 3995 2341 4048 amicus
2364 3992 2586 4048 homini
2610 3991 2907 4058 iracundo,
2933 4005 3037 4044 nec
3060 3989 3326 4044 ambules
3351 4005 3492 4044 cum
3520 3986 3635 4041 viro
3662 3983 3743 4039 fu-

2114 4083 2367 4149 rioso,ne
2381 4080 2720 4137 fortediscas
2734 4079 2974 4134 semitas
2984 4079 3413 4150 ejus,etsumas
3425 4073 3744 4133 scandalum

2113 4170 2322 4226 animm
2344 4172 2644 4242 tuze(Pro-v.
2669 4172 2826 4236 χχιι).
2857 4190 2882 4215 n
2907 4157 3080 4234 Quasi
3096 4167 3250 4222 enim
3264 4165 3552 4221 Dominus
3568 4159 3745 4218 fideles

2116 4276 2254 4315 suos
2277 4257 2619 4330 spiritaliter
2636 4256 2708 4311 ab
2730 4255 3057 4311 infidelium
3081 4255 3256 4310 turba
3285 4254 3612 4326 separabat,
3627 4263 3744 4304 cum

2115 4346 2439 4420 perlsaiam
2453 4345 2699 4400 dicebat:
2718 4344 2912 4399 «Exite
2923 4344 2994 4399 de
3008 4343 3197 4399 medio
3211 4353 3413 4399 eorum
3425 4341 3744 4408 ,etimmun-

2115 4436 2253 4490 dum
2280 4451 2350 4489 ne
2373 4431 2681 4504 tetigeritis
2713 4434 2841 4503 (Im.
2868 4433 3030 4503 1.11).»
3054 4431 3293 4487 Perfecti
3329 4431 3387 4485 in
3427 4429 3611 4486 medio
3635 4441 3744 4498 pra-

357 4502 670 4564 cesset,sed
695 4502 870 4558 etiam
895 4522 1002 4561 sua
1028 4507 1176 4562 bona
1198 4525 1371 4580 opera
1393 4512 1466 4565 ab
1484 4513 1734 4570 aliorum
1758 4520 2004 4590 aspecti-
2037 4530 2085 4595 ι)
2115 4540 2318 4578 vorum
2351 4520 2545 4594 positi,
2578 4537 2841 4577 seorsum
2879 4525 3134 4588 manent,
3165 4521 3305 4576 dum
3337 4536 3538 4576 eorum
3571 4513 3743 4590 pravis

355 4586 468 4641 bus
489 4587 1130 4658 abscondat,nesciente
1147 4596 1385 4654 sinistra
1407 4617 1515 4655 sua
1527 4602 1664 4672 quid
1683 4586 1855 4660 faciat
1877 4607 2008 4662 dex-

354 4678 480 4731 tera
511 4693 636 4744 sua,
662 4695 734 4734 ne
766 4681 908 4736 forte
935 4683 1188 4739 radicem
1220 4686 1613 4760 cordis,quam
1639 4694 2006 4763 profunditas

356 4769 521 4821 terra;
554 4770 815 4825 nondum
845 4771 1069 4828 fortiter
1097 4772 1320 4845 ligavit,
1351 4783 1560 4852 ventus
1587 4780 1854 4841 elationis
1879 4801 2006 4841 era-

357 4853 530 4911 dicet.
564 4857 670 4921 Qui
703 4863 900 4915 autcm
953 4861 1232 4918 diuturna
1260 4867 1694 4925 conversatione
1725 4873 2004 4943 probatus

355 4948 463 5007 est,
498 4963 608 4999 non
645 4946 836 5004 solum
868 4947 926 5004 in
961 4951 1368 5021 praedicatione
1400 4958 1677 5027 proﬁcere
1707 4959 2004 5028 debet,sed

356 5031 528 5085 etiam
555 5035 1098 5109 exemplo,implens
1120 5043 1272 5111 quod
1291 5042 1574 5101 Dominus
1588 5046 1724 5104 alibi
1741 5049 1822 5105 ait
1838 5053 2004 5107 :«Lu-

357 5123 482 5172 ceat
509 5118 605 5173 lux
634 5127 826 5178 vestra
852 5142 1045 5181 coram
1081 5128 1442 5197 hominibus,
1467 5138 1532 5188 ut
1559 5135 1793 5192 videant
1812 5145 2007 5196 vestra

359 5205 510 5261 bona
529 5215 788 5278 opera.et
808 5211 1132 5281 glorificent
1145 5218 1370 5274 Patrem
1383 5227 1640 5278 vestrum
1656 5225 1828 5295 quiin
1845 5229 2004 5284 cos-lis

356 5298 440 5348 est
469 5295 672 5364 (Matth.
691 5301 768 5363 v).
795 5324 814 5349 ι›
827 5301 988 5364 Quod
1005 5308 1318 5376 utrumque
1333 5309 1610 5366 Dominus
1624 5329 1730 5368 suo
1743 5317 2003 5389 exemplo

354 5383 869 5456 ostendit,quando
894 5391 1165 5461 praecepit
1189 5394 1316 5450 uni:
1343 5398 1561 5454 nemini
1586 5383 2001 5470 dixeris,alt-eri

351 5489 484 5527 vero
499 5473 605 5528 ait:
633 5473 833 5530 «Vade
855 5477 912 5531 in
936 5478 1226 5537 civitatem
1251 5486 1322 5539 ad
1342 5490 1494 5552 tuos,
1510 5494 1565 5543 et
1582 5493 1867 5550 annuntia
1889 5493 2003 5550 illis

354 5567 572 5634 quanta
605 5564 706 5618 tibi
741 5565 941 5622 fecerit
972 5567 1123 5625 Dcus
1156 5571 1339 5629 (Marc.
1374 5592 1390 5628 ι
1423 5585 1474 5631 (ιι
1503 5577 1578 5636 vl.
1608 5600 1636 5626 ν

2117 4612 2392 4684 operibus
2441 4627 2547 4666 nec
2577 4611 2748 4665 corde
2799 4610 3191 4675 consentiunt,
3228 4625 3333 4663 nec
3366 4626 3465 4665 ore
3496 4606 3740 4680 parcunt.

2118 4699 2357 4767 Qualem
2391 4698 2843 4755 sollicitudinem
2867 4698 3121 4753 habebat
3137 4697 3254 4764 ille,
3277 4698 3376 4770 qui
3398 4697 3458 4753 in
3481 4692 3741 4752 sollicitu-

2115 4790 2250 4844 dine
2280 4787 2456 4860 regali
2479 4787 2727 4860 positus,
2754 4787 2945 4842 aiebat
2964 4804 2976 4840 :
2995 4787 3178 4850 «Quis
3195 4787 3358 4844 dabit
3373 4784 3518 4841 mihi
3542 4797 3743 4856 pennas

2115 4877 2268 4935 sicut
2289 4877 2657 4944 columbae,et
2675 4875 2881 4931 volabo
2907 4881 2963 4932 et
2993 4875 3401 4948 requiescam?
3430 4876 3571 4930 Ecce
3599 4871 3741 4927 elon-

2114 4967 2242 5040 gavi
2268 4965 2521 5039 fugiens,
2545 4969 2600 5021 et
2621 4964 2809 5021 mansi
2833 4963 2891 5019 in
2915 4963 3232 5020 solitudine
3253 4965 3425 5033 (Psal.
3451 4965 3611 5032 LW).»
3643 4955 3740 5055 sed

2115 5056 2253 5128 quia
2282 5054 2480 5110 nullus
2513 5053 2749 5127 dignam
2785 5053 3186 5126 poenitentiam
3209 5070 3376 5127 agere
3399 5055 3609 5126 potest,
3643 5053 3740 5102 nisi

2115 5145 2371 5218 Spiritus
2393 5142 2580 5200 sancti
2602 5142 2790 5215 gratia
2803 5160 2900 5198 cor
2921 5144 3048 5214 ejus
3071 5143 3142 5233 ad
3166 5141 3562 5233 pmnitendum
3585 5132 3742 5233 emol-

2114 5233 2236 5299 liat,
2261 5237 2412 5289 recte
2433 5233 2736 5288 subditur:
2766 5255 2794 5281 ‹‹
2820 5231 2979 5287 Misit
2994 5231 3210 5305 digitos
3237 5248 3374 5287 suos
3393 5228 3672 5286 Dominus
3691 5228 3740 5317 in

2115 5321 2493 5389 auriculas,et
2512 5337 2804 5393 exspuens
2835 5319 3027 5392 tetigit
3054 5319 3317 5394 linguam
3348 5320 3495 5390 ejus.
3523 5337 3549 5365 »
3582 5317 3738 5379 Quasn

2114 5410 2270 5466 enim
2290 5410 2583 5466 Dominus
2600 5408 2815 5480 digitos
2829 5424 2968 5464 suos
2991 5408 3046 5463 in
3063 5408 3358 5464 auriculas
3389 5405 3551 5461 surdi
3573 5399 3740 5466 misit,

2114 5500 2347 5570 quando
2370 5515 2473 5571 per
2483 5499 2748 5554 ardorem
2764 5497 3019 5568 Spiritus
3035 5497 3219 5586 sancti
3239 5515 3337 5553 cor
3353 5486 3736 5586 peccatoris

2114 5588 2512 5660 pmnitentiam
2543 5586 2804 5643 emollit:
2830 5608 2858 5635 «
2881 5587 3028 5650 Quia
3058 5591 3121 5642 ut
3151 5585 3231 5642 ait
3258 5581 3584 5659 Apostolus,
3609 5575 3736 5650 quid
