4050 6174
257 296 378 361 669

1493 297 1847 362 HOMILIIE
1887 297 1989 359 DE
2031 296 2430 360 TEMPORE.

3549 297 3676 360 .670

255 449 490 489 oremus
521 429 676 489 sicut
706 436 954 506 oportet,
986 432 1283 490 nescimus
1316 449 1329 489 :
1365 434 1465 490 sed
1500 434 1623 506 ipse
1654 432 1908 506 Spiritus

2039 432 2488 504 spondit,dieens
2504 449 2516 486 :
2534 458 2559 483 ‹‹
2579 433 2790 489 Beatus
2801 430 3089 499 es,Simon
3109 431 3519 505 Barjona,quia
3540 450 3672 489 caro

254 521 513 594 postulat
542 538 646 594 pro
680 522 1192 594 nobisgemitibus
1218 523 1712 579 inenarrabilibus
1735 525 1910 596 (Rom.

253 616 396 679 ml).
434 634 460 658 ››
491 610 666 675 Quasi
698 613 855 667 enim
889 617 1063 684 sputo
1087 612 1348 684 linguam
1373 612 1520 667 muti
1547 613 1754 685 tangit,
1775 629 1911 667 cum

253 716 525 773 saporem
554 700 764 755 divinas
795 700 1095 772 sapientiae
1129 718 1228 756 cor
1261 701 1580 774 peccatoris
1619 689 1908 773 degustat.

250 792 554 854 Quantum
574 794 769 844 autem
796 791 1076 845 Dominus
1099 806 1235 863 erga
1258 808 1564 846 conversos
1584 795 1912 862 peccatores

252 878 593 934 misericors
623 879 852 944 existat,
886 879 1296 936 manifestatur
1335 897 1468 934 cum
1501 880 1864 935 subinfertur
1897 895 1909 934 :

251 990 279 1016 ‹‹
317 969 392 1023 Et
423 968 620 1023 statim
654 973 867 1039 apertae
899 974 1039 1022 sunt
1071 986 1241 1024 aures
1274 969 1422 1040 ejus,
1448 974 1504 1024 et
1535 968 1792 1024 solutum
1825 973 1916 1024 est

247 1055 559 1112 vinculum
582 1056 793 1129 linguae
817 1057 964 1128 ejus,
985 1062 1042 1113 et
1062 1056 1410 1128 loquebatur
1431 1063 1600 1114 recte.
1623 1081 1652 1107 »
1674 1058 1911 1112 Nullum

249 1145 414 1201 enim
435 1150 737 1217 peccatum
757 1151 878 1200 tam
898 1162 1178 1218 magnum
1191 1152 1299 1212 est,
1317 1148 1472 1218 quod
1488 1147 1912 1203 medicamento

249 1235 616 1306 poenitentiae
635 1235 831 1291 sanari
852 1252 964 1290 non
988 1234 1187 1306 possit.
1203 1237 1325 1291 Non
1344 1237 1502 1291 enim
1523 1237 1803 1292 mentitur
1819 1236 1916 1292 ille

248 1324 356 1394 qui
377 1324 494 1379 ait:
517 1347 544 1373 ‹‹
564 1323 702 1378 Vivo
719 1340 846 1394 ego,
868 1323 1008 1379 dicit
1025 1324 1338 1388 Dominus;
1365 1325 1498 1380 nolo
1522 1329 1766 1381 mortem
1792 1341 1915 1396 pec-

247 1411 496 1479 catoris,
522 1413 623 1468 sed
651 1417 715 1466 ut
737 1416 1106 1468 convertatur
1129 1418 1186 1469 et
1205 1413 1377 1469 vivat.
1407 1437 1426 1461 η
1456 1415 1524 1469 Et
1548 1431 1559 1469 ε
1589 1436 1616 1464 ‹‹
1646 1413 1916 1470 Peccator

247 1501 308 1556 in
331 1517 690 1573 quacunque
707 1501 800 1557 die
822 1518 1140 1558 conversus
1156 1502 1328 1558 fuerit
1343 1508 1400 1558 et
1419 1503 1915 1574 ingemuerit,om-

249 1591 355 1646 nia
379 1594 616 1662 peccata
645 1591 773 1661 ejus
804 1590 1077 1646 oblivioni
1106 1593 1429 1647 tradentur.
1457 1614 1485 1641 ››
1515 1593 1685 1647 Recte
1717 1597 1913 1647 autem

246 1683 392 1752 post.
414 1677 776 1735 curationem
791 1679 1356 1752 .peccatorloquitur,
1373 1682 1605 1752 quando
1628 1680 1911 1752 linguam,

246 1785 388 1840 quae
419 1766 698 1823 conviciis
731 1773 786 1823 et
815 1768 1276 1824 detractionibus
1306 1773 1570 1825 tortuosa
1600 1771 1806 1836 fuerat,
1842 1770 1911 1824 ad
1949 1804 1994 1868 Β

243 1857 627 1914 laudandum
650 1857 832 1912 Deum
857 1861 912 1912 et
933 1857 1357 1912 exhortandum
1397 1859 1729 1930 proximum
1753 1876 1916 1913 corn-

246 1947 592 2002 mutat.Sed
621 1947 756 2018 quia
789 1952 920 2018 post
951 1945 1244 2018 publicam
1273 1947 1670 2018 pcenitcntinm
1705 1948 1917 2019 aliquis

246 2054 374 2092 non
395 2036 600 2091 statim
621 2037 691 2091 ad
711 2036 1144 2108 praedicandum
1165 2037 1397 2108 prodire
1413 2037 1604 2102 debet,
1621 2038 1765 2092 bene
1783 2037 1922 2092 dici-

245 2131 391 2179 tur:
424 2148 452 2172 ‹‹
480 2125 547 2179 Et
569 2126 839 2196 praecepit
859 2123 977 2180 illis
1005 2142 1074 2181 ne
1097 2125 1191 2180 cui
1217 2126 1496 2182 dicerent.
1521 2148 1547 2174 ››
1572 2127 1740 2182 Prius
1761 2127 1919 2182 enim

243 2215 652 2284 semetipsum
672 2230 875 2269 curare
893 2214 1082 2281 debet,
1099 2215 1198 2286 qui
1217 2214 1408 2270 aliena
1423 2215 1660 2271 vulnera
1677 2216 1798 2270 vult
1815 2220 1923 2271 ter-

244 2319 415 2375 gere.
457 2301 620 2357 Unde
648 2301 981 2373 Apostolus,
1003 2320 1135 2358 cum
1166 2304 1237 2358 de
1268 2304 1610 2359 ordinandis
1635 2304 1921 2360 ministris

245 2391 537 2447 Ecclesiae
569 2390 922 2463 loqueretur,
951 2391 1033 2446 ait
1062 2408 1074 2445 :
1125 2415 1151 2442 «
1184 2393 1306 2447 Non
1342 2410 1526 2465 nuper
1554 2411 1920 2458 conversum,

247 2498 374 2536 nan
414 2479 884 2551 neophytum,ne
907 2480 1051 2536 forte
1083 2480 1272 2536 elatus
1305 2483 1362 2536 in
1387 2481 1680 2552 judicium
1704 2481 1924 2538 incidat

247 2565 486 2624 diaboli
513 2566 560 2633 (Ι
591 2568 722 2620 Tim.
752 2566 892 2636 vm).
924 2590 950 2614 ››
973 2569 1154 2633 Quem
1181 2573 1376 2624 autem
1399 2568 1758 2625 diuturnitas
1781 2575 1924 2625 tem-

249 2656 426 2730 poris
458 2660 519 2710 et
550 2655 822 2727 perfectio
870 2656 1224 2728 paenitentia:
1268 2657 1541 2713 idoneum
1592 2658 1801 2724 reddit,
1853 2659 1924 2714 de

252 2745 432 2801 fovea
457 2743 678 2816 peccati
705 2744 877 2800 etiam
903 2743 1050 2800 alios
1071 2746 1372 2803 extrahre
1402 2747 1759 2817 debet,juxta
1779 2747 1923 2802 illud

254 2834 428 2906 quod
463 2833 524 2887 in
555 2832 900 2906 Apocalypsi
932 2834 1175 2890 dicitur:
1207 2835 1357 2901 «Qui
1389 2836 1572 2904 audit,
1593 2835 1766 2900 dicat,
1781 2835 1926 2891 Veni

255 2925 456 2994 (Apoc.
483 2923 645 2991 xxu).
671 2943 698 2971 »
724 2921 887 2978 Unde
907 2927 965 2978 et
990 2923 1136 2978 bene
1156 2923 1372 2980 dicitur
1395 2941 1406 2978 :
1433 2950 1458 2975 ‹‹
1486 2927 1710 2990 Quanto
1731 2929 1926 2981 autem

255 3013 346 3068 eis
380 3009 776 3082 praecipiebat,
794 3015 955 3067 tanto
978 3013 1166 3085 magis
1190 3012 1323 3085 plus
1355 3013 1766 3085 prazdicabant,
1787 3018 1844 3070 et
1862 3031 1928 3069 eo

256 3097 536 3171 amplius
569 3099 1012 3155 admirabantur
1041 3101 1333 3157 dicentes:
1369 3103 1518 3157 Bene
1548 3103 1746 3158 omnia
1774 3102 1926 3169 fecit,

255 3193 314 3242 et
348 3187 574 3243 surdos
606 3187 741 3243 fecit
771 3188 991 3260 audire,
1025 3194 1080 3244 et
1110 3194 1306 3248 mutos
1337 3190 1514 3262 loqui.
1552 3215 1578 3239 ››

829 3295 1133 3351 HOMILIA
1173 3297 1378 3352 CXXV.

384 3381 671 3421 DOMINICA
710 3382 922 3421 DECIMA
961 3384 1182 3430 QUARTA
1225 3385 1362 3424 POS'I‘
1401 3385 1810 3426 PENTECOSTEN.

326 3456 512 3521 (Luc.
545 3453 624 3523 χ.)
658 3477 684 3503 ‹‹
722 3454 784 3508 ln
818 3453 914 3511 illo
942 3459 1202 3528 tempore
1230 3457 1373 3512 dixit
1403 3458 1578 3513 Jesus
1625 3456 1930 3528 discipulis

261 3565 283 3591 ι
320 3542 462 3599 suis
491 3559 503 3596 :
532 3543 689 3598 Beati
714 3543 866 3602 oculi
891 3543 990 3615 qui
1019 3545 1219 3600 vident
1250 3563 1376 3617 qua:
1407 3563 1507 3602 vos
1537 3547 1766 3602 videtis.
1807 3570 1832 3595 n
1864 3548 1934 3602 Et

258 3633 526 3703 reliqua.
560 3631 622 3686 In
655 3631 886 3687 exordio
919 3632 1098 3703 hujus
1130 3633 1393 3690 lectionis
1425 3635 1722 3708 quaeritur,
1755 3650 1934 3707 quare

259 3717 566 3774 Domi-nus
597 3716 796 3773 oculos
829 3734 889 3774 se
931 3719 1252 3776 videntium
1304 3722 1611 3778 beatiﬁcet.
1656 3723 1931 3794 Nunquid

261 3823 484 3862 omnes
519 3805 670 3861 oculi
706 3806 858 3863 beati
890 3809 1148 3875 fuerunt,
1169 3808 1267 3880 qui
1293 3827 1425 3865 eum
1455 3811 1829 3883 corporaliter
1859 3809 1936 3864 vi-

261 3897 409 3951 dere
447 3885 811 3966 potuerunt?
843 3897 1117 3968 Nunquid
1153 3898 1301 3953 beati
1334 3899 1482 3954 oculi
1519 3899 1686 3955 Pilati
1718 3904 1774 3955 et
1802 3899 1934 3955 Cai—

264 3985 431 4056 phae,
466 3989 525 4039 et
557 3989 893 4040 ceterorum
928 3985 1027 4057 qui
1059 4003 1192 4041 eum
1224 3986 1496 4042 viderunt
1543 3993 1599 4044 et
1630 3989 1932 4045 crucifixe-

266 4077 418 4128 runt
440 4071 468 4126 ‘I
498 4075 610 4127 Aut
642 4073 907 4145 nunquid
939 4073 1089 4130 oculi
1122 4075 1286 4131 Judze
1318 4076 1490 4142 beati,
1513 4077 1612 4148 qui
1635 4094 1770 4132 eum
1792 4079 1939 4133 vidit

264 4169 322 4217 et
346 4161 642 4217 tradidit?
661 4162 806 4218 Non.
826 4162 1096 4235 Alioquin
1115 4169 1171 4220 et
1191 4165 1344 4219 oculi
1366 4165 1687 4221 bestiarum
1709 4171 1765 4222 et
1784 4167 1938 4222 volu-

265 4268 448 4307 crum
481 4251 632 4306 beati
667 4268 794 4307 esse
826 4257 1084 4324 possent.
1138 4254 1246 4309 Sed
1301 4255 1501 4309 beatos
1551 4255 1691 4310 dicit
1737 4255 1936 4311 oculos

267 4338 706 4411 apostolorum,
728 4340 942 4411 quibus
965 4359 1026 4397 se
1047 4347 1103 4397 et
1124 4342 1348 4398 Patrem
1382 4344 1631 4399 revelare
1662 4344 1938 4417 dignatus

267 4434 386 4495 est,
425 4445 532 4500 pro
564 4429 779 4500 quibus
809 4430 1080 4502 superius
1113 4432 1338 4488 Patrem
1371 4433 1814 4505 glorificaverat,
1847 4433 1937 4488 di-

1959 3171 2002 3238 C

2023 528 2080 578 et
2102 523 2344 595 sanguis
2368 539 2482 578 non
2509 522 2776 579 revelavit
2796 521 2922 587 tibi,
2947 522 3044 576 sed
3080 522 3246 576 Pater
3279 537 3444 577 meus
3465 524 3564 593 qui
3587 527 3676 578 est

2024 613 2083 668 in
2110 612 2691 684 coelis(lbc'd.).Neque
2714 611 2822 667 hac
2853 609 3213 668 beatitudine
3246 609 3674 676 fraudabimur,

2024 703 2124 774 qui
2158 702 2215 756 in
2249 720 2382 757 eum
2416 701 2795 774 corporaliter
2825 718 2936 756 non
2970 700 3319 765 vidimus,et
3346 704 3538 754 tamen
3565 700 3678 770 spi-

2024 791 2268 846 ritaliter
2299 791 2612 856 credimus,
2656 791 2807 845 sicut
2854 788 3087 844 cuidam
3140 805 3200 843 se
3229 787 3446 842 videnti
3480 787 3628 841 dixit
3661 805 3672 842 :

2027 881 2221 945 «Quia
2242 879 2436 936 vidisti
2461 897 2572 946 me,
2589 877 2918 934 credidisti:
2941 877 3093 932 beati
3115 878 3215 948 qui
3240 893 3356 932 non
3385 875 3676 942 viderunt,

2024 975 2082 1026 et
2112 970 2485 1025 crediderunt
2513 972 2691 1035 (Joan.
2730 968 2845 1038 xx).
2886 989 2911 1015 η

2101 1083 2122 1108 ι
2163 1060 2294 1114 Dico
2321 1059 2477 1115 enim
2500 1057 2684 1118 vobis.
2710 1057 2862 1129 quod
2897 1055 3066 1111 multi
3102 1073 3263 1128 reges
3295 1058 3350 1110 et
3381 1055 3676 1126 prophetm

2029 1171 2050 1199 ι
2085 1149 2394 1204 voluerunt
2421 1147 2612 1203 videre
2643 1165 2770 1218 qua:
2797 1164 2898 1200 vos
2920 1145 3148 1211 videtis,
3168 1149 3225 1200 et
3247 1161 3361 1200 non
3383 1143 3674 1210 viderunt,

2025 1263 2051 1287 «
2086 1243 2142 1293 ct
2172 1238 2374 1293 audire
2402 1255 2528 1308 quae
2560 1236 2796 1302 auditis,
2833 1240 2888 1290 et
2918 1251 3033 1289 non
3063 1233 3392 1289 audierunt.
3433 1255 3458 1280 ››
3493 1232 3552 1288 Si
3589 1249 3678 1288 re-

2023 1345 2124 1399 ges
2149 1329 2317 1398 juxta
2345 1326 2600 1384 litteram
2634 1325 2975 1396 accipimus,
3009 1339 3324 1396 agnoscere
3353 1336 3680 1393 possumus

2025 1418 2162 1490 quia
2193 1417 2377 1472 sancti
2411 1433 2594 1488 reges,
2616 1415 2809 1486 qualis
2843 1414 2951 1468 fuit
2972 1413 3173 1477 David,
3203 1410 3476 1466 Ezechias
3504 1413 3562 1465 et
3581 1410 3677 1464 Jo-

2025 1507 2161 1572 sias,
2195 1505 2502 1562 voluerunt
2531 1505 2724 1559 videre
2767 1503 2919 1575 quod
2951 1500 3196 1573 apostoli
3246 1499 3540 1568 videbant,
3575 1499 3676 1554 sed

2026 1613 2139 1651 non
2173 1596 2458 1650 viderunt.
2493 1595 2604 1649 Sed
2637 1592 2773 1664 quia
2797 1610 2895 1647 rex
2926 1609 2958 1646 a
2990 1591 3241 1663 regendo
3276 1606 3484 1645 nomen
3518 1604 3678 1643 acce-

2024 1686 2128 1756 pit,
2163 1683 2503 1758 spiritaliter
2531 1699 2630 1738 eos
2662 1699 2826 1753 reges
2875 1679 3229 1751 accepimus,
3262 1678 3361 1749 qui
3409 1677 3680 1749 quamvis

2025 1775 2144 1829 sint
2175 1776 2514 1844 paupertate
2545 1776 2768 1838 tenues,
2785 1773 2980 1823 tamen
3011 1771 3175 1822 actus
3208 1783 3346 1821 suos
3378 1769 3435 1820 et
3465 1764 3683 1836 cogita-

2026 1863 2388 1932 tionesjuste
2411 1876 2606 1933 regere
2628 1864 2686 1914 et
2705 1858 3014 1928 disponere
3037 1858 3339 1911 noverunt.
3361 1855 3440 1910 De
3463 1852 3679 1925 quibus

2028 1969 2131 2025 per
2160 1951 2530 2007 Salomonem
2561 1947 2777 2003 dicitur
2810 1963 2821 2002 :
2857 1971 2882 1994 ‹‹
2918 1946 3028 2000 Cor
3059 1945 3212 2016 regis
3256 1943 3313 1997 in
3357 1959 3536 1996 manu
3570 1942 3680 1996 Do-

2030 2041 2170 2096 mini
2205 2042 2385 2110 (Prov.
2421 2043 2558 2105 xxl).
2587 2061 2613 2086 »
2646 2036 2808 2092 Unde
2838 2035 2984 2090 bene
3017 2032 3166 2088 alius
3197 2029 3555 2102 evangelista
3577 2046 3681 2101 pro

2030 2131 2266 2203 regibus
2291 2130 2486 2200 justos
2519 2126 2732 2199 posuit,
2767 2124 3003 2179 dicens:
3029 2145 3055 2170 «
3090 2120 3258 2176 Multi
3284 2118 3432 2191 justi
3465 2122 3522 2174 et
3545 2134 3680 2188 pro—

2031 2219 2214 2292 pheta:
2235 2216 2544 2272 voluerunt
2566 2215 2759 2270 videre
2781 2230 2908 2285 quae
2930 2229 3032 2268 vos
3051 2210 3283 2274 videtis,
3310 2213 3367 2263 et
3388 2223 3501 2262 non
3525 2205 3683 2262 vide-

2031 2313 2168 2364 runt
2190 2307 2408 2379 (Matth.
2430 2306 2574 2375 xm).
2597 2327 2623 2354 »δ
2649 2305 2812 2360 Sicut
2833 2302 2988 2357 enim
3013 2299 3229 2356 amittit
3252 2298 3470 2370 regiam
3494 2302 3683 2368 potes-

2029 2402 2231 2462 tatem,
2256 2395 2355 2467 qui
2379 2395 2746 2468 tyrannidem
2766 2406 3170 2456 cxercens,nec
3188 2403 3396 2454 se,uec
3417 2385 3530 2441 sibi
3551 2385 3685 2441 sub-

2023 2489 2214 2558 jectos
2242 2500 2436 2557 regere
2470 2482 2625 2539 novit
2651 2498 2663 2536 :
2689 2482 2770 2538 sic
2803 2497 3024 2554 pauper
3053 2483 3109 2534 et
3138 2477 3385 2549 exiguus
3407 2475 3560 2547 regis
3583 2491 3683 2529 no-

2035 2577 2192 2632 mine
2221 2579 2509 2640 censetur,
2536 2573 2635 2644 qui
2658 2573 2917 2643 seipsum
2943 2585 3138 2641 regere
3160 2567 3319 2622 novit
3339 2566 3502 2621 bene.
3523 2562 3684 2627 Quod

2034 2667 2385 2722 Fortunatus
2408 2662 2657 2718 breviter
2675 2658 2960 2716 versiculo
2978 2653 3650 2728 comprehendit,dicens
3671 2667 3684 2706 :

2233 2753 2440 2815 Pauper
2466 2751 2520 2800 in
2550 2749 2756 2801 occulto
2786 2750 2990 2812 regnat,
3022 2743 3273 2794 habendo
3303 2745 3484 2792 Deum.

2036 2833 2148 2890 Sed
2183 2833 2464 2905 quaeritur
2495 2847 2674 2903 quare
2716 2827 2999 2884 Dominus
3027 2824 3181 2880 dicat
3211 2840 3224 2877 :
3262 2846 3289 2872 «
3325 2821 3488 2877 Multi
3520 2835 3687 2890 reges

2036 2928 2095 2979 et
2124 2921 2417 2995 prophetae
2439 2919 2747 2975 voluerunt
2768 2917 2961 2970 videre
2986 2931 3115 2986 quae
3135 2929 3236 2968 vos
3259 2909 3550 2974 videtis,et
3570 2924 3684 2963 non

2018 3011 2327 3080 viderunt,
2351 3014 2408 3065 et
2438 3008 2642 3064 audire
2670 3023 2797 3078 quae
2829 3003 3065 3066 auditis,
3087 3007 3278 3058 etnon
3301 2998 3631 3061 aud—ierunt,
3658 3019 3685 3045 »ι

2039 3117 2172 3156 cum
2225 3099 2402 3155 Jacob
2435 3095 2765 3170 patriarcha
2795 3093 2952 3150 dicat
2984 3111 2996 3148 :
3039 3116 3065 3141 ‹‹
3096 3089 3227 3145 Vidi
3258 3087 3570 3144 Dominum
3605 3086 3686 3140 fas

2039 3189 2123 3246 cie
2155 3190 2227 3245 ad
2260 3189 2486 3253 faciem,
2534 3191 2590 3240 et
2637 3183 2796 3242 salva
2848 3184 2999 3238 facta
3025 3184 3114 3236 est
3144 3180 3344 3235 anima
3371 3194 3504 3232 mea
3533 3176 3685 3247 (Gen.

2038 3277 2230 3347 xxxn).
2259 3298 2287 3325 ››
2313 3277 2378 3330 Et
2400 3273 2580 3329 Isaias
2605 3291 2616 3328 :
2645 3270 2824 3326 «Vidi
2849 3268 3166 3326 Dominum
3192 3267 3492 3322 sedentem
3516 3279 3692 3334 super

2040 3364 2251 3420 solium
2295 3362 2587 3418 excelsum
2637 3367 2693 3416 et
2747 3359 3033 3416 elevatum
3083 3358 3213 3427 (lsa.
3252 3355 3352 3425 v1).
3387 3375 3415 3402 »
3451 3353 3517 3406 Et
3565 3350 3692 3423 ipse

2039 3453 2281 3511 Abrahae
2313 3451 2714 3506 testimonium
2737 3447 3055 3520 perhibeat,
3081 3444 3280 3499 dicens
3306 3460 3318 3496 :
3349 3466 3368 3491 ι
3396 3439 3687 3496 Abraham

2039 3549 2206 3616 pater
2235 3546 2425 3597 vester
2453 3537 2761 3596 exsultavit
2787 3541 2851 3591 ut
2879 3536 3099 3590 videret
3129 3532 3282 3588 diem
3316 3528 3695 3594 meum,vidit

2042 3638 2097 3688 et
2123 3630 2358 3705 gavisus
2389 3634 2478 3684 est
2534 3633 2719 3698 (Joan.
2752 3629 2893 3695 VIII).
2928 3646 2955 3674 η
2992 3623 3102 3679 Sed
3134 3621 3205 3676 ad
3236 3620 3346 3674 hoc
3377 3617 3691 3672 dicendum

2043 3726 2153 3787 est,
2189 3720 2328 3793 quia
2355 3719 2512 3775 aliud
2545 3722 2634 3773 est
2665 3718 2870 3789 figura,
2904 3719 2963 3770 et
2998 3712 3155 3767 aliud
3183 3709 3313 3782 ipsa
3343 3724 3436 3763 res
3466 3723 3594 3778 qua
3627 3705 3692 3760 fi-

2043 3816 2285 3883 guratur
2317 3825 2330 3864 :
2364 3808 2520 3864 aliud
2555 3805 2883 3879 speculum,
2929 3808 2986 3858 et
3017 3801 3175 3856 aliud
3207 3797 3448 3872 species.
3499 3794 3694 3850 Sancti

2045 3916 2180 3972 ergo
2214 3898 2505 3971 propheta:
2537 3913 2638 3967 per
2667 3894 2952 3967 Spiritum
2975 3894 3245 3946 sanctum
3270 3887 3326 3942 in
3351 3901 3523 3942 carne
3550 3901 3694 3956 prae-

2043 3988 2315 4043 viderunt
2343 3987 2526 4040 Deum
2579 3984 2864 4048 futurum,
2917 3981 3018 4035 sed
3072 3976 3448 4050 corporaliter
3493 3989 3692 4028 secum

2045 4079 2505 4138 conversantem,
2540 4071 2989 4142 colloquentem,
3041 4069 3499 4128 convescentem,
3547 4061 3698 4115 sicut

2046 4163 2291 4235 apostoli
2314 4161 2605 4227 videbant,
2621 4159 2812 4213 videre
2829 4151 3430 4218 desideraverunt,sed
3454 4149 3697 4203 minime

2046 4252 2332 4307 viderunt.
2361 4251 2429 4303 Et
2460 4249 2586 4302 ideo
2619 4248 2688 4302 de
2719 4243 3028 4318 praesentia
3059 4259 3168 4297 sua
3195 4237 3479 4310 corporali
3512 4235 3692 4290 dixit:

2049 4365 2075 4390 ‹‹
2109 4340 2272 4396 Multi
2309 4354 2470 4410 reges
2503 4342 2559 4392 et
2584 4335 2874 4407 propheta:
2897 4331 3203 4387 voluerunt
3230 4328 3424 4382 videre
3445 4342 3571 4396 qua:
3594 4340 3696 4378 vos

2046 4429 2272 4496 videtis,
2308 4432 2366 4483 et
2397 4444 2510 4483 non
2542 4426 2832 4480 viderunt.
2869 4443 2896 4470 »
2948 4421 3094 4476 Nam
3148 4421 3436 4490 quantum
3470 4412 3694 4482 antiqui

269 4534 420 4572 cens
450 4533 461 4568 :
503 4537 524 4563 α
559 4516 848 4573 Conﬁteor
875 4519 1000 4585 tibi,
1027 4519 1286 4586 Domine,
1309 4503 1475 4577 Pater
1505 4521 1630 4577 coeli
1663 4526 1721 4577 et
1751 4526 1934 4584 terrae,
1966 4540 2014 4604 Ι)
2046 4519 2232 4575 sancti
2265 4534 2396 4573 eum
2423 4516 2479 4570 in
2512 4531 2683 4569 carne
2713 4512 3020 4568 voluerunt
3050 4508 3263 4574 videre,
3290 4503 3695 4604 indicatvene-

271 4605 376 4678 qui
402 4605 765 4661 abscondisti
789 4606 906 4662 haec
929 4625 962 4661 a
987 4607 1353 4679 sapientibus
1378 4614 1434 4666 et
1455 4609 1860 4681 prudentibus,
1881 4615 1938 4664 et

273 4693 554 4750 revelasti
585 4711 652 4750 ea
699 4695 957 4767 parvulis
1005 4696 1204 4767 (Matth.
1237 4702 1335 4765 xu).
1373 4721 1400 4748 ››
1432 4699 1592 4764 Quod
1644 4700 1940 4755 evidenter

273 4781 647 4854 evangelista
689 4783 1062 4840 manifestare
1113 4787 1354 4852 curavit,
1389 4803 1521 4842 cum
1554 4792 1776 4858 postea,
1811 4805 1937 4859 quae

273 4870 562 4943 superius
594 4871 926 4944 scripserat,
961 4874 1229 4943 adjunxit
1255 4875 1491 4930 dicens:
1529 4876 1594 4930 Et
1625 4893 1938 4932 conversus

275 4961 352 5014 ad
389 4959 546 5026 illos,
572 4959 747 5016 dixit:
778 4984 806 5010 ‹‹
841 4962 997 5018 Beati
1030 4963 1179 5018 oculi
1211 4964 1310 5035 qui
1343 4963 1541 5019 vident
1569 4983 1696 5036 quae
1727 4983 1828 5021 vos
1855 4963 1938 5019 vi-

275 5049 459 5103 detis.
490 5072 517 5098 »
543 5048 778 5105 Illorum
805 5051 1026 5107 scilicet
1046 5052 1246 5108 oculos
1267 5053 1463 5108 beatos
1494 5053 1938 5125 ostendens,qui

277 5137 589 5192 hominem
621 5139 904 5208 videntes,
924 5140 1106 5194 Deum
1131 5141 1525 5196 crediderunt.
1551 5142 1695 5196 Nam
1719 5142 1858 5213 quid
1882 5142 1941 5196 in

275 5225 387 5280 illo
406 5225 645 5283 homine
663 5227 1028 5299 spiritalibus
1047 5229 1230 5285 oculis
1247 5229 1494 5285 interius
1509 5229 1944 5297 viderunt,alibi

278 5316 627 5382 ostendunt,
649 5333 782 5371 cum
807 5318 1073 5389 requisiti
1108 5318 1284 5373 unius
1316 5335 1451 5374 voce
1482 5319 1946 5390 respondent,di-

281 5407 523 5458 centes:
551 5427 576 5453 ‹‹
603 5405 688 5458 Tu
712 5421 774 5460 es
796 5405 1063 5461 Christus
1086 5405 1262 5463 Filius
1284 5407 1383 5462 Dei
1412 5406 1520 5461 vivi
1545 5407 1748 5478 (Matth.
1769 5409 1943 5479 xv1).»

283 5491 363 5544 Et
391 5490 526 5548 talis
560 5492 722 5559 visio,
754 5494 1005 5566 talisque
1035 5496 1322 5551 confessio
1346 5496 1499 5568 quod
1524 5496 1942 5552 beatitudinem

286 5584 606 5648 mereatur,
634 5581 756 5654 ipse
790 5581 1072 5640 Dominus
1104 5585 1376 5652 ostendit,
1403 5601 1535 5640 cum
1571 5584 1837 5656 protinus
1866 5602 1946 5640 re-

2047 4607 2247 4663 rabilis
2276 4606 2475 4673 Jacob,
2495 4604 2595 4676 qui
2623 4619 2758 4657 cum
2782 4599 3104 4656 moriturus
3131 4596 3282 4652 ﬁlios
3308 4591 3696 4654 benediceret,

2047 4699 2172 4754 ait:
2209 4721 2236 4747 «
2269 4695 2536 4751 Salutare
2594 4696 2763 4748 tuum
2821 4687 3190 4761 exspectabo,
3239 4681 3485 4739 Domine
3544 4678 3696 4751 (Gen.

2047 4786 2218 4856 xux).
2259 4809 2278 4834 ι
2315 4786 2383 4839 Et
2412 4783 2594 4838 Isaias
2620 4781 2730 4837 hoc
2759 4775 3047 4835 desiderio
3078 4774 3337 4836 ardebat,
3377 4786 3511 4825 cum
3541 4767 3696 4856 dice-

2047 4877 2146 4930 bat
2166 4855 2230 4928 ;ν‹‹
2257 4873 2491 4929 Utinam
2518 4871 2882 4940 dirumperes
2908 4865 3081 4922 oculos
3121 4868 3177 4918 et
3224 4855 3640 4916 descenderes!
3673 4879 3699 4904 ››

2049 4968 2178 5032 (Isa.
2205 4963 2372 5031 wa.)
2397 4961 2464 5015 Et
2490 4959 2660 5014 David
2698 4958 2899 5014 eodem
2934 4957 3161 5010 fervens
3189 4966 3404 5017 amore,
3430 4946 3662 5003 dicebat
3685 4963 3697 5000 :

2050 5076 2075 5102 ‹‹
2093 5051 2358 5117 Domine,
2374 5047 2775 5106 inclinacmlos
2788 5050 2920 5100 tuos
2933 5038 3471 5111 etdescendc(Psal.
3495 5035 3702 5105 una)»

2053 5142 2171 5197 Hoc
2201 5140 2374 5195 etiam
2405 5138 2688 5194 aestuabat
2719 5133 3005 5191 desiderio
3030 5131 3124 5185 ille
3148 5131 3347 5202 justus
3376 5127 3608 5182 Simeon
3643 5125 3699 5178 in

2053 5229 2362 5302 Evangelio
2393 5229 2538 5296 (Luc.
2578 5227 2659 5295 ιι),
2679 5225 2779 5296 qui
2804 5239 2905 5295 pro
2929 5219 3332 5292 magnitudine
3363 5216 3452 5272 sui
3483 5213 3702 5271 amoris

2056 5335 2399 5391 responsum
2431 5314 2672 5386 accepit,
2698 5329 2811 5367 non
2844 5310 3106 5366 visurum
3141 5324 3203 5362 se
3237 5304 3705 5374 mortem.priuso

2054 5424 2231 5480 quam
2262 5406 2480 5461 videret
2508 5402 2803 5459 Christum
2837 5397 3067 5455 Domini
3099 5397 3488 5451 incarnatum.

2129 5518 2155 5545 «
2188 5497 2256 5550 Et
2287 5511 2417 5550 ecce
2450 5492 2689 5565 quidam
2740 5487 3112 5562 legisperitus
3161 5481 3432 5546 surrexit,
3473 5484 3705 5534 tentans

2057 5610 2083 5635 ‹‹
2118 5585 2283 5641 illum
2318 5589 2370 5639 et
2403 5583 2602 5639 dicens
2637 5599 2649 5635 :
2686 5579 2980 5651 Magister,
3033 5574 3171 5648 quid
3217 5571 3477 5628 faciendo
3525 5567 3704 5620 vitam
