3908 6172
343 367 462 425 675

908 360 1316 424 HAYMONIS
1363 361 1907 421 HALBEltSTAT.
1955 361 2218 422 EPISC.’
2248 360 2419 422 OPP.
2461 361 2667 424 PARS
2713 362 2887 422 lI.—
2918 361 3179 424 HOMIL.
3566 372 3660 431 676

415 521 438 544 ‹‹
479 495 618 560 Quis
652 496 859 548 horum
893 495 1070 548 trium
1103 495 1330 548 videtur
1363 492 1463 547 tibi
1489 491 1788 564 proximus
1813 491 1992 546 fuisse
2023 495 2075 558 Α
2109 495 2323 562 pariter
2349 498 2406 548 et
2436 499 2844 566 praeceptorem
2877 495 3281 549 vocabant.Nec
3311 496 3372 550 de
3399 497 3503 552 suis
3522 502 3660 555 meri-

347 611 372 636 ‹‹
409 586 490 640 il.i
542 585 640 656 qui
694 584 900 638 incidit
929 583 986 638 in
1020 582 1318 638 latrones?
1352 605 1377 630 ››
1411 582 1511 638 Ille
1541 598 1674 636 vero
1706 581 1860 652 quod
1894 597 1993 635 ne-

343 691 479 748 gare
511 691 626 729 non
661 675 908 744 poterat,
939 674 995 726 et
1025 671 1180 741 quod
1231 669 1673 724 evidentissima
1719 669 1864 723 ratio
1894 669 1993 723 de-

344 763 729 828 monstrabat,
750 759 1084 831 respondit:
1115 780 1141 808 «
1164 758 1270 821 Qui
1294 758 1428 813 fecit
1450 757 1910 812 misericordiam
1932 757 1992 812 in

345 852 532 908 illum.
557 873 584 900 ››
609 850 787 919 Cujus
805 846 1246 920 responsionem
1265 846 1550 901 Dominus
1571 847 1878 900 conﬁrmat
1900 846 1996 900 ad-

337 945 616 1013 jungens.
637 963 663 988 ‹‹
693 938 870 1004 Vade,
894 941 950 991 et
971 941 1034 990 tu
1069 936 1155 990 fac
1169 934 1479 994 similiter.
1506 958 1534 984 ››
1555 937 1634 990 Ac
1656 935 1703 990 si
1728 935 1945 990 diceret
1977 950 1991 990 :

345 1031 506 1085 Sicut
534 1027 936 1083 Samaritanus
959 1023 1184 1079 alienus
1206 1025 1464 1087 natione,
1482 1023 1781 1095 proximus
1805 1023 1994 1078 factus

344 1124 434 1175 est
462 1117 762 1173 vulnerato
792 1114 1017 1171 homini
1043 1113 1341 1180 charitate,
1369 1113 1449 1167 ita
1467 1118 1524 1166 et
1543 1117 1604 1166 tu
1636 1128 1870 1167 omnem
1890 1112 1994 1166 ho-

345 1209 560 1262 minem
587 1205 916 1277 proximum
941 1201 1632 1272 tuumjudicans,omnia
1652 1201 1996 1271 bonaopera

343 1313 468 1368 quae
498 1300 681 1367 potes,
704 1294 1155 1365 quibuscumque
1175 1289 1330 1345 vales
1353 1291 1646 1362 impende,
1661 1295 1716 1344 et
1737 1289 1992 1361 implesti

344 1385 545 1456 utique
578 1382 942 1448 charitatem,
969 1397 1096 1452 quae
1128 1381 1199 1435 ad
1231 1378 1412 1434 vitam
1442 1379 1601 1434 ducit
1624 1384 1918 1433 aeternam.

876 1523 1180 1578 HOMlLlA
1217 1520 1451 1576 CXXVI.

470 1631 742 1672 DOMINICA
785 1630 994 1667 DECIMA
1035 1627 1238 1673 QUINTA
1278 1627 1410 1664 POST
1450 1625 1857 1663 PENTECOSTEN.

415 1744 570 1814 (Luc.
604 1747 762 1806 xvii.)
797 1761 822 1788 «
859 1738 920 1792 In
955 1735 1053 1790 illo
1083 1739 1377 1805 tempore:
1411 1735 1558 1789 Dum
1594 1734 1701 1787 iret
1727 1732 1900 1788 Jesus
1931 1731 1992 1787 in

344 1858 368 1881 (ι
406 1829 756 1894 Jerusalem,
789 1825 1079 1881 transibat
1123 1841 1222 1895 per
1278 1823 1528 1877 mediam
1580 1821 1905 1877 Samariam
1937 1825 1994 1875 et

344 1919 660 1976 Galilaeam.
703 1941 721 1964 ι»
757 1917 826 1970 Et
855 1914 1100 1983 reliqua.
1134 1911 1238 1975 Qui
1269 1911 1481 1966 Judaste
1531 1916 1694 1965 terra:
1740 1909 1993 1966 conﬁnia

345 2008 521 2074 novit,
544 2005 707 2059 facile
737 2001 1200 2072 intelligit,quod
1235 2015 1480 2072 pergens
1515 1998 1794 2054 Dominus
1823 1999 1990 2053 Jeru-

345 2096 524 2152 salem
550 2112 614 2148 ex
639 2093 729 2148 his
751 2091 913 2155 locis,
932 2091 991 2144 in
1018 2089 1234 2160 quibus
1264 2105 1397 2143 eum
1430 2105 1609 2158 supra
1639 2088 1992 2159 evangelista

344 2181 611 2238 docuisse
641 2175 1326 2241 commemoravit,etiam
1352 2175 1421 2230 ad
1456 2175 1707 2228 litteram
1739 2191 1840 2244 per
1870 2190 1990 2228 me-

345 2271 500 2326 diam
534 2268 859 2325 Samariam
891 2272 947 2321 et
979 2264 1273 2321 Galilaeam
1318 2263 1634 2318 transitum
1667 2260 1890 2316 habuit.
1925 2261 1993 2315 Et

346 2360 481 2432 quia
512 2363 746 2429 propter
774 2374 878 2410 nos
909 2361 964 2408 et
994 2359 1229 2424 propter
1259 2356 1518 2408 nostram
1546 2351 1793 2406 salutem
1817 2349 1991 2403 homo

345 2451 555 2515 factus,
591 2463 704 2501 non
737 2443 927 2499 solum
969 2443 1038 2497 ad
1091 2459 1151 2496 se
1198 2440 1565 2495 venientibus
1614 2455 1857 2510 regnum
1889 2438 1989 2493 Dei

345 2534 793 2609 evangelizabat,
825 2533 926 2587 sed
968 2529 1143 2586 etiam
1175 2545 1277 2600 per
1307 2528 1533 2582 diversa
1565 2527 1690 2582 loca
1721 2544 1988 2599 pergens,

345 2626 614 2699 plurimis
646 2623 953 2679 sanitatem
989 2619 1301 2675 tribuebat.

415 2739 442 2766 ‹‹
479 2716 695 2770 Etcum
718 2711 1120 2783 ingrederetur
1139 2707 1433 2779 quoddam
1457 2705 1989 2775 castellum,occur-

345 2830 370 2856 ‹‹
407 2809 605 2860 rerunt
634 2802 684 2857 ei
716 2801 915 2856 decem
938 2798 1040 2852 viri
1066 2795 1413 2867 leprosi.qui
1437 2798 1724 2850 steterunt
1745 2793 1989 2866 alonge,

344 2920 371 2948 ‹‹
405 2899 459 2949 et
489 2893 822 2948 levaverunt
858 2903 1077 2951 vocem,
1108 2887 1367 2940 dicentes
1401 2901 1414 2937 :
1466 2884 1604 2939 Jesu
1650 2888 1986 2954 praeceptor,

343 3008 370 3033 ‹‹
403 2983 677 3038 miserere
707 2979 912 3034 nostri.
942 3001 968 3027 ››
991 2976 1114 3031 Non
1137 2973 1292 3030 enim
1318 2990 1492 3045 prope
1519 2972 1791 3027 accedere
1811 2973 1988 3027 aude-

343 3073 504 3138 bant,
538 3069 756 3142 quibus
787 3065 1054 3140 quamvis
1085 3064 1230 3118 fides
1277 3061 1548 3118 suaderet
1579 3061 1876 3126 aﬂ'ec‘tum,
1907 3061 1987 3115 le-

343 3165 654 3232 pratamen
667 3155 1010 3230 prohibebat
1022 3149 1986 3210 accessum.Excludebanturenim

2104 581 2180 636 tis
2211 582 2535 654 quidquam
2568 584 3019 655 praesumebant,
3049 584 3146 654 qui
3173 583 3230 638 in
3259 585 3375 656 ejus
3398 587 3663 645 misericor-

2103 669 2259 725 diam
2283 674 2403 726 tam
2427 671 2728 727 humiliter
2747 672 3136 744 deposcebant
3157 691 3168 726 :
3193 696 3218 720 α
3241 673 3270 728 J
3276 690 3370 728 esu
3391 681 3661 748 praeceptor,

2104 759 2379 815 miserere
2398 761 2641 816 nostri.»
2662 761 2842 816 Aliter
2861 779 2873 816 :
2894 762 3002 816 Per
3021 763 3270 833 leprosos
3285 778 3391 817 non
3407 762 3666 837 incongrue

2103 848 2402 906 haereticos
2459 850 2782 924 intelligere
2844 867 3174 922 possumus,
3206 852 3335 922 quia
3377 851 3507 906 sicut
3542 851 3668 924 lepra

2102 939 2294 994 varios
2337 938 2556 994 colores
2606 939 2880 1011 exprimit
2925 939 2985 994 in
3032 944 3179 1005 cute,
3209 939 3289 995 sic
3334 939 3666 998 hereticorum

2104 1027 2369 1082 doctrina
2411 1028 2599 1083 varios
2649 1045 2874 1084 errores
2919 1033 3155 1100 generat
3199 1028 3255 1083 in
3298 1045 3549 1084 sermone.
3575 1031 3666 1085 Non

2103 1115 2294 1170 solum
2313 1116 2466 1171 enim
2483 1135 2514 1172 a
2527 1117 2812 1172 catholica
2832 1115 3087 1172 Ecclesia
3102 1121 3238 1171 sunt
3251 1117 3518 1184 divisi,sed
3536 1118 3670 1172 etiam

2103 1205 2413 1261 adversum
2448 1205 2673 1278 seipsos
2707 1207 2936 1261 diversa
2964 1206 3388 1261 sentiunLDum
3407 1207 3541 1261 enim
3559 1207 3672 1260 alius

2103 1293 2401 1350 Christum
2434 1295 2617 1350 Deum
2649 1299 2880 1350 tantum
2912 1295 3115 1362 credit,
3146 1299 3201 1350 et
3234 1311 3344 1350 non
3391 1294 3636 1350 hominem
3663 1312 3672 1349 :

2102 1381 2255 1438 alius
2270 1399 2402 1437 vero
2421 1382 2720 1438 hominem
2741 1387 2836 1438 tan
2846 1388 3058 1451 tum,et
3074 1400 3188 1438 non
3205 1383 3380 1439 Deum
3400 1401 3412 1449 ;
3431 1382 3559 1437 alius
3576 1399 3675 1437 eum

2099 1486 2297 1526 veram
2330 1488 2563 1526 carnem
2613 1471 2944 1543 suscepisse
2994 1476 3184 1543 negat,
3219 1471 3364 1526 alius
3391 1488 3419 1526 e
3446 1472 3678 1525 contrario

2101 1575 2295 1615 veram
2316 1560 2574 1614 animam
2593 1577 2706 1616 non
2723 1561 3120 1632 assumpsisse
3134 1560 3549 1632 afﬁrmat,quasi
3561 1560 3682 1632 lepra

2100 1649 2328 1704 varium
2361 1649 2610 1705 colorem
2635 1650 2690 1704 in
2713 1654 2844 1705 cute
2858 1650 3228 1722 exprimit.Hi
3246 1649 3385 1705 tales
3401 1647 3550 1720 longe
3565 1653 3681 1702 stare”

2101 1739 2437 1810 debent,qui
2463 1741 2534 1794 ab
2561 1739 2815 1794 Ecclesia
2841 1737 3160 1811 repellendi
3192 1742 3417 1801 sunt,ne
3438 1736 3577 1809 lepra
3594 1754 3681 1792 sue

2102 1826 2492 1881 immunditias
2523 1826 2880 1898 simplicium
2911 1828 3089 1882 corda
3129 1827 3543 1890 commaculent,
3570 1825 3685 1880 sicut

2102 1931 2202 1987 per
2230 1916 2571 1987 Apostolum
2605 1916 2818 1970 dicitur
2842 1933 2853 1971 :
2883 1939 2909 1965 «
2937 1917 3280 1972 Haereticum
3303 1915 3569 1971 hominem
3587 1920 3685 1986 post

2104 2011 2369 2060 unam'ret
2391 2005 2707 2059 secundam
2732 2005 3160 2076 correptionem
3184 2005 3564 2070 devita,sciens
3581 2004 3685 2074 quia

2102 2110 2409 2164 perversus
2449 2098 2537 2148 est
2568 2092 2909 2163 hujusmodl
2943 2095 3064 2162 (Tit.
3101 2094 3210 2163 In).
3247 2119 3267 2144 ι
3301 2092 3452 2148 Unde
3479 2096 3528 2147 et
3551 2093 3686 2147 Joan-

2102 2199 2205 2236 nes
2237 2182 2356 2236 ait:
2383 2204 2409 2232 ‹‹
2443 2182 2501 2236 Si
2536 2183 2668 2253 quis
2697 2183 2852 2237 venit
2883 2183 2952 2237 ad
2985 2199 3106 2251 vos,
3145 2187 3201 2238 et
3231 2183 3375 2237 hanc
3419 2180 3687 2236 doctrinam

2101 2288 2214 2325 non
2249 2270 2616 2338 atfert,nolite
2647 2287 2781 2326 eum
2809 2272 3069 2343 excipere
3088 2270 3152 2326 in
3179 2273 3597 2341 domum,neque
3615 2285 3691 2323 ave

2099 2359 2151 2413 ei
2182 2359 2463 2424 dixeritis,
2497 2365 2562 2414 ut
2611 2377 2725 2414 non
2775 2361 3225 2415 communicetis
3271 2359 3525 2431 operibus
3568 2357 3690 2412 illius

2106 2447 2376 2520 malignis
2425 2448 2498 2519 (II
2526 2450 2680 2504 Joan.
2715 2449 2811 2519 1).»
2843 2449 3004 2514 Quod
3038 2449 3085 2503 si
3121 2449 3195 2504 ad
3229 2447 3520 2503 Ecclesiam
3548 2443 3690 2500 redite

2099 2535 2408 2606 voluerint,
2443 2553 2556 2590 non
2591 2537 2752 2607 prius
2784 2536 3096 2609 recipiendi
3139 2543 3297 2601 sunt,
3331 2553 3493 2607 quam
3537 2549 3688 2588 coram

2101 2625 2500 2680 sacerdotibus
2531 2625 2867 2679 orthodoxis
2898 2642 3067 2679 suam
3098 2624 3367 2680 haeresim
3412 2623 3692 2678 anathema-

2100 2714 2296 2768 tizent.
2334 2714 2493 2768 Unde
2526 2719 2584 2768 et
2607 2713 2754 2768 bene
2787 2714 3061 2768 subditur
3093 2732 3106 2768 :

2171 2825 2198 2851 ‹‹
2234 2804 2389 2868 Quos
2425 2806 2487 2856 ut
2519 2803 2682 2870 vidit,
2711 2802 2855 2857 dixit
2879 2820 2890 2858 :
2920 2803 3018 2866 Ite,
3044 2805 3336 2859 ostendite
3362 2819 3453 2858 vos
3481 2800 3692 2856 sacerdo-

2099 2913 2127 2941 ‹‹
2161 2891 2339 2946 tibus.
2376 2914 2401 2940 »
2435 2891 2514 2946 De
2545 2891 2724 2946 nullis
2752 2891 2881 2947 aliis
2912 2891 3189 2965 legimus,
3223 2893 3431 2965 quibus
3461 2889 3690 2946 Dominus

2098 2979 2218 3034 haec
2252 2979 2532 3035 beneficia
2569 2979 2946 3052 corporaliter
2997 2981 3289 3053 praestitit,
3325 2981 3467 3052 quod
3513 2975 3691 3033 miserit

2097 3085 2195 3124 eos
2225 3069 2294 3123 ad
2329 3069 2678 3134 sacerdotes,
2713 3068 2825 3124 nisi
2857 3073 3090 3125 tantum
3125 3067 3405 3143 leprosos.
3436 3068 3575 3135 Quod
3602 3081 3689 3120 non

2096 3156 2286 3212 solum
2315 3158 2371 3211 in
2406 3157 2513 3212 hoc
2538 3157 2663 3213 loco
2697 3156 2900 3214 fecisse
2937 3157 3173 3230 legitur,
3209 3160 3308 3215 sed
3357 3159 3517 3214 etiam
3563 3152 3690 3217 alibi,

343 3229 625 3314 acastris,
646 3229 744 3318 qui
764 3243 1106 3323 hujusmodi
1129 3241 1499 3297 sustinebant
1520 3239 1984 3312 passionem.Ne-
2014 3229 2056 3295 C
2087 3247 2257 3317 juxta
2287 3246 2645 3313 Matthagum,
2682 3263 2816 3301 cum
2845 3229 3228 3304 descénderct
3256 3248 3327 3303 (ιθ
3347 3243 3695 3315 ωοηίθλεριιο-

342 3356 453 3411 que
483 3338 639 3394 enim
673 3335 795 3391 solo
834 3335 962 3389 visu
993 3331 1078 3387 vel
1111 3346 1379 3386 sermone
1408 3330 1479 3384 ab
1511 3328 1610 3384 illo
1641 3345 1701 3384 se
1733 3328 1989 3399 recipere

340 3428 650 3483 sanitatem
668 3425 699 3478 d
712 3423 1035 3484 ubitabant,
1049 3420 1218 3489 cujus
1235 3418 1453 3489 alonge
1471 3420 1694 3472 stantes
1707 3415 1987 3471 auxilium

339 3515 644 3570 humiliter
673 3510 1031 3583 ﬂagitabant.
1061 3506 1410 3578 Spiritaliter
1440 3509 1657 3573 autem,
1683 3504 1987 3560 castellum

339 3603 494 3674 quod
528 3598 806 3656 Dominus
837 3599 1135 3668 ingressus
1180 3599 1287 3658 est,
1337 3593 1626 3648 mundum
1675 3592 1983 3664 signiﬁcat.

339 3690 512 3757 Quasi
537 3689 692 3744 enim
717 3684 1020 3742 castellum
1044 3684 1296 3750 intravit,
1323 3683 1556 3753 quando
1579 3699 1646 3735 ex
1667 3681 1849 3736 Maria
1872 3683 1985 3736 vir-

337 3779 470 3851 gine
503 3791 737 3832 carnem
785 3789 1115 3836 assumens,
1149 3770 1370 3825 mundo
1412 3769 1659 3825 visibilis
1689 3772 1980 3841 apparuit.

337 3867 542 3922 Decem
596 3863 702 3919 viri
750 3861 986 3934 leprosi,
1020 3861 1119 3932 qui
1166 3861 1217 3914 ei
1268 3863 1664 3927 occurrerunt,
1701 3859 1982 3932 populum

337 3955 672 4026 signiﬁcant
698 3951 1051 4008 Judceorum.
1078 3950 1182 4016 Qui
1220 3949 1364 4004 bene
1391 3948 1590 4004 decem
1622 3948 1804 4004 fuisse
1835 3949 1979 4005 refe-

335 4042 717 4114 runtur,quia
748 4041 902 4098 idem
931 4039 1184 4111 populus
1208 4037 1549 4111 decalogum
1579 4035 1725 4110 legis
1746 4054 1980 4110 accepe-

335 4139 423 4188 rat
451 4133 522 4188 ad
555 4148 722 4187 suam
754 4128 1384 4186 eruditionem.Decem
1408 4131 1623 4195 autem,
1648 4128 1746 4182 sed
1765 4127 1979 4199 leprosi

332 4224 586 4290 fuerunt,
620 4222 758 4294 quia
785 4220 1047 4290 ejusdem
1083 4216 1338 4290 decalogi
1370 4220 1654 4289 praecepta
1684 4220 1977 4289 transgre-

330 4313 495 4369 diens
523 4313 837 4384 apparente
869 4308 1114 4364 Domino
1162 4307 1221 4361 in
1267 4323 1459 4372 carne,
1490 4305 1666 4360 variis
1697 4306 1976 4362 doctrinis

329 4402 573 4465 divisus,
587 4399 831 4455 diversis
847 4402 970 4452 erat
991 4394 1398 4467 iniquitatibus
1415 4392 1977 4465 pollutus,Apostolo

327 4495 492 4555 teste,
527 4489 625 4560 qui
659 4489 737 4543 ait
770 4489 943 4559 (Rom.
979 4487 1061 4555 In)
1090 4501 1102 4538 :
1129 4508 1153 4533 ‹‹
1190 4485 1312 4538 Non
1347 4486 1434 4538 est
1463 4482 1763 4538 distinctio
1789 4483 1974 4538 Judaei

2098 3351 2230 3390 sum
2264 3334 2604 3405 perhibetur
2651 3351 2910 3405 curasse,
2937 3335 3032 3390 cui
3080 3336 3232 3392 dixit
3265 3353 3277 3392 :
3312 3361 3341 3387 «
3373 3335 3517 3390 Vade
3541 3337 3588 3388 et
3614 3348 3690 3384 os-

2095 3424 2267 3478 tende
2295 3427 2352 3478 te
2383 3424 2782 3479 sacerdotibus
2813 3429 2870 3479 et
2893 3424 3035 3480 offer
3066 3441 3290 3480 munus
3331 3423 3479 3497 quod
3523 3432 3692 3494 praece-

2097 3510 2180 3582 pit
2212 3511 2440 3583 Moyses
2472 3512 2533 3566 in
2565 3512 2970 3569 testimoni-um
3003 3511 3119 3567 illis
3144 3513 3358 3584 (Matth.
3381 3505 3695 3582 vm).»0ﬂ0d

2092 3600 2284 3656 varias
2323 3600 2394 3657 ob
2443 3617 2651 3656 causas
2679 3617 2815 3656 eum
2847 3601 3052 3657 fecisse
3081 3603 3382 3658 credimus
3413 3618 3424 3655 :
3459 3598 3692 3660 Primum,

2093 3693 2158 3743 ut
2188 3689 2589 3745 sacerdotibus
2621 3690 2900 3745 honorem
2932 3690 3220 3758 deferret;
3255 3690 3580 3755 secundo,ut
3605 3699 3693 3738 non

2093 3777 2484 3833 contradictor
2512 3778 2658 3851 legis
2688 3779 3001 3849 videretur,
3035 3778 3178 3850 quia
3208 3779 3355 3852 legis
3394 3773 3693 3851 praeceptum

2091 3873 2233 3933 erat,
2285 3874 2349 3922 ut
2397 3869 2446 3924 si
2498 3869 2630 3940 quis
2661 3886 2696 3924 a
2725 3868 2887 3941 lepra
2937 3871 3261 3925 mundatus
3308 3875 3473 3936 esset,
3515 3865 3694 3920 veniret

2091 3957 2162 4010 ad
2194 3957 2555 4012 sacerdotem
2586 3961 2642 4012 et
2672 3958 2901 4014 offerret
2932 3957 3186 4013 hostiam
3236 3976 3339 4031 pro
3381 3974 3483 4013 sua
3525 3967 3692 4010 emun-

2089 4045 2355 4113 datione;
2408 4041 2596 4112 tertio,
2651 4051 2715 4101 ut
2769 4047 3100 4102 sacerdotes
3160 4048 3423 4103 videntes
3477 4045 3694 4118 leprosos

2089 4136 2424 4202 mundatos,
2449 4135 2495 4191 si
2531 4137 2833 4190 crederent
2858 4136 2916 4190 in
2945 4137 3384 4207 mundatorem,
3415 4131 3693 4189 invenirent

2088 4222 2374 4290 salutem;
2407 4224 2454 4279 si
2506 4229 2701 4280 autem
2757 4225 2988 4280 credere
3036 4224 3284 4292 nollent,
3319 4217 3694 4280 inexcusabiles

2085 4316 2300 4368 essent.
2329 4313 2460 4368 Sive
2491 4318 2643 4368 certe
2673 4313 2934 4385 leprosos
2963 4315 3036 4369 ad
3085 4315 3417 4370 sacerdotes
3463 4308 3621 4370 misit,
3644 4307 3691 4358 ut

2085 4402 2414 4457 ostenderet
2463 4402 2599 4474 quia
2646 4402 2791 4458 illud
2841 4401 3072 4458 carnale
3117 4401 3525 4466 sacerdotium,
3555 4392 3690 4468 spiri-

2083 4490 2198 4546 tale
2245 4491 2662 4557 sacerdotium,
2695 4492 2852 4563 quod
2901 4509 3058 4548 nunc
3102 4492 3162 4546 in
3214 4490 3469 4547 Ecclesia
3516 4485 3689 4558 agitur.

325 4583 382 4634 et
410 4576 613 4642 Graeci,
647 4592 850 4630 omnes
882 4575 1035 4629 enim
1064 4575 1465 4644 peccaverunt,
1494 4574 1562 4660 et
1591 4574 1763 4643 egent
1790 4570 1976 4643 gloria
2005 4596 2051 4660 D
2085 4580 2512 4652 prwﬁgurabat.
2549 4581 2648 4635 Est
2679 4581 2834 4636 enim
2865 4580 3177 4636 invisibilis
3224 4581 3388 4653 lepra
3424 4578 3479 4633 in
3511 4574 3689 4632 anima.

329 4664 764 4737 Dei,justificati
790 4664 971 4735 gratis
994 4679 1096 4734 per
1116 4661 1362 4733 gratiam
1395 4659 1720 4742 ipsius,per
1748 4661 1976 4716 redem-

323 4757 581 4828 ptionem
603 4772 729 4826 qua:
753 4753 913 4808 estin
933 4751 1160 4806 Christo
1189 4751 1348 4805 Jesu.
1373 4772 1398 4798 ››
1431 4747 1496 4808 Et
1525 4749 1772 4804 iterum:
1806 4769 1826 4796 α
1847 4751 1976 4805 Tri-

323 4845 544 4900 bulatio
568 4848 624 4899 et
647 4841 921 4915 angustia
942 4841 998 4894 in
1024 4855 1260 4894 omnem
1281 4837 1539 4893 animam
1561 4837 1818 4892 hominis
1839 4856 1973 4911 ope-

324 4933 506 4988 rantis
539 4933 779 4999 malum,
813 4929 998 4985 Judaei
1041 4928 1295 5000 primum
1329 4929 1386 4981 et
1413 4925 1593 4980 Graeci
1625 4927 1796 4998 (Rom.
1830 4929 1906 4999 χ).
1945 4951 1973 4977 ››

322 5020 598 5074 Convenit
628 5027 822 5075 autem
857 5017 972 5086 his,
993 5017 1092 5089 qui
1117 5033 1184 5072 ex
1205 5015 1422 5071 Judaeis
1448 5015 1505 5068 in
1533 5013 1826 5070 Christum
1850 5032 1970 5072 cre-

321 5107 614 5176 diderunt,
668 5108 825 5180 quod
857 5107 1069 5179 leprosi
1099 5123 1134 5162 a
1163 5105 1332 5176 longe
1363 5107 1585 5160 stantes
1617 5103 1968 5174 clamabant,

321 5195 611 5250 dicentes:
638 5218 666 5246 ‹‹
687 5197 826 5251 Jesu
850 5199 1183 5267 praceptor,
1208 5194 1485 5249 miserere
1517 5193 1722 5254 nostri.
1742 5216 1768 5243 »
1798 5194 1969 5250 Jesus

321 5283 555 5338 Hebrzeo
588 5300 874 5350 sermone,
900 5284 1094 5344 Latine
1119 5282 1368 5339 salvator
1390 5281 1507 5337 sive
1528 5281 1802 5338 salutaris
1825 5281 1970 5338 dici-

317 5376 433 5426 tur.
469 5371 535 5425 Et
564 5370 694 5426 ideo
728 5388 761 5424 a
795 5387 908 5441 quo
961 5370 1209 5426 salutem
1262 5369 1594 5442 sperabant,
1630 5385 1744 5425 non
1776 5370 1966 5426 solum

317 5460 661 5516 salvatorem
696 5458 1100 5523 nominabant,
1133 5459 1232 5514 sed
1280 5459 1458 5514 etiam
1506 5458 1965 5516 misericordiam

315 5548 650 5622 poscebant.
697 5548 765 5602 Et
815 5547 954 5619 quia
984 5547 1041 5600 in
1074 5548 1202 5617 ejus
1231 5546 1532 5617 praeceptis
1562 5563 1623 5602 se
1655 5547 1968 5605 offendisse

312 5638 644 5704 recolebant
676 5654 790 5698 non
823 5635 1014 5696 solum
1065 5633 1432 5706 salvatorem,
1467 5635 1569 5692 sed
1603 5635 1778 5694 etiam
1810 5636 1966 5698 hunc

2086 4669 2320 4740 quando
2386 4669 2563 4724 variis
2632 4670 2884 4741 peccatis
2943 4670 3295 4742 inquinatur
3357 4660 3689 4725 conscientia.

2084 4758 2234 4813 Dum
2267 4757 2420 4812 enim
2464 4758 2614 4813 alius
2662 4758 3068 4825 homicidium,
3103 4757 3256 4813 alius
3307 4758 3540 4818 furtum,
3570 4747 3692 4805 alius

2083 4845 2457 4911 adulterium,
2487 4847 2637 4902 alius
2667 4845 2952 4918 rapinam,
2975 4847 3130 4902 alius
3162 4844 3527 4918 sacrilegium
3549 4845 3596 4893 et
3613 4852 3693 4890 cae-

2081 4940 2206 4990 tera
2237 4935 2330 4990 his
2364 4935 2579 4990 similia
2611 4940 2926 5007 perpetrat,
2961 4935 3130 5007 quasi
3161 4935 3409 4991 diversis
3439 4925 3694 4986 coloribus

2082 5023 2392 5079 invisibilis
2425 5027 2595 5096 leprae
2629 5025 2884 5080 animam
2918 5026 3114 5081 foedat.
3137 5024 3310 5080 Tales
3332 5025 3379 5078 si
3407 5013 3692 5076 mnndatio-

2081 5129 2213 5168 nem
2248 5113 2458 5168 animae
2489 5112 2748 5185 accipere
2776 5112 2998 5181 volunt,
3035 5129 3273 5169 necesse
3321 5115 3410 5166 est
3448 5112 3512 5163 ut
3549 5106 3690 5171 longe

2079 5200 2318 5265 stent,id
2351 5207 2439 5258 est
2468 5200 2821 5257 a-consortio
2871 5207 3208 5258 sanctorum
3242 5217 3306 5256 se
3336 5199 3592 5268 indignos
3608 5189 3690 5257 lu‘

2078 5289 2645 5363 dicent,magnisque
2667 5289 3023 5345 clamoribus
3044 5291 3246 5346 Jesum
3272 5273 3688 5359 interpellent,id

2077 5382 2166 5433 est
2195 5395 2328 5434 cum
2363 5395 2577 5451 magna
2604 5379 2952 5434 contritione
2985 5379 3177 5436 cordis
3199 5377 3454 5433 divinam
3475 5372 3690 5429 clemen-

2078 5465 2218 5522 tiam
2244 5471 2500 5531 exorent,
2533 5466 2790 5522 dicentes
2821 5484 2955 5523 cum
2989 5467 3303 5524 Psalmista
3329 5483 3342 5521 :
3371 5489 3397 5514 ‹‹
3420 5462 3496 5517 Ne
3521 5452 3690 5513 memi-

2078 5556 2236 5612 neris
2267 5556 2646 5628 iniquitatum
2680 5561 3014 5612 nostrarum
3045 5558 3442 5629 antiquarum,
3474 5549 3575 5605 cito
3602 5559 3687 5638 an:

2074 5644 2317 5722 ticipent
2347 5662 2452 5706 nos
2479 5645 2893 5704 misericordiae
2925 5651 3056 5719 tuae,
3090 5648 3226 5725 quia
3253 5655 3532 5722 pauperes
3571 5634 3685 5690 facti
