3908 6172
304 315 398 374 677
1506 307 1858 373 HOMILUE
1903 307 2004 371 DE
2046 306 2446 374 TEMPOHE.

3567 321 3687 382 O78

302 467 491 504 sumus
528 447 700 502 nimis
731 446 1250 514 (Psal.1.xxvni).n«
1288 446 1508 516 Ailjuva
1541 462 1645 499 nos
1676 451 1929 500 Deusva-
1959 453 2009 516 Α
2048 462 2174 499 rum
2210 446 2266 499 in
2305 445 2782 513 holocausto,nid
2806 454 2894 504 est
2919 447 2998 505 vel
3033 449 3148 504 duo
3179 467 3388 523 genera
3413 469 3690 526 compun-

298 539 492 594 lutaris
524 542 743 592 noster.
776 541 833 592 et
861 541 1095 608 pr0pter
1123 535 1369 607 gloriam
1401 535 1660 590 nominis
1691 533 1794 588 tui'
1822 534 1927 587 Do-

300 628 462 693 mine,
493 626 678 682 libera
707 643 833 692 nos,
868 631 925 680 et
952 624 1240 697 propitius
1272 627 1394 680 esto
1422 623 1677 694 peccatis
1717 621 1934 678 nostris

299 721 521 789 propter
552 732 761 772 nomen
794 721 959 769 tuum
995 713 1308 784 (Ibid.).»Et
1330 714 1468 784 quia
1497 729 1612 768 non
1636 713 1825 767 solum
1847 727 1936 765 sa-

297 805 619 862 cerdotibus
632 809 864 877 peccata
881 820 987 858 sua
1004 801 1263 858 confiteri
1284 803 1515 868 debent,
1533 801 1632 856 sed
1650 799 1826 856 etiam
1850 815 1936 854 se-

296 895 434 950 cund
445 909 543 949 um
559 907 761 949 eorum
777 891 1085 947 consilium
1100 891 1503 964 paenitentiam
1517 895 1572 946 et
1592 887 1938 945 satisfactiO'

295 1000 416 1040 nem
449 984 630 1038 veniae
664 981 1146 1054 suscipere,recte
1177 979 1391 1034 dicitur
1423 996 1436 1034 :
1471 999 1498 1031 ε
1531 979 1630 1040 Ite.
1651 977 1935 1033 ostendite

291 1089 382 1128 vos
415 1070 838 1127 sacerdotibus.
865 1094 885 1121 ι
923 1070 1060 1124 Vice
1091 1069 1248 1124 enim
1279 1066 1377 1123 Bei
1411 1073 1646 1140 peccata
1676 1067 1937 1122 sacerdo-

291 1163 442 1216 tibus
471 1160 782 1232 pandeuda
813 1164 969 1225 sunt,
987 1163 1044 1212 et
1065 1159 1236 1229 juxta
1265 1174 1465 1212 eorum
1499 1156 1806 1212 consilium
1823 1173 1938 1227 pce-

288 1250 535 1305 nitentia
565 1249 809 1320 agenda.
843 1247 1004 1312 Quod
1037 1247 1095 1301 in
1129 1246 1327 1301 divina
1351 1245 1474 1319 lege
1498 1247 1935 1318 przsflguratum

284 1345 390 1404 est,
425 1337 665 1410 quando
697 1336 880 1408 Moysi
911 1337 983 1390 de
1011 1335 1256 1407 leprosis
1286 1333 1399 1389 tale
1449 1339 1802 1406 praeceptum
1849 1336 1938 1388 est

282 1430 524 1483 datum:
547 1452 566 1475 ι
586 1427 778 1493 Vir,in
809 1426 976 1496 cujus
1007 1429 1136 1480 cute
1166 1423 1362 1479 varius
1394 1423 1551 1478 color
1580 1422 1934 1496 apparuerit,

277 1518 479 1572 veniat
511 1516 582 1570 ad
615 1515 971 1570 sacerdotem
1003 1519 1059 1568 et
1089 1514 1355 1568 ostendat
1386 1529 1446 1568 se
1475 1512 1557 1567 illi
1579 1511 1889 1580 (Lemnum).
1909 1533 1936 1559 ››

276 1605 388 1671 Qui
425 1603 690 1660 recludat
721 1619 854 1658 eum
887 1603 946 1656 in
977 1603 1150 1658 domo
1169 1619 1269 1674 per
1290 1605 1510 1673 septem
1531 1600 1655 1655 dies
1672 1602 1940 1672 separata

275 1710 579 1750 seorsum.
618 1692 750 1746 Post
781 1695 1002 1762 septem
1039 1695 1231 1745 autem
1268 1689 1392 1744 dies
1423 1706 1556 1744 eum
1589 1689 1862 1748 intuitus.
1889 1687 1937 1742 si

273 1780 498 1837 viderit
528 1779 776 1836 crevisse
809 1779 1051 1850 lepram,
1089 1779 1264 1833 addat
1289 1784 1345 1833 et
1369 1777 1513 1833 alios
1545 1777 1940 1850 septem.Post

273 1868 732 1944 quatuordecim
767 1885 896 1922 vero
927 1867 1073 1932 dies,
1107 1866 1297 1921 adhuc
1329 1866 1377 1921 si
1431 1865 1636 1921 viderit
1686 1880 1940 1920 crescere

272 1961 536 2032 lepram,
570 1959 714 2013 sciat
741 1957 879 2028 quia
920 1955 1080 2028 lepra
1130 1972 1504 2027 perseverans
1553 1961 1657 2010 est.
1695 1956 1759 2008 Et
1801 1958 1941 2008 tunc

269 2050 512 2121 judicet
541 2053 674 2102 eu'm
709 2046 1027 2118 leprosum,
1060 2051 1115 2100 et
1143 2045 1336 2116 ejiciat
1365 2048 1526 2098 extra
1569 2047 1779 2108 castra,
1813 2059 1941 2097 ma-

278 2147 541 2208 neatque
574 2137 806 2190 intonsa
837 2135 1036 2199 barba,
1071 2134 1255 2189 scissa
1285 2138 1462 2198 veste,
1495 2137 1692 2203 operto
1732 2132 1938 2202 capite,

279 2231 492 2299 aperto
522 2242 642 2295 ore,
670 2223 1044 2279 immundum
1069 2223 1421 2293 sejudicans
1444 2221 1719 2275 omnibus
1737 2221 1942 2274 diebus

282 2313 682 2387 separationis
711 2311 1025 2376 suae.Quod
1055 2309 1104 2366 si
1137 2316 1382 2366 sanatus
1415 2308 1716 2380 fuerit.qui
1737 2309 1942 2378 hujus-

284 2403 452 2458 modi
486 2402 816 2474 passionem
849 2401 1117 2466 sustinet,
1150 2400 1344 2453 veniat
1391 2399 1460 2453 ad
1503 2399 1852 2464 sacerdotes,
1888 2401 1944 2451 et

285 2493 497 2547 olferat
528 2508 630 2564 pro
663 2489 1075 2544 emundatione
1102 2505 1209 2542 sua
1235 2487 1584 2552 bostiam,id
1614 2492 1703 2542 cst
1728 2491 1940 2540 tortam

282 2582 557 2652 panis,et
580 2579 897 2634 sextarium
921 2577 1030 2632 olei
1062 2578 1133 2631 ad
1158 2576 1474 2631 luminaria
1506 2575 1940 2630 eoncinnanda:

284 2671 561 2741 duosque
592 2683 859 2740 passeres
888 2667 1067 2732 vivos,
1102 2683 1284 2720 unum
1320 2681 1420 2736 pro
1452 2670 1706 2736 peccato,
1733 2670 1788 2718 ct
1812 2663 1947 2718 alte-

287 2776 433 2814 rum
464 2758 520 2813 in
551 2755 914 2812 holocausto.
942 2755 1074 2818 Quae
1098 2753 1296 2809 omnia
1325 2752 1575 2824 qualiter
1605 2753 1832 2808 nuncin
1850 2753 1946 2807 Ec-

289 2847 479 2901 clesia
528 2845 754 2918 agenda
785 2849 942 2905 sunt,
985 2843 1235 2898 breviter
1253 2843 1554 2897 videamus
1589 2859 1601 2896 :
1637 2842 1842 2913 Lepra,
1885 2846 1948 2896 ut

289 2935 576 3002 diximus,
593 2939 895 3006 peccatum
919 2931 1227 3003 significat.
1248 2931 1354 2997 Qui
1371 2947 1507 3002 ergo
1537 2929 1944 3002 habetlepram

303 3024 529 3095 peccati
561 3026 621 3078 in
647 3023 866 3089 anima,
898 3021 1069 3076 debet
1094 3020 1287 3075 venire
1321 3021 1392 3075 ad
1425 3019 1875 3085 sacerdotem,et
1894 3021 1944 3073 ei

293 3111 601 3168 humiliter
629 3127 739 3167 sua
769 3116 1003 3182 peccata
1032 3108 1478 3175 conﬁteri.Quid
1509 3125 1644 3163 eum
1675 3107 1945 3172 intuitus,

2043 535 2273 599 ctionis,
2306 536 2533 591 timoris
2556 536 2773 592 scilicet
2802 542 2858 592 et
2887 539 3142 606 amoris;
3177 539 3262 594 vel
3294 546 3445 595 certe
3478 559 3689 614 corpus

2043 627 2100 677 ct
2130 624 2411 689 animam,
2446 629 2510 679 ut
2538 625 2690 680 sicut
2719 626 2980 682 exhibuit
3030 630 3293 684 membra
3341 647 3449 685 sua
3479 635 3691 688 servire

2046 711 2432 768 immunditiae
2463 719 2519 769 et
2552 714 2844 785 iniquitati
2867 717 2935 770 ad
2963 717 3442 789 iniquitatem,ita
3460 725 3518 776 et
3537 723 3694 778 exhi-

2044 801 2177 855 beat
2207 802 2421 858 servire
2443 804 2898 874 eademjustitiae
2925 805 2978 860 in
2997 809 3540 867 sanctiﬁcationem.
3557 812 3691 876 Quae

2046 891 2244 944 omnia
2273 891 2412 962 quia
2436 892 2508 946 ad
2555 893 2846 963 judicium
2888 896 3206 951 sacerdotis
3255 901 3480 970 agenda
3529 906 3690 970 sunt,

2045 984 2200 1034 recte
2226 979 2472 1052 leprosis
2493 982 2736 1037 dicitur:
2766 1006 2790 1030 «
2819 983 3220 1048 lte,ostendite
3252 1003 3352 1042 vos
3378 991 3692 1045 sacerdoti-

2047 1067 2177 1122 bus.
2215 1092 2241 1118 »
2275 1070 2381 1134 Qui
2415 1069 2577 1126 locus
2599 1087 2799 1126 eorum
2834 1071 3098 1144 opionem
3126 1074 3396 1139 destruit,
3431 1079 3531 1148 qui
3563 1095 3693 1133 eru-

2047 1156 2348 1212 bescentes
2379 1164 2614 1228 peccata
2642 1176 2747 1214 sua
2781 1162 3181 1218 sacerdotibus
3211 1165 3692 1238 conﬁteri,quod-

2047 1245 2182 1300 dam
2214 1249 2536 1303 occasionis
2568 1248 2869 1320 ingenium
2901 1250 3265 1318 invenerunt,
3294 1252 3553 1309 dicentes
3584 1255 3693 1310 sibi

2047 1335 2311 1391 sufficere
2327 1341 2389 1390 ut
2403 1336 2508 1391 soli
2527 1338 2642 1392 Deo
2656 1345 2890 1409 peccata
2904 1356 3012 1394 sua
3025 1342 3484 1409 contiteamur,si
3504 1347 3694 1399 tamen

2048 1425 2118 1478 ab
2151 1425 2296 1496 ipsis
2328 1427 2578 1497 peccatis
2602 1427 2657 1480 in
2692 1427 2914 1499 reliquo
2946 1432 3469 1495 cessent.Quorum
3501 1431 3697 1502 opinio

2048 1511 2096 1566 si
2127 1529 2260 1566 vera
2291 1519 2464 1578 esset,
2500 1531 2872 1586 nequaquam
2899 1515 3183 1571 Dominus
3233 1517 3514 1590 leprosos,
3550 1537 3697 1591 quos

2048 1616 2151 1671 per
2164 1602 2364 1655 scmeti
2375 1619 2546 1673 psum
2577 1603 2977 1670 mundaverat,
2995 1606 3064 1660 ad
3080 1608 3408 1663 sacerdotes
3420 1609 3695 1664 mitteret.

2049 1690 2160 1744 Nec
2175 1690 2418 1745 Paulum
2437 1692 2860 1764 (Act.ix),quem
2877 1711 2980 1765 per
2992 1695 3374 1767 semetipsum
3390 1697 3446 1751 in
3459 1698 3552 1752 via
3565 1696 3701 1753 allo-

2049 1783 2220 1833 cutus
2235 1780 2516 1844 fuerat,ad
2535 1781 2818 1836 Ananiani
2835 1784 3190 1838 sacerdotem
3207 1785 3698 1842 destinaret.Nam

2052 1873 2114 1922 ut
2129 1871 2455 1923 ostenderet
2469 1870 2839 1940 adjudicium
2864 1872 3232 1928 sacerdotum
3247 1879 3482 1945 peccata
3497 1892 3624 1931 esse
3640 1877 3701 1932 li-

2050 1958 2242 2028 ganda
2254 1963 2429 2028 atque
2441 1958 2737 2025 solvenda,
2755 1960 3034 2015 Lazarum
3049 1978 3222 2032 quem
3237 1979 3271 2034 q
3283 1964 3590 2020 uatrid'uan
3601 1983 3697 2020 um

2053 2049 2349 2100 mortuum
2383 2063 2485 2118 per
2511 2048 2942 2119 semetipsuma
2966 2049 3212 2105 mortuis
3233 2054 3697 2122 resuscitaverat,

2055 2152 2168 2188 non
2200 2135 2362 2206 prius
2386 2135 2544 2192 abire
2576 2137 2859 2208 permisit,
2879 2155 3054 2209 quam
3077 2157 3110 2193 a
3141 2138 3445 2212 discipulis
3462 2142 3704 2198 solvere-

2054 2228 2166 2287 tur,
2201 2225 2351 2279 sicut
2381 2226 2664 2298 scriptum
2705 2232 2794 2282 est
2841 2227 2898 2281 in
2947 2229 3255 2300 Evangelia
3287 2232 3465 2301 (Joan.
3501 2233 3600 2302 ιι).
3634 2234 3703 2288 Et

2053 2312 2302 2366 surrexit
2334 2312 2526 2385 ligatis
2558 2315 2829 2370 manibus
2850 2321 2905 2369 et
2936 2318 3202 2388 pedibus,
3223 2319 3322 2390 qui
3347 2320 3533 2375 fuerat
3551 2338 3699 2392 qua-

2053 2401 2363 2456 triduanus
2397 2408 2682 2459 mortuus.
2717 2406 2880 2460 Tunc
2913 2407 2990 2460 ait
3020 2407 3327 2479 discipulis
3349 2410 3547 2464 suis:«
3575 2410 3703 2465 Sol-

2052 2490 2164 2544 vite
2195 2508 2330 2546 eum
2363 2496 2419 2546 et
2449 2492 2622 2548 sinite
2655 2493 3008 2549 arbire.nAd
3041 2513 3216 2567 quam
3251 2497 3425 2552 etiam
3455 2499 3704 2554 auctori-

2053 2584 2231 2632 tatem
2263 2581 2747 2648 continuandam,
2781 2599 2913 2637 cum
2949 2585 3109 2638 Petro
3161 2586 3442 2656 apostolo,
3473 2587 3702 2642 collatis

2055 2666 2316 2723 clavibus
2341 2667 2499 2740 regni
2531 2669 2829 2732 cmlorum,
2850 2671 3213 2742 pontificium
3241 2673 3456 2746 ligandi
3481 2675 3708 2731 solven-

2056 2755 2233 2826 dique
2263 2757 2746 2823 tradidisset,ait:
2767 2760 3207 2832 «Quodcunque
3241 2761 3511 2834 ligaveris
3530 2781 3706 2836 super

2056 2849 2294 2911 terram,
2310 2845 2420 2899 erit
2434 2845 2678 2917 ligatum
2693 2845 2819 2902 etin
2835 2848 3014 2917 caelis,
3032 2854 3086 2903 et
3109 2851 3500 2923 quodcunque
3525 2853 3707 2908 solve-

2058 2933 2137 2987 ris
2153 2951 2218 2987 su
2230 2934 2963 3005 perterram,eritsolutum
2977 2938 3106 2994 etin
3121 2938 3279 2993 cmlis
3295 2940 3510 3012 (Matth.
3528 2945 3702 3010 xv1).»

2128 3047 2154 3070 ((
2191 3023 2258 3076 Et
2292 3023 2508 3078 factum
2531 3027 2619 3078 est
2639 3024 2780 3079 dum
2811 3024 2981 3093 irent,
3017 3027 3286 3083 mundati
3327 3033 3484 3084 sunt.
3522 3053 3548 3078 ι)
3580 3029 3703 3085 Non

2058 3111 2249 3167 solum
2282 3111 2475 3166 divina
2496 3115 2800 3183 potestate,
2827 3115 2927 3168 sed
2955 3115 3130 3169 etiam
3156 3117 3425 3188 piissima
3451 3118 3703 3189 disposi-

292 3200 560 3256 recludat
591 3203 813 3272 septem
845 3198 1124 3254 diebusin
1157 3198 1329 3252 domo
1361 3201 1628 3268 separata
1649 3212 1937 3264 seorsum,
1973 3184 2016 3250 C
2057 3201 2232 3267 tione,
2265 3200 2476 3272 leprosi
2510 3205 2822 3272 antequam
2855 3203 2923 3256 ad
2949 3205 3279 3259 sacerdotes
3317 3207 3599 3272 venirent,
3645 3207 3702 3260 in

295 3290 357 3344 id
385 3296 475 3346 est
502 3289 824 3346 secundum
857 3287 1196 3359 qualitatem
1228 3291 1283 3342 et
1313 3286 1698 3357 quantitatem
1731 3285 1948 3355 peccati

295 3379 707 3448 pwnitenttam
740 3377 790 3432 ei
823 3376 1110 3446 injungat.
1145 3375 1280 3429 Post
1311 3377 1532 3445 septem
1578 3378 1774 3428 autem
1823 3373 1948 3428 dies

295 3484 440 3522 eum
482 3467 751 3535 intuitus,
786 3467 834 3521 si
887 3465 1094 3519 viderit
1143 3463 1391 3518 crevisse
1423 3463 1667 3536 lepram,
1687 3463 1864 3518 addat
1892 3467 1950 3518 et

298 3555 451 3611 alios
472 3563 691 3629 septem
727 3573 739 3610 :
775 3555 912 3626 quia
944 3553 1041 3609 ubi
1071 3553 1308 3608 additur
1357 3557 1680 3623 peccatum,
1712 3568 1948 3607 necesse

299 3650 395 3698 est
428 3651 487 3700 ut
515 3650 798 3716 augeatur
826 3643 1078 3697 vindicta
1096 3641 1329 3712 peccati.
1350 3641 1485 3696 Post
1503 3640 1946 3711 quatuordecim

300 3747 438 3788 vero
467 3733 608 3802 dies,
640 3733 692 3787 si
723 3731 944 3803 lepram
975 3746 1232 3787 crescere
1263 3729 1488 3796 viderit,
1522 3729 1576 3782 id
1613 3733 1702 3784 est
1746 3745 1948 3800 pecca-

305 3824 433 3874 tum
460 3821 510 3874 in
534 3819 1014 3876 consuetudinem
1037 3819 1250 3883 venire,
1271 3816 1566 3889 sciatquia
1582 3815 1742 3889 lepra
1761 3833 1949 3888 perse-

310 3923 508 3964 verans
537 3915 642 3964 est.
675 3909 742 3963 Et
772 3915 909 3963 tunc
933 3907 1158 3978 judicet
1188 3923 1321 3962 eum
1364 3923 1491 3961 esse
1541 3905 1859 3978 leprosum,
1892 3911 1951 3961 et

313 3997 499 4064 ejiciat
527 4005 687 4054 extra
711 4001 922 4064 castra,
952 3997 1009 4051 id
1041 4001 1130 4051 est
1159 4000 1321 4050 extra
1353 3993 1668 4051 Ecclesiam
1698 4009 1833 4048 eum
1866 4011 1949 4049 re—

317 4085 597 4155 pellat,vel
624 4105 658 4142 a
680 4085 972 4142 consortio
1007 4089 1344 4140 sanctorum
1374 4083 1685 4156 indignum
1698 4082 1944 4154 judicet.

321 4171 646 4248 Maneatque
669 4177 900 4231 intonsa
931 4173 1130 4237 barba,
1148 4173 1303 4244 quod
1328 4173 1398 4227 ad
1421 4171 1752 4244 squalorem
1773 4171 1949 4244 paeni-

323 4263 494 4319 tentiae
525 4265 792 4338 pertinet.
825 4263 1022 4318 Scissa
1049 4267 1230 4328 veste,
1262 4267 1325 4316 ut
1373 4277 1474 4332 per
1515 4260 1942 4317 confessionem

325 4353 669 4409 manifestam
702 4352 913 4408 habeat
941 4349 1337 4422 pmnitentiam
1368 4349 1455 4405 vel
1505 4348 1943 4404 conscientiam.

323 4436 512 4509 Operto
543 4442 758 4516 capite,
791 4440 930 4512 quia
950 4458 982 4494 a
1013 4438 1422 4512 praedicatione
1474 4453 1702 4493 cessare
1752 4437 1942 4503 debet,

2056 3288 2148 3342 via
2180 3289 2444 3343 mundati
2479 3293 2714 3356 suut,ut
2747 3296 2802 3345 et
2832 3291 2944 3362 ipsi
2975 3294 3385 3349 mundatorem
3417 3311 3588 3349 suum
3609 3309 3704 3350 co-

2059 3382 2424 3449 gnoscerent,
2461 3383 2518 3432 et
2547 3379 2878 3434 sacerdotes
2912 3378 3145 3435 illorum
3176 3382 3538 3437 mundationi
3559 3381 3704 3437 nihil

2059 3483 2120 3521 se
2151 3465 2469 3520 contulisse
2500 3467 2801 3522 sentirent.
2821 3467 3142 3524 Juxtavero
3159 3469 3482 3541 spiritalem
3500 3470 3707 3526 intelli-

2057 3555 2337 3626 gentiam,
2372 3554 2605 3626 leprosi,
2641 3562 2956 3628 antequam
2988 3558 3060 3611 ad
3088 3560 3417 3614 sacerdotes
3447 3561 3704 3626 veniant,

2060 3645 2443 3715 mandantur,
2475 3645 2616 3716 quia
2647 3663 2759 3700 non
2795 3647 3147 3718 sacerdotes,
3163 3648 3261 3702 sed
3295 3648 3448 3703 Deus
3473 3653 3705 3720 peccata

2057 3733 2323 3788 dimittit.

2129 3845 2155 3870 «
2191 3821 2353 3876 Unus
2386 3828 2578 3877 autem
2611 3840 2677 3878 ex
2709 3823 2927 3889 illis,ut
2958 3825 3100 3880 vidit
3122 3826 3262 3896 quia
3283 3827 3601 3882 mundatus
3619 3830 3707 3882 est

2058 3930 2084 3957 «
2117 3925 2418 3976 regressus
2431 3914 2541 3976 est,
2556 3927 2922 3982 cummagna
2935 3929 3072 3966 voce
3087 3913 3473 3984 magnificans
3497 3913 3702 3968 Deum.

2058 4022 2083 4046 «
2103 3997 2168 4051 Et
2181 3995 2387 4050 cecidit
2416 3996 2474 4050 in
2505 3996 2708 4052 faciem
2725 4003 2857 4051 ante
2873 4000 3048 4069 pedes
3061 4000 3210 4068 ejus,
3227 4001 3444 4070 gratias
3457 4018 3655 4070 agens.
3676 4023 3704 4048 »

2057 4085 2218 4140 Unus
2244 4084 2352 4138 iste
2379 4084 2478 4155 qui
2514 4085 2586 4138 ad
2614 4085 2945 4140 referendas
2969 4087 3187 4157 gratias
3230 4085 3564 4141 mundatori
3597 4103 3704 4140 suo

2057 4189 2322 4228 reversus
2351 4172 2756 4237 est,unitatem
2787 4171 3080 4244 significat
3113 4173 3396 4238 Ecclesiae,
3419 4189 3545 4244 que
3566 4190 3701 4228 cum

2055 4263 2130 4318 sit
2160 4259 2521 4333 longitudine
2551 4264 2836 4314 terrarum
2869 4260 3073 4326 divisa,
3099 4262 3239 4333 quia
3277 4279 3460 4317 unum
3495 4261 3700 4328 credit,

2056 4367 2238 4406 unum
2272 4350 2444 4422 sapit,
2481 4365 2664 4404 unum
2695 4348 3081 4417 desiderat,in
3115 4349 3334 4405 unitate
3366 4355 3614 4417 tenetur,
3632 4351 3702 4404 de

2057 4457 2174 4511 qua
2203 4439 2485 4510 scriptum
2505 4440 2620 4493 est:
2639 4461 2665 4486 «
2685 4437 3079 4494 Multitudinis
3096 4439 3456 4494 credentium
3472 4444 3595 4494 erat
3607 4456 3705 4494 cor

324 4529 409 4598 qui
439 4532 683 4602 peccatis
711 4529 974 4584 inhaeret.
1006 4529 1214 4600 Aperto
1246 4543 1366 4594 ore,
1388 4543 1504 4581 non
1532 4527 1588 4581 in
1621 4526 1949 4598 peccatide-
1976 4553 2024 4616 D
2058 4545 2241 4584 unum
2275 4533 2331 4583 et
2356 4527 2555 4582 anima
2585 4526 2850 4595 una(Act.
2884 4527 2979 4598 ιν).
3020 4550 3046 4576 ››
3076 4527 3144 4582 Et
3174 4527 3416 4584 iterum:
3439 4528 3588 4593 «Qui
3614 4528 3702 4616 ta-

324 4616 578 4685 fensione,
602 4619 703 4675 sed
738 4619 798 4672 in
821 4635 929 4673 sua
951 4615 1336 4672 accusatione.
1360 4615 1458 4670 «Si
1487 4620 1681 4670 autem
1706 4617 1948 4672 munda-

324 4711 405 4761 tus
431 4709 616 4776 fuerit,
635 4708 734 4780 qui
764 4704 1106 4777 hujusmodi
1138 4704 1472 4776 passionem
1506 4703 1946 4769 sustinet,»hoc

323 4801 414 4862 est,
429 4797 472 4852 si
505 4798 678 4870 digne
710 4795 1042 4868 paenitendo
1068 4810 1102 4848 a
1133 4792 1557 4850 consuetudine
1589 4793 1805 4864 peccati
1823 4810 1945 4850 ces-

324 4886 528 4954 saverit,
545 4908 571 4934 «
585 4878 794 4941 biferat
806 4901 909 4956 pro
921 4881 1338 4940 emundatione
1360 4897 1468 4936 sua
1479 4886 1690 4936 tortam
1709 4881 1898 4954 panis,
1916 4905 1943 4932 ››

323 4969 368 5025 id
389 4978 469 5028 est
496 4973 866 5029 dulcedinem
897 4969 1223 5036 charitatis,
1260 4969 1708 5042 quibuscunque
1735 4973 1943 5041 potest,

325 5059 619 5133 impendat,
655 5078 771 5117 non
795 5059 985 5117 solum
1001 5058 1228 5123 amicis,
1249 5058 1349 5114 sed
1363 5056 1538 5113 etiam
1556 5057 1830 5125 inimicis,
1847 5081 1874 5106 ‹‹
1892 5064 1948 5114 et

325 5152 620 5207 sextarium
644 5149 776 5217 olei,
793 5172 820 5198 »
837 5149 891 5203 id
915 5152 1005 5204 est
1027 5143 1436 5203 misericordia:
1453 5146 1677 5201 viscera
1704 5146 1948 5203 indutus

324 5237 369 5293 in
398 5256 453 5295 se
506 5239 882 5312 peccantibus
927 5234 1242 5292 clementer
1284 5234 1586 5307 ignoscat;
1619 5238 1675 5289 et
1717 5234 1826 5290 hoc
1875 5237 1946 5291 ad

319 5324 615 5384 luminaria
643 5324 1142 5391 concinnanda,ut
1163 5322 1515 5396 sicutplures
1547 5339 1655 5378 suo
1687 5325 1840 5380 malo
1857 5326 1951 5382 de-

317 5415 510 5472 struxit
537 5414 822 5488 exemplo,
856 5413 1076 5485 perdite
1105 5411 1348 5469 vivendo
1375 5429 1386 5465 :
1420 5411 1500 5466 ita
1530 5410 1728 5483 plures
1748 5415 1947 5469 readi-

315 5506 425 5562 ﬁcet
439 5523 548 5562 sua
564 5501 1163 5575 satisfactione,digne
1174 5499 1525 5574 pmnitendo.
1543 5524 1568 5548 «
1587 5501 1802 5556 Otferat
1813 5520 1948 5576 quo-

312 5614 408 5676 que
438 5597 590 5654 duos
620 5608 889 5670 passeres
917 5591 1100 5665 vivos,
1127 5606 1314 5654 unum
1335 5605 1440 5668 pro
1469 5594 1726 5670 peccato,
1741 5595 1798 5652 et
1815 5592 1950 5654 alte~

2055 4618 2132 4673 cit
2177 4615 2485 4672 unanimes
2537 4615 2798 4672 habitare
2849 4617 2906 4671 in
2951 4617 3124 4672 domo
3174 4618 3284 4688 (Ps.
3338 4619 3528 4688 vau).
3564 4639 3592 4664 ››
3639 4615 3705 4670 Et

2055 4705 2192 4761 alibi
2221 4722 2233 4760 :
2263 4693 2289 4754 «
2326 4705 2469 4761 Ecce
2499 4720 2676 4775 quam
2705 4705 2922 4760 bonum
2954 4710 3010 4761 et
3030 4722 3208 4777 quam
3231 4705 3566 4776 jucundum
3598 4703 3702 4759 ha-

2056 4795 2240 4849 bitare
2272 4795 2476 4852 fratres
2509 4791 2566 4847 in
2591 4810 2774 4848 unum
2806 4796 2917 4865 (Ps.
2953 4800 3182 4861 cxxxu).
3212 4816 3237 4842 ››
3258 4794 3380 4848 Non
3414 4791 3704 4848 enimlon-

2054 4884 2256 4957 gitudo
2286 4887 2573 4938 terrarum
2606 4887 2856 4953 separat,
2892 4899 3040 4954 quos
3073 4883 3274 4938 eadem
3307 4881 3452 4936 ﬁdes
3475 4886 3537 4937 et
3564 4881 3703 4936 cha-

2057 4974 2199 5028 ritas
2229 4972 2434 5027 sociat.
2469 4970 2681 5042 Magna
2705 4971 2861 5024 enim
2893 4987 2999 5025 vox
3041 4987 3155 5025 non
3205 4976 3436 5026 tantum
3487 4986 3701 5025 sonum

2055 5061 2494 5132 oris,quantum
2525 5058 2908 5114 intentionem
2921 5057 3435 5130 signittcatcordis.
3454 5059 3702 5131 Magnus

2057 5149 2210 5206 enim
2259 5148 2482 5204 clamor
2513 5151 2851 5203 sanctorum
2877 5164 3172 5221 magnum
3202 5152 3292 5203 est
3321 5148 3701 5216 desiderium,

2058 5240 2197 5311 quia
2223 5238 2631 5308 unusquisque
2661 5241 2946 5306 quantum
2991 5241 3170 5302 amat,
3205 5241 3434 5292 tantum
3469 5235 3700 5292 clamat.

2058 5327 2201 5382 Hinc
2221 5325 2400 5400 Moysi
2429 5342 2461 5381 a
2483 5323 2728 5379 Domino
2752 5324 2966 5379 dicitur
2991 5325 3192 5392 :«Quid
3216 5325 3438 5381 clamas
3461 5325 3533 5380 ad
3568 5342 3660 5380 me
3678 5325 3705 5378 τ

2058 5416 2396 5489 (Εποά.χιν),
2426 5438 2450 5461 ››
2483 5430 2615 5469 cum
2633 5417 2770 5468 tunc
2802 5413 2945 5469 nihil
2980 5415 3210 5471 locutus
3241 5415 3422 5471 fuisse
3455 5413 3716 5486 legatur.

2059 5507 2224 5562 Hunc
2241 5503 2550 5560 clamorem
2565 5519 2628 5558 se
2646 5508 2881 5559 noverat
2898 5502 3111 5561 habere
3131 5505 3188 5560 in
3206 5505 3376 5559 Corde
3393 5501 3699 5571 Propheta,

2059 5595 2161 5673 qui
2192 5609 2295 5671 pro
2327 5591 2730 5668 magnitudine
2757 5593 2974 5655 amoris
3001 5594 3232 5655 dicebat
3264 5609 3278 5652 :
3305 5615 3331 5642 ‹‹
3365 5583 3697 5652 Clamaviin
