4050 6174
802 173 843 191 σν

262 260 341 318 681
1456 255 1807 316 ΗυλιΙιιΑε
1850 253 1949 312 DE
1992 253 2385 313 TEMPOItE.

3504 255 3624 315 682

258 394 369 447 teste
396 389 689 462 Apostolo,
722 388 821 462 qui
855 386 967 444 ait:
995 412 1020 436 ‹‹
1056 390 1188 453 Quae
1211 389 1513 444 conventio
1544 386 1759 444 Christi
1793 385 1862 441 ad
1893 386 1944 452 Α
1979 385 2283 456 pertineat,
2314 390 2446 440 cum
2466 384 3009 458 animaineorporca
3023 386 3439 455 sitinvisibilis,
3458 388 3625 445 cibus

255 478 433 536 Belial?
463 484 565 535 aut
591 495 716 551 qua:
749 476 997 533 societas
1025 476 1141 532 luci
1174 478 1245 533 ad
1273 477 1585 534 tenebras?
1615 480 1716 533 aut
1745 492 1871 547 quae

250 586 358 642 pars
386 566 539 625 ﬁdeli
589 583 722 623 cum
772 564 1030 622 inﬁdeli?
1084 568 1157 637 (Il
1205 567 1519 629 Cur.v1).»
1576 565 1767 621 Nulla.
1809 566 1875 620 Et

247 656 370 712 sicut
398 656 511 712 alia
541 655 832 729 scriptura
850 654 962 711 ait:
985 654 1165 711 Nemo
1193 659 1300 722 est,
1336 654 1766 728 quiutrumque
1783 671 1875 709 va-

243 744 335 802 leat
362 744 563 813 simul,
597 749 654 801 et
685 744 915 800 mittere
964 760 1207 799 manum
1250 761 1419 800 suam
1469 744 1527 800 in
1562 744 1870 800 ambobus.

243 834 360 890 llinc
388 851 493 907 per
521 832 805 891 Jacobum
838 831 1085 888 dicitur:
1122 855 1150 882 ‹‹
1186 832 1285 887 Vir
1307 831 1521 906 duplex
1552 832 1768 900 animo,
1790 830 1873 887 in-

239 927 493 979 constans
524 926 615 978 est
644 920 702 977 in
736 921 1014 978 omnibus
1048 921 1154 978 viis
1186 922 1310 978 suis
1349 923 1482 982 (Jac.
1515 925 1575 989 ι).
1613 944 1640 971 ››
1673 921 1741 976 Et
1772 938 1873 994 per

235 1010 425 1068 Isaiam
460 1010 837 1084 prophetam:
861 1014 954 1064 Va:
972 1009 1260 1082 peecatori
1289 1015 1500 1066 terram
1522 1008 1868 1083 ingredienti

233 1100 447 1156 duabus
476 1099 608 1155 viis.
644 1122 670 1149 «
692 1100 807 1156 Aut
836 1097 992 1155 enim
1016 1115 1199 1154 unum
1223 1099 1355 1155 odio
1372 1099 1630 1165 habebit,
1659 1104 1715 1155 et
1735 1097 1871 1155 alte-

230 1212 254 1238 ‹‹
285 1207 409 1244 rum
442 1187 673 1261 diliget:
708 1192 809 1242 aut
831 1204 1016 1243 unum
1037 1187 1372 1256 sustinebit,
1401 1193 1457 1243 et
1475 1186 1723 1244 alterum
1742 1204 1872 1243 eon-

232 1299 250 1326 α
285 1281 521 1333 temnet.
559 1300 585 1325 ››
613 1276 781 1333 Odiet
798 1275 1060 1332 videlicet
1079 1274 1401 1343 diabolum,
1423 1281 1481 1332 et
1499 1276 1698 1350 diliget
1714 1276 1872 1332 Chri-

224 1371 391 1422 stum.
428 1364 536 1432 Qui
567 1365 723 1420 enim
755 1363 945 1438 diligit
974 1366 1182 1430 Deum,
1216 1366 1339 1421 odit
1394 1364 1638 1421 malum.
1689 1366 1868 1421 Nemo

222 1455 370 1511 enim
401 1460 521 1511 tam
555 1455 684 1510 fere:
718 1452 933 1511 mentis
964 1458 1070 1521 cst,
1104 1453 1205 1526 qui
1235 1453 1870 1511 seDcumverbisodire

223 1544 483 1600 fateatur.
518 1543 629 1600 Sed
664 1542 825 1601 odire
848 1543 1033 1598 Deum
1052 1542 1286 1612 dicitur,
1322 1543 1419 1616 qui
1443 1560 1576 1600 eum
1612 1542 1868 1598 nondili-

224 1633 317 1705 git,
349 1633 407 1690 id
438 1638 527 1689 est
557 1631 658 1704 qui
688 1633 815 1703 ejus
846 1637 1135 1705 praecepta
1165 1649 1279 1687 non
1312 1633 1588 1702 custodit,
1623 1632 1692 1687 de
1723 1648 1866 1704 qua-

225 1721 368 1777 libus
381 1722 506 1794 ipse
523 1720 682 1777 dicit:
699 1744 727 1770 ‹‹
743 1719 887 1784 Quia
901 1719 1169 1775 viderunt
1184 1737 1297 1789 me,
1323 1726 1379 1776 et
1393 1721 1523 1776 odio
1539 1720 1870 1777 habuerunt
1901 1756 1947 1822 Β

229 1828 310 1867 me
338 1811 520 1883 gratis
552 1811 726 1883 (Joan.
759 1813 873 1878 xv).
910 1834 938 1859 ››
971 1809 1866 1878 QuiautemeomtemnitDeum,

233 1899 467 1957 sustinet
497 1898 795 1955 diabolum
829 1900 1044 1955 durum
1060 1903 1110 1953 et
1128 1899 1523 1972 perniciosum
1538 1901 1881 1967 dominum:

235 1989 321 2062 qui
336 2006 446 2046 non
462 1988 651 2045 solum
668 1988 724 2043 in
741 1991 1020 2061 perpetua
1036 1989 1335 2060 pmua,sed
1350 1988 1596 2043 etiamin
1613 2006 1869 2061 praesen-

237 2079 272 2133 ti
287 2076 581 2151 vita,quiei
598 2076 878 2144 serviunt,
900 2074 1085 2132 multa
1101 2077 1314 2133 duract
1338 2076 1866 2148 asperasustinent.

236 2168 379 2223 Sicut
407 2165 562 2222 enim
593 2183 743 2222 onus
773 2164 987 2221 Christi
1020 2165 1139 2221 leve
1170 2170 1259 2221 est
1275 2167 1553 2239 etjugum
1575 2184 1769 2233 suave,
1792 2167 1872 2223 ita

235 2254 541 2311 ceontrario
573 2254 826 2310 servitus
855 2252 1071 2308 diaboli
1103 2253 1251 2308 dura
1275 2258 1364 2309 est
1389 2258 1445 2309 et
1467 2271 1691 2326 aspera.
1709 2253 1872 2311 Unde

237 2344 298 2399 de
326 2343 416 2399 his
446 2343 546 2415 qui
578 2343 707 2415 ejus
738 2342 1095 2398 voluntatem
1114 2346 1463 2414 sequuntur,
1490 2359 1591 2415 per
1609 2342 1873 2399 Salomo-

238 2449 359 2488 nem
388 2431 625 2488 dicitur:
662 2454 689 2480 ‹‹
724 2430 851 2491 Non
881 2430 1036 2485 enim
1068 2430 1389 2499 dormiunt,
1424 2431 1535 2486 nisi
1571 2432 1872 2488 malefecc-

237 2522 369 2577 rint:
404 2538 504 2577 nec
537 2521 764 2592 rapitur
792 2536 1036 2576 somnus
1054 2520 1126 2575 ab
1144 2520 1327 2576 oculis
1346 2537 1569 2588 eorum,
1598 2521 1709 2576 nisi
1741 2538 1877 2594 sup-

237 2608 613 2682 plantaverint
639 2611 823 2669 (Prov.
858 2608 951 2670 Iv).
988 2630 1018 2657 »
1068 2610 1136 2664 Et
1167 2626 1269 2681 per
1312 2608 1690 2681 prophetam:
1740 2634 1766 2661 ‹‹
1806 2610 1877 2666 Ut

236 2699 420 2772 inique
448 2702 706 2772 agerent,
741 2696 1151 2755 laboraverunt
1194 2700 1323 2765 (Jcr.
1372 2715 1471 2771 1X}‘
1511 2722 1538 2747 ››
1571 2700 1682 2754 Sed
1736 2699 1878 2770 quia

234 2787 488 2843 diabolus
503 2786 653 2843 banc
667 2786 1004 2842 servitutem
1024 2785 1272 2842 maxime
1287 2787 1348 2842 in
1361 2804 1564 2842 eorum
1579 2786 1878 2844 mentibus

232 2876 460 2944 invenit,
494 2875 596 2949 qui
628 2875 1130 2932 avaritizezestibus
1147 2876 1374 2943 ardent,
1408 2876 1872 2933 rectesubditur:

233 2990 257 3014 «
289 2966 410 3022 Non
442 2964 684 3039 potestis
715 2965 829 3020 Deo
860 2962 1074 3020 servire
1119 2969 1175 3020 et
1210 2982 1578 3021 mammonae.
1615 2987 1645 3015 ››
1689 2966 1874 3021 Mam-

232 3072 400 3111 mona
428 3059 624 3112 autem
653 3052 929 3111 Hebraiee
967 3051 1056 3109 vel
1103 3053 1356 3127 Syriaco,
1411 3053 1612 3110 Latine
1659 3053 1870 3129 divitiae

1983 477 2177 529 autem
2218 473 2483 529 visibilis.
2534 473 2759 539 Quibus
2807 476 3276 548 respondendum
3327 480 3433 544 est,
3488 477 3628 549 quia

1981 562 2179 619 anima
2207 562 2264 617 in
2298 563 2405 619 hoc
2436 561 2559 619 loco
2592 581 2695 636 pro
2729 564 2996 637 praesenti
3024 563 3140 620 vita
3170 566 3426 636 ponitur,
3460 567 3631 637 cujus

1982 652 2452 708 sustentaculum
2485 658 2573 709 est
2603 653 2768 709 cibus
2796 659 2852 709 et
2883 658 3072 726 potus,
3095 671 3340 710 somnus
3371 657 3428 711 et
3459 654 3630 710 vesti:

1983 744 2268 796 mentum.
2285 741 2573 806 Quaeritur
2585 746 2779 799 autem
2796 758 2976 815 quare
2993 742 3221 812 dixerit,
3239 766 3266 795 ‹‹
3292 744 3372 800 Ne
3397 742 3633 801 solliciti

1983 828 2112 886 sitis
2139 830 2348 885 anima:
2379 835 2579 887 vestrae
2611 831 2753 904 quid
2786 832 3427 900 manducetis,»cumin
3460 830 3633 889 laude

1981 918 2087 974 viri
2119 919 2305 975 sancti
2336 920 2556 976 dictum
2590 921 2664 977 sit
2696 938 2797 994 per
2830 920 3205 995 Prophetam:
3242 922 3490 979 Labores
3514 938 3633 979 ma-

1979 1025 2165 1064 nuum
2181 1012 2414 1065 tuarum
2432 1009 2571 1083 quia
2584 1009 3274 1076 manducabis,beatuscs
3294 1015 3351 1066 et
3365 1010 3508 1067 bene
3524 1008 3630 1067 tibi

1980 1096 2090 1153 erit
2125 1099 2293 1168 (Psal.
2309 1098 2537 1171 cxxvu).
2556 1122 2582 1146 ››
2597 1098 2679 1153 Ad
2699 1099 2852 1171 quod
2866 1098 3179 1155 dicendum
3194 1098 3294 1171 qui
3309 1098 3368 1155 in
3382 1097 3487 1155 hoc
3501 1097 3629 1156 loco

1980 1185 2262 1242 Dominus
2296 1204 2409 1241 non
2441 1185 2695 1242 laborem
2714 1186 3029 1259 prohibuit,
3047 1188 3148 1243 sed
3166 1183 3627 1244 sollicitudinem

1978 1275 2180 1329 vetuit.
2219 1275 2506 1331 Laborare
2545 1274 2700 1330 enim
2727 1276 2896 1331 debet
2922 1275 3097 1331 homo
3120 1276 3285 1332 unde
3304 1275 3473 1343 vivat,
3510 1292 3624 1332 non

1982 1364 2133 1420 unde
2146 1363 2306 1420 dives
2329 1364 2637 1430 efficiatur,
2661 1364 2811 1420 sicut
2836 1365 3026 1437 primo
3048 1363 3270 1421 homini
3292 1366 3516 1421 dictum
3539 1368 3629 1421 est
3696 1380 3697 1383 ‘

1980 1452 2352 1526 (Gcn.m):«1n
2367 1454 2581 1510 sudore
2595 1453 2791 1509 vultus
2807 1453 2889 1508 tui
2905 1454 3154 1510 vesceris
3168 1454 3628 1527 pane»tuo.Hinc

1976 1542 2288 1615 Apostolus
2301 1541 2608 1615 discipulis
2622 1542 2745 1599 suis
2770 1543 3062 1615 praecepit:
3087 1565 3113 1593 «
3138 1542 3322 1615 Magis
3336 1543 3629 1600 autemla-

1980 1631 2559 1703 borctunusquisque
2586 1632 2880 1703 operando
2906 1632 3179 1688 manibus
3201 1632 3327 1688 suis
3349 1634 3505 1704 quod
3527 1632 3628 1688 bo-

1980 1737 2120 1776 num
2136 1724 2316 1787 est,ut
2329 1720 2541 1776 habeat
2555 1721 2707 1776 unde
2720 1720 2940 1776 tribuat
2954 1719 3353 1777 necessitatem
3368 1721 3633 1793 patienti-

1980 1809 2316 1881 bus,Eplics.
2336 1812 2470 1871 ιη’.»
2489 1809 2551 1863 Et
2566 1825 2637 1863 ne
2657 1825 2822 1864 mens
2836 1807 3093 1864 humana
3105 1809 3175 1864 de
3191 1809 3490 1880 praesentis
3503 1809 3631 1865 vitae

1980 1897 2378 1954 sustentaculo
2418 1897 2733 1963 dubitaret,
2782 1896 2972 1953 adhuc
3016 1897 3343 1969 subjunxit,
3390 1898 3626 1955 dicens:

1981 2012 2007 2037 ‹‹
2038 1988 2239 2043 Nonne
2262 1986 2461 2042 anima
2491 1984 2624 2059 plus
2653 1991 2742 2042 est
2774 2001 2951 2058 quam
2984 2002 3136 2055 esea,
3169 1990 3226 2042 et
3256 2003 3466 2058 corpus
3496 1986 3629 2058 plus

1982 2093 2194 2148 «quam
2210 2074 2652 2132 vestimentum?
2665 2097 2691 2125 ››
2708 2077 2785 2130 Ac
2799 2075 2847 2131 si
2862 2074 3105 2131 diceret:
3128 2074 3235 2140 Qui
3250 2075 3474 2146 majora
3485 2092 3628 2147 pras-

1982 2165 2132 2223 stitit
2163 2165 2469 2233 Dominus,
2504 2164 2734 2220 minora
2764 2181 2879 2220 non
2912 2164 3178 2237 negabit;
3201 2163 3304 2236 qui
3326 2164 3485 2220 dedit
3501 2163 3626 2221 ani-

1982 2272 2161 2323 mam,
2196 2254 2358 2310 dabit
2386 2257 2442 2309 et
2470 2253 2697 2321 cibum;
2732 2257 2788 2310 et
2817 2252 3643 2326 quitribuitcorpus,adjieiet-

1981 2344 2416 2401 vestimentum.
2451 2343 2521 2398 Et
2551 2360 2621 2398 ne
2653 2359 2820 2398 mens
2852 2342 3113 2398 humana
3142 2343 3253 2399 sub
3295 2342 3629 2416 fragilitatis

1983 2432 2285 2489 occasione
2314 2432 2385 2486 de
2418 2430 2720 2504 praesentis
2745 2432 2872 2487 vitae
2905 2432 3250 2489 necessitate
3270 2436 3634 2498 causaretur,

1986 2521 2266 2577 Dominus
2296 2521 2366 2576 de
2416 2519 2749 2577 volatilibus
2797 2520 2922 2576 coeli
2975 2520 3307 2595 exemplum
3341 2520 3634 2589 adhibuit,

1985 2611 2225 2666 dicens:

2057 2723 2083 2750 ‹‹
2120 2698 2410 2771 Respicite
2444 2698 2700 2754 volatilia
2730 2698 2881 2765 cmli,
2933 2698 3211 2771 quoniam
3256 2716 3368 2755 non
3410 2704 3633 2768 serunt,

1991 2810 2017 2839 α
2051 2804 2237 2860 neque
2273 2790 2522 2852 metunt,
2566 2803 2757 2860 neque
2801 2791 3158 2859 congregant
3204 2787 3261 2841 in
3313 2787 3538 2853 horrea,
3579 2791 3636 2842 ct

1993 2898 2014 2927 κ
2046 2879 2215 2934 Pater
2242 2880 2429 2932 vester
2459 2875 2714 2932 caelestis
2745 2876 2933 2948 pascit
2982 2874 3097 2931 illa.
3134 2897 3163 2925 ››
3193 2878 3273 2931 Ac
3303 2875 3352 2931 si
3383 2875 3629 2932 diceret:

1987 2968 2048 3023 Si
2080 2967 2231 3023 Deus
2260 2964 2678 3034 volatiliaewli,
2697 2982 2824 3036 quae
2847 2963 3633 3021 animamirrationalemha-

1988 3058 2144 3122 bent,
2180 3056 2400 3127 absque
2431 3053 2608 3110 aratri
2637 3053 2833 3110 labore
2863 3057 2919 3109 et
2949 3051 3075 3109 sine
3104 3052 3491 3109 sollicitudine
3514 3070 3630 3110 me-

229 3141 670 3217 interpretatur;
705 3161 739 3200 a
764 3159 1012 3215 quarum
1044 3143 1395 3216 proprietate
1425 3160 1540 3199 non
1574 3143 1745 3216 longo
1777 3162 1867 3200 so-
1902 3129 1944 3193 ί]
1982 3141 3626 3219 tendiatqueinhorrcacougregandipascit,nequaquam

230 3232 400 3289 cietas
431 3232 659 3289 Punicae
682 3230 898 3304 linguas
917 3231 1119 3297 distat,
1135 3230 1272 3303 quia
1295 3232 1527 3287 Punicae
1547 3250 1869 3301 mammon,

229 3321 427 3377 Latine
458 3320 690 3377 lucrum
723 3320 953 3376 dicitur.
990 3318 1207 3377 Audiat
1253 3319 1362 3375 hoc
1392 3337 1621 3389 avarus,
1675 3321 1874 3377 audiat

226 3409 327 3482 qui
355 3409 683 3466 Christiano
714 3414 987 3465 censetur
1013 3408 1268 3476 nomine,
1302 3409 1739 3483 et‘intclligatse
1757 3411 1872 3467 Deo

226 3498 405 3555 simul
434 3505 490 3556 et
513 3497 734 3554 divitiis
763 3497 979 3554 servire
1012 3515 1125 3553 non
1158 3514 1349 3570 posse.
1381 3498 1552 3554 Aliud
1585 3504 1674 3555 est
1716 3499 1873 3555 enim

226 3587 437 3645 habere
468 3588 722 3654 divitias,
758 3591 814 3644 et
842 3587 1002 3643 aliud
1036 3586 1248 3644 servire
1279 3588 1516 3644 divitiis.
1563 3588 1671 3653 Qui
1717 3589 1873 3645 enim

227 3676 561 3734 divitiarum
592 3677 875 3733 Dominus
905 3680 1014 3745 est,
1046 3694 1145 3734 cas
1168 3682 1230 3732 ut
1249 3677 1534 3733 Dominus
1552 3677 1874 3747 distribuit,

226 3763 305 3820 im
311 3764 477 3839 plens
490 3764 634 3821 illud
649 3767 801 3839 quod
817 3784 920 3839 per
933 3765 1278 3839 Prophetam
1293 3765 1876 3840 diciturzuDispcrsit,

228 3854 393 3910 dedit
422 3855 797 3928 pauperibus,
823 3855 1059 3927 justitia
1089 3855 1220 3926 eius
1264 3861 1462 3911 manet
1492 3855 1556 3912 in
1595 3856 1877 3912 saeculum

230 3942 427 4000 saeculi
455 3945 627 4017 (Psal.
660 3946 795 4014 cm).
817 3966 845 3993 ››
877 3942 1194 4009 Quiautem
1208 3960 1409 3999 earum
1424 3961 1625 4001 servus
1638 3948 1744 4013 est,
1762 3963 1878 4001 non

232 4027 489 4087 solumin
503 4032 897 4105 acquirendis,
922 4032 1023 4088 sed
1046 4031 1295 4088 etiamin
1314 4033 1712 4090 custodiendis
1725 4033 1883 4090 solli-

233 4117 352 4175 cita
363 4122 632 4177 servitute
654 4126 974 4193 torquetur,
991 4121 1057 4175 Et
1072 4120 1202 4176 ideo
1215 4122 1353 4177 dum
1367 4120 1641 4178 servitute
1655 4122 1880 4180 divitia—

236 4224 370 4263 rum
382 4209 454 4265 im
463 4209 1014 4283 plicatustenetur,a
1026 4208 1240 4265 Christi
1257 4210 1533 4267 servitute
1546 4216 1879 4269 evacuatur.

240 4294 386 4362 Quia
406 4298 614 4355 ﬂuvius
628 4300 770 4355 dum
783 4298 843 4353 in
858 4297 1061 4353 multis
1077 4297 1279 4353 rivulis
1293 4298 1592 4369 dividitur,
1605 4318 1637 4357 a
1651 4302 1884 4374 proprio

240 4382 397 4442 alveo
422 4386 688 4444 siccatur.
723 4386 885 4443 Unde
921 4386 1199 4443 Dominus
1232 4387 1309 4443 ait
1334 4387 1391 4442 in
1425 4389 1762 4462 Evangelio:
1792 4391 1885 4446 Di-

1982 3234 2279 3291 hominem
2307 3232 2380 3288 ad
2413 3231 2729 3303 imaginem
2761 3234 2818 3287 et
2848 3230 3297 3288 similitudinem
3338 3247 3507 3287 suam
3542 3230 3625 3287 fa-

1982 3328 2163 3389 ctum,
2214 3321 2368 3378 fame
2415 3320 2603 3392 perire
2663 3319 2935 3393 patietur.
3009 3320 3173 3377 Unde
3216 3324 3274 3377 et.
3321 3320 3623 3377 subditur:

1984 3434 2013 3464 ‹‹
2045 3412 2245 3469 Nonne
2276 3428 2376 3467 vos
2408 3408 2597 3483 magis
2626 3409 2812 3482 pluris
2839 3410 2980 3466 estis
3012 3409 3214 3466 illis?»
3245 3410 3406 3475 Quod
3423 3426 3535 3466 non
3554 3409 3627 3464 ad

1983 3518 2320 3572 numerum,
2354 3500 2453 3556 sed
2486 3499 2558 3555 ad
2591 3499 2909 3571 imaginem
2941 3499 3213 3571 pertinet,
3245 3499 3399 3572 quod
3432 3502 3521 3555 est
3542 3497 3631 3553 di-

1985 3608 2141 3647 cere:
2179 3590 2369 3646 Pluris
2399 3590 2542 3646 estis
2578 3589 2781 3655 illis,id
2811 3593 2899 3645 est
2928 3587 3267 3659 rationales,
3286 3586 3635 3661 quiamelioo

1986 3698 2079 3737 res
2107 3679 2251 3737 estis
2280 3679 2416 3737 illis.
2449 3678 2612 3735 Alius
2636 3678 2794 3735 enim
2818 3675 3634 3751 evangelistaprovolatilibus

1987 3771 2113 3826 coeli
2168 3768 2753 3843 specialiter,corvos
2804 3767 3025 3839 posuit,
3067 3767 3295 3824 dicens:
3346 3766 3635 3839 Respicite

1988 3876 2209 3916 corvos.
2244 3859 2511 3914 Tradunt
2539 3857 2695 3913 enim
2724 3856 3068 3931 physiologi,
3090 3855 3229 3930 quia
3252 3856 3487 3929 quando
3516 3872 3640 3912 cor-

1989 3966 2193 4005 verum
2225 3947 2367 4021 pulli
2398 3946 2682 4019 procreati
2714 3946 2953 4014 fuerint,
3001 3947 3203 4003 tandiu
3234 3963 3269 4003 a
3298 3944 3639 4018 parentibus

1990 4036 2444 4108 aluntur,quoad
2454 4052 2638 4106 usque
2656 4034 3124 4107 nigrescentibus
3136 4034 3353 4107 plumis
3365 4032 3639 4090 similitu-

1992 4127 2188 4182 dinem
2218 4140 2421 4181 eorum
2452 4123 2509 4179 in
2544 4141 2604 4180 se
2632 4124 2883 4180 formare
2913 4123 3173 4196 coeperit;
3207 4123 3307 4178 sed
3326 4121 3466 4193 quia
3490 4136 3636 4192 apa-

1992 4216 2256 4272 rentibus
2282 4213 2712 4285 relinquuntur,
2747 4213 2848 4268 Dei
2902 4210 3265 4284 providentia
3294 4212 3637 4281 pascuntur,

1995 4308 2138 4361 teste
2151 4302 2463 4360 Psalmista
2480 4300 2578 4374 qui
2591 4301 2671 4357 ait
2687 4319 2734 4356 ;‹‹
2752 4301 2858 4365 Qui
2872 4301 2972 4356 dat
2976 4301 3000 4373 j
3012 4299 3264 4355 umentis
3275 4314 3468 4356 escam
3482 4297 3496 4351 i
3507 4313 3641 4369 pso-

1995 4397 2210 4460 rum,et
2221 4391 2705 4466 pulliscorvorum
2724 4390 3128 4447 invocantibus
3138 4388 3296 4460 eum(
3304 4384 3642 4457 Psal.cxr.).»

241 4471 387 4566 vitia:
414 4480 469 4531 et
498 4475 823 4566 voluptates
856 4475 1147 4566 suli'ocant
1175 4476 1437 4545 verbum,
1464 4482 1537 4566 ut
1572 4495 1685 4534 non
1735 4479 1883 4536 ferat
1913 4501 1961 4566 D
1996 4482 2158 4539 Unde
2187 4480 2612 4537 divinavocead
2627 4480 2860 4535 beatum
2874 4479 2980 4536 Job
2995 4478 3208 4534 dicitur
3237 4473 3641 4566 (Capssavm):

243 4561 510 4620 fructum.
565 4563 711 4620 Hinc
766 4582 870 4637 per
914 4564 1195 4621 Jacobum
1251 4565 1580 4638 apostolum
1639 4568 1880 4626 dicitur:

244 4671 271 4698 (ι
300 4652 497 4708 Omnis
528 4652 630 4724 qui
660 4651 906 4708 voluerit
934 4652 1160 4709 amicus
1190 4670 1318 4710 esse
1336 4655 1527 4710 saeculi
1562 4656 1890 4729 hujus,ini-

245 4737 427 4797 micus
456 4741 557 4798 Dei
598 4741 976 4798 constituitur
1031 4743 1164 4815 (Jac.
1222 4746 1320 4812 ιν).
1359 4767 1387 4794 ››
1419 4744 1582 4801 Unde
1632 4764 1754 4812 eos,
1786 4748 1887 4820 qui

244 4827 464 4886 Christo
486 4831 699 4887 servire
722 4830 1078 4900 desiderant,
1098 4831 1382 4888 Dominus
1413 4834 1484 4890 ad
1503 4840 1888 4908 spontaneam

243 4924 644 4989 panpertatem
678 4920 901 4987 invitat,
937 4937 1070 4975 cum
1102 4920 1428 4994 subjungit,
1465 4923 1691 4980 dicens:

313 5028 344 5055 ιι
372 5007 499 5064 ideo
528 5009 656 5064 dico
687 5007 873 5077 vobis,
907 5025 977 5064 ue
1009 5008 1239 5064 solliciti
1273 5010 1404 5066 sitis
1435 5012 1644 5067 animas
1687 5019 1887 5071 vestra:

243 5114 271 5143 «ι
307 5095 445 5168 quid
479 5097 869 5165 manducetis,
900 5113 1088 5168 neque
1117 5098 1344 5169 corpori
1391 5103 1580 5157 vestro
1632 5103 1774 5174 quid
1807 5105 1894 5160 in-

241 5204 269 5231 ‹‹
307 5182 592 5243 duamini.
626 5208 656 5237 »
686 5189 765 5242 Ac
795 5185 843 5241 si
877 5184 1123 5241 diceret:
1158 5186 1305 5249 Quia
1334 5205 1448 5243 non
1486 5191 1728 5261 potestis
1779 5193 1905 5249 Deo.

241 5273 459 5331 servire
489 5280 548 5332 et
575 5290 943 5341 mammonae,
977 5273 1105 5331 ideo
1137 5274 1265 5331 dico
1309 5276 1494 5345 vobis,
1554 5295 1626 5335 ne
1662 5280 1897 5338 solliciti

243 5360 377 5418 sitis
402 5363 608 5421 animae
626 5368 846 5421 vestris.
872 5363 1031 5419 Beati
1045 5362 1199 5419 enim
1214 5382 1500 5438 panpcres
1515 5367 1743 5440 spiritu,
1763 5388 1901 5443 quo-

245 5449 407 5529 niam
435 5452 698 5527 ipsorum
727 5455 817 5509 est
846 5468 1092 5526 regnum
1133 5452 1436 5511 cmlorum.
1492 5455 1599 5513 Ubi
1631 5457 1898 5518 fortassis

240 5537 633 5618 simpliciores
665 5545 951 5615 quaerunt,
989 5545 1186 5600 utrum
1220 5543 1513 5604 cibusiste
1546 5547 1613 5604 ad
1643 5547 1901 5612 animam

571 5670 692 5735 1%.":
704 5683 832 5738 μοι.
878 5668 1146 5737 CXVIII.

1995 4596 2022 4623 ‹‹
2057 4571 2196 4639 Quis
2209 4573 2493 4644 praeparat
2506 4585 2880 4625 corvoescam
2894 4585 3084 4640 suam,
3104 4566 3338 4640 quando
3360 4563 3649 4638 pultiejus

1997 4662 2068 4716 ad
2101 4661 2285 4717 Deum
2317 4658 2577 4718 clamant
2605 4658 2904 4732 vagientes
2935 4674 3002 4713 eo
3050 4657 3202 4730 quod
3236 4672 3352 4711 non
3396 4654 3652 4710 habeant

1998 4749 2196 4807 cibos?
2228 4771 2255 4800 ››
2290 4747 2349 4804 Si
2377 4766 2510 4819 ergo
2545 4752 2665 4804 tam
2695 4744 3451 4818 viliavolatilia,quznetiam
3465 4741 3654 4799 homi-

2000 4840 2177 4896 nibus
2209 4838 2508 4910 supcrilua
2538 4854 2668 4893 esse
2686 4837 2973 4905 videntur,
2991 4837 3143 4892 Deus
3156 4836 3307 4891 fame
3336 4832 3523 4906 perire
3537 4846 3651 4886 non

1999 4928 2237 5001 patitur,
2271 4927 2431 4982 nullo
2464 4927 2639 4982 modo
2669 4925 2968 4982 hominem
2999 4926 3069 4981 ad
3090 4924 3476 4997 imaginemet
3495 4919 3655 4978 simi-

2000 5016 2309 5072 litudinem
2343 5032 2514 5071 suam
2551 5014 2770 5071 factum
2803 5014 2955 5069 fame
2987 5013 3175 5086 perire
3222 5012 3497 5084 patietur,
3540 5007 3655 5066 nisi

2006 5105 2151 5162 forte
2181 5104 2437 5178 peccatis
2464 5103 2905 5159 abundantibus
2919 5100 3198 5158 sterilitas
3215 5097 3657 5172 terraejustoDei

2000 5194 2225 5266 judicio
2257 5197 2461 5249 contra
2491 5196 2764 5248 naturam
2798 5191 3041 5260 accidat,
3066 5189 3533 5246 Psalmistateste
3555 5186 3659 5259 qui

2009 5283 2118 5340 ait:
2156 5305 2183 5332 «
2216 5282 2341 5337 Non
2373 5280 2491 5337 vidi
2518 5282 2751 5353 justum
2784 5279 3149 5346 derelictum,
3182 5296 3285 5335 nec
3316 5293 3514 5336 semen
3530 5278 3661 5349 ejus

2009 5389 2279 5446 quaerens
2310 5385 2523 5444 panem
2564 5370 2735 5440 (Psal.
2788 5381 2996 5443 XXXVI).
3032 5388 3060 5419 ››
3094 5369 3163 5425 Et
3208 5368 3451 5424 iterum:
3506 5362 3661 5421 Nihil

2011 5458 2533 5519 dcesttimentibus
2547 5464 2748 5516 Deum.
2767 5458 2911 5524 Quia
2922 5457 3206 5515 Dominus
3224 5453 3666 5529 superiussolli-

2013 5548 2337 5609 citudinem
2369 5548 2769 5633 prohibuerat,
2802 5565 2958 5609 nunc
2985 5548 3163 5609 ctiam
3184 5547 3664 5606 vestimentorum

3267 5675 3344 5740 22
