4050 6174
453 296 568 355 083

453 428 810 499 superﬂuam
844 444 1043 483 curam
1077 433 1249 494 vetat,
1286 445 1415 482 cum
1449 427 1743 497 adjuugit:

523 540 551 565 «
586 516 727 582 Quis
758 520 951 572 autem
986 522 1245 572 vestrum
1282 516 1591 589 cogitando
1623 520 1815 587 potest
1858 514 2106 586 adjicere

451 629 481 657 «
514 606 585 662 ad
619 610 907 660 staturam
944 622 1113 660 suam
1146 604 1408 661 cubitum
1461 605 1685 658 unum?
1716 607 1773 657 et
1822 603 1893 657 de
1931 603 2107 658 vesti-

452 696 483 744 ἃ
515 699 713 750 mento
740 694 878 766 quid
905 693 1135 749 solliciti
1156 693 1378 748 estis?»
1397 693 1453 748 Si
1489 692 2102 763 ergoomnibuspatct.

449 784 590 857 quia
621 784 817 839 nullus
830 784 899 839 ad
916 787 1199 838 staturam
1216 799 1382 837 suam
1402 782 1663 837 cubitum
1677 781 1762 836 vel
1797 781 2104 836 minimam

450 877 679 947 partem
710 873 958 945 adjicere
991 876 1205 943 potest:
1243 870 1337 925 lllc
1368 871 1465 942 qui
1498 871 1556 925 in
1591 887 1866 925 mensura
1899 874 1955 924 et
1971 886 2107 942 pon-

458 963 595 1018 dere
626 966 681 1017 et
711 977 953 1016 numero
973 959 1505 1031 cunctadisposuit.
1538 958 2105 1016 sicutdeditmcnsu-

452 1068 576 1107 ram
615 1049 876 1121 corporis
937 1052 1110 1120 prout
1151 1048 1351 1113 voluit,
1389 1049 1471 1102 sic
1502 1048 1667 1103 dabit
1697 1052 1753 1102 ct
1778 1046 2106 1102 vestimenti

451 1140 881 1194 necessitatem.
916 1137 1079 1193 Unde
1110 1136 1285 1193 etiam
1319 1139 1390 1192 ad
1440 1136 1762 1192 carnalium
1798 1136 2104 1191 hominum

450 1226 913 1298 superﬁuitatem
929 1225 1381 1281 convincendam
1394 1226 1659 1291 ,derebus
1676 1224 1814 1279 mini
1826 1224 1936 1279 mis
1951 1224 2106 1279 simi-

449 1315 765 1370 litudinem
799 1314 1086 1377 adhibuit,
1119 1313 1347 1369 dicens:

524 1427 544 1450 ι
589 1403 960 1458 Considerate
992 1402 1115 1456 lilia
1146 1404 1289 1475 agri,
1316 1403 1608 1473 quomodo
1663 1408 1949 1469 crescunt,
1990 1419 2105 1456 non

456 1518 482 1541 ‹‹
518 1492 783 1546 laborant
816 1507 1005 1562 neque
1037 1495 1194 1545 nent.
1233 1514 1260 1539 ››
1294 1491 1395 1545 Hic
1426 1490 1680 1563 liliaagri
1709 1508 1809 1563 pro
1831 1491 2106 1546 omnibus

445 1580 641 1637 herbis
673 1580 888 1652 posuit,
914 1596 1062 1651 quas
1084 1580 1233 1635 Deus
1250 1580 1626 1651 omnipotens
1646 1580 1769 1635 sine
1796 1581 2104 1635 textricum

446 1671 641 1725 labore
668 1671 818 1725 mira
848 1670 1120 1724 varietate
1161 1667 1580 1740 depingitaliis
1610 1669 1921 1722 candidum
1952 1669 2104 1724 colo-

992 291 1399 355 HAYMONIS
1449 292 1981 353 IIALBEIISTAT.
2034 289 2280 353 EPISC.
2333 288 2504 351 UPP.
2553 290 2780 352 PARS.
2832 290 2907 351 Il.
2941 322 3016 336 -
3048 289 3312 352 HOMIL.

3701 295 3798 356 εει

2132 428 2178 492 Α
2217 428 2269 478 et
2303 424 2786 494 supci-ﬁuitatcm.
2821 425 2965 479 Nam
2988 424 3243 495 pretiosa
3269 423 3438 478 vestis
3455 439 3558 478 non
3587 424 3683 480 nisi
3699 445 3803 498 pro.

2216 518 2344 585 pter
2372 513 2605 568 inanem
2638 513 2883 585 gloriam
2917 511 3260 585 requiritur:
3292 511 3440 565 unde
3481 512 3728 569 Dominus
3755 517 3801 573 in

2215 601 2324 657 hoc
2379 600 2503 657 loco
2562 601 2707 657 bene
2758 603 2929 670 juxta
2982 600 3163 655 alium
3212 600 3608 672 evangelistam
3659 605 3807 661 fertur

2216 691 2462 747 dixisse:
2513 715 2540 741 ‹‹
2573 693 2643 745 Et
2681 690 2861 745 nolite
2891 689 2949 745 in
3002 689 3264 745 sublime
3311 688 3429 744 tolli
3477 691 3612 747 (Luc.
3655 694 3758 763 xu).
3786 717 3808 742 »ι

2213 780 2391 835 Nobis
2423 784 2639 848 autem,
2657 780 2753 851 qui
2777 778 3008 834 solliciti
3026 794 3255 834 servare
3274 778 3546 833 debemus
3567 780 3811 839 unitatem

2216 869 2460 940 spiritus
2488 869 2545 923 in
2572 868 2804 923 vinculo
2835 868 3017 940 pacis,
3049 872 3103 922 et
3130 882 3376 939 quorum
3410 882 3539 938 spes
3576 866 3629 921 in
3661 868 3810 926 altera

2214 958 2329 1011 vita
2362 962 2469 1025 est,
2505 957 2564 1012 in
2590 974 2707 1028 quo
2730 962 2987 1013 nostram
3004 955 3455 1012 sollicitudinem
3470 958 3811 1027 ponercdebe-

2217 1063 2374 1108 mus.
2405 1046 2742 1101 manifestat
2771 1062 2904 1101 eum
2938 1044 3234 1118 adjungit:

2288 1158 2315 1185 ‹‹
2350 1136 2472 1191 Scit
2501 1136 2656 1191 enim
2688 1135 2858 1191 Pater
2886 1140 3093 1204 vester,
3124 1134 3260 1207 quia
3291 1133 3383 1188 his
3414 1134 3805 1192 omnibusindi-

2217 1247 2245 1273 «
2277 1224 2447 1297 getis.
2484 1246 2510 1271 ››

2286 1313 2460 1368 Pater
2485 1317 2685 1368 noster
2714 1311 2809 1368 ille
2829 1318 2937 1379 ea,
2970 1313 3067 1385 qui
3089 1330 3200 1369 non
3235 1311 3425 1367 solum
3456 1328 3557 1367 nos
3576 1313 3808 1385 dignatus

2215 1407 2303 1456 est
2333 1418 2549 1469 crearo,
2584 1403 2683 1457 sed
2718 1402 2892 1457 etiam
2911 1402 3215 1468 redimere,
3235 1405 3292 1457 et
3316 1418 3418 1474 per
3432 1401 3684 1473 Spiritum
3701 1419 3806 1458 san-

2216 1496 2374 1546 ctum
2407 1508 2580 1546 suum
2631 1508 2990 1565 regenerare.
3042 1491 3145 1546 Cui
3196 1491 3456 1562 quotidie
3501 1490 3557 1545 in
3594 1491 3808 1546 oratione

2215 1580 2498 1635 dicimus:
2536 1602 2563 1629 «
2594 1580 2766 1635 Pater
2786 1578 3242 1652 nosterquiesin
3260 1578 3445 1649 enatis,
3472 1580 3812 1635 sanctiﬁcetur

2216 1685 2425 1723 nomen
2462 1674 2627 1724 tuum
2657 1671 2814 1737 (Luc.
2848 1669 2946 1739 x1).
3006 1667 3141 1724 nllle
3173 1668 3331 1723 enim
3366 1669 3460 1739 qui
3491 1683 3590 1723 nos
3618 1668 3809 1732 creavit,

444 1756 1951 1832 rempraebens,utliliis;aliisrubicundum,utrosis;
1973 1757 2102 1811 aliis
2135 1797 2180 1860 Β
2216 1757 2407 1813 sciens
2441 1757 2783 1830 ﬁgmentum
2819 1756 3815 1829 nostrum,etconsideransfragilita-

444 1864 827 1921 purpureum,
862 1849 925 1900 ut
947 1846 1381 1910 violis,tantum
1398 1851 1461 1899 ut
1479 1863 1547 1899 ne
1562 1845 1838 1901 Salomon
1867 1846 1919 1899 in
1937 1845 2098 1901 omni

444 1938 628 2009 gloria
657 1953 766 1990 sua
792 1939 1101 2004 coopertus
1133 1932 1228 1999 sit,
1264 1934 1415 1988 sicut
1449 1951 1635 1988 unum
1660 1934 1900 2001 existis,
1934 1935 1991 1989 id
2009 1939 2101 1990 est

445 2024 605 2079 liliis.
638 2023 924 2088 Quoniam
959 2038 1092 2077 cum
1126 2027 1407 2078 essetnon
1423 2022 1611 2077 solum
1628 2024 2096 2104 potentissimus,

445 2114 544 2169 sed
578 2110 1028 2167 etiamomnium
1077 2126 1278 2183 regum
1313 2110 1807 2182 sapientissimus,
1830 2112 2100 2185 etdispu-

442 2205 624 2257 tasset
653 2201 724 2255 de
746 2201 1021 2255 omnibus
1040 2200 1236 2255 herbis
1254 2206 1415 2255 terrae
1444 2201 1678 2256 acedris
1703 2201 1895 2257 Licaui
1913 2218 2099 2273 usque

450 2292 519 2345 ad
555 2291 877 2361 hyssopum
938 2289 1036 2360 qui
1078 2290 1376 2361 egreditur
1422 2290 1491 2343 de
1531 2290 1770 2361 pariete,
1818 2290 1877 2345 in
1937 2291 2096 2346 omni

450 2378 637 2453 gloria
666 2395 774 2433 sua
804 2395 917 2432 non
933 2377 1123 2449 potuit
1148 2377 1403 2433 invenire
1419 2377 2094 2450 talegenusvestimenti.

443 2468 597 2540 quod
629 2471 782 2523 esset
814 2467 1130 2523 candidum
1147 2466 1845 2533 utlilium,rubicundum
1868 2474 2095 2534 utrosa,

443 2572 803 2630 purpureum
835 2560 899 2610 ut
928 2555 1107 2611 viola.
1142 2557 1251 2612 Sed
1284 2557 1440 2629 quod
1461 2555 1801 2628 temporalis
1824 2557 2098 2614 Salomon

444 2664 559 2702 non
584 2647 770 2718 potuit
800 2645 1056 2701 invenire
1085 2645 1143 2700 in
1176 2646 1335 2701 omni
1359 2644 1543 2718 gloria
1566 2645 2098 2718 sua,spiritalisno-

443 2740 563 2791 ster
592 2735 889 2803 Salomon,
926 2735 981 2789 id
1016 2740 1105 2789 est
1129 2734 1407 2790 Dominus
1422 2735 2094 2803 nosterJesusChristus,

444 2826 544 2897 qui
576 2830 663 2880 est.
689 2842 862 2880 verus
880 2824 1178 2896 pacificus,
1198 2824 1372 2879 habet
1386 2824 1442 2878 in
1459 2842 1567 2879 sua
1585 2822 1860 2889 Ecclesia,
1877 2825 2099 2880 scilicet

448 2913 640 2969 lilium
670 2914 729 2968 in
762 2912 1105 2985 virginibus,
1131 2913 1397 2968 rosamin
1421 2914 2096 2987 martyribus,violamin

449 3003 904 3059 continentibus.
938 3003 1006 3057 Et
1036 3002 1496 3074 prudentissima
1521 3003 1955 3074 comparatione
1987 3003 2097 3059 Do-

450 3090 997 3163 minusjactant‘lam
1018 3091 1324 3147 hominum
1346 3091 1641 3165 redarguit
1658 3108 1788 3147 cum
1806 3092 2094 3166 adjungit,

519 3205 547 3233 «
581 3182 639 3237 Si
672 3186 865 3236 autem
894 3181 1090 3235 fenum
1125 3181 1270 3253 agri,
1302 3181 1455 3253 quod
1489 3180 1660 3236 hodie
1690 3186 1779 3236 est
1808 3186 1863 3237 et
1890 3198 2018 3237 cras
2036 3182 2095 3236 in

447 3292 487 3322 «δ
507 3270 803 3327 clibanum
835 3269 1109 3335 mittitur,
1143 3270 1296 3325 Deus
1328 3269 1412 3324 sic
1442 3270 1631 3336 vestit,
1658 3274 1876 3342 quanto
1903 3272 2093 3344 magis

444 3384 473 3411 ‹‹
504 3377 605 3415 vos
636 3359 890 3415 minimae
925 3358 1097 3413 ﬁdei?
1132 3381 1157 3407 ››
1190 3359 1267 3412 Ac
1296 3358 1342 3412 si
1368 3357 1609 3413 diceret:
1646 3358 1704 3413 Si
1733 3359 1928 3414 fenum
1946 3360 2091 3433 agri,

443 3449 501 3503 id
534 3452 621 3503 est
648 3448 861 3503 herbas
900 3451 1086 3511 terrm,
1136 3463 1266 3517 quae
1296 3447 1367 3501 ad
1418 3446 1838 3502 abundantiam
1886 3446 2091 3519 pluvim

442 3541 715 3591 crescunt
746 3539 802 3590 et
831 3534 891 3589 in
924 3536 1130 3590 ardore
1162 3535 1305 3589 solis
1336 3539 1623 3589 arescunt.
1649 3540 1974 3591 Deustanta
1991 3553 2091 3591 va-

442 3622 643 3679 rietate
675 3628 730 3678 et
752 3623 955 3678 decore
985 3623 1174 3690 vestit,
1209 3640 1312 3677 nec
1343 3640 1443 3677 vos
1476 3623 1738 3678 nuditate
1764 3623 1847 3678 vel
1879 3624 2091 3696 frigore

439 3711 628 3784 perire
657 3710 928 3783 patietur,
962 3727 1110 3782 quos
1137 3710 1539 3781 adimaginem
1564 3728 1730 3765 suam
1746 3712 2089 3769 etsimilitu-

439 3800 638 3854 dinem
669 3798 901 3854 creavit.
936 3799 1046 3853 Sed
1079 3815 1212 3853 cum
1239 3816 1359 3863 eos,
1379 3799 1886 3872 quibusloquitur,
1915 3802 2089 3858 mini-

439 3904 568 3943 mos
600 3886 734 3942 ﬁdei
788 3891 972 3956 vocnt,
1032 3888 1287 3943 ostendit
1344 3888 1482 3959 quia
1512 3888 1655 3945 ﬁdes
1706 3895 2085 3962 augmentum

438 3976 631 4032 habet.
665 3976 769 4041 Qui
801 3976 957 4032 enim
989 3993 1103 4032 non
1131 3977 1332 4046 credit,
1361 3977 1733 4045 inﬁdelisest;
1760 3979 1857 4051 qui
1890 3985 2085 4038 autem

437 4065 687 4139 perfecte
716 4066 917 4133 credit,
954 4072 1118 4122 rectm
1165 4067 1297 4123 ﬁdei
1327 4070 1443 4134 est;
1496 4068 1593 4140 qui
1641 4085 1775 4124 vero
1824 4086 1891 4125 ex
1925 4075 2086 4143 parte

436 4155 635 4223 credit,
669 4160 725 4211 et
754 4172 821 4211 ex
853 4159 1014 4229 parte
1048 4173 1161 4212 non
1199 4157 1406 4222 credit,
1439 4158 1697 4212 minima:
1729 4163 1817 4214 est
1840 4160 1991 4215 ﬁdei.
2016 4161 2087 4216 Et

434 4244 568 4300 talis
583 4245 726 4300 ﬁdes
740 4248 1121 4318 augmentum
1138 4246 1863 4319 desiderat,sicutapostoli
1885 4248 2048 4303 Domi
2064 4281 2084 4290 -

434 4334 1651 4409 nodixerunt(Luc.xvn):Domine,«adaugc
1665 4335 1832 4391 nobis
1848 4337 2081 4392 ﬁdem.»

431 4424 499 4477 Et
520 4428 688 4478 centu
699 4424 780 4478 rio
796 4422 910 4487 ille,
927 4423 1024 4496 qui
1049 4440 1152 4495 pro
1168 4440 1344 4495 puero
1360 4429 1670 4496 rogaturus
1683 4430 2080 4490 venerat,cum

2208 1853 2325 1902 tem
2341 1848 2676 1915 nostram,si
2696 1864 2800 1902 nos
2815 1862 2916 1918 pro
2930 1848 3273 1902 aeternavita
3285 1845 3559 1901 sollicitos
3571 1862 3683 1901 esse
3693 1846 3819 1901 vide-

2209 1936 2304 2002 rit,
2337 1936 2561 2007 absque
2591 1952 2806 2007 magna
2824 1933 3221 2005 sollicitudine
3238 1935 3459 1989 victum
3476 1939 3529 1990 et
3547 1934 3811 1989 vestimen-

2209 2029 2333 2080 tum
2367 2023 2746 2080 ministrabit.
2782 2024 2911 2095 Ipse
2939 2023 3095 2078 enim
3126 2022 3238 2078 scit
3260 2023 3405 2095 quid
3428 2023 3589 2078 nobis
3618 2038 3811 2077 necesse

2210 2113 2303 2181 sit,
2339 2119 2653 2185 antequam
2687 2118 2957 2185 petamus
2987 2129 3147 2177 eum,
3179 2112 3329 2167 Nam
3363 2111 3419 2166 in
3453 2128 3563 2183 quo
3595 2110 3809 2167 velitnos

2206 2218 2337 2257 esse
2366 2201 2666 2268 sollicitos,
2684 2206 2739 2257 et
2770 2202 2903 2274 quid
2922 2202 2994 2257 ab
3016 2218 3082 2257 eo
3097 2207 3293 2273 petere
3311 2201 3635 2267 debeamus,
3651 2204 3809 2256 osten-

2207 2290 2292 2345 dit
2323 2307 2457 2346 cum
2490 2290 2597 2344 ait:

2277 2403 2304 2430 «
2337 2379 2585 2443 Quaerite
2614 2396 2750 2453 ergo
2782 2380 3039 2452 primum
3072 2396 3321 2454 regnum
3356 2380 3448 2437 Dei
3483 2384 3537 2435 et
3558 2378 3804 2450 justitiam

2215 2490 2240 2521 α
2269 2469 2420 2539 ejus,
2452 2474 2507 2524 et
2534 2468 2655 2524 haec
2686 2468 2883 2525 omnia
2918 2469 3271 2541 adjicientur
3313 2469 3500 2524 vobis.
3530 2488 3554 2518 ι
3590 2466 3807 2522 Primum

2206 2562 2423 2626 autem,
2459 2558 2512 2611 id
2546 2562 2635 2613 est
2664 2559 2972 2630 praecipue,
3026 2574 3268 2630 regnum
3314 2557 3415 2613 Dei
3465 2561 3519 2613 et
3558 2555 3803 2629 justitiam

2205 2648 2333 2717 ejus
2365 2662 2622 2718 quaerere
2655 2653 2873 2713 monet,
2907 2646 3045 2719 quia
3066 2651 3201 2702 ante
3231 2646 3436 2703 omnia
3463 2649 3517 2701 et
3546 2659 3807 2717 superom~

2207 2735 2304 2791 nia
2335 2735 2443 2790 hoc
2473 2740 2687 2807 petere,
2720 2735 2828 2790 hoc
2859 2751 3136 2807 quaerere,
3170 2734 3279 2790 hoc
3315 2751 3513 2790 amare
3539 2739 3592 2789 et
3618 2732 3804 2787 deside-

2208 2841 2335 2880 rare
2366 2825 2668 2889 debemus,
2699 2828 2762 2879 ut
2792 2823 2958 2896 regni
3000 2822 3252 2879 caelestis
3300 2824 3605 2897 participes
3637 2822 3805 2877 simus.

2206 2913 2541 2969 Notandum
2572 2918 2768 2968 autem
2800 2912 2954 2984 quod
2990 2929 3102 2967 non
3138 2911 3399 2968 ait:H;ec
3419 2911 3807 2967 omniadabun-

2207 3007 2303 3057 tur
2331 3001 2514 3069 vobis,
2550 3001 2647 3056 sed
2678 3001 3047 3072 adjiciantur,
3072 2999 3546 3056 ostendensillud
3562 2996 3807 3071 esseprin-

2207 3090 2391 3164 cipale
2423 3092 2642 3146 bonum
2676 3090 2828 3162 quod
2863 3090 3055 3155 datur,
3087 3088 3144 3145 id
3164 3093 3253 3145 est
3284 3106 3529 3163 regnum
3548 3089 3631 3143 Dei
3649 3088 3821 3159 etjus-.

2129 3164 2171 3230 (ἶ
2204 3181 2396 3236 titiam
2430 3181 2587 3251 ejus;
2620 3179 2741 3235 haec
2771 3180 2968 3235 omnia
2992 3195 3120 3251 qua:
3158 3178 3734 3249 adjicientur,tantum
3759 3172 3804 3229 in

2202 3270 2471 3342 prmsenti
2501 3270 2620 3325 vita
2643 3285 2771 3324 esse
2804 3267 3152 3334 necessaria,
3194 3267 3253 3322 id
3286 3272 3382 3324 est
3427 3268 3633 3323 victum
3660 3271 3709 3322 et
3731 3280 3806 3318 ve-

2203 3359 2430 3414 stitum.

2712 3482 3015 3539 HOMILIA
3054 3481 3344 3538 CXXVIII.

2307 3588 2585 3629 DOMINICA
2624 3589 2835 3629 DECIMA
2874 3589 3113 3629 SEPTIMA
3152 3588 3289 3627 POST
3333 3584 3722 3628 PENTECOS‘I‘BN.

2270 3716 2416 3782 (Luc.
2451 3716 2570 3786 vn.)
2596 3739 2623 3765 «
2652 3715 2713 3770 In
2732 3714 2831 3770 illo
2848 3717 3128 3786 tempore,
3145 3713 3521 3770 ibatJesusin
3537 3711 3805 3766 civitatem.

2199 3830 2223 3853 ‹‹
2261 3821 2388 3877 qum
2419 3809 2659 3861 vocatur
2685 3804 2874 3860 Naim.
2910 3804 3056 3859 Cum
3108 3807 3301 3858 autem
3357 3796 3807 3876 appropinquaret

2199 3917 2226 3943 «
2260 3898 2439 3966 portae
2471 3892 2745 3962 civitatis,
2777 3909 2908 3948 ecce
2934 3892 3249 3948 defunctus
3280 3892 3643 3954 efferebatur,
3680 3883 3806 3940 ﬁlius

2197 4007 2225 4031 ‹‹
2260 3983 2471 4039 unicus
2502 3982 2710 4038 matris
2741 3999 2880 4038 suae.
2919 4004 2946 4031 ››
2978 3982 3047 4037 Et
3079 3980 3333 4053 reliqua.
3367 3979 3641 4035 Mediator
3668 3971 3747 4028 Dei
3763 3972 3805 4024 et

2196 4072 2538 4127 bominumJ
2544 4089 2680 4127 esus
2694 4071 2977 4141 Christus,
2993 4070 3168 4126 homo
3181 4087 3285 4143 pro
3299 4070 3473 4125 nobis
3488 4060 3803 4129 factus,itain

2194 4160 2452 4228 homine,
2488 4177 2661 4232 quem
2675 4176 2743 4214 cx
2762 4159 2928 4215 nobis
2943 4158 3284 4231 assumpsit,
3316 4174 3427 4213 sua
3440 4171 3610 4229 opera
3632 4157 3807 4221 tempe

2194 4249 2362 4315 ravit,
2396 4254 2461 4305 ut
2492 4249 2826 4322 frequenter
2856 4248 2913 4303 in
2948 4265 3064 4303 uno
3091 4247 3418 4319 eodemque
3451 4239 3731 4306 miraculo,
3756 4250 3804 4290 se

2190 4355 2394 4394 verum
2425 4321 2610 4394 Deum
2644 4354 2961 4410 verumque
2991 4336 3292 4392 hominem
3318 4334 3651 4391 declararet.
3671 4321 3801 4394 Quod

2190 4425 2251 4480 in
2283 4426 2460 4498 hujus
2485 4426 2752 4482 lectionis
2784 4425 2932 4483 serie
2963 4430 3161 4500 aperte
3209 4425 3662 4485 demonstratur,
3697 4427 3803 4471 cum

430 4512 691 4566 audisset
725 4529 757 4567 a
788 4512 1031 4567 Domino
1066 4514 1251 4585 (Marc.
1286 4514 1393 4585 1x):
1422 4535 1449 4562 «
1481 4513 2083 4586 Credis?omniapos-
2114 4530 2160 4595 D
2195 4514 3226 4587 priusmisericordiamotusdicitur,
3252 4530 3321 4569 ac
3341 4509 3803 4581 deindejuvenem

429 4599 621 4655 sibilia
653 4606 793 4655 sunt
821 4601 1098 4670 credenti,
1137 4624 1163 4650 ››
1196 4602 1525 4674 respondit:
1570 4603 1772 4668 Credo,
1816 4603 2079 4673 Domine,

427 4688 639 4760 adjuva
672 4689 1140 4745 incredulitatem
1178 4707 1367 4745 meam
1390 4692 1643 4763 (ιιη’(ι.)..»
1680 4692 1865 4747 Finita
1885 4697 2080 4748 autem

421 4777 915 4846 similitudine,ad
955 4783 1217 4835 nostram
1244 4780 1699 4836 admonitionem
1725 4780 1933 4836 iterum
1960 4799 2082 4837 scr-

425 4883 657 4923 moncm
689 4868 1002 4939 convertit,
1036 4885 1170 4924 cum
1204 4870 1313 4923 ait:

424 4981 449 5007 ‹‹
482 4956 666 5013 Nolite
695 4975 833 5031 ergo
888 4957 1120 5012 solliciti
1173 4975 1320 5025 esse,
1371 4958 1663 5015 dicentes:
1715 4959 1858 5025 Quid
1912 4976 2078 5014 man-

424 5070 448 5093 ‹‹
484 5046 852 5112 ducabimus,
879 5052 973 5101 aut
998 5048 1132 5119 quid
1156 5047 1443 5115 bibemus,
1466 5054 1693 5120 autquo
1716 5048 2079 5121 opericmur?

422 5156 447 5180 ‹‹
485 5133 611 5187 Haec
644 5136 840 5189 omnia
870 5141 1073 5207 gentes
1106 5137 1430 5209 inquirunt.
1469 5160 1494 5185 ››
1515 5138 1725 5192 Gentes
1760 5138 1918 5205 dicit,
1941 5137 2077 5193 alie-

423 5237 529 5275 nos
562 5238 595 5275 a
627 5222 759 5289 ﬁde,
792 5223 1055 5280 ethnicos
1086 5231 1135 5280 et
1155 5244 1432 5298 paganos,
1462 5226 1558 5297 qui
1579 5232 1753 5281 Deum
1783 5227 2071 5295 nesciunt,

420 5312 477 5362 et
504 5308 679 5362 vitam
712 5314 985 5366 aeternam
1022 5331 1132 5367 non
1186 5315 1449 5377 credunt,
1481 5320 1536 5369 et
1569 5315 1698 5370 ideo
1742 5321 1970 5370 tantum
2004 5316 2074 5371 de

419 5396 804 5468 prmsentibus
838 5398 1074 5454 solliciti
1110 5408 1266 5469 sunt,
1304 5410 1366 5457 ut
1398 5403 1806 5476 habeantquid
1826 5404 2071 5458 mandu-

417 5490 549 5541 cent
578 5503 767 5560 usque
796 5489 866 5544 ad
901 5488 1225 5563 crapulam,
1259 5497 1312 5546 et
1344 5493 1483 5565 quid
1533 5492 1737 5549 bibant
1781 5509 1967 5567 usque
1998 5492 2068 5547 ad

411 5573 768 5651 ebrietatem,
802 5582 856 5635 et
887 5578 1025 5655 quid
1062 5579 1383 5636 induantur
1403 5598 1591 5658 usque
1618 5583 1687 5638 ad
1714 5582 2068 5656 jactantiam

2196 4604 2575 4661 resuscitasse
2608 4609 2898 4661 narratur.
2950 4604 3058 4670 Qui
3098 4604 3256 4659 enim
3306 4603 3382 4658 ad
3415 4602 3608 4658 fletum
3651 4592 3805 4649 νίἀῠω

2193 4692 2597 4749 misericordia
2628 4698 2916 4763 movetur,
2946 4710 3119 4748 vcrus
3149 4696 3240 4749 est
3268 4692 3475 4747 homo:
3517 4685 3612 4761 qui
3640 4685 3803 4763 autem

2192 4781 2315 4837 sola
2336 4782 2608 4853 jussione
2631 4784 2907 4854 juvenem
2927 4798 2961 4837 a
2978 4780 3226 4837 mortuis
3240 4774 3621 4840 resuscitavit,
3636 4762 3804 4864 ρτοοιξῙ

2192 4869 2369 4926 dubio
2398 4887 2570 4927 verus
2601 4876 2689 4926 est
2720 4871 2894 4926 Deus.
2928 4870 3040 4925 Sed
3075 4869 3215 4942 quid
3240 4868 3361 4923 haec
3384 4864 3805 4939 signiﬁcentspl-

2191 4958 2437 5015 ritaliter
2472 4959 2798 5025 videamus,
2851 4962 2916 5014 ut
2945 4958 3099 5014 unde
3147 4974 3302 5013 unus
3354 4952 3718 5011 resuscitatur
3754 4942 3800 4998 in

2188 5064 2448 5119 corpore,
2480 5047 2617 5102 inde
2644 5046 2815 5103 multi
2850 5049 3159 5120 resurgant
3203 5046 3263 5100 in
3294 5047 3511 5100 mente.
3560 5039 3648 5096 Ait
3671 5030 3800 5090 enim

2186 5134 2572 5209 evangelista}
2603 5160 2631 5187 «
2664 5136 2793 5191 Ibat
2820 5136 2994 5192 Jesus
3026 5135 3085 5191 in
3118 5133 3576 5203 civitatem,qua3
3599 5122 3801 5185 vocatur

2187 5248 2215 5274 «
2249 5224 2438 5281 Naim.
2476 5248 2502 5274 η
2526 5225 2695 5281 Naim
2716 5224 2920 5282 civitas
2942 5222 3312 5290 estGaIilaeaa,
3328 5221 3560 5278 duobus
3574 5210 3800 5271 millibus

2184 5314 2411 5371 distans
2424 5332 2455 5370 a
2472 5320 2667 5370 monte
2690 5315 2945 5371 Thabor.
2976 5314 3399 5385 Interpretatur
3412 5302 3668 5365 autemin
3688 5309 3796 5353 nos-

2183 5403 2486 5477 tralingua
2499 5403 2860 5469 ﬁuctus,sive
2874 5401 3207 5470 commotio,
3224 5406 3281 5456 et
3296 5385 3798 5472 signiﬁcatspirita-

2180 5491 2633 5560 litermundum,
2670 5493 2768 5565 qui
2797 5492 3017 5549 amissa
3035 5488 3483 5563 tranquillitate,
3507 5484 3563 5537 in
3582 5480 3796 5535 ﬂuctua-

2182 5580 2439 5641 tionibus
2452 5586 2503 5641 cl
2522 5582 3015 5644 commotionibus
3033 5583 3140 5652 est;
3177 5580 3324 5637 sicut
3335 5593 3438 5652 per
3460 5566 3795 5630 Psalmistem
