4050 6174
208 334 329 399 689

1447 322 1801 400 no‘MiLi/s
1843 337 1944 399 on
1987 336 2383 400 TEMPORE.

3500 345 3620 408 600

207 465 518 528 extendere
556 465 761 539 voluit,
804 467 906 529 ubi
959 467 1157 546 plures
1203 468 1641 549 conveniebant,
1683 475 1750 528 ut
1793 486 1862 528 ex
1892 470 1946 540 Α
1975 486 2202 529 rusnon
2224 469 2564 544 implebitur
2582 471 2866 546 pecuniis,
2890 486 2996 531 nec
3016 473 3214 533 anima
3234 477 3361 549 ejus
3384 481 3619 537 satiati~

207 559 413 617 multis
442 559 624 634 aliqui
654 566 1000 634 caperentur
1027 563 1086 619 in
1118 563 1253 621 fide.
1304 564 1375 620 Et
1418 546 1489 620 ob
1520 561 1857 618 istiusmodi

207 665 468 717 causam,
500 650 587 707 vel
620 651 692 707 ad
724 652 1000 721 convivia,
1022 652 1112 709 vel
1135 655 1207 710 ad
1238 653 1475 726 nuptias
1501 655 1861 719 vocatus,ve-

206 739 331 795 nire
360 757 477 796 non
508 740 721 796 renuit.
756 740 939 809 Unde,
960 742 1115 798 sicut
1144 760 1400 815 przesens
1429 742 1595 798 lectio
1624 742 1857 795 narrat:

207 850 233 878 α
262 826 412 883 Cum
436 828 681 885 intraret
702 829 874 886 Iesus
898 829 957 885 in
980 830 1223 887 domum
1250 832 1559 903 cujusdam
1582 827 1861 902 principis

205 940 230 966 κ
262 917 694 973 Pharisaeorum
738 919 983 975 sabbato
1013 921 1368 976 manducare
1399 935 1631 993 panem,
1663 923 1720 973 ct
1748 915 1861 989 ipsi

205 1027 232 1057 ιι
261 1005 654 1062 observabant
676 1023 835 1063 eum.
861 1029 888 1057 »
914 1008 1021 1063 Ubi
1052 1010 1377 1065 notandum
1411 1009 1550 1081 quia
1570 1007 1739 1080 panis
1764 1022 1863 1060 no-

205 1094 362 1151 mine
392 1095 592 1151 omnia
623 1111 751 1168 quae
797 1097 868 1151 ad
908 1096 1127 1153 victum
1162 1098 1476 1170 pertinent,
1508 1094 1865 1170 evangelista

204 1182 536 1257 signiﬁcare
551 1183 733 1239 voluit
751 1201 764 1249 ;
785 1183 924 1257 quia
938 1201 1085 1242 usus
1105 1186 1417 1259 Scriptura
1445 1189 1627 1252 est,ut
1651 1202 1685 1240 a
1710 1184 1866 1256 prin.

203 1271 376 1345 cipali
408 1275 591 1343 parte,
617 1289 746 1345 qua:
769 1277 859 1330 est
895 1274 955 1328 in
987 1274 1107 1331 vita
1146 1274 1423 1336 hominis,
1471 1276 1529 1330 id
1569 1277 1658 1330 est
1686 1288 1859 1345 pane,

202 1365 411 1418 cetera
442 1360 751 1434 signiticet,
782 1361 938 1418 sicut
969 1363 1041 1419 de
1067 1363 1285 1436 Joseph
1318 1365 1597 1420 fratribus
1638 1361 1861 1417 dictum

201 1449 457 1523 legimus
492 1466 504 1505 :
543 1472 565 1499 ι
601 1449 747 1516 Quia
770 1450 871 1506 isti
904 1451 1078 1508 hodie
1108 1468 1341 1509 mecum
1376 1452 1692 1509 comesturi
1724 1451 1863 1506 sunt

199 1554 414 1611 panem
436 1539 593 1609 (Gen.
624 1540 810 1607 XLIII),
840 1562 867 1587 »
899 1540 1000 1612 qui
1030 1544 1226 1597 tamen
1254 1545 1456 1614 postea
1487 1559 1620 1598 cum
1653 1557 1719 1597 eo
1743 1538 1864 1594 ine-

198 1626 374 1684 briati
398 1627 583 1683 fuisse
603 1626 979 1699 leguntur.Et
999 1629 1154 1685 sicut
1173 1630 1231 1685 in
1256 1631 1456 1686 eadem
1481 1631 1689 1687 Genesi
1714 1631 1859 1706 legi-

198 1731 333 1773 mus
346 1715 428 1770 de
457 1731 636 1788 puero
658 1715 916 1783 Haebreo,
934 1717 1031 1789 qui
1055 1732 1297 1773 uxorem
1319 1717 1559 1773 domino
1582 1735 1688 1774 suo
1711 1736 1861 1795 quae:

198 1804 528 1863 rebat:«Et
543 1804 849 1905 appositus
862 1808 954 1861 est
968 1823 1164 1908 coram
1186 1823 1252 1863 eo
1276 1807 1445 1879 panis
1463 1808 1613 1879 (Gen.
1638 1809 1808 1881 xxxv).
1832 1832 1858 1859 ››
1896 1846 1939 1910 Β

198 1894 366 1960 Quod
399 1897 598 1951 autem
630 1893 713 1949 ait
743 1910 756 1948 :
793 1918 821 1946 κ
855 1896 922 1950 Et
950 1895 1063 1967 ipsi
1094 1897 1480 1952 observabant
1509 1913 1665 1965 eum,
1695 1920 1715 1946 ιι
1743 1915 1859 1953 non

197 1983 269 2041 od
298 1982 647 2049 sabbatum,
705 1983 810 2038 sed
859 1984 931 2039 ad
980 1985 1176 2057 ipsum
1231 1985 1540 2040 Dominum
1591 1986 1857 2057 pertinet.

197 2071 606 2129 Observabant
626 2072 845 2145 quippe
871 2089 1028 2139 eum,
1053 2075 1101 2130 si
1128 2074 1187 2129 in
1232 2074 1476 2130 sabbato
1500 2080 1727 2131 curaret
1758 2076 1858 2131 ho-

198 2160 448 2229 minem,
476 2165 577 2218 aut
595 2161 834 2234 aliquod
866 2179 1016 2235 opus
1037 2164 1269 2230 faceret,
1304 2163 1424 2219 sive
1455 2163 1709 2236 aliquem
1741 2182 1859 2221 ser-

197 2267 437 2308 monem
462 2250 827 2323 protulisset,
844 2252 900 2306 in
922 2269 1036 2324 quo
1058 2252 1265 2308 merito
1284 2269 1418 2308 eum
1441 2253 1863 2325 reprehendere

199 2342 462 2413 possent.
489 2339 688 2411 Neque
709 2340 867 2395 enim
892 2339 1292 2397 observatores
1318 2341 1546 2397 sabbati
1568 2344 1859 2415 erant,qui

203 2427 404 2501 ipsum
438 2428 666 2484 sabbati
701 2428 1193 2485 sanetiticatorem
1225 2430 1646 2503 reprehendere
1666 2432 1861 2504 cupie-

204 2516 367 2583 bant,
401 2515 453 2572 si
499 2520 757 2588 possent.
793 2517 1127 2573 Observatio
1156 2536 1292 2591 ergo
1339 2523 1395 2574 et
1448 2520 1504 2574 in
1537 2520 1687 2575 bono
1718 2524 1773 2575 et
1804 2520 1862 2575 in

208 2604 362 2661 inde
394 2604 670 2678 ponitur;
706 2606 761 2661 in
787 2607 958 2673 bono,
982 2607 1138 2663 sicut
1165 2608 1389 2663 Domini
1420 2624 1557 2663 voce
1588 2608 1863 2664 Israelitis

208 2689 461 2747 dicitur:
488 2713 516 2741 α
543 2690 689 2746 Ecce
717 2707 824 2764 ego
856 2693 1023 2748 mitto
1053 2694 1328 2767 angelum
1353 2711 1572 2759 meum,
1596 2696 1697 2767 qui
1723 2712 1864 2767 pra:-

209 2780 374 2836 eedat
393 2782 451 2835 te
482 2784 539 2834 et
568 2780 863 2835 custodiat
894 2798 1144 2854 semper.
1179 2782 1431 2838 Observa
1463 2800 1619 2855 ergo,
1643 2788 1699 2839 et
1729 2784 1863 2839 audi

210 2882 410 2925 vocem
440 2869 572 2939 ejus
602 2868 795 2937 (Exod.
832 2874 990 2939 xxn).
1022 2892 1052 2921 ››
1086 2872 1157 2927 Et
1198 2872 1345 2927 sicut
1398 2873 1706 2944 Apostolus
1736 2873 1816 2929 ait
1850 2890 1863 2928 :

214 2976 243 3008 «
267 2956 586 3013 Observata
616 2973 716 3013 eos
737 2957 836 3030 qui
862 2957 943 3014 ita
961 2959 1287 3029 ambulant,
1313 2959 1466 3016 sicut
1492 2960 1719 3017 habetis
1752 2962 1866 3018 for-

214 3061 370 3101 mam
390 3049 658 3102 nostram
674 3046 901 3119 (Philip.
918 3050 1027 3116 ιιι),
1051 3070 1076 3096 n
1094 3047 1149 3103 id
1165 3053 1254 3104 est
1266 3048 1689 3105 eosimitamini
1701 3067 1867 3122 ,quos

206 3133 373 3206 juxta
402 3134 676 3202 formam,
692 3152 869 3207 quam
892 3136 1058 3192 vobis
1078 3138 1777 3205 ostendimus,ambulare
1792 3140 1869 3194 vi-

1974 564 2069 616 tur
2086 559 2255 617 bonis
2273 560 2448 633 (Ecclc
2484 560 2580 633 ix).
2600 584 2627 611 »
2640 562 2832 619 Potest
2846 579 3079 637 quoque
3092 581 3207 621 non
3225 564 3623 626 inconvenien-

1972 649 2566 722 terperhydropicum
2582 650 2829 723 quilibet
2846 650 3183 710 luxuriosus
3198 654 3439 730 intelligi
3460 675 3472 713 :
3487 658 3626 730 quia

1972 738 2123 794 sicut
2144 738 2497 811 hydropicus
2531 757 2645 812 quo
2678 739 2810 811 plus
2835 741 3001 809 bibit,
3021 741 3154 814 plus
3181 744 3325 811 sitit,
3348 744 3430 800 ita
3456 745 3624 803 luxu-

1971 826 2162 882 riosus
2180 844 2295 898 quo
2312 827 2445 900 plus
2466 827 2537 883 ad
2562 827 2945 899 petulantiam
2969 832 3162 888 carnis
3184 832 3414 891 deditus
3432 833 3623 903 fuerit,

1971 930 2037 971 eo
2054 914 2189 988 plus
2202 916 2273 971 ad
2295 915 2677 988 petulantiam
2692 917 2955 974 libidinis
2969 919 3306 977 exardescit.
3317 927 3394 978 De
3408 924 3627 996 quibus

1971 1020 2075 1076 per
2104 1003 2448 1076 prophetam
2480 1005 2696 1060 dicitur
2730 1022 2741 1060 :
2778 1029 2804 1056 «
2840 1008 3097 1071 Quorum
3148 1025 3353 1066 carnes
3394 1016 3532 1069 sunt
3563 1017 3627 1070 ut

1971 1109 2175 1149 carnes
2191 1094 2515 1162 asinorum,
2530 1100 2588 1151 et
2610 1096 2799 1151 fluxus
2816 1112 3017 1151 eorum
3042 1102 3106 1153 ut
3128 1098 3319 1157 ﬂuxus
3338 1118 3623 1174 equorum

1969 1184 2182 1251 (Bacch.
2207 1184 2502 1252 xxm).»Et
2527 1183 2738 1239 iterum
2762 1202 2775 1239 :
2807 1208 2833 1233 ‹‹
2862 1186 3358 1258 Computruerunt
3382 1192 3623 1262 jumen—

1970 1275 2029 1327 ta
2059 1272 2119 1328 in
2152 1278 2403 1328 stercore
2435 1290 2541 1329 suo
2575 1274 2725 1346 (Joel.
2763 1276 2820 1342 ι).
2856 1298 2883 1324 ››

2042 1385 2069 1413 ‹‹
2090 1363 2159 1417 Et
2174 1362 2535 1433 respondens
2554 1362 2750 1428 Jesus,
2770 1362 2915 1418 dixit
2933 1364 3004 1419 ad
3024 1364 3388 1439 legisperitos
3411 1373 3466 1425 et
3483 1370 3624 1427 Pha—

1972 1473 2001 1501 ‹‹
2034 1450 2252 1515 rismos,
2300 1450 2500 1507 dicens
2535 1468 2547 1507 :
2582 1452 2643 1507 Si
2690 1451 2825 1507 licet
2872 1453 3114 1509 sabbato
3161 1459 3411 1513 curare?
3439 1459 3511 1513 At
3540 1458 3624 1514 illi

1971 1561 1999 1589 «
2020 1542 2344 1594 tacuerunt.
2363 1561 2390 1587 »
2406 1539 2728 1611 Responsio
2742 1540 2853 1596 ista
2868 1542 3092 1598 Domini
3107 1545 3177 1599 ad
3192 1544 3335 1600 illud
3354 1547 3622 1617 pertinet,

1972 1628 2127 1700 quod
2177 1628 2450 1698 superius
2498 1628 2722 1684 dictum
2767 1634 2856 1687 est
2890 1647 2900 1685 :
2936 1653 2963 1680 ‹‹
2997 1632 3065 1686 Et
3095 1632 3205 1705 ipsi
3237 1634 3626 1692 observabant

1970 1733 2124 1773 cum.
2152 1738 2177 1764 ››
2194 1716 2318 1771 Non
2337 1717 2492 1772 enim
2512 1716 2603 1772 hic
2623 1718 2694 1773 ab
2718 1716 2849 1774 aliis
2871 1718 3261 1793 interrogatus
3283 1722 3623 1796 legitur,sed

1971 1806 2044 1860 ad
2076 1821 2276 1860 eorum
2311 1805 2694 1878 cogitationes
2725 1808 3042 1879 respondit.
3070 1810 3138 1863 Et
3167 1812 3628 1881 prudentissima

1971 1893 2194 1949 ratione
2213 1894 2497 1950 Dominus
2514 1895 2918 1953 observatores
2940 1913 3077 1952 suos
3096 1897 3231 1953 hinc
3249 1899 3381 1956 inde
3397 1902 3629 1957 conclu-

1969 1981 2064 2048 sit,
2090 1999 2161 2038 ne
2192 1988 2390 2055 aptam
2422 1983 2749 2040 invenirent
2780 1985 3240 2057 responsionem.
3271 1988 3329 2043 Si
3356 1988 3513 2044 enim
3546 1991 3629 2044 di-

1970 2075 2199 2126 cerent:
2222 2072 2377 2127 Licet
2397 2073 2639 2128 sabbato
2662 2090 2891 2140 curare,
2906 2075 3392 2147 reprehensibiles
3410 2082 3624 2145 essent,

1970 2164 2037 2213 ut
2061 2159 2202 2229 quid
2226 2176 2358 2214 enm
2381 2160 2780 2225 observarent,
2797 2166 2994 2217 utrum
3018 2163 3261 2220 sabbato
3283 2170 3511 2223 curaret
3530 2166 3629 2221 ho-

1971 2248 2211 2316 minem;
2228 2249 2422 2304 sivero
2437 2249 2714 2305 dicerent:
2738 2251 2860 2305 Non
2877 2250 3629 2327 licet,arguercntur,quare

1972 2336 2214 2392 sabbato
2232 2337 2465 2392 asinum
2484 2337 2570 2393 vel
2589 2339 2788 2394 bovem
2805 2340 3094 2397 solventes
3107 2344 3630 2415 aprmsepio,duee~

1972 2430 2097 2480 rent
2121 2425 2507 2496 adaquare,ct
2530 2426 2657 2482 ideo
2677 2427 3165 2485 noninvenientes
3181 2432 3321 2503 quid
3344 2432 3622 2501 dicerent,

1971 2516 2301 2569 tacuerunt.
2322 2515 2435 2569 Nec
2456 2514 2648 2569 solum
2671 2515 2730 2570 in
2755 2516 2862 2571 hoc
2882 2517 3006 2572 loco
3025 2519 3473 2590 reprehensores
3490 2539 3628 2577 suos

1972 2602 2056 2657 ita
2072 2601 2375 2670 conclusit,
2402 2603 2500 2657 sed
2525 2604 2699 2658 etiam
2724 2604 2779 2658 in
2799 2604 2930 2660 aliis
2955 2606 3287 2676 frequenter
3306 2608 3630 2673 locis,sicut

1974 2692 2045 2746 de
2085 2687 2341 2763 quadam
2372 2690 2615 2746 muliere
2640 2692 2696 2746 in
2732 2693 3017 2749 adulterio
3056 2695 3422 2766 deprehensa
3449 2698 3626 2768 (Joan.

1973 2784 2115 2847 vm),
2140 2779 2226 2834 vel
2253 2780 2321 2834 de
2341 2779 2563 2835 denarii
2604 2780 2926 2837 redditione
2956 2783 3173 2851 (Matth.
3203 2785 3360 2855 χχιι),
3394 2788 3450 2840 et
3478 2784 3631 2840 sicut

1976 2869 2109 2925 fecit
2138 2870 2373 2941 quando
2423 2868 2928 2941 interrogaverunt
2970 2887 3104 2926 eum
3136 2870 3393 2928 dicentes
3425 2872 3625 2945 (Matth.

1975 2961 2125 3027 xxi):
2155 2958 2251 3013 Die
2284 2958 2471 3023 nobis,
2514 2957 2572 3013 in
2606 2976 2723 3030 qua
2754 2962 3038 3031 potestate
3070 2960 3188 3015 haec
3233 2960 3418 3016 facis?
3443 2963 3513 3017 At
3536 2961 3630 3019 ille

1976 3047 2356 3121 respondens,
2377 3046 2557 3101 dixit:
2589 3046 2765 3102 Dicite
2787 3052 2843 3101 et
2865 3064 2964 3103 vos
2986 3047 3129 3103 mihi
3155 3065 3336 3104 unum
3364 3051 3626 3119 verbum,

1977 3140 2035 3191 et
2065 3153 2171 3209 ego
2202 3136 2391 3192 dicam
2425 3134 2587 3190 vobis
2609 3135 2668 3190 in
2693 3152 2809 3207 qua
2830 3140 3115 3208 potestate
3136 3130 3261 3193 haec
3285 3137 3627 3205 facio.Quod

216 3220 510 3279 deritian
542 3222 696 3278 malo
734 3223 993 3296 ponitur,
1037 3225 1191 3280 sicut
1219 3226 1302 3281 ait
1332 3227 1655 3299 Propheta:
1693 3250 1722 3278 «
1752 3228 1864 3283 Ob-
1897 3212 1939 3279 (ἶ
1979 3225 2027 3279 si
2060 3225 2179 3280 haec
2210 3241 2324 3280 non
2357 3223 2619 3279 dixeritis
2670 3224 2837 3290 mihi,
2886 3242 2987 3279 nec
3019 3242 3124 3298 ego
3154 3226 3343 3281 dicam
3374 3226 3537 3282 vobis
3569 3227 3626 3282 in

217 3309 467 3366 servabit
510 3314 777 3384 peccator
821 3312 1051 3382 justum
1099 3318 1158 3369 et
1204 3314 1476 3371 stridebit
1523 3333 1701 3388 super
1727 3332 1863 3371 eum

218 3398 490 3455 dentibus
522 3399 647 3455 suis
674 3402 852 3469 (PsaL
874 3400 1087 3473 mw),
1110 3424 1137 3451 ››
1157 3402 1246 3458 vel
1269 3408 1486 3475 qureret
1516 3405 1866 3460 mortificare

218 3502 368 3542 eum.
398 3486 499 3542 Sic
526 3486 588 3542 in
610 3488 719 3545 hoe
742 3488 889 3559 loco,
914 3507 1030 3547 non
1063 3492 1122 3547 in
1154 3493 1325 3559 bono,
1350 3493 1452 3549 sed
1480 3494 1536 3548 in
1574 3493 1727 3549 malo
1758 3510 1866 3566 po-

220 3575 395 3647 titur,
426 3592 562 3632 cum
592 3577 806 3634 dicitur
838 3597 851 3634 :
886 3602 912 3629 ‹‹
949 3581 1018 3636 Et
1058 3580 1170 3653 ipsi
1215 3582 1602 3639 observabant
1643 3601 1799 3639 eum.
1837 3605 1864 3632 ››

220 3662 399 3737 Igitur
429 3666 820 3723 observabant
849 3685 1006 3738 eum,
1027 3686 1141 3725 non
1176 3674 1241 3726 ut
1270 3670 1484 3727 imitari
1517 3672 1745 3739 vellent,
1765 3673 1866 3727 sed

219 3753 642 3826 reprehendere
667 3755 998 3829 cupiebant,
1016 3760 1066 3813 si
1092 3764 1348 3831 possent.
1374 3759 1710 3816 Observatio
1732 3777 1867 3833 ergo

220 3846 276 3897 et
302 3843 363 3898 in
398 3844 571 3909 bono,
602 3847 660 3900 et
689 3844 749 3900 in
781 3845 937 3902 malo
968 3848 1225 3920 ponitur.

286 3952 317 3979 α
351 3931 420 3986 Et
449 3947 581 3988 ecce
610 3932 787 3990 homo
827 3936 1067 4007 quidam
1100 3936 1452 4010 hydropicus
1483 3942 1608 3993 erat
1637 3942 1771 3993 ante
1802 3937 1870 3991 il-

220 4018 362 4075 lum.
384 4041 415 4070 »
431 4019 774 4095 HydrOpisis
791 4025 985 4097 gravis
1007 4026 1444 4094 estinﬁrmitas,
1464 4042 1591 4099 quae
1615 4025 1874 4081 nascitur

219 4125 285 4165 ex
311 4107 455 4164 vitio
487 4110 712 4177 vesicae,
745 4129 882 4169 cum
913 4114 1210 4171 inflatione
1240 4118 1507 4187 turgente
1528 4119 1587 4170 et
1612 4113 1871 4170 anhelitu

217 4196 416 4253 fetido.
454 4197 756 4270 Proprium
788 4207 879 4259 est
910 4202 1232 4276 hydropici,
1263 4208 1327 4258 ut
1353 4220 1468 4276 quo
1496 4202 1754 4275 amplius
1787 4202 1874 4258 bi-

216 4285 391 4355 berit,
411 4301 480 4342 eo
512 4289 701 4362 magis
730 4290 912 4348 sitiat.
941 4292 1085 4365 Ergo
1116 4309 1220 4364 per
1248 4292 1631 4365 hydrOpicum
1664 4308 1873 4347 avarus

216 4374 472 4447 quilibet
501 4376 867 4449 designatur,
899 4381 1039 4452 quia
1072 4380 1225 4437 sicut
1255 4381 1610 4453 hydropicus
1641 4398 1757 4453 quo
1789 4384 1879 4436 est

215 4462 503 4537 grossior,
527 4479 594 4519 eo
616 4472 707 4522 est
729 4467 1048 4525 infirmior:
1076 4469 1156 4526 ita
1175 4486 1383 4526 avarus
1406 4487 1521 4542 quo
1542 4470 1676 4543 plus
1700 4471 1879 4525 abun-

1976 3330 2092 3386 qua
2139 3317 2421 3386 potestate
2463 3313 2583 3369 haec
2619 3313 2785 3369 facio.
2820 3313 3002 3369 Dicite
3034 3314 3177 3369 mihi
3210 3331 3223 3370 :
3260 3315 3625 3387 Baptismum

1972 3401 2215 3459 Joannis
2247 3401 2317 3456 de
2350 3401 2492 3457 coelo
2522 3406 2754 3465 erat,an
2787 3418 2856 3457 ex
2884 3402 3224 3458 hominibus
3244 3403 3452 3459 PAtilli
3476 3403 3627 3477 cogi-

1976 3496 2247 3547 taverunt
2293 3492 2447 3546 intra
2486 3508 2569 3555 se,
2624 3490 2880 3547 dicentes
2914 3509 2926 3546 :
2961 3493 3020 3547 Si
3051 3492 3368 3548 dixerimus
3398 3509 3428 3548 e
3458 3492 3621 3559 cmlo,

1978 3581 2129 3636 dicet
2160 3581 2329 3635 nobis
2363 3599 2374 3636 :
2410 3584 2597 3647 Quare
2627 3596 2764 3651 ergo
2813 3598 2927 3635 non
2974 3582 3317 3654 suscepistis
3346 3581 3535 3637 illud?
3564 3581 3623 3637 Si

1978 3669 2297 3725 dixerimus
2315 3687 2383 3724 ex
2408 3669 2764 3729 hominibus.
2788 3670 2958 3726 turba
2979 3687 3107 3742 quae
3130 3671 3410 3727 aJoanne
3439 3671 3627 3743 bapti-

1978 3763 2105 3814 zata
2130 3762 2237 3825 est,
2270 3758 2557 3829 lapidabit
2586 3774 2713 3814 nos.
2768 3758 2835 3813 Et
2866 3758 2994 3813 ideo
3027 3776 3140 3815 non
3172 3759 3451 3816 habentes
3484 3759 3627 3831 quid

1979 3846 2695 3913 dicerent,siluerunt.Sie
2714 3849 2771 3901 et
2802 3846 2861 3901 in
2894 3846 3004 3902 hoc
3036 3847 3157 3903 loco
3189 3847 3409 3903 nullam
3432 3836 3629 3920 aptam

1981 3933 2339 3988 invenientes
2366 3933 2828 4004 responsionem,
2860 3939 3190 4002 tacuerunt,
3226 3935 3467 4008 impleta
3496 3953 3631 4009 pro-

1982 4021 2202 4095 phetia,
2234 4038 2360 4092 quae
2393 4022 2473 4075 ait
2503 4038 2515 4075 :
2553 4044 2579 4069 ‹‹
2616 4021 2734 4075 Rex
2763 4038 2896 4077 vero
2928 4022 3219 4078 laetabitur
3246 4023 3307 4077 in
3342 4024 3476 4089 Deo,
3510 4023 3632 4079 lau-

1983 4110 2282 4166 dabuntur
2310 4125 2513 4164 omnes
2544 4110 2644 4180 qui
2668 4111 2876 4180 jurant
2906 4111 2961 4163 in
2994 4127 3080 4175 eo,
3099 4111 3235 4181 quia
3265 4113 3629 4166 obstructum

1982 4202 2072 4255 est
2091 4215 2157 4254 os
2180 4197 2542 4269 loquentium
2568 4196 2773 4269 iniqua
2797 4198 2968 4265 (Psal.
3001 4201 3149 4265 LXII).
3179 4219 3205 4246 n
3230 4198 3336 4252 Sed
3364 4197 3503 4268 quia
3528 4198 3632 4253 Do-

1986 4286 2182 4343 minus
2214 4286 2389 4341 etiam
2424 4285 2667 4357 ingratis
2702 4284 3047 4341 beneﬁcium
3081 4302 3198 4341 sua:
3222 4284 3510 4357 largitatis
3533 4287 3636 4342 1³ιέ-

1986 4379 2231 4448 quenter
2263 4378 2518 4447 praestat,
2561 4378 2712 4430 recte
2762 4373 3033 4429 subditur
3067 4390 3079 4429 :
3119 4398 3145 4424 ‹‹
3182 4374 3311 4446 Ipse
3352 4390 3483 4431 vero
3533 4392 3634 4448 ap-

1989 4489 2016 4515 ‹‹
2050 4463 2405 4537 prehensum
2437 4480 2571 4518 eum
2602 4463 2847 4529 sanavit,
2883 4479 2948 4518 ac
2976 4462 3219 4519 dimisit.
3246 4486 3273 4514 ››
3299 4465 3368 4519 Et
3397 4463 3637 4536 pulchre

218 4552 320 4608 dat
349 4551 595 4617 divitiis,
614 4570 680 4610 eo
702 4554 926 4639 plenior
943 4562 1034 4615 est
1054 4558 1229 4613 vitiis.
1254 4559 1323 4613 Et
1350 4558 1501 4615 sicut
1525 4557 1879 4631 hydropicus
1908 4574 1954 4639 Ι)
1988 4569 2181 4609 coram
2216 4551 2403 4606 avaris
2437 4552 2820 4624 hydropicum
2872 4553 3113 4620 curavit,
3150 4556 3213 4607 ut
3256 4570 3392 4608 eum
3420 4552 3480 4608 in
3522 4571 3637 4612 uno

216 4640 610 4714 quamplius
628 4627 1134 4719 bibitjeoamplius
1151 4647 1306 4702 sitit:
1327 4646 1410 4703 sic
1428 4627 1637 4704 avarus
1655 4627 1876 4720 quanto
1908 4627 1950 4639 ν
1987 4644 2293 4698 sanarotur
2317 4638 2372 4692 in
2385 4640 2631 4695 firmitas
2662 4639 2941 4712 corporis,
2960 4640 3020 4694 in
3049 4640 3250 4696 multis
3277 4643 3519 4698 morbus
3544 4657 3641 4697 cu-

218 4728 417 4802 mmgis
444 4728 704 4800 divitias,
740 4749 888 4805 quas
919 4734 1301 4807 concupiscit,
1336 4735 1693 4807 acquisierit,
1718 4740 1880 4791 tanto

220 4817 417 4890 magis
445 4817 507 4874 in
538 4818 624 4876 eis
654 4822 1027 4894 acquirendis
1058 4823 1398 4880 exardescit.
1431 4825 1592 4889 Quod
1642 4824 1881 4897 pulchre

219 4905 469 5050 auidum
488 4907 562 4964 de
573 4910 938 4982 sapientibus
950 4912 1108 4968 brevi
1119 4911 1404 4969 versiculo
1418 4912 1879 4986 comprehendit,

264 5011 431 5050 mens
464 5012 478 5050 :

264 5011 478 5051 mens:

266 5122 468 5179 Crescit
498 5144 651 5181 amor
680 5135 903 5194 nummi,
936 5138 1199 5202 quantum
1228 5135 1347 5199 ipsa
1374 5135 1602 5199 pecunia
1630 5136 1833 5185 crescit.

223 5258 291 5315 Et
336 5260 494 5317 sicut
525 5264 767 5335 quidam
794 5268 880 5324 ait
911 5285 923 5323 :
952 5270 1174 5324 Avarus
1223 5267 1391 5324 obolo
1447 5266 1686 5340 indiget.
1722 5268 1883 5324 Sicut

224 5345 387 5402 enim
402 5350 657 5422 sapienti
674 5358 833 5412 totus
857 5358 1115 5413 mundus
1136 5355 1472 5412 divitiarum
1494 5355 1692 5421 est,sic
1714 5373 1882 5411 avaro

224 5437 386 5491 totus
409 5440 674 5497 mundus
694 5445 946 5502 avaritiae
972 5463 985 5501 :
1011 5446 1151 5519 quia
1171 5444 1460 5517 quidquid
1490 5444 1648 5499 videt
1676 5444 1881 5511 oculis,

221 5525 597 5597 concupiscit
626 5539 822 5590 mente
851 5538 906 5591 et
932 5535 1147 5592 habere
1177 5532 1762 5590 desiderat.Alienum
1790 5532 1886 5587 da-

226 5627 439 5669 mnum
458 5630 636 5673 suum
656 5618 881 5679 lucrum
899 5625 1159 5696 deputat,
1174 5627 1319 5679 teste
1335 5621 1645 5677 Salomone
1668 5639 1678 5676 :
1706 5646 1729 5671 ‹‹
1750 5624 1889 5676 Ava-

1991 4733 2217 4785 raretur
2240 4727 2471 4783 mentis.
2489 4730 2749 4794 Quorum
2768 4728 3071 4785 avaritiam
3092 4730 3373 4786 Dominus
3396 4730 3644 4801 pruden«

1990 4818 2221 4875 tissima
2251 4818 2685 4889 comparatione
2719 4818 3034 4890 redarguit,
3069 4835 3203 4873 cum
3234 4818 3312 4873 ait
3340 4836 3351 4873 :

2062 4930 2090 4957 ‹‹
2124 4907 2195 4962 Et
2225 4907 2586 4978 respondens
2639 4907 2709 4961 ad
2756 4906 2885 4961 illos
2936 4907 3124 4962 dixit:
3158 4907 3335 4978 Cujus
3382 4910 3643 4964 vestrum

1993 5020 2020 5048 ‹‹
2052 4995 2257 5052 asinus
2284 4999 2386 5050 aut
2415 4995 2519 5050 bos
2552 4995 2611 5050 in
2648 5000 2887 5067 puteum
2920 4996 3106 5060 cadet,
3135 4999 3191 5050 et
3221 5012 3334 5051 non
3366 4997 3645 5055 continuo

1991 5110 2017 5137 ‹‹
2053 5083 2319 5141 extrahet
2370 5083 2535 5138 illum
2584 5084 2678 5139 die
2711 5084 2988 5139 sabbati?
3021 5084 3086 5139 Et
3119 5100 3231 5139 non
3276 5088 3545 5157 poterant
3571 5087 3643 5143 ad

1990 5198 2017 5225 ‹‹
2054 5174 2175 5229 haec
2206 5172 2558 5243 respondere
2594 5171 2695 5227 illi.
2735 5195 2754 5220 ιο
2791 5174 2869 5227 Ac
2903 5174 2950 5227 si
2983 5172 3194 5229 diceret
3230 5190 3242 5228 :
3278 5174 3338 5229 Si
3382 5179 3645 5231 vestrum

1991 5261 2209 5321 animal
2236 5261 2292 5315 in
2317 5264 2561 5332 puteum
2583 5261 2797 5317 cadens
2817 5277 2950 5317 cum
2973 5266 3134 5317 tanta
3156 5262 3525 5320 festinatione
3544 5264 3651 5319 eri~

1993 5369 2126 5424 pere
2157 5349 2397 5417 curatis,
2424 5366 2536 5403 non
2573 5354 2811 5421 propter
2840 5350 3113 5406 animalis
3140 5369 3364 5420 curam,
3387 5352 3485 5409 sed
3516 5368 3647 5424 pro-

1994 5444 2124 5512 pter
2150 5440 2403 5491 vestram
2437 5436 2740 5492 avaritiam
2765 5436 3185 5494 consulendum
3211 5456 3224 5494 :
3251 5439 3433 5495 multo
3462 5439 3649 5512 magis

1996 5545 2101 5601 ego
2126 5526 2448 5592 hominem,
2483 5526 2579 5597 qui
2615 5527 2819 5582 melior
2847 5531 2935 5583 est
2966 5540 3262 5600 pecore,et
3284 5528 3383 5599 qui
3406 5528 3478 5583 ad
3508 5527 3651 5581 ima-

1999 5619 2192 5690 ginem
2229 5615 2323 5669 Dei
2360 5616 2545 5671 factus
2578 5621 2684 5683 est,
2716 5616 2784 5671 ab
2818 5616 3161 5673 infirmitate
3193 5617 3250 5670 in
3284 5615 3526 5670 sabbato
3557 5614 3654 5693 de,
