4060 6178
256 359 359 428 693

1481 363 1836 430 HOMILIAZ
1879 360 1979 426 DE
2021 362 2417 430 TEMPORE.

3525 374 3643 439 694

256 501 305 560 in
330 500 436 559 hoc
466 498 677 560 saeculo
708 502 766 559 et
796 498 855 559 in
874 501 1069 561 futuro
1091 501 1772 577 excitantur,qualisfuit
1787 504 1890 559 Da-
1915 494 1972 564 Α
2001 523 2128 580 quae
2161 522 2194 562 a
2222 505 2408 562 turbis
2439 523 2543 563 nec
2574 505 2763 564 audiri
2795 505 3032 581 quidem
3066 501 3312 577 valeant,
3332 508 3515 567 docet.
3534 515 3645 572 Dte,-

255 592 356 661 vid,
386 590 661 648 Ezechias
686 599 744 648 et
772 591 986 661 Josias,
1019 597 1078 650 et
1106 591 1293 650 centeri
1324 591 1470 649 tales
1499 593 1600 666 qui
1648 593 1706 648 in
1740 610 1884 665 prae-

257 682 388 739 senti
422 682 634 738 saeculo
664 681 901 754 gloriosi
928 683 1256 749 fuerunt,ct
1283 683 1341 737 in
1362 684 1556 738 futuro
1588 681 1885 756 gloriosio-

256 789 331 828 res
358 776 517 828 sunt.
532 769 641 826 Alii
673 771 768 827 hic
790 772 848 826 in
880 772 1076 827 futuro
1097 771 1504 840 humiliantur,
1521 771 1725 845 quales
1745 777 1886 827 sunt

254 860 476 933 snperbi
508 867 885 933 pauperes,et
904 860 987 915 illi
1016 861 1112 933 qui
1140 879 1241 932 pro
1263 862 1588 934 peccatisin
1612 862 1881 935 przesenti

251 951 353 1006 vita
382 950 700 1006 vindictam
732 950 1109 1022 recipiunt,et
1132 950 1189 1005 in
1217 950 1413 1007 futuro
1436 952 1506 1007 ad
1540 955 1881 1023 perpetuam

250 1056 467 1112 pcenam
500 1044 832 1105 transeunt,
865 1038 1059 1112 qualis
1090 1040 1202 1095 fuit
1234 1041 1519 1107 Herodes,-
1540 1040 1880 1108 Antiochus,

247 1134 293 1185 et
321 1128 495 1184 multi
529 1127 696 1196 tales,
721 1128 792 1184 de
820 1127 1038 1200 quibus
1086 1129 1373 1201 scriptum
1420 1133 1508 1185 est
1541 1147 1555 1184 :
1591 1154 1618 1179 ‹‹
1654 1130 1882 1201 Duplici

246 1218 586 1275 contritione
616 1221 846 1274 contere
877 1234 997 1284 eos,
1029 1218 1271 1274 Domine
1303 1222 1440 1291 (λεν.
1471 1228 1632 1288 xvu).
1668 1242 1695 1268 ››
1729 1219 1881 1275 Non-

241 1306 377 1362 nulli
402 1307 501 1363 hic
520 1306 868 1373 exaltantur,
882 1311 939 1363 et
960 1307 1017 1362 iu
1049 1307 1242 1363 futuro
1260 1307 1665 1374 humiliantur,
1681 1306 1883 1380 quales

238 1404 373 1452 sunt
422 1397 663 1468 superbi
713 1395 940 1463 divites,
975 1395 1074 1468 qui
1101 1397 1273 1467 juxta
1320 1396 1630 1468 Scriptura:
1660 1413 1880 1464 vocem,

236 1486 521 1542 «Ducunt
549 1486 609 1541 in
642 1485 811 1542 bonis
844 1484 970 1541 dies
992 1503 1151 1552 suos,
1169 1491 1227 1541 et
1247 1485 1303 1541 in
1325 1490 1540 1558 puncto
1563 1487 1634 1541 ad
1658 1487 1886 1542 inferna

229 1576 604 1631 descendunt
636 1576 771 1642 (Job.
798 1575 937 1645 xxx).
976 1597 1002 1623 ››
1027 1573 1140 1629 Alii
1200 1574 1293 1630 hic
1340 1574 1745 1641 humiliantur,
1781 1575 1881 1631 sed

226 1666 285 1720 in
321 1667 527 1720 futuro
556 1664 1064 1734 exaltantur,sicut
1094 1669 1233 1720 sunt
1262 1665 1448 1720 sancti
1491 1681 1795 1736 pauperes,
1830 1668 1887 1719 et

221 1753 528 1827 praecipue
557 1752 776 1825 illi,qui
797 1758 1031 1825 propter
1060 1757 1240 1809 Deum
1274 1754 1474 1808 omnia
1500 1770 1608 1809 sua
1636 1753 1884 1809 derelin-

1995 598 2328 655 moniacum
2362 603 2557 656 autem
2580 598 2759 665 hunc,
2785 616 2958 672 quem
2982 598 3340 656 descendens
3354 599 3424 654 de
3449 604 3645 657 monte

1994 688 2278 745 Dominus
2290 689 2776 756 sanavit,Marcus
2789 690 3022 761 quidem
3036 689 3281 745 surdum
3298 693 3649 761 mutumque

1994 778 2299 834 Matthaius
2328 795 2462 833 vero
2485 778 2811 833 lunaticum
2836 779 3017 834 fuisse
3053 782 3507 845 commemorat;
3533 778 3647 851 sig-

1993 868 2193 924 niﬁcat
2221 871 2416 924 autem
2448 885 2546 924 eos
2578 869 2647 923 de
2674 869 2889 940 quibus
2921 867 3206 939 scriptum
3238 872 3326 923 est
3358 884 3371 923 :
3411 892 3431 918 α
3467 867 3645 924 Stulti

1993 963 2059 1013 ut
2086 958 2228 1013 luna
2257 962 2562 1013 mutantur
2593 958 2779 1029 (Eccli.
2812 957 3008 1027 xxvn),
3044 980 3072 1006 ››
3106 957 3204 1028 qui
3247 973 3550 1029 nunquam
3583 957 3644 1013 in

1992 1048 2195 1104 eodem
2227 1052 2383 1103 statu
2410 1051 2840 1119 permanentes,
2858 1062 3015 1101 nunc
3036 1047 3105 1100 ad
3132 1046 3272 1111 haec,
3290 1063 3444 1101 nunc
3457 1047 3529 1101 ad
3546 1046 3647 1103 illa

1974 1137 2128 1205 _vitia
2151 1137 2380 1203 mutati,
2416 1140 2687 1191 crescunt
2718 1140 2892 1207 atque
2927 1136 3292 1190 decrescunt.
3326 1134 3430 1199 Qui
3474 1134 3642 1189 multi

1994 1230 2286 1291 sunt,non
2318 1225 2646 1280 confitendo
2671 1224 3068 1290 ﬁdem,surdi,
3086 1240 3186 1278 nec
3212 1223 3405 1294 ipsum
3425 1221 3645 1294 aliqua-

1989 1320 2162 1370 tenus
2175 1312 2433 1370 veritatis
2448 1312 2738 1367 audiendo
2751 1328 3104 1377 sermonem;
3124 1315 3402 1381 spumant
3416 1315 3637 1378 autem,

1992 1421 2125 1458 cum
2157 1401 2406 1458 stultitia
2434 1403 2761 1457 tabescunt.
2795 1400 3119 1456 Stultorum
3151 1404 3206 1455 et
3238 1399 3639 1472 languentium

1993 1496 2165 1563 atque
2197 1492 2471 1547 hebetum
2504 1495 2591 1547 est
2612 1506 2853 1562 spumas
2886 1489 3200 1544 salivarum
3230 1506 3297 1544 ex
3328 1504 3425 1543 ore
3442 1489 3639 1544 dimit-

1992 1586 2130 1635 tere.
2164 1580 2422 1636 Strident
2449 1580 2895 1643 dentibus,cum
2925 1577 3236 1633 iracundiae
3266 1578 3459 1633 furore
3475 1579 3643 1633 ﬂam-

1994 1675 2354 1738 mescunt,et
2384 1668 2546 1724 nulla
2566 1668 2799 1722 virtutis
2821 1665 3109 1721 industria
3135 1666 3642 1731 confortati,ener-

1992 1758 2139 1813 viter
2167 1758 2386 1813 vivunt.
2421 1759 2578 1823 Quod
2617 1762 2811 1812 autem
2843 1756 2923 1810 ait
2954 1773 2966 1810 :
2992 1779 3017 1804 ι(
3054 1756 3123 1809 Et
3165 1754 3281 1809 dixi
3340 1755 3644 1827 discipulis

218 1848 449 1916 quunt,
477 1848 534 1902 et
558 1846 884 1937 spontanee
916 1843 1274 1937 paupertate
1295 1841 1887 1914 scmetipsoshumili-
1916 1872 1963 1937 Β
1995 1872 2021 1897 ‹‹
2042 1847 2262 1915 tuis,ut
2282 1848 2560 1917 ejicercnt
2582 1850 2814 1912 eum,et
2838 1862 2950 1900 non
2976 1848 3308 1916 potuerunt.
3330 1867 3355 1892 ›ι
3374 1844 3645 1899 Patenter

211 1937 425 2000 aut,ut
440 1932 454 1987 i
463 1934 711 1989 nfuturo
722 1930 961 1987 exaltari
975 1933 1621 1989 mereantur.Amemus
1632 1948 1768 2003 ergo
1782 1933 1889 1987 vir-

206 2026 417 2078 tutem
451 2020 801 2077 humilitatis
827 2020 887 2075 in
908 2020 1175 2092 praesenti
1200 2021 1338 2089 vita,
1353 2025 1463 2075 uta
1484 2020 1729 2076 Domino
1740 2020 1888 2076 exal-

208 2112 331 2167 tari
369 2126 712 2166 mereamur
740 2109 797 2164 in
830 2108 1014 2164 altera
1042 2108 1176 2175 vita,
1194 2108 1354 2166 iilius
1382 2108 1627 2181 vestigia
1643 2126 1887 2181 sequen-

207 2206 305 2257 tes
342 2200 455 2273 qui
490 2200 570 2255 ait
602 2215 615 2254 :
656 2221 675 2247 ι
708 2196 926 2254 Discite
957 2215 991 2253 a
1022 2214 1114 2253 me
1145 2197 1281 2270 quia
1314 2198 1475 2253 mitis
1526 2215 1659 2253 sum
1690 2202 1746 2253 et
1776 2198 1884 2253 hu-

208 2289 389 2346 milis
421 2288 617 2352 corde,
636 2292 692 2342 et
721 2286 1029 2343 invenietis
1060 2286 1320 2359 requiem
1352 2287 1665 2342 animabus
1680 2286 1886 2343 vestris

215 2378 441 2449 (Matth.
475 2381 577 2445 xx).
611 2400 639 2427 ››
672 2375 921 2432 Humilis
953 2380 1149 2431 autem
1181 2375 1373 2432 dictus
1402 2379 1490 2432 est
1520 2375 1690 2447 quasi
1718 2374 1883 2431 humi

217 2467 493 2524 acclivis.
511 2466 609 2522 Ille
642 2482 779 2538 ergo
809 2482 940 2521 vere
968 2464 1213 2520 humilis
1235 2482 1363 2522 esse
1385 2463 1757 2537 cognoscitur
1785 2466 1885 2537 qui

226 2574 287 2613 se
318 2562 541 2613 terram
576 2561 629 2611 et
656 2554 1151 2625 cineremjugiter
1170 2570 1298 2610 esse
1319 2553 1669 2622 considerat,
1686 2555 1886 2610 dicens

234 2662 369 2701 cum
402 2646 575 2701 beato
605 2643 894 2700 Abraham
915 2642 1245 2715 patriarcha
1271 2661 1328 2697 ;‹‹
1346 2643 1576 2714 Loquar
1594 2642 1665 2697 ad
1683 2643 1882 2698 Domi-

241 2752 379 2790 num
402 2749 779 2797 meum,cum
814 2732 926 2786 sim
961 2729 1152 2802 pulvis
1180 2734 1237 2785 et
1266 2730 1414 2787 cinis
1437 2732 1837 2802 (Genesmvzu).
1858 2755 1883 2779 ››

250 2823 551 2880 Humilitas
582 2837 695 2877 non
723 2819 916 2876 solum
948 2820 1005 2874 in
1024 2836 1282 2891 corpore,
1301 2821 1400 2875 sed
1424 2819 1672 2874 etiamin
1689 2826 1884 2875 mente

253 2913 633 2969 conservanda
654 2917 763 2975 est,
771 2912 944 2981 juxta
971 2906 1302 2980 exemplum
1331 2907 1508 2978 illius,
1524 2908 1624 2980 qui
1643 2909 1700 2963 in
1722 2926 1883 2982 rega-

254 2999 287 3055 li
315 3001 455 3056 solio
477 3001 852 3063 constitutus,
867 2997 1086 3054 aiebat:
1104 3020 1130 3046 «
1149 2995 1501 3052 Humiliatus
1515 3014 1647 3053 sum
1669 3015 1883 3069 usque-

256 3105 495 3162 quaque,
546 3088 812 3151 Domine,
862 3086 1088 3142 viviﬁca
1138 3102 1233 3141 me
1278 3087 1600 3141 secundum
1640 3087 1883 3142 verbum

255 3182 407 3233 tuum
438 3179 609 3246 (Psat.
624 3177 841 3247 cxvni).
871 3199 898 3225 ››
924 3173 1241 3230 Humilitas
1262 3174 1476 3245 quippe
1497 3175 1778 3246 magistra
1794 3180 1883 3230 est

1995 1940 2232 1992 accusat
2254 1935 2568 2007 apostolos,
2585 1952 2717 1989 cum
2739 1933 3182 2006 impossibililas
3205 1933 3447 1988 curandi
3466 1933 3643 1987 inter-

1997 2027 2138 2081 dum
2163 2043 2276 2081 non
2299 2026 2369 2080 ad
2395 2024 2850 2080 imbecillitatem
2866 2023 3217 2089 curantium,
3236 2022 3334 2077 sed
3359 2022 3428 2075 ad
3445 2038 3645 2076 eorum

1996 2115 2095 2187 qui
2130 2114 2374 2170 curandi
2405 2118 2544 2170 sunt
2575 2114 2746 2169 fidem
2794 2114 3094 2179 referatur,
3128 2111 3356 2166 dicente
3401 2109 3646 2165 Domino

1996 2227 2024 2253 «
2051 2205 2173 2259 Fiat
2202 2205 2307 2259 tibi
2339 2204 2663 2259 secundum
2695 2203 2867 2257 fidem
2906 2206 3065 2257 tuam
3091 2201 3304 2272 (Matth.
3338 2202 3436 2270 Ιχ).
3474 2222 3501 2249 ››

2068 2318 2093 2341 ‹‹
2130 2293 2239 2359 Qui
2270 2294 2652 2364 respondens,
2685 2290 2830 2346 dixit
2859 2290 2943 2345 eis
2980 2307 2991 2345 :
3027 2290 3070 2345 Ο
3111 2289 3408 2361 generatio
3459 2288 3644 2344 incre-

1997 2405 2023 2431 ‹‹
2060 2382 2218 2447 dula,
2254 2382 2514 2453 quandiu
2562 2382 2715 2453 apud
2764 2397 2867 2436 vos
2911 2379 3052 2434 ero?
3084 2378 3346 2451 quandiu
3391 2396 3491 2434 vos
3525 2378 3641 2450 ~pa-

1996 2495 2022 2522 ‹‹
2056 2472 2246 2527 tiar?»
2262 2471 2385 2525 Non
2417 2472 2527 2526 hoc
2558 2470 2728 2525 taedio
2758 2473 3069 2541 superatus
3103 2468 3186 2523 ait
3216 2472 3562 2523 mansuetus
3580 2484 3647 2523 ac

1996 2561 2176 2625 mitis,
2197 2560 2296 2632 qui
2330 2576 2444 2615 non
2480 2559 2707 2629 aperuit
2736 2558 2889 2613 sicut
2921 2574 3109 2627 agnus
3141 2574 3336 2611 coram
3372 2557 3647 2612 tondente

1994 2667 2059 2703 os
2091 2665 2286 2711 suum.
2322 2665 2427 2703 nec
2452 2648 2505 2701 in
2540 2647 2714 2702 verba
2745 2646 2960 2700 furoris
2987 2645 3223 2716 eripuit.
3259 2645 3357 2699 sed
3382 2644 3548 2716 quasi
3586 2645 3643 2698 in

1994 2737 2438 2795 similitudinem
2472 2735 2703 2796 medici,
2725 2735 2771 2787 si
2793 2736 3075 2805 aegrotum
3099 2733 3290 2788 videat
3320 2737 3522 2786 contra
3539 2748 3646 2785 sua

1994 2831 2278 2898 praecepta
2309 2843 2369 2880 se
2406 2840 2626 2898 gerere,
2659 2825 2815 2878 dicat
2847 2840 2859 2877 :
2897 2822 3209 2894 Usquequo
3249 2821 3521 2875 accedam
3570 2819 3642 2874 ad

1994 2916 2235 2971 domum
2262 2920 2421 2970 tuam
2442 2915 2470 2969 ‘?
2500 2930 2808 2985 quousque
2826 2910 2969 2967 artis
2995 2910 3232 2982 perdam
3268 2906 3642 2975 industriam,

1994 3022 2088 3061 me
2104 3005 2262 3061 aliud
2280 3005 2540 3075 jubente,
2557 3007 2614 3057 et
2635 3009 2690 3058 te
2714 3001 2871 3056 aliud
2904 2997 3310 3072 perpetrante?
3335 2998 3395 3052 In
3416 3000 3643 3052 tantum

1993 3099 2187 3150 autem
2222 3111 2337 3149 non
2370 3097 2459 3149 est
2485 3094 2667 3147 iratus
2690 3089 2936 3154 homini,
2953 3088 3052 3143 sed
3071 3086 3240 3154 vitio;
3264 3091 3322 3141 et
3340 3103 3442 3158 per
3459 3103 3641 3141 unum

1992 3182 2291 3237 hominem
2323 3181 2555 3236 Judazos
2577 3178 2770 3250 arguit
2790 3174 3176 3241 inﬁdelitatis,
3194 3179 3259 3228 ut
3275 3172 3473 3228 statim
3493 3173 3643 3228 iutu-

258 3238 556 3337 sapicntiae,
589 3271 734 3322 teste
767 3238 1049 3336 Propheta
1074 3263 1176 3336 qui
1216 3238 1297 3318 ait
1328 3279 1340 3318 :
1368 3238 1662 3318 aBonu‘in
1712 3264 1879 3331 mihi,
1913 3238 1956 3304 Ο
1994 3270 2125 3326 lerit
2159 3288 2171 3325 :
2208 3293 2235 3320 «
2265 3270 2477 3325 Afferte
2508 3238 2675 3323 illurn
2707 3267 2779 3321 ad
2815 3282 2926 3319 me.
2962 3265 3031 3318 Et
3061 3238 3384 3318 attulerunt
3404 3262 3641 3317 eum.Et

259 3353 502 3416 Domine,
519 3353 672 3426 quod
704 3352 1025 3408 humiliasti
1057 3357 1249 3420 me,ut
1265 3352 1486 3407 discam
1502 3352 1879 3423 justiﬁcatio-

259 3458 354 3497 nes
389 3448 516 3497 tuas
549 3442 753 3513 (lbid.).
792 3464 818 3490 ››
851 3444 1078 3506 Quanto
1125 3441 1283 3497 enim
1331 3441 1742 3513 unusquisque
1788 3441 1882 3498 hic

260 3536 477 3601 propter
499 3531 681 3586 Deum
715 3529 890 3585 fuerit
921 3527 1218 3595 humilior,
1251 3532 1412 3583 tanto
1445 3528 1501 3582 in
1548 3528 1743 3584 futuro
1773 3530 1883 3585 erit

256 3619 534 3681 excelsior,
569 3619 733 3674 Petro
755 3617 1020 3690 apostolo
1050 3622 1198 3673 teste
1229 3617 1327 3688 qui
1373 3618 1453 3672 ait
1490 3634 1501 3672 :
1536 3641 1562 3667 «
1598 3618 1881 3675 Humilia-

256 3707 389 3761 mini
420 3709 528 3763 sub
559 3706 777 3779 potenti
808 3723 989 3762 manu
1022 3706 1140 3772 Dei,
1168 3710 1231 3761 ut
1267 3722 1368 3762 vos
1400 3705 1613 3762 exaltet
1644 3708 1703 3763 in
1736 3712 1881 3764 tem-

252 3810 381 3865 pore
404 3796 754 3853 visitationis
783 3798 831 3863 (I
856 3798 971 3851 Pet.
1005 3798 1080 3864 v).
1117 3816 1145 3843 »

777 3938 1085 3994 HOMILIA
1123 3936 1330 3993 CXXX.

504 4046 667 4084 P'EBIA
704 4044 929 4091 QUARTA
968 4043 1237 4090 QUATUOR
1272 4043 1609 4081 TEMPORUM.

314 4152 519 4221 (Mane.
545 4153 641 4221 ιι).
676 4176 704 4202 ‹‹
739 4154 802 4208 ln
836 4151 935 4208 illo
957 4157 1236 4223 tempore,
1268 4150 1627 4222 respondens
1646 4168 1797 4205 unus
1813 4149 1884 4206 de

243 4262 271 4286 η
307 4242 491 4307 turba,
538 4241 683 4297 dixit
725 4242 796 4297 ad
847 4241 1048 4297 Jesum
1083 4257 1098 4295 :
1133 4239 1427 4313 Magister,
1481 4237 1651 4294 attuli
1695 4238 1882 4293 ﬁlium

244 4350 271 4377 «ι
305 4346 498 4386 meum
532 4332 606 4385 ad
640 4330 1046 4397 te,habentem
1069 4328 1341 4402 spiritum
1366 4330 1741 4399 mutumzqui
1764 4327 1885 4382 ubi-

248 4439 267 4465 ι
303 4434 532 4492 cunque
561 4437 694 4475 cum
727 4418 1197 4491 apprehenderit,
1230 4416 1421 4472 allidit
1442 4434 1598 4472 eum.
1638 4439 1662 4463 ››
1698 4417 1765 4471 Et
1795 4434 1883 4472 re-

242 4504 421 4577 liqua.
436 4508 769 4564 Notandum
783 4507 937 4579 quod
954 4523 1185 4579 semper
1206 4505 1332 4561 loca
1345 4506 1516 4560 rebus
1530 4512 1880 4577 congruunt.

1996 3385 2021 3407 ‹‹
2038 3376 2169 3414 cum
2190 3358 2433 3413 vidisset
2447 3374 2601 3421 eum,
2619 3355 2817 3411 statim
2838 3352 3081 3425 spiritus
3099 3355 3274 3408 contu
3285 3350 3637 3417 rbaviteum,

1994 3472 2021 3498 «
2055 3453 2113 3503 et
2140 3447 2321 3503 elisus
2352 3448 2409 3501 in
2443 3451 2676 3511 terram,
2710 3443 3083 3497 volutabatur
3110 3456 3461 3511 spumans.»
3484 3437 3638 3493 Alla-

1993 3543 2117 3591 tum
2135 3536 2380 3591 Domino
2394 3551 2638 3607 puerum
2655 3532 2898 3603 spiritus
2911 3534 3085 3586 contu
3096 3530 3287 3584 rbatct
3300 3528 3481 3593 elidit,
3498 3527 3639 3598 quia

1993 3643 2145 3696 saepe
2176 3626 2316 3679 dum
2350 3623 2599 3678 converti
2638 3621 2707 3676 ad
2750 3622 2934 3676 Deum
2980 3635 3283 3686 conamur,
3316 3615 3637 3686 majoribus

1993 3714 2274 3785 novisque
2305 3712 2526 3784 antiqui
2562 3710 2751 3767 hostis
2784 3709 3090 3782 pulsamur
3120 3705 3547 3771 insidiis.Quod
3566 3704 3639 3760 ob

1994 3804 2051 3858 id
2074 3803 2274 3874 utique
2287 3802 2531 3857 callidus
2556 3801 2695 3856 facit
2717 3798 3110 3861 adversarius,
3131 3801 3192 3851 ut
3209 3795 3292 3850 vel
3316 3795 3513 3849 odium
3529 3794 3642 3848 vir—

1992 3891 2136 3945 tutis
2153 3890 2519 3955 incutiat,vel
2544 3887 2905 3962 expulsionis
2927 3904 3045 3942 sum
3070 3884 3321 3939 vindicet
3338 3882 3639 3953 injuriam.

1995 3979 2137 4034 Hinc
2168 3985 2257 4034 est
2285 3980 2439 4033 enim
2470 3984 2557 4050 (ut
2587 3979 2656 4033 de
2689 3975 2879 4048 specie
2911 3980 3287 4029 transeamus
3325 3972 3395 4025 ad
3430 3974 3643 4041 genus)

1994 4068 2150 4138 quod
2182 4066 2447 4122 Ecclesia:
2481 4070 2693 4120 sanctae
2726 4061 3062 4134 primordiis
3096 4064 3179 4114 tot
3202 4058 3647 4129 gravissimam-

1995 4156 2214 4212 ferebat
2243 4154 2562 4209 certamina
2592 4152 3087 4224 persecutionum,
3123 4149 3268 4219 quot
3316 4163 3421 4200 suo
3468 4163 3644 4218 regno

1994 4243 2226 4301 dolebat
2256 4244 2448 4297 subito
2477 4241 2807 4297 animarum
2838 4239 3002 4293 illata
3030 4237 3211 4292 fuisse
3242 4234 3569 4304 dispendia.

2067 4357 2093 4384 ‹‹
2122 4335 2188 4388 Et
2215 4331 2593 4401 interrogavit
2616 4333 2837 4400 patrem
2862 4327 3327 4396 cjuszQuantum
3366 4322 3643 4393 temporis

1996 4448 2022 4473 ‹‹
2058 4427 2165 4487 est,
2189 4440 2258 4478 ex
2289 4438 2405 4493 quo
2437 4420 2547 4475 hoc
2579 4419 2629 4473 ei
2662 4416 2875 4473 accidit
2895 4417 2921 4470 ’ἶ
2946 4417 3015 4469 At
3054 4413 3150 4468 ille
3183 4412 3263 4467 ait
3287 4429 3304 4465 :
3334 4412 3419 4465 Ali
3453 4411 3642 4465 infan—

1995 4534 2023 4561 «
2047 4512 2230 4567 tia.l::t
2256 4514 2587 4580 frequenter
2616 4524 2748 4563 eum
2784 4506 2842 4560 in
2878 4505 3069 4575 ignem
3094 4501 3226 4557 etin
3260 4499 3641 4571 aquasmisit,

243 4594 308 4649 In
340 4603 531 4652 monte
562 4597 842 4652 Dominus
889 4600 1040 4662 orat,
1072 4595 1546 4662 transformatus,
1581 4593 1887 4667 discipulis
1917 4606 1964 4671 D
1996 4625 2022 4647 ‹‹
2060 4608 2121 4654 ut
2154 4619 2286 4655 eum
2326 4601 2650 4669 perderet.»
2678 4595 2997 4651 Erubescat
3018 4589 3428 4660 JulianuS,qui
3453 4588 3643 4643 dicere

243 4699 453 4740 arcana
481 4703 600 4741 sua:
634 4683 961 4755 majestatis
980 4683 1209 4755 aperuit
1232 4701 1244 4749 ;
1272 4682 1330 4737 in
1352 4682 1629 4738 inferiora
1655 4684 1887 4739 descen-

244 4771 410 4839 dens,
426 4775 607 4829 turha:
636 4790 881 4829 occursu
905 4772 1212 4844 excipitur,
1233 4771 1581 4828 miserorum
1606 4773 1743 4826 ﬂetu
1768 4771 1889 4843 pul-

243 4866 443 4928 satur;
474 4878 734 4930 sursum,
763 4860 1077 4933 discipulis
1108 4859 1385 4932 mysteria
1430 4860 1596 4932 regni
1636 4858 1893 4916 ccelestis

243 4956 488 5017 reserat;
515 4948 1021 5017 deorsum,turbis
1052 4952 1289 5020 peccata
1308 4947 1671 5003 inﬁdelitatis
1692 4966 1893 5020 expro-

244 5032 659 5094 brat.Sursum
691 5037 880 5094 Patris
908 5034 1238 5102 vocem,his
1257 5035 1472 5106 quibus
1495 5040 1739 5107 poterat,
1756 5053 1893 5108 pan-

242 5120 364 5191 dit;
396 5125 668 5182 deorsum
691 5124 961 5198 spiritum
995 5122 1215 5179 malum
1247 5123 1318 5178 ab
1352 5121 1445 5178 his
1474 5123 1571 5195 qui
1604 5124 1892 5179 vexaban-

247 5213 371 5280 tur,
403 5213 775 5286 expellit.Qui
809 5213 985 5269 etiam
1020 5229 1173 5267 nunc
1205 5229 1309 5285 pro
1343 5210 1624 5283 qualitate
1668 5214 1899 5270 merito-

242 5314 401 5368 rum,
428 5303 559 5360 aliis
589 5302 1060 5369 ascendere,aliis
1088 5318 1223 5357 vero
1254 5318 1369 5356 non
1394 5299 1625 5356 desistit
1654 5301 1897 5357 descen-

243 5390 402 5446 dere.
432 5393 578 5449 Nam
610 5391 873 5448 carnales
905 5390 1095 5446 adhuc
1118 5395 1175 5445 et
1202 5389 1570 5461 incipientes,
1593 5390 1899 5461 quasiima

238 5485 507 5548 petentes
537 5481 846 5553 confortat,
862 5480 1050 5548 docet,
1065 5478 1345 5551 castigat;
1372 5478 1654 5550 perfectos
1678 5483 1897 5542 autem,

239 5581 494 5637 quorum
527 5566 885 5624 conversatio
916 5567 977 5622 in
1005 5566 1165 5623 ccelis
1212 5572 1319 5633 est,
1352 5564 1664 5621 sublimius
1715 5565 1898 5621 extol-

241 5649 420 5713 lendo
440 5656 748 5730 glorificat,
766 5656 1008 5713 liberius
1038 5657 1111 5713 de
1140 5654 1370 5713 aeternis
1396 5654 1650 5724 instruit,
1672 5663 1725 5711 et
1748 5673 1898 5727 saepe

1996 4690 2171 4743 audet
2191 4706 2394 4742 omnes
2410 4688 2672 4742 homines
2690 4685 2910 4755 absque
2928 4681 3047 4736 ulla
3060 4677 3403 4751 contagione
3420 4676 3640 4748 peccati

2000 4776 2159 4832 nasci
2180 4777 2238 4830 in
2272 4792 2444 4830 carne
2469 4781 2588 4830 tam
2618 4774 2959 4829 innocentes
2991 4779 3092 4841 p‘er
3114 4764 3645 4837 omuia,quamfuit

1998 4866 2179 4921 Adam
2213 4865 2446 4937 quando
2476 4869 2704 4919 creatus
2748 4866 2856 4915 est.
2883 4859 3031 4925 Quid
3080 4855 3233 4913 enim
3284 4853 3489 4909 habuit
3539 4853 3647 4908 iste

2001 4970 2162 5029 puer,
2198 4957 2262 5007 ut
2290 4953 2361 5007 ab
2392 4952 2639 5008 infantia
2668 4968 2701 5006 a
2727 4948 3012 5004 daemonio
3044 4948 3349 5001 vexaretur
3391 4943 3644 4998 acerbis-

2002 5042 2174 5107 simo,
2207 5040 2254 5097 si
2279 5040 2442 5096 nullo
2474 5039 2775 5111 originalis
2807 5035 3027 5109 peccati
3061 5032 3296 5089 vinculo
3322 5032 3648 5098 tenebatur,

2003 5148 2175 5203 quem
2209 5136 2440 5186 constat
2471 5128 2696 5184 nullum
2732 5127 2921 5181 adhuc.
2946 5122 3244 5196 proprium
3268 5120 3527 5194 potuisse
3550 5120 3650 5176 ha-

2006 5221 2137 5274 bere
2171 5222 2513 5291 peccatum?
2541 5218 2897 5273 Conﬁteatur
2924 5212 3246 5269 catholicus
3294 5210 3432 5283 quia
3479 5228 3650 5268 nemo

2007 5308 2289 5362 immunis
2307 5326 2340 5362 a
2372 5324 2519 5362 noxa
2542 5306 2740 5377 prima:
2775 5301 3265 5377 praevaricationis
3289 5300 3569 5368 nascitur,
3596 5305 3652 5356 et

2006 5396 2231 5450 invocet
2248 5396 2495 5466 gratiam
2530 5395 2650 5461 Dei,
2667 5411 2782 5465 qua
2804 5393 3082 5448 liberetur
3102 5393 3171 5447 de
3193 5406 3432 5475 corpore
3445 5389 3649 5443 mortis

2008 5501 2108 5555 per
2134 5485 2337 5540 Jesum
2368 5484 2662 5540 Christum
2694 5482 3003 5537 hominum
3037 5487 3325 5536 nostrum.
3360 5476 3651 5547 Intelligat

2007 5573 2197 5627 scriba
2228 5574 2454 5633 doctus.
2481 5574 2537 5626 in
2573 5574 2681 5627 hoc
2700 5571 3055 5627 dtrmoniaco
3087 5590 3121 5625 a
3153 5569 3395 5625 Domino
3425 5569 3643 5627 curato.

2009 5663 2384 5718 rsalvationcm
2416 5664 2677 5719 omnium
2712 5662 2970 5719 tidclium
2994 5676 3121 5717 esse
3143 5648 3643 5727 designalam,qui
