4060 6178
478 344 595 405 695

1042 346 1451 409 IIAYMONIS
1495 347 2035 409 IIALBERSTA'I‘.
2085 348 2324 409 EPlSC.
2372 352 2543 411 Ul’l'.
2593 351 2789 412 PARS
2836 353 2911 413 II.
2943 387 3013 397 --
3045 352 3311 414 HOMIL.

3700 361 3793 423 696

472 476 781 553 originalis
811 465 992 553 eulpae
1018 466 1193 536 reatu.
1213 478 1430 535 astricti
1464 479 1707 536 veniunt
1727 481 1781 537 in
1808 481 2118 550 mundum,
2152 481 2206 550 Α
2235 482 2339 551 dit,
2374 481 2530 540 hunc
2554 484 2685 557 pius
2705 482 3479 542 Salvatermitisuazdexterae
3501 490 3793 548 tactuelevao

474 570 656 626 unius
686 568 1090 642 Redemptoris
1120 570 1257 626 Jesu
1288 569 1500 627 Christi
1548 570 1658 625 fide
1701 575 1757 626 et
1788 572 1970 645 gratia
2008 569 2124 625 sal-

471 658 669 714 vandi.
700 658 860 722 Quod
894 663 1089 715 autem
1123 659 1344 715 dictum
1368 663 1474 715 est.
1499 660 1611 714 «Et
1641 661 2123 733 frequentereum

472 741 546 804 in~
566 749 759 822 ignem
794 753 849 804 et
875 750 932 803 in
965 766 1149 820 aquas
1179 748 1360 814 misit,
1386 772 1413 799 n
1443 748 1697 805 maxima
1727 751 1997 806 humana:
2029 767 2122 806 ve-

474 838 684 895 cordia:
717 837 973 893 facinora
1012 838 1298 911 designat.
1326 839 1487 911 Ignis
1527 856 1782 912 namque
1833 841 2007 895 ardor
2051 840 2123 895 ad

473 928 756 983 fervorem
791 926 1102 982 iracundiae
1133 928 1471 984 referendus
1492 933 1580 984 est
1597 946 1805 1001 :aqua,
1829 930 1898 983 ad
1919 927 2124 1000 volup-

473 1020 622 1073 tates
671 1016 883 1081 carnis,
900 1033 1024 1088 quae
1046 1015 1362 1073 dissolvere
1381 1022 1634 1073 mentem
1663 1035 1767 1089 per
1784 1017 2023 1073 delicias
2037 1034 2127 1073 so-

476 1104 615 1161 lent.
648 1105 748 1161 Vel
780 1110 934 1161 certe
974 1105 1033 1161 in
1077 1106 1271 1179 ignem
1323 1106 1507 1161 fertur
1554 1107 1972 1171 dzemoniacus,
2008 1123 2123 1179 quo

472 1194 937 1251 adulterantium
969 1196 1143 1251 corda
1173 1212 1455 1251 succensa
1489 1202 1627 1252 sunt
1661 1214 1673 1251 :
1708 1200 1764 1252 et
1804 1196 1860 1250 in
1914 1213 2121 1267 aquas,

475 1301 603 1358 qua
639 1284 826 1342 solent
864 1285 1233 1358 exstinguere
1263 1285 1627 1341 cbaritatem.
1666 1310 1686 1335 α
1721 1286 1831 1341 Sed
1886 1283 1935 1340 si
1986 1284 2123 1357 quid

474 1398 501 1425 ‹‹
528 1378 714 1448 potes,
745 1375 958 1445 adjuva
989 1392 1114 1441 nos,
1149 1375 1426 1430 misertus
1474 1375 1678 1430 nostri.
1712 1376 1886 1431 Jesus
1930 1378 2124 1430 autem

474 1487 501 1514 «
538 1464 620 1519 ait
650 1464 730 1519 illi
768 1480 780 1518 :
814 1464 873 1519 Si
905 1468 1069 1537 potes
1124 1466 1380 1533 credere,
1415 1464 1614 1521 omnia
1654 1464 1960 1537 possibilia
2002 1481 2125 1520 cre—

475 1578 501 1603 ‹‹
536 1553 716 1609 denti.
753 1576 779 1602 ››
811 1555 1028 1627 Aptum
1061 1552 1348 1609 Dominus
1373 1571 1724 1626 responsum
1749 1553 1910 1609 dedit
1939 1553 2123 1625 pecni-

473 1642 640 1699 tenti.
676 1644 807 1715 Ipse
837 1642 993 1698 enim
1025 1642 1138 1698 ait:
1168 1664 1193 1691 ‹‹
1227 1643 1284 1697 Si
1319 1643 1457 1714 quid
1493 1647 1678 1715 potes,
1707 1643 1920 1713 adjuva
1948 1659 2118 1697 nos:»

474 1738 531 1789 et
561 1731 867 1798 Dominus,
898 1756 923 1781 ‹‹
961 1732 1007 1788 si
1045 1735 1228 1803 potes,
1252 1716 1288 1779 3)
1321 1731 1531 1803 inquit,
1571 1751 1597 1782 u
1638 1730 1891 1798 credere,
1930 1754 1954 1777 ››
1989 1747 2119 1803 pos-

475 1838 605 1878 sum
636 1838 739 1877 vos
771 1820 1048 1875 misertus
1071 1820 1345 1891 adjuvare
1368 1819 1537 1891 :quia
1562 1821 1704 1876 fides
1727 1836 1838 1875 non
1861 1820 2123 1875 ﬁctaom-
2151 1854 2200 1921 B

474 1910 574 1966 nia
601 1927 727 1982 qua:
777 1908 1091 1964 salubriter
1137 1909 1300 1981 petit,
1337 1908 1647 1981 impetrare
1691 1912 1967 1965 meretur.
2001 1912 2122 1976 Quo

476 2003 678 2054 contra
704 1998 991 2069 leprosus,
1026 1997 1124 2070 qui
1157 1997 1791 2055 fideliterelamabatzu
1812 1998 2055 2054 Domine
2074 1997 2123 2054 si

472 2087 584 2155 vis,
618 2089 781 2160 potes
805 2103 896 2142 me
927 2087 1232 2156 mundare,
1263 2110 1288 2135 ››
1312 2104 1640 2161 congruum
1664 2105 1783 2143 suae
1815 2088 1946 2145 fidei
1968 2105 2125 2145 acce-

474 2176 560 2250 pit
585 2193 953 2249 responsum.
990 2198 1018 2226 ‹‹
1050 2176 1212 2245 Volo,
1248 2177 1533 2233 mundare
1566 2177 1771 2248 (Matth.
1806 2180 1947 2245 vni).
1985 2202 2012 2227 ››

545 2291 571 2316 ‹‹
606 2267 675 2321 Et
703 2265 981 2322 continuo
1009 2265 1341 2321 exclamans
1374 2270 1538 2338 pater
1567 2265 1731 2337 pueri
1763 2282 1893 2320 cum
1936 2263 2119 2339 laery-

475 2379 503 2407 ‹‹
537 2355 650 2413 mis
682 2355 909 2412 aiebat:
944 2355 1146 2422 Credo,
1179 2354 1443 2423 Domine,
1478 2356 1693 2426 adjuva
1740 2353 2121 2410 incredulita-

474 2470 501 2497 ‹‹
533 2450 649 2502 tem
684 2461 898 2503 meam.
932 2466 960 2494 n
991 2445 1171 2501 Nemo
1200 2448 1433 2517 repente
1481 2445 1547 2499 fit
1593 2461 1888 2510 summus,
1919 2444 2017 2499 sed
2060 2442 2118 2497 in

470 2535 625 2592 bona
654 2533 1090 2592 conversatione
1121 2552 1154 2590 a
1181 2533 1443 2590 minimis
1479 2534 1730 2607 quisque
1771 2532 2027 2599 inchoat,
2057 2537 2122 2588 ut

471 2626 543 2682 ad
568 2641 783 2699 magna
802 2624 1118 2697 perveniat.
1137 2623 1264 2679 Alia
1280 2640 1535 2696 namque
1552 2627 1689 2679 sunt
1708 2622 1940 2679 virtutis
1957 2638 2118 2678 exor-

472 2714 589 2783 dia,
613 2714 770 2771 aliud
794 2715 1108 2787 profectus,
1128 2713 1284 2770 aliud
1318 2713 1614 2786 perfectio.
1638 2713 1694 2768 Si
1728 2711 1884 2768 enim
1920 2711 2121 2783 etipsa

470 2803 618 2861 fides
631 2804 701 2860 ad
722 2804 1132 2886 perfectionem
1152 2819 1322 2859 suam
1342 2819 1455 2858 non
1471 2802 1823 2874 quibusdam
1838 2800 2120 2874 gradibus

472 2894 801 2960 duceretur,
815 2894 926 2951 iste
944 2893 1333 2967 interrogatus
1352 2908 1423 2947 an
1442 2892 1721 2957 crederet,
1744 2907 1859 2946 non
1879 2907 2119 2962 respon-

471 2981 635 3036 deret
687 2998 700 3036 :
749 3004 777 3031 «
828 2980 1031 3045 Credo,
1082 2980 1345 3046 Domine,
1391 2979 1603 3051 adjuva
1646 2976 2116 3033 incredulitatem

471 3085 684 3126 meam.
708 3093 734 3119 »
754 3070 813 3126 Si
833 3071 989 3127 enim
1022 3070 1312 3138 credebat,
1337 3085 1441 3124 cur
1467 3067 1934 3123 incredulitatem
1969 3066 2129 3122 dice-.

467 3159 568 3216 bat
583 3160 610 3216 ?
631 3159 687 3216 Si
718 3177 852 3216 vero
883 3158 1351 3215 incredulitatem
1373 3157 1588 3214 habere
1609 3174 1670 3214 se
1695 3160 1949 3223 noverat,
1970 3172 2112 3228 quo-

2232 573 2332 628 vit.
2368 573 2473 639 Qui
2509 575 2662 629 sicut
2685 592 2883 631 verum
2904 591 2965 630 se
2986 592 3114 632 esse
3138 579 3317 631 Deum
3336 577 3571 648 potentia
3586 580 3794 637 salvandi

2234 663 2452 731 docuit,
2471 663 2549 719 ita
2572 668 2749 720 etiam
2781 681 2974 720 veram
3008 681 3071 720 se
3091 664 3366 720 habuisse
3385 666 3559 723 carnis
3582 673 3797 727 naturam

2234 768 2394 806 more
2416 756 2606 808 tactus
2625 752 2866 809 humani
2883 752 3220 809 declaravit.
3236 754 3410 827 Negat
3424 772 3644 828 namque
3657 758 3799 814 Mani-

2233 840 2429 897 chaeus
2460 841 2706 899 insanus
2736 844 3160 900 veracitereum
3185 844 3615 900 carneindutum
3631 845 3799 903 fuisse:

2234 931 2333 986 sed
2364 931 2379 984 i
2388 948 2488 1003 pse
2511 948 2643 987 eum
2668 936 2752 987 tot
2766 932 3109 1004 languentes
3125 950 3230 989 suo
3246 936 3396 987 tactu
3414 934 3593 1001 erexit,
3607 936 3805 991 munda-

2233 1019 2333 1084 vit,
2367 1018 2741 1085 illuminavit,
2775 1019 3043 1075 haeresim
3076 1019 3256 1088 illius,
3287 1023 3346 1075 et
3389 1024 3667 1093 antequam
3701 1026 3804 1077 nata

2232 1112 2406 1175 esset,
2442 1109 2761 1163 damnavit.

2305 1221 2333 1247 «
2368 1198 2434 1252 Et
2464 1214 2596 1252 cum
2629 1197 2928 1253 introisset
2960 1197 3016 1252 in
3047 1196 3309 1268 domum,
3342 1197 3595 1271 discipuli
3619 1200 3807 1269 ejusse-

2235 1308 2263 1338 ‹‹
2295 1291 2452 1343 creto
2484 1287 2923 1359 interrogabant
2962 1285 3129 1342 illum
3170 1306 3181 1343 :
3216 1290 3401 1353 Quare
3429 1304 3539 1343 non
3567 1286 3808 1359 potuimus

2234 1398 2260 1426 «
2298 1376 2504 1447 ejicere
2534 1377 2712 1432 eum?
2743 1377 2810 1431 Et
2842 1375 2988 1431 dixit
3018 1375 3136 1432 illis
3170 1394 3184 1432 :
3219 1377 3337 1432 Hoc
3381 1391 3554 1449 genus
3596 1374 3646 1429 in
3688 1374 3808 1431 nullo

2235 1488 2263 1516 ‹‹
2296 1467 2488 1537 potest
2518 1465 2691 1533 exire,
2709 1464 2821 1520 nisi
2844 1466 2901 1520 in
2923 1466 3183 1521 oratione
3205 1465 3515 1538 etjejunio.
3532 1488 3558 1514 »
3585 1468 3708 1519 Dum
3729 1463 3810 1518 do-

2234 1560 2323 1611 cet
2352 1554 2646 1627 apostolos
2677 1555 2971 1627 quomodo
3001 1555 3228 1611 dmmon
3254 1554 3634 1627 nequissimus
3653 1554 3815 1608 debeat

2232 1644 2677 1717 expelli,omnes
2706 1643 2962 1699 instituit
2991 1645 3063 1699 ad
3094 1643 3294 1712 vitam,
3313 1649 3377 1699 ut
3406 1640 3613 1698 scilicet
3638 1640 3813 1697 noveri-

2233 1750 2366 1789 mus
2396 1733 2659 1806 graviora
2682 1749 2925 1806 quaeque
2943 1738 3179 1805 peccata
3198 1732 3285 1789 vel
3304 1732 3710 1788 immundorum
3730 1729 3816 1801 spi-

2232 1822 2452 1879 rituum
2478 1823 3098 1894 tentamentajejuniis
3130 1828 3189 1879 et
3219 1822 3572 1878 orationibus
3604 1834 3718 1875 esse
3740 1835 3813 1872 su-

2232 1913 2519 1984 peranda;
2556 1911 2703 1967 iram
2735 1927 2971 1984 quoque
3003 1911 3474 1980 Domini,cumin
3508 1909 3705 1965 ultione
3724 1923 3817 1962 sce-

2230 2000 2416 2057 lerum
2441 2005 2769 2058 nostrorum
2795 2001 2969 2057 fuerit
2991 2018 3253 2070 accensa,
3269 2001 3382 2057 hoc
3400 1997 3638 2057 remedio
3654 1997 3811 2069 singu-

2231 2088 2335 2145 lari
2371 2107 2540 2162 posse
2561 2090 2799 2163 placari.
2815 2090 3112 2162 Jejunium
3136 2096 3334 2146 autem
3359 2087 3614 2164 generale
3627 2090 3817 2152 est,non

2232 2178 2423 2235 solum
2447 2179 2519 2235 ab
2552 2180 2722 2246 escis,
2756 2179 2854 2235 sed
2902 2196 2936 2234 a
2976 2179 3203 2235 cunctis
3254 2177 3541 2235 illecebris
3581 2175 3818 2231 abstinere

2231 2268 2586 2338 carnalibus,
2604 2269 2721 2324 imo
2745 2269 2817 2323 ab
2843 2266 3119 2323 omnibus
3135 2267 3414 2323 vitiorum
3442 2265 3821 2335 continerepas-

2231 2357 2516 2413 sionibus.
2551 2358 2645 2414 Sic
2676 2361 2731 2413 et
2759 2355 3469 2430 oratiogencralis,nonin
3487 2350 3820 2411 verbissolum

2230 2449 2338 2514 est,
2363 2446 2577 2519 quibus
2610 2446 2864 2501 divinam
2899 2446 3269 2502 clementiam
3305 2446 3823 2510 invocamus,verum

2229 2536 2478 2592 etiamin
2495 2535 2769 2591 omnibus
2782 2552 2815 2608 q
2827 2553 2907 2591 ua:
2924 2534 2979 2590 in
2994 2535 3345 2608 obsequium
3361 2534 3539 2591 nostri
3551 2527 3822 2589 Conditoris

2228 2625 2365 2681 fidei
2417 2625 2715 2682 devotione
2756 2625 3036 2699 gerimus,
3072 2628 3217 2681 teste
3261 2621 3537 2698 Apostolo
3583 2620 3673 2694 qui
3718 2617 3820 2674 ait:

2230 2738 2257 2763 ‹‹
2295 2715 2537 2787 Semper
2561 2714 2830 2787 gaudete,
2850 2713 2976 2769 sine
3003 2712 3444 2769 intermissione
3468 2715 3617 2769 orate
3640 2710 3681 2781 (ι
3707 2708 3820 2764 Thes.

2225 2806 2304 2873 v).
2332 2826 2360 2854 »
2382 2804 2680 2870 Quomodo
2712 2802 2865 2858 enim
2900 2802 3034 2875 quis
3066 2802 3347 2860 omnibus
3377 2802 3536 2858 horis
3556 2803 3822 2871 atquemo-

2228 2892 2441 2948 mentis
2476 2892 2600 2948 sine
2618 2892 3053 2949 intermissione
3072 2896 3250 2947 Deum
3272 2891 3823 2964 potestinvocareser-

2226 2980 2662 3038 monibus‘i‘Sed
2693 2986 2833 3036 tunc
2860 2980 2986 3037 sine
3007 2979 3445 3037 intermissione
3470 2987 3822 3040 oramus,eum

2225 3085 2293 3126 ea
2319 3069 2510 3126 solum
2533 3085 2705 3142 opera
2724 3069 3002 3142 gerimus,
3020 3086 3147 3141 quae
3172 3085 3278 3124 nos
3306 3062 3689 3142 pietatinostri
3701 3077 3822 3118 com-

2225 3160 2503 3216 mendent
2533 3158 2806 3214 auctoris.
2833 3161 2955 3224 Quo
2974 3155 3498 3231 uimirumjejunio
3519 3160 3574 3212 et
3589 3150 3821 3213 oratione,

466 3249 638 3306 modo
670 3249 980 3307 credebat?
1000 3249 1109 3305 Sed
1143 3249 1281 3320 quia
1311 3264 1413 3319 per
1443 3245 1734 3303 occultam
1772 3227 2107 3318 inspira’tio-
2141 3227 2184 3294 (ἶ
2214 3227 3826 3319 juvanteDomino,cunctasantiquiliostisdebellabimus

464 3354 596 3396 nem
629 3339 847 3412 gratiae,
864 3338 1207 3395 meritorum
1230 3354 1469 3393 suorum
1499 3336 1780 3409 gradibus
1798 3335 1944 3389 ﬁdes
1962 3351 2108 3389 cres-

460 3426 558 3498 cit,
589 3444 708 3483 uno
739 3428 1059 3499 eodemque
1090 3432 1350 3498 tempore
1374 3425 1561 3497 is,qui
1586 3425 1833 3480 necdum
1857 3423 2107 3496 perfecte

459 3515 802 3583 crediderat,
837 3514 1013 3571 simul
1046 3519 1101 3569 et
1131 3513 1421 3583 credebat,
1455 3518 1512 3569 et
1542 3511 1880 3568 incredulus
1910 3516 2050 3567 erat.

530 3604 820 3658 «Etcum
870 3603 1089 3660 videret
1132 3604 1307 3659 Jesus
1355 3606 1796 3658 concurrentem
1845 3603 2099 3667 turltnm,

461 3714 489 3743 «
502 3692 994 3748 comminatusest
1006 3691 1236 3765 Spiritui
1251 3691 1576 3759 immundo,
1593 3691 1793 3746 dicens
1809 3689 2101 3747 illi:Surde

457 3803 485 3829 «
521 3783 579 3837 et
609 3785 769 3836 mute
799 3778 1061 3853 spiritus,
1094 3796 1200 3853 ego
1230 3778 1499 3853 praecipio
1528 3778 1656 3848 tibi,
1688 3778 1777 3836 exi
1819 3780 1890 3835 ab
1921 3796 2008 3847 co,
2044 3784 2101 3835 et

459 3868 755 3940 «amplius
786 3886 859 3925 ne
885 3867 1139 3927 introeas
1170 3869 1226 3924 in
1252 3885 1450 3925 eum.»
1468 3867 1852 3925 Cemminatio
1867 3868 2098 3924 Domini

453 3957 630 4013 divini
663 3963 753 4014 est
781 3957 966 4014 virtus
996 3958 1388 4030 imperii.l\'on
1418 3964 1613 4014 autem
1648 3975 1825 4031 puero
1858 3958 1955 4030 qui
1980 3958 2094 4014 vim

451 4046 798 4121 patiebatur,
834 4048 933 4104 sed
961 4047 1208 4103 daemoni
1242 4047 1342 4120 qui
1376 4048 1677 4113 inferebat,
1701 4047 2095 4103 comminatus

450 4140 539 4193 est
557 4155 570 4204 ;
587 4136 723 4209 quia
741 4137 841 4210 qui
860 4140 1194 4210 peccantem
1228 4137 1537 4192 emendare
1559 4135 2091 4203 desiderat,vitium

449 4226 652 4298 utique
672 4225 1025 4298 increpando
1055 4229 1109 4281 et
1131 4226 1480 4282 exsecrando
1498 4226 1667 4280 debet
1684 4225 2088 4293 exterminare,

444 4315 545 4372 sed
578 4315 876 4372 hominem
899 4317 1151 4372 amando
1184 4316 1453 4371 refovcrc.
1488 4319 1633 4370 Bene
1664 4318 1859 4369 autem
1894 4314 2090 4371 Domi-

441 4422 573 4472 nus,
590 4402 687 4476 qui
704 4404 975 4476 spiritum
991 4403 1254 4460 immund
1268 4402 1542 4475 um'pellit
1555 4402 1625 4458 ab
1639 4403 1894 4470 homine,
1911 4403 2087 4459 simul

438 4509 510 4548 ne
543 4492 797 4565 amplius
827 4492 886 4548 in
910 4510 1044 4548 eum
1068 4491 2088 4566 ingrediaturimpcrat:quiailleve-

2219 3354 2284 3392 ae
2314 3336 2794 3410 propulsabimus
2826 3335 3070 3391 insidias
3105 3353 3118 3391 :

2733 3478 3059 3535 HOMILIZE
3096 3477 3337 3534 CXXXI.

2513 3581 2677 3623 FERIA
2717 3584 2887 3625 SEXTA
2928 3584 3199 3631 QUATUOR
3227 3582 3554 3623 TFMPORUM

2283 3693 2444 3759 (Luc.
2459 3695 2639 3761 xvm).
2656 3717 2679 3741 ‹‹
2700 3692 2760 3747 In
2777 3691 3150 3762 illotcmpore
3161 3690 3397 3745 dicebat
3422 3690 3593 3745 Jesus
3612 3681 3821 3758 parabo-

2210 3806 2235 3831 ‹‹
2254 3781 2368 3838 lam
2386 3782 2620 3838 hanead
2636 3779 2978 3852 discipulos.
2997 3802 3023 3828 ››
3041 3780 3109 3835 Et
3122 3778 3368 3851 reliqua.
3392 3774 3828 3847 DicitetAposto-

2209 3895 2235 3921 α
2248 3871 2603 3942 lus,Scmper
2616 3869 3019 3943 gaudete,sine
3036 3867 3479 3926 intermissione
3491 3870 3643 3922 orate
3655 3867 3695 3930 (1
3706 3860 3822 3916 Thes.

2206 3961 2280 4031 v).
2306 3960 2444 4027 Quis
2472 3964 2662 4015 autem
2689 3963 2877 4031 potest
2910 3958 2989 4012 ita
3018 3973 3250 4029 semper
3279 3972 3455 4013 orare
3483 3955 3605 4013 sine
3633 3949 3824 4007 defectu

2205 4048 2291 4104 vel
2306 4047 2734 4103 intermissione
2746 4047 3013 4119 precibus
3028 4045 3395 4112 insistere,ut
3407 4062 3512 4101 nec
3525 4042 3821 4098 alimentum

2204 4134 3197 4205 sumendi,autdormiemlitempus
3215 4133 3597 4189 liaheat?Aut
3623 4142 3743 4200 ergo
3760 4122 3823 4179 di-

2202 4226 2451 4280 cendum
2482 4229 2736 4287 est,eum
2766 4240 2996 4295 semper
3016 4226 3281 4286 orare.et
3320 4238 3443 4277 non
3476 4210 3822 4284 deficere,qui

2201 4314 2495 4369 canonicis
2507 4312 2667 4369 horis
2683 4311 3116 4385 quotidiejuxta
3129 4310 3308 4366 rltum
3324 4306 3720 4367 ecclesiastica:
3736 4305 3824 4356 tm-

2198 4402 2457 4470 ditionis,
2468 4400 2808 4475 psalmodiis
2825 4400 2977 4473 preci
2990 4411 3213 4472 busque
3228 4398 3537 4455 consuetis
3550 4392 3825 4452 Dominum

2196 4489 2436 4547 laudare
2457 4474 2511 4547 et
2532 4506 2733 4562 rogare
2758 4507 2870 4544 non
2901 4488 3154 4557 desistit,
3179 4488 3372 4545 ethoc
3404 4492 3497 4544 est
3518 4482 3664 4559 quod
3688 4474 3823 4536 Psal-

434 4580 645 4639 raeiter
676 4599 710 4638 a
738 4581 1095 4638 daemoniaca
1124 4581 1524 4637 dominatione
1556 4580 1974 4653 liberatur,qui
2009 4582 2079 4637 ad
2114 4597 2162 4662 D
2196 4580 2372 4637 mista
2401 4580 2541 4635 dicit
2575 4597 2587 4634 :
2623 4602 2649 4629 ‹‹
2684 4576 3031 4634 Benedicam
3064 4575 3384 4633 Dominum
3419 4577 3481 4632 in
3522 4571 3674 4630 omni
3703 4574 3827 4625 tem-

431 4676 689 4743 peceata,
706 4688 739 4727 a
756 4671 971 4744 quibus
990 4670 1167 4727 semel
1190 4669 1522 4743 paenitendo
1546 4671 1866 4725 mundatus
1879 4670 2083 4739 est;vi-

429 4763 515 4816 tat
544 4759 695 4816 male
725 4760 968 4817 vivendo
996 4759 1225 4816 reverti.

506 4873 527 4900 ι
562 4854 628 4906 Et
657 4849 941 4918 clamans,
974 4852 1029 4905 et
1060 4848 1314 4905 multum
1348 4848 1688 4920 diseerpens
1718 4848 1906 4915 illum,
1942 4848 2078 4905 exiit

430 4961 456 4989 ‹‹
488 4939 561 4995 ab
594 4957 678 4996 eo.
710 4959 739 4991 ι
762 4938 1039 4994 Exiturus
1071 4937 1143 4993 ab
1176 4937 1410 4993 homine
1434 4935 1677 5009 spiritus
1708 4938 2073 5007 immundus,

425 5026 739 5098 discerpsit
758 5044 913 5095 eum,
932 5045 998 5082 ae
1025 5027 1235 5082 furenti
1255 5025 1505 5082 clamore
1526 5026 1735 5080 terruit
1753 5026 2070 5082 intuentes:

423 5116 561 5187 quia
593 5115 938 5187 plerumque
966 5116 1254 5184 diabolus,
1275 5116 1415 5171 dum
1453 5114 1521 5169 de
1554 5115 1723 5170 corde
1746 5114 2071 5188 expellitur,

421 5204 671 5258 acriores
693 5202 749 5257 in
783 5221 849 5260 eo
884 5204 1233 5260 tentationes
1263 5207 1520 5276 generat,
1538 5221 1715 5276 quam
1748 5204 1910 5276 prius
1926 5203 2073 5260 exei-

416 5292 911 5364 taverat,quando
946 5293 1053 5349 hoc
1087 5294 1319 5365 quietus
1350 5277 1759 5366 possidebatju
1797 5293 1862 5347 Et
1883 5295 2069 5349 factus

2194 4687 2351 4742 pore,
2376 4685 2606 4740 semper
2635 4667 2764 4723 laus
2790 4668 2918 4739 ejus
2949 4666 3004 4720 in
3057 4682 3157 4721 ore
3201 4682 3333 4721 meo
3365 4661 3773 4735 (Ρδαιρκεχιιι).
3799 4675 3821 4701 »ι

2187 4761 2301 4814 Aut
2330 4762 2502 4826 certe,
2524 4756 2723 4813 omnia
2741 4773 2868 4828 qua:
2887 4756 3089 4825 justus
3113 4755 3450 4810 secundum
3474 4754 3657 4810 Deum
3678 4742 3822 4821 gerit,

2187 4848 2259 4903 ad
2283 4848 2603 4903 orationem
2631 4861 2761 4901 esse
2794 4842 3303 4917 reputanda.Quia
3328 4842 3495 4898 enim
3508 4842 3703 4913 justus
3717 4832 3822 4889 sine

2186 4935 2617 4992 intermissione
2634 4934 2940 5007 quazjusta
2956 4936 3097 4987 sunt
3121 4931 3261 5004 agit,
3278 4931 3512 5005 perhoe
3534 4929 3658 4985 sine
3676 4925 3826 4981 inter-

2185 5025 2465 5082 missione
2488 5024 2820 5091 orabit,nee
2851 5037 3111 5092 unquam
3146 5022 3218 5077 ab
3253 5021 3527 5076 oratione
3572 5009 3819 5073 cessabit.

2187 5113 2299 5170 nisi
2324 5115 2526 5186 justus
2557 5129 2684 5169 esse
2714 5109 2979 5168 desistat.

2256 5227 2282 5253 ‹‹
2328 5183 2521 5259 dudex
2560 5196 2806 5274 quidam
2857 5203 2980 5254 erat
3026 5197 3085 5253 in
3140 5198 3401 5270 quadam
3467 5196 3699 5252 civitate
3739 5183 3823 5259 qui

2182 5292 2415 5347 «Deum
2448 5309 2563 5346 nou
2596 5289 2856 5356 timebat,
2878 5292 2933 5342 et
2963 5286 3263 5343 homidem
3294 5303 3416 5342 non
3449 5281 3821 5342 revertebatur-

2184 5381 2407 5436 «Vidua
2440 5385 2631 5435 autem
2660 5378 2927 5449 quaedam
2961 5382 3085 5431 erat
3106 5376 3164 5430 in
3185 5375 3420 5431 civitate
3445 5374 3571 5441 illa,
3588 5376 3642 5427 et
3659 5365 3822 5423 venio-

417 5403 443 5430 (ι
477 5384 564 5435 est
596 5380 747 5435 sicut
779 5382 1165 5446 mortuus,ita
1197 5387 1261 5437 ut
1291 5383 1462 5454 multi
1488 5381 2064 5454 dicerentquiamor~

416 5491 441 5519 «ι
477 5474 614 5524 tuus
645 5474 754 5524 est.
788 5471 961 5529 Jesus
993 5474 1187 5525 autem
1220 5450 1424 5528 tenens
1456 5488 1696 5527 manum
1720 5470 2065 5541 ejus,eleva-

410 5578 435 5603 ‹ι
470 5554 550 5610 \‘it
585 5556 770 5625 illum,
809 5562 865 5612 et
892 5556 1161 5612 surrexit.
1196 5580 1222 5607 ››
1256 5560 1434 5623 Quem
1468 5558 1654 5613 hostis
1684 5559 1901 5629 impius
1934 5561 2057 5629 jam

406 5646 608 5718 fugere
646 5646 985 5718 compulsus
1019 5646 1321 5715 stravit,ac
1342 5651 1570 5702 mortuo
1597 5646 1849 5702 similem
1872 5647 2056 5701 reddi-

2177 5492 2203 5521 ‹‹
2224 5471 2324 5525 bat
2354 5471 2423 5525 ad
2453 5474 2609 5532 eum,
2630 5467 2829 5522 dicens
2850 5459 3667 5537 :Viudicamedeadyersario
3691 5469 3821 5513 meo.

2174 5582 2199 5608 ‹‹
2236 5561 2302 5615 Et
2333 5558 2566 5613 nolebat
2597 5573 2700 5628 per
2730 5554 2981 5611 multum
3020 5558 3275 5627 tempus.
3309 5553 3454 5609 Post
3485 5552 3608 5608 haec
3644 5552 3819 5604 autem

2171 5673 2195 5697 ‹‹
2235 5648 2378 5703 dixit
2408 5646 2560 5702 intra
2594 5663 2653 5702 se
2690 5662 2702 5700 :
2737 5645 2804 5700 Et
2836 5643 2884 5700 si
2916 5643 3098 5699 Deum
3132 5661 3247 5700 non
3280 5641 3609 5710 timeo,nec
3641 5630 3821 5692 homi-
