3980 6174
273 358 369 419 697
1444 351 1634 412 "Oli-ll
1650 350 1796 411 ῘᾸᾹΞ
1838 353 1845 410 Ἰ

2044 351 2381 414 ΕΜΡΟΠΕ.
3499 358 3616 424 698

273 517 295 546 κ
321 508 431 549 nem
462 490 923 550 revereor,tamen
957 487 1094 558 quia
1126 485 1372 543 molesta
1399 493 1488 543 est
1534 488 1655 544 hinc
1693 487 1866 544 vidua
1895 486 1942 552 A
1978 485 2070 541 Dei
2123 486 2368 542 habeam
2403 487 2450 554 (1
2475 491 2599 544 Cor.
2631 488 2750 560 vn).
2789 512 2817 537 »
2869 487 2977 556 Qui
3036 487 3178 546 dicit
3233 495 3396 564 puto,
3443 493 3619 550 dubi-

266 607 289 633 «
320 581 464 644 mihi,
494 577 784 632 vindicabo
815 575 998 643 illam,
1051 593 1121 631 ne
1163 577 1220 632 in
1254 577 1572 634 novissimo
1601 580 1858 645 veniens,
1973 581 2093 632 tare
2123 577 2477 644 videtur,scd
2508 577 2603 633 ille
2635 578 2992 650 increpabat,
3025 597 3139 636 non
3172 582 3499 639 dubitabat.
3536 577 3620 640 ita

264 698 288 724 κ
307 669 552 742 suggillet
579 682 687 722 me.
709 687 735 715 ι»
770 665 1081 721 Parabolas
1104 667 1389 721 Dominus
1413 672 1515 722 aut
1536 669 1858 724 secundum
1971 680 2108 737 ergo
2139 669 2194 721 et
2212 665 2496 721 Dominus
2520 668 2628 720 scit
2650 669 2888 739 quidem
2908 668 3127 735 omnia,
3153 687 3256 743 per
3275 687 3449 742 quem
3470 673 3622 728 facta

259 759 663 820 similitudinem
697 756 955 829 aliquam
991 757 1173 830 ponit,
1212 758 1366 813 sicut
1396 759 1468 813 de
1500 758 1734 814 homine
1761 758 1860 831 qui
1971 755 2344 821 suntomnia,
2367 760 2423 810 et
2447 760 2639 811 tamen
2663 757 2984 813 dubitando
3008 757 3275 830 increpat
3296 759 3620 817 inﬁdelium

257 851 477 908 habebat
503 849 643 902 duos
674 845 844 913 filios,
879 848 1158 917 majorem
1205 847 1263 901 in
1306 864 1444 920 agro
1477 846 1585 903 sibi
1620 848 1860 920 propin-
1971 847 2166 901 corda.

251 935 802 1028 quantam,minorem
1034 935 1093 990 in
1113 932 1431 1028 longinquo
1444 937 1858 1028 luxuriantem:
2495 971 2797 1027 HOMILIA
2837 972 3094 1028 CXXX”.

251 1034 334 1084 aut
361 1044 420 1082 ex
449 1026 570 1097 ipsa
589 1023 1078 1081 dissimilitudine
1095 1024 1314 1096 aliquid
1345 1026 1752 1096 probat,veluti
1774 1030 1863 1081 est
2327 1023 2574 1116 &_\BBA;6
2597 1023 3258 1124 Οξὸῆωῐ.

250 1118 404 1174 illud:
427 1140 454 1164 «
477 1114 632 1181 Quod
657 1114 702 1169 si
728 1113 924 1169 fenum
949 1113 1071 1184 agri
1101 1115 1255 1186 quod
1280 1113 1451 1169 hodie
1466 1119 1558 1170 est
1578 1119 1633 1170 et
1654 1132 1782 1170 cras
1799 1115 1858 1170 in

247 1206 508 1263 clibanum
534 1202 968 1270 mittitur,Deus
991 1203 1074 1257 sic
1100 1203 1288 1270 vestit,
1308 1207 1526 1276 quanto
1550 1205 1738 1278 magis
1759 1221 1860 1261 vos
2043 1205 2202 1275 (Luc.
2237 1205 2384 1272 xm.)
2415 1227 2443 1252 «
2479 1208 2541 1258 In
2575 1202 2672 1258 illo
2704 1208 2964 1276 tempore
2985 1204 3214 1260 dicebat
3243 1205 3416 1262 Jesus
3434 1206 3622 1262 turbis

246 1296 471 1352 minima:
514 1292 746 1348 fidei?»
798 1293 1109 1364 Matthxi.)
1161 1293 1357 1365 Itaque
1399 1292 1543 1347 illud
1585 1294 1859 1366 superius
1971 1316 2000 1343 ‹‹
2035 1292 2478 1348 similitudinem
2503 1293 2982 1348 hanc:Arborem
3001 1293 3094 1348 ﬁci
3117 1294 3367 1350 habebat
3384 1296 3620 1367 quidem

241 1402 399 1460 genus
429 1384 516 1438 his
546 1382 738 1438 verbis
767 1381 1008 1453 adjungi
1045 1386 1266 1452 potest:
1303 1382 1465 1438 Sicut
1491 1381 1658 1449 illud,
1694 1383 1774 1438 ita
1805 1387 1861 1438 et
1971 1405 2001 1432 ‹‹
2031 1383 2354 1457 plantatam
2385 1383 2446 1437 in
2477 1383 2646 1438 vinea
2675 1400 2800 1438 sua.
2829 1407 2855 1432 »
2898 1384 2968 1438 Et
3000 1383 3243 1456 reliqua.
3272 1384 3466 1440 Potest
3492 1386 3621 1456 qui-

240 1474 380 1530 illud.
435 1473 548 1527 Hoc
598 1474 793 1528 autem
842 1471 1135 1542 posterius
1184 1471 1276 1526 his
1313 1471 1543 1528 verbis:
1597 1471 1656 1527 Si
1690 1472 1856 1538 illud,
1969 1474 2100 1529 dem
2128 1473 2251 1527 haec
2280 1472 2453 1527 arbor
2482 1473 2571 1527 tici
2602 1473 2830 1544 generis
2851 1472 3098 1528 humani
3120 1473 3430 1546 designare
3452 1479 3621 1530 natu-

235 1566 426 1636 quanto
451 1561 643 1634 magis
676 1560 818 1616 illud
842 1562 868 1614 ‘?
899 1563 1006 1616 Aut
1031 1560 1078 1614 si
1108 1559 1272 1624 illud,
1305 1567 1524 1633 quanto
1555 1561 1753 1617 minus
1783 1562 1855 1617 il-
1968 1561 2458 1634 ramzpervineam
2475 1561 3619 1636 genushumanum,perﬁcumdoctores,

232 1653 314 1708 lud
335 1654 361 1706 ?
390 1651 495 1707 Sed
527 1649 668 1706 alibi
701 1651 966 1716 obscure,
1001 1649 1213 1704 alicubi
1245 1654 1440 1722 aperte
1470 1650 1584 1706 ista
1627 1669 1855 1724 ponun-
1967 1649 2084 1706 sive
2115 1651 2405 1723 principes
2439 1651 2618 1721 hujus
2649 1651 2875 1706 mundi.
2903 1653 3037 1717 Quae
3058 1651 3208 1707 bene
3230 1651 3491 1724 plantata
3507 1657 3617 1720 est,

228 1748 324 1796 tur.
349 1740 442 1796 Hic
459 1756 595 1811 ergo
614 1738 1073 1810 iniquusjudcx,
1100 1755 1212 1793 non
1229 1755 1295 1793 ex
1316 1738 1726 1808 similitudine,
1753 1742 1854 1796 sed
1966 1739 2074 1794 hoc
2103 1745 2191 1795 est
2222 1741 2292 1795 ad
2317 1740 2574 1796 auctoris
2594 1739 2683 1795 sui
2707 1738 3158 1796 similitudinem
3175 1745 3371 1796 creata
3393 1742 3618 1799 est.Sed

227 1846 283 1885 ex
329 1827 808 1885 dissimilitudine
855 1827 1156 1882 adhibitus
1203 1832 1309 1882 est.
1360 1829 1482 1883 Non
1536 1829 1692 1884 enim
1735 1830 1852 1886 ullo
1890 1860 1935 1926 Β
1967 1830 2204 1885 domino
2237 1847 2341 1902 per
2386 1829 2706 1886 triennium
2737 1829 2996 1884 fructum
3030 1829 3167 1886 dare
3201 1829 3449 1903 negavit,
3482 1829 3622 1903 quia

224 1919 376 1974 modo
423 1918 517 1973 ille
550 1918 814 1989 injustas
839 1917 1022 1988 judex
1054 1933 1361 1988 personam
1413 1918 1507 1973 Dei
1551 1918 1858 1990 allegorice
1892 1917 1931 1926 ”
1971 1924 2104 1974 ante
2137 1918 2345 1992 legem,
2378 1920 2488 1974 sub
2520 1919 2664 1992 lege,
2700 1919 2810 1974 sub
2841 1918 3029 1990 gratia
3059 1919 3295 1974 obedire
3330 1919 3617 1992 despexit.

222 2009 482 2074 tenet,sed
509 2011 710 2062 tamen
741 2010 1030 2078 quantum
1053 2006 1229 2071 Deus,
1253 2006 1351 2078 qui
1377 2007 1566 2063 bonus
1588 2013 1644 2063 et
1657 2011 1860 2080 justus
1968 2009 2184 2064 Verum
2216 2008 2263 2064 si
2297 2009 2367 2063 ad
2402 2008 2702 2080 superiora
2731 2007 3077 2080 respexeris,
3103 2008 3530 2064 animadvertes
3549 2009 3623 2064 si-

219 2103 313 2164 est,
344 2103 500 2153 curet
547 2097 931 2169 deprecantes
962 2111 1044 2160 se,
1077 2095 1215 2151 hinc
1255 2096 1524 2169 cognosci
1574 2097 1859 2154 Dominus
1969 2097 2234 2170 gniﬁcari
2268 2115 2369 2170 per
2394 2097 2622 2152 vineam
2657 2096 2884 2169 plebem
2916 2097 3276 2161 Judmorum,
3314 2112 3415 2168 per
3441 2098 3620 2154 ticum

217 2187 560 2260 voluit,quod
593 2203 705 2242 nec
738 2186 995 2256 injustus
1039 2184 1213 2240 homo
1243 2202 1341 2240 eos
1374 2185 1471 2258 qui
1506 2185 1669 2241 illum
1705 2187 1857 2242 assi-
1967 2186 2198 2242 Scri'bas
2228 2191 2286 2242 et
2338 2180 2694 2242 Pliarisaaos:
2729 2191 2788 2242 et
2837 2186 2885 2242 si
2940 2185 3290 2259 generaliter
3334 2185 3619 2255 omnium,

215 2279 333 2334 duis
363 2277 642 2350 precibus
675 2275 952 2341 tundunt,
969 2274 1056 2329 vel
1084 2277 1318 2346 propter
1337 2275 1575 2330 taedium
1599 2276 1856 2332 devitan-
1970 2276 2300 2348 specialiter
2347 2279 2538 2332 tamen
2569 2280 2880 2349 Synagoga
2919 2279 3126 2348 typum
3171 2279 3420 2347 portare.
3474 2277 3619 2332 Nam
3665 2310 3670 2314 -

213 2367 335 2421 dum
368 2370 577 2444 potest.
615 2368 1009 2420 contemnere.
1045 2363 1192 2418 Nam
1237 2363 1347 2418 hoc
1398 2368 1486 2419 est
1541 2367 1696 2436 quod
1737 2365 1854 2434 ait:
1969 2383 2103 2422 cum
2129 2364 2431 2438 praemissa
2462 2365 2561 2420 illa
2592 2364 2831 2419 terribili
2860 2364 3280 2435 tremendaque
3309 2365 3616 2420 sententia:

211 2477 236 2502 «
262 2453 335 2509 Ne
362 2453 604 2509 veniens
644 2451 920 2524 suggillet
949 2468 1061 2507 me.
1091 2474 1116 2500 ››
1153 2453 1285 2522 Ipsa
1316 2469 1450 2508 vero
1475 2452 1648 2510 vidua
1669 2459 1862 2526 potest
1970 2479 1998 2505 «
2029 2454 2087 2510 Si
2119 2471 2233 2511 non
2267 2454 2666 2526 pmnitentiam
2697 2453 2952 2525 egeritis,
2977 2470 3183 2509 omnes
3201 2453 3377 2509 simul
3408 2453 3620 2526 peribi-

208 2543 407 2598 habere
448 2540 911 2598 similitudinem
935 2539 1234 2608 Ecclesiaa,‘
1255 2558 1383 2612 quae
1415 2541 1674 2598 desolata
1701 2543 1859 2598 vide-
1967 2544 2044 2599 tis
2076 2545 2228 2616 (Luc.
2263 2543 2408 2614 xm),
2435 2565 2462 2591 »
2513 2559 2647 2597 mox
2675 2542 2748 2596 de
2794 2541 3110 2597 infecunda
3140 2543 3344 2598 arbore
3375 2544 3618 2615 parabo-

207 2636 308 2696 tur,
357 2631 541 2686 donec
586 2629 789 2685 veniat
819 2628 1121 2694 Dominus,
1157 2629 1256 2701 qui
1306 2633 1503 2686 tamen
1545 2630 1602 2685 in
1637 2635 1858 2688 secreto
1970 2633 2085 2689 lam
2108 2630 2806 2703 subjungit,apertissime
2821 2632 3035 2686 docens
3055 2647 3152 2686 eos
3179 2630 3396 2703 quibus
3415 2631 3619 2704 loque-

206 2719 364 2774 etiam
399 2735 609 2774 curam
647 2718 776 2788 ejus
806 2716 973 2790 gerit.
1969 2722 2160 2787 batur,
2192 2720 2380 2776 instar
2407 2720 2780 2775 infructuosa:
2813 2719 2980 2787 licus,
3013 2718 3062 2774 si
3095 2735 3210 2774 non
3249 2720 3612 2792 pmniterent,
3661 2729 3670 2739 '

269 2833 294 2854 α
317 2809 409 2862 Ait
436 2813 646 2864 autem
669 2807 955 2863 Dominus
980 2822 992 2860 :
1017 2805 1224 2862 Audite
1264 2806 1402 2878 quid
1414 2808 1596 2877 judex
1618 2807 1858 2882 iniquus
1966 2826 2094 2866 esse
2126 2809 2530 2866 succidendos.
2567 2831 2593 2857 ‹‹
2627 2807 2809 2862 Vinea
2837 2807 3069 2862 Domini
3111 2807 3356 2864 sabaoth
3385 2808 3616 2866 'domus

209 2922 226 2947 ι
252 2897 413 2953 dicit:
438 2899 602 2954 Deus
639 2902 834 2952 autem
868 2912 980 2950 non
1007 2895 1177 2951 faciet
1195 2895 1513 2952 vindictam
1538 2897 1855 2955 electorum
1969 2899 2144 2958 Israel
2177 2905 2286 2970 est,
2320 2920 2348 2947 ι)
2383 2903 2447 2953 ut
2475 2897 2636 2953 Isaia:
2667 2895 2896 2952 cantico
2926 2897 3205 2952 docemur
3234 2897 3357 2969 (ha.
3383 2898 3476 2967 v):
3519 2915 3612 2970 sy-

206 3011 229 3034 ‹‹
252 2987 926 3052 suorum,clamantium
953 2984 1023 3039 ad
1048 3000 1108 3040 se
1141 2985 1233 3040 die
1255 3002 1318 3039 ac
1343 2990 1527 3054 nocte,
1552 2991 1608 3042 et
1631 2988 1856 3059 patien-
1967 3006 2194 3064 nagoga
2223 2993 2417 3044 autem
2443 2988 2500 3042 in
2522 2987 2723 3042 eadem
2743 2986 2918 3041 domo
2941 2985 3193 3050 condita,
3221 2985 3314 3041 ﬁci
3331 2989 3425 3042 est
3442 2985 3616 3042 arbor

201 3077 387 3133 «tiam
419 3075 680 3132 habebit
710 3074 768 3129 in
801 3073 960 3128 illis?
1005 3073 1142 3130 Dico
1179 3074 1344 3130 vobis
1376 3075 1514 3146 quia
1544 3075 1656 3132 cito
1688 3077 1859 3133 laciet
1967 3079 2027 3133 in
2060 3077 2242 3133 vinea.
2277 3076 2390 3132 Sed
2419 3074 2519 3147 qui
2548 3073 2776 3130 vineam
2809 3089 2976 3130 suam
3010 3074 3278 3145 permisit
3307 3091 3341 3130 a
3381 3074 3613 3131 viatori-

201 3166 568 3222 «vindictam
604 3163 908 3220 illorum.»
930 3163 990 3218 Si
1015 3179 1187 3234 quem
1213 3167 1424 3228 movet,
1449 3181 1554 3219 cur
1571 3164 1737 3221 electi
1756 3166 1854 3223 Dei
1896 3233 1928 3238 _
1965 3167 2078 3224 bus
2109 3165 2403 3238 diripi,hic
2431 3163 2608 3218 etiam
2636 3164 2813 3218 ﬁcum
2847 3163 3029 3235 jussit
3057 3161 3260 3219 excidi.
3294 3186 3321 3212 ‹‹
3362 3165 3430 3219 Et
3457 3164 3616 3220 venit

195 3272 249 3311 se
275 3255 568 3312 vindicari
603 3254 1015 3327 deprecentur,
1034 3233 1206 3324 quod
1229 3252 1484 3308 etiamin
1511 3255 1853 3329 Apocalypsi
1887 3233 1932 3299 C
1967 3233 2243 3329 quaerens
2264 3256 2518 3310 fructum
2548 3253 2608 3308 in
2639 3251 2760 3318 illa,
2793 3233 2995 3308 eti'non
3028 3251 3265 3308 invenit.
3301 3274 3330 3302 »
3362 3253 3421 3308 ld
3454 3253 3608 3325 quod

193 3345 440 3401 Joannes
473 3346 549 3400 de
583 3341 950 3414 martyribus
981 3341 1144 3408 dicit,
1175 3357 1310 3397 cum
1343 3343 1710 3415 apertissime
1737 3360 1856 3401 mo-
1964 3344 2128 3417 sequi
2160 3358 2514 3417 synagogam
2548 3358 2651 3414 per
2680 3342 2918 3414 Moysen
2950 3341 3206 3396 instituit
3234 3341 3608 3407 Dominusdn

190 3450 446 3501 neamur,
478 3439 548 3489 ut
579 3449 696 3507 pro
721 3431 979 3486 inimicis
1009 3436 1064 3486 et
1095 3432 1565 3503 persecutoribus
1596 3450 1852 3502 oremus,
1963 3450 2134 3490 carne
2155 3437 2328 3488 natus
2345 3431 2591 3504 aperuit,
2615 3434 2672 3487 et
2692 3430 2952 3486 crebrius
2973 3429 3033 3484 in
3055 3445 3353 3502 synagoga
3371 3430 3609 3493 docens,

191 3519 652 3596 intelligendum
685 3523 774 3574 est
804 3535 931 3574 eam
955 3517 1274 3573 vindictam
1306 3535 1432 3575 esse
1446 3521 1766 3591 justorum,
1791 3527 1856 3577 ut
1964 3524 2217 3579 fructum
2251 3520 2384 3576 fidei
2416 3519 2702 3592 quaesivit,
2735 3518 2837 3574 sed
2867 3518 2927 3573 in
2962 3517 3384 3574 Pharisaeorum
3415 3521 3611 3575 mente

185 3625 381 3666 omnes
413 3609 563 3665 mali
600 3610 868 3681 pereant.
901 3607 1151 3662 Pereunt
1175 3612 1370 3663 autem
1394 3609 1622 3665 duobus
1639 3610 1850 3678 modis,
1962 3629 2078 3668 non
2110 3611 2346 3667 invenit.

184 3704 277 3754 aut
295 3699 697 3756 conversione
720 3697 791 3752 ad
806 3695 1122 3768 justitiam,
1148 3701 1249 3752 aut
1271 3697 1489 3753 amissa
1507 3715 1610 3770 per
1627 3700 1851 3772 suppli-
2035 3726 2062 3750 ‹‹
2097 3700 2250 3757 Dixit
2282 3702 2477 3755 autem
2511 3699 2579 3753 ad
2613 3697 2893 3754 cultorem
2913 3696 3094 3752 vinea:
3120 3713 3132 3750 :
3158 3697 3302 3752 Ecce
3324 3697 3462 3752 anni
3489 3701 3609 3752 tres

181 3787 327 3844 cium
381 3791 715 3862 potestate,
749 3802 864 3858 qua
894 3801 1052 3840 nunc
1082 3786 1359 3841 adversus
1410 3787 1617 3858 bonos,
1666 3805 1852 3860 quan-
1963 3813 1991 3840 ‹‹
2021 3795 2179 3855 sunt,
2212 3807 2280 3845 ex
2313 3804 2430 3860 quo
2461 3786 2626 3844 venio
2657 3801 2924 3859 quaerens
2954 3786 3213 3842 fructum
3253 3785 3312 3840 in
3363 3783 3612 3841 ficulnea

181 3876 270 3931 diu
290 3878 405 3934 hoc
428 3878 652 3950 ipsum
669 3872 1194 3946 bonisexpedit,vel
1217 3874 1617 3946 temporaliter
1629 3875 1852 3950 aliquid
1963 3902 1990 3929 «
2017 3878 2143 3945 hac,
2168 3883 2223 3934 et
2255 3894 2369 3933 non
2388 3877 2684 3932 invenio.»
2709 3875 2815 3932 Per
2829 3875 3112 3931 cultorem
3130 3873 3307 3930 vinem
3325 3874 3611 3947 apostolo-

179 3965 382 4022 valent.
420 3967 601 4033 Quod
641 3964 699 4018 in
733 3963 908 4018 finem
951 3962 1096 4034 justi
1139 3963 1446 4018 convenire
1494 3964 1848 4034 desiderant,
1962 3965 3320 4037 rumdoctorumqueordoexprimitur,quorum
3339 3964 3609 4036 precibus

176 4055 441 4126 quamvis
465 4071 582 4129 pro
608 4051 869 4108 inimicis
889 4051 1014 4107 suis
1030 4056 1216 4122 orent,
1231 4055 1426 4108 tamen
1449 4069 1566 4107 non
1599 4054 1853 4112 absurde
1961 4073 2026 4112 ac
2063 4053 2300 4111 monitis
2344 4053 2582 4110 assidua
2621 4051 2774 4124 plebi
2805 4053 2902 4109 Dei
2933 4069 3077 4107 cura
3107 4053 3457 4125 suggeritur.
3512 4052 3609 4107 His

174 4143 492 4200 vindictam
516 4141 865 4198 desiderare
882 4139 1176 4195 dicuntur.
1199 4164 1224 4189 ‹‹
1248 4141 1654 4198 Verumtamen
1669 4143 1850 4201 Filius
1959 4140 2798 4213 etenimDominusseepissime
2811 4141 2881 4195 de
2897 4140 3603 4203 infructuosaJudzeorum

172 4233 427 4291 hominis
461 4233 744 4296 veniens,
781 4233 972 4303 putas,
1017 4227 1270 4285 inveniet
1299 4230 1473 4285 fidem
1508 4231 1564 4286 in
1597 4235 1750 4287 terra
1770 4234 1798 4287 ?
1821 4258 1847 4283 ››
1958 4238 2128 4307 gente
2159 4230 2699 4304 querebatur,un
2727 4245 2830 4301 per
2847 4234 2968 4284 tres
2989 4245 3172 4284 annos
3195 4245 3311 4284 suis
3332 4228 3607 4284 visitatio-

171 4321 446 4384 Quamvis
481 4320 875 4392 omnipotens
895 4318 1172 4374 Conditor
1203 4335 1436 4391 semper
1475 4320 1688 4377 electos
1709 4339 1847 4378 suos
1960 4322 2072 4390 nis,
2109 4321 2215 4377 hoc
2236 4323 2324 4376 est
2345 4319 2402 4374 in
2422 4316 2710 4390 legalibus
2731 4317 2958 4387 edictis,
2983 4317 3041 4372 in
3080 4315 3436 4389 propheticis
3473 4332 3606 4371 con-

165 4411 230 4466 ad
253 4430 314 4468 se
346 4411 706 4467 clamantes
726 4407 802 4464 sit
829 4407 1126 4463 vindicare
1157 4411 1417 4480 paratus,
1437 4409 1495 4463 in
1528 4409 1619 4466 die
1649 4413 1846 4467 tamen
1957 4409 2386 4474 testationibus,
2421 4409 2480 4461 in
2523 4407 2654 4479 ipsa
2684 4405 3044 4462 coruscantis
3093 4403 3386 4477 Evangelii
3420 4403 3605 4477 gratia

158 4500 362 4570 judicii
397 4499 601 4573 (quod
637 4496 909 4553 trementi
950 4500 1038 4552 est
1085 4497 1255 4552 corde
1289 4496 1678 4571 retinendum)
1712 4517 1844 4556 cum
1957 4499 2258 4574 negligens
2288 4495 2591 4553 exstiterit.

161 4589 310 4646 idem
327 4588 642 4647 Conditor
662 4584 722 4641 in
741 4584 1042 4642 formam-ii
1065 4583 1322 4642 hominis
1345 4589 1848 4659 apparebit,tanta
1879 4602 1924 4666 D
2027 4613 2053 4639 «
2086 4587 2326 4643 Succide
2343 4599 2480 4658 ergo
2507 4584 2690 4650 illam,
2726 4587 2789 4639 ut
2809 4581 2949 4655 quid
2981 4583 3396 4639 etiam-terram
3426 4599 3601 4640 occu-

160 4679 264 4734 erit
293 4679 525 4735 raritas
561 4676 909 4742 electorum,
943 4678 1008 4730 ut
1037 4689 1150 4729 non
1183 4679 1304 4730 tam
1337 4675 1408 4730 ob
1440 4675 1753 4733 clamorem
1779 4679 1844 4734 ἢ·
1955 4703 1982 4727 «
2021 4683 2118 4751 pat
2139 4678 2166 4731 ?
2193 4700 2218 4725 ››
2250 4676 2374 4732 Non
2407 4675 2479 4731 ab
2511 4671 2812 4746 apostolis,
2838 4673 2938 4728 sed
2962 4689 2996 4729 a
3025 4671 3304 4728 Romanis
3333 4689 3474 4745 gens
3503 4673 3603 4729 Ju.

156 4766 378 4824 delium
405 4768 652 4840 injuste
674 4765 1084 4820 damnatorum
1119 4762 1299 4820 totius
1333 4764 1461 4836 jam
1512 4768 1715 4823 mundi
1767 4768 1843 4824 sit
1951 4768 2074 4823 daza
2104 4765 2418 4832 succisa,et
2440 4781 2473 4819 a
2501 4767 2655 4819 terra
2675 4761 3145 4834 repromissionis
3166 4761 3348 4832 ejecta
3369 4762 3599 4818 est.Sed

156 4853 953 4917 aceelerandaruina.Quod
973 4857 1165 4908 autem
1184 4852 1468 4910 Dominus
1491 4855 1844 4926 quasiduhi-
1950 4855 2205 4922 succida,
2240 4852 2449 4925 inquit,
2483 4851 2667 4919 illam,
2700 4851 2757 4906 id
2787 4855 2876 4906 est
2919 4847 3266 4906 succisionis
3305 4850 3359 4906 ei
3391 4849 3597 4906 futuras

151 4947 325 5003 tative
359 4945 524 5002 dicit
552 4963 566 5000 :
606 4967 632 4994 «
670 4943 844 4998 Putas
871 4941 1125 4997 inveniet
1155 4943 1327 4997 ﬁdem
1361 4943 1418 4998 in
1462 4947 1634 5012 terra,
1662 4968 1690 4994 »
1724 4964 1838 5003 non
1950 4944 2196 5011 cladem,
2231 4941 2632 5016 penitentiam
2663 4940 2982 5006 suadendo,
3016 4954 3292 5011 propone.
3337 4940 3473 5004 Quae
3496 4939 3597 5011 ju-

151 5035 410 5103 dubitat,
451 5033 570 5090 sed
610 5031 822 5105 arguit.
871 5031 1059 5086 Verbo
1090 5030 1305 5104 quippe
1337 5032 1718 5090 dubitationis
1750 5034 1838 5090 in-
1949 5038 2038 5089 sto
2063 5031 2286 5104 judicio
2317 5037 2535 5087 terram
2567 5046 2700 5085 cum
2744 5044 2923 5101 regno
2967 5027 3238 5100 perdidit,
3274 5044 3378 5100 pro
3425 5031 3597 5102 cujus

146 5128 432 5197 crepatur
467 5119 948 5190 infidelitas,non
981 5119 1256 5192 opinatur
1282 5119 1574 5177 divinitas.
1609 5123 1753 5178 Nam
1784 5129 1840 5178 et
1949 5139 2145 5178 amore
2176 5121 2302 5177 οωιί
2333 5120 2485 5176 cives
2525 5117 2793 5190 persequi
2843 5116 3157 5189 ipsumque
3186 5116 3315 5172 θα)Ιί
3344 5122 3403 5174 et
3430 5122 3595 5174 terra:

146 5229 252 5268 nos
285 5211 645 5284 aliquando
681 5210 750 5266 de
782 5209 978 5276 rebus,
1013 5226 1160 5281 quas
1191 5212 1378 5265 certas
1408 5210 1715 5278 habemus,
1751 5213 1836 5267 in-
1947 5227 2142 5284 regem
2172 5209 2431 5265 occidere
2461 5224 2574 5262 non
2601 5205 2824 5274 metuit,
2850 5206 3052 5261 dicens
3073 5222 3176 5278 per
3196 5221 3335 5262 suos
3363 5208 3594 5279 pontifi-

141 5301 449 5375 crepavive
479 5299 741 5355 verbum
768 5298 1148 5354 dubitationis
1178 5299 1474 5370 ponimus,
1505 5315 1638 5353 cum
1666 5301 1838 5357 corde
1947 5317 2041 5356 ces
2072 5304 2128 5355 et
2159 5297 2512 5354 Pharisaeos:
2552 5318 2577 5346 α
2610 5295 2668 5350 Si
2700 5295 3056 5351 dimittimus
3086 5312 3220 5351 eum
3254 5295 3358 5361 sic,
3389 5313 3594 5352 omnes

137 5407 254 5444 non
292 5390 675 5446 dubitemus
698 5385 902 5444 :‘velut
923 5387 968 5441 si
992 5386 1314 5459 indigneris
1336 5403 1498 5443 servo
1516 5393 1639 5458 tuo,
1663 5395 1727 5444 ut
1748 5390 1834 5444 di-
1946 5389 2182 5445 credent
2212 5388 2269 5440 in
2302 5401 2453 5440 eum.
2485 5386 2553 5439 Et
2583 5384 2812 5440 venient
2835 5384 3077 5440 Romani
3101 5389 3160 5440 et
3179 5384 3380 5440 tollent
3399 5385 3590 5440 locum

133 5495 275 5536 cas:
313 5477 693 5536 Contemnis
745 5479 884 5532 me?
913 5475 1234 5543 considera,
1284 5475 1524 5531 forsitan
1558 5477 1835 5536 dominus
1947 5482 2210 5533 nostrum
2259 5479 2314 5530 et
2362 5478 2592 5546 gentem
2624 5476 2801 5542 (Joan.
2835 5473 2933 5546 x1).
2967 5497 2995 5525 ››
3032 5474 3226 5530 Potest
3272 5474 3446 5529 etiam
3490 5488 3592 5543 per

133 5573 278 5625 tuus
312 5585 491 5624 sum.
533 5566 617 5620 Et
645 5565 952 5638 Apostolus
987 5565 1057 5621 ad
1091 5565 1376 5637 quosdam
1406 5569 1834 5640 contemptores
1942 5573 2154 5624 terram
2179 5563 2360 5621 sterili
2395 5564 2505 5618 ficu
2539 5563 3170 5636 occupatam,Judaicas
3201 5562 3387 5635 plebis
3419 5559 3587 5614 turba

133 5673 276 5714 suos
305 5675 319 5713 :
351 5679 381 5706 α
412 5657 586 5712 Puto
613 5660 826 5722 autem,
845 5677 869 5703 η
895 5653 1106 5725 inquit,
1139 5655 1329 5724 «quod
1355 5658 1411 5710 et
1433 5671 1536 5726 ego
1560 5656 1832 5728 spiritum
1943 5654 2202 5730 ﬁgurari,
2235 5670 2360 5725 quis
2385 5651 2553 5710 noxia
2575 5653 3014 5725 praepositorum
3043 5651 3270 5718 umbra,
3295 5665 3366 5705 ne
3386 5645 3582 5704 veritu-
