4060 6178
404 361 524 428 899

972 354 1375 420 HAYMONIS
1421 347 1958 414 HALBEBSTAT.
2005 341 2251 410 EPISC.
2298 349 2472 413 OPP.
2517 350 2718 415 PARS
2764 349 2840 415 II.
2868 385 2947 400 —
2975 349 3244 416 HOMIL.

3666 357 3773 423 700’

404 502 484 562 tis
514 500 714 559 lumen
745 498 1000 574 recipere
1032 494 1239 570 possit,
1273 497 1359 549 est.
1389 492 1700 565 depressa:
1732 494 1791 548 et
1832 507 1905 547 ne
1947 506 2047 547 su-
2078 477 2136 547 Α
2162 489 2398 564 phetam
2426 510 2438 550 :
2480 514 2507 547 ιι
2527 489 2581 549 Si
2608 490 2910 550 volueritis
2939 496 2996 549 et
3026 489 3327 549 audieritis
3364 509 3474 563 me,
3503 491 3645 552 bona
3669 503 3765 555 ter-

406 609 600 666 pernaa
629 588 960 647 dilectionis
988 587 1110 643 sole
1125 585 1430 649 caleﬁeret,
1455 581 1716 655 exemplo
1737 586 1826 639 est
1854 598 2054 638 eorum

406 681 710 756 pravitatis
722 679 1191 753 impedita,juxta
1211 676 1363 747 quod
1377 673 1595 729 eisdem
1612 671 1748 728 alibi
1762 671 2053 729 Salvator:

407 794 436 822 «
466 771 585 838 Via,
612 792 639 821 »
686 770 898 841 inquit,
933 790 961 817 «
988 766 1171 831 vobis,
1217 764 1430 820 801'le
1483 766 1541 818 et
1570 761 1842 817 Pharisaei
1875 761 2054 834 hypo-

407 860 586 929 critre,
621 861 718 933 qui
745 857 1048 915 claudistis
1070 871 1314 927 regnum
1334 851 1609 909 ccelorum
1631 854 1763 906 ante
1783 850 2053 905 homines

405 949 522 1006 Vos
547 950 703 1006 enim
734 966 850 1004 non
880 945 1131 1012 intratis,
1180 960 1285 998 nec
1318 943 1677 997 introeuntes
1723 940 1916 995 sinitis
1964 940 2049 995 in-

406 1043 559 1095 trare
589 1037 796 1111 (Matth.
830 1035 1003 1104 xvm).
1041 1058 1069 1084 »

478 1152 506 1177 «
539 1130 610 1183 At
643 1127 736 1182 ille
766 1125 1146 1197 respondens,
1187 1122 1330 1177 dixit
1351 1121 1430 1177 illi
1458 1139 1470 1177 :
1506 1120 1770 1185 Domine,
1825 1118 2051 1175 dimitte
2088 1166 2095 1171 .

404 1211 623 1273 «illam
641 1219 697 1270 et
716 1215 826 1270 hoc
847 1213 1214 1286 anno,usque
1236 1213 1378 1267 dum
1403 1210 1618 1266 fodiam
1641 1208 1793 1265 circa
1812 1208 1993 1264 illam.
2020 1231 2049 1259 ››

401 1306 522 1361 Vox
543 1303 936 1375 apostolorum
960 1301 1175 1374 est.qui
1194 1305 1322 1373 post
1338 1299 1673 1373 passionem
1692 1297 1921 1354 Domini
1947 1315 2049 1371 pro

400 1392 618 1450 Judmis
632 1400 1003 1463 Summopere
1017 1391 1420 1456 precabantur,
1441 1405 1514 1444 ne
1534 1390 1756 1459 absque
1772 1387 2052 1460 paeniten-

401 1482 483 1539 tia
510 1482 823 1539 Dominiczs
854 1481 1047 1537 crucis
1075 1479 1357 1535 ultionem
1388 1481 1761 1551 paterentur:
1790 1501 1819 1527 «
1855 1476 2050 1549 Usque

400 1572 540 1627 dum
566 1571 802 1632 forﬁam,
827 1592 856 1621 »
879 1569 1091 1641 inquit,
1121 1593 1150 1619 «
1173 1569 1327 1625 circa
1348 1567 1534 1637 illam,
1551 1590 1578 1616 ››
1601 1567 1657 1622 id
1681 1569 1770 1622 est
1791 1567 2047 1622 radicem

398 1660 779 1717 infructuose
806 1659 1020 1715 mentis
1049 1658 1244 1728 ligone
1268 1656 1362 1713 bis
1389 1660 1571 1713 acutae
1594 1656 1924 1712 infectionis
1944 1655 2049 1711 hu«

399 1748 617 1807 miliem
628 1747 1023 1822 ,praasentium
1036 1746 1303 1802 videlicet
1319 1761 1725 1817 pressurarum
1745 1744 2047 1800 horrorem

397 1840 455 1893 et
485 1842 777 1910 perpetua
807 1835 1202 1893 damnationis
1230 1834 1549 1890 incutiens.
1581 1832 1785 1889 Omnis
1834 1831 2048 1906 quippe
2077 1853 2125 1919 Β

397 1926 556 1983 fossa
584 1926 643 1981 in
674 1927 794 1982 imo
825 1929 933 1987 est,
965 1928 1023 1981 et
1052 1923 1331 1980 nimirum
1356 1922 1694 1994 increpatio,
1717 1923 1859 1977 dum
1883 1939 2047 1977 men-

397 2019 515 2072 tem
549 2015 661 2071 sibi
712 2016 1094 2081 demonstrat,
1148 2012 1441 2069 humiliat.
1476 2036 1503 2062 «
1538 2012 1610 2067 Et
1640 2011 1868 2068 mittam
1902 2016 2046 2067 ster-

396 2120 551 2159 cora.
571 2125 601 2155 »
634 2105 695 2159 Id
720 2107 811 2159 est
830 2102 1120 2159 malorum
1144 2118 1271 2174 quae
1293 2100 1428 2157 fecit
1455 2100 1947 2157 abominationem
1973 2101 2044 2157 ad

398 2193 664 2248 animum
695 2194 992 2257 reducam,
1026 2197 1091 2247 ut
1111 2190 1581 2262 compunctionis
1603 2190 1853 2263 gratiam
1876 2191 2043 2262 quasi

395 2282 468 2338 de
496 2281 805 2354 putredine
830 2279 1105 2356 stercoris
1139 2279 1436 2336 suscitem.

468 2395 495 2421 ‹‹
527 2372 597 2427 Et
618 2370 907 2444 siquidem
932 2369 1129 2425 fecerit
1146 2370 1424 2435 fructum,
1447 2368 1536 2425 sin
1562 2372 1778 2435 autem,
1804 2368 1861 2423 in
1887 2367 2044 2423 futu-

395 2482 425 2508 «
458 2476 588 2515 rum
617 2459 885 2516 succides
911 2446 1062 2514 eam.
1087 2480 1115 2507 »
1149 2457 1295 2513 Cum
1316 2456 1560 2513 diceret:
1597 2478 1626 2508 ‹‹
1648 2457 1720 2512 Et
1751 2455 2041 2529 siquidem

393 2548 594 2605 fecerit
621 2548 897 2615 fructum,
924 2569 946 2595 ι
969 2563 1083 2603 non
1106 2545 1411 2617 subjunxit
1424 2543 1775 2617 aliquid,sed
1800 2562 2044 2617 suspen-

394 2636 480 2693 dit
509 2636 881 2693 sententiam.
915 2635 1058 2691 Cum
1090 2651 1225 2691 vero
1272 2634 1531 2701 adderet,
1584 2657 1612 2684 α
1636 2634 1729 2689 sin
1760 2639 1977 2700 autem,
2013 2654 2040 2683 η

394 2725 672 2781 continuo
699 2724 986 2796 iudicium
1028 2728 1285 2780 ventum
1313 2722 1710 2779 damnationis
1740 2723 2038 2791 annexuit,

2165 602 2307 642 rene
2361 586 2680 645 comedetis
2741 587 2866 660 (lsa.
2914 590 3035 655 1).»
3097 588 3219 653 Quo
3275 590 3471 643 contra
3519 589 3768 648 membris

2163 674 2432 732 Ecclesiae
2455 676 2600 733 dicit
2619 676 2962 749 Apostolus:
2980 700 3007 727 «
3026 676 3160 741 Quae
3183 693 3415 732 sursum
3439 682 3571 733 sunt
3589 680 3766 751 sapite,

2164 782 2280 821 non
2312 782 2440 837 qua;
2471 781 2648 838 super
2676 770 2891 822 terram
2925 766 3057 839 (Col.
3094 766 3195 839 ιιι).
3228 788 3254 815 ››

2234 878 2262 903 ‹‹
2296 855 2478 919 Quam
2511 872 2646 911 cum
2670 855 2913 911 vidisset
2956 855 3148 920 Jesus,
3180 854 3405 911 vocavit
3446 872 3569 912 eam
3605 859 3667 914 ad
3696 876 3767 925 se,

2165 965 2194 994 «
2224 949 2281 999 et
2304 944 2387 1000 ait
2416 943 2500 1000 illi
2525 962 2538 999 :
2568 944 2795 1011 Mulier,
2828 944 3075 1001 dimissa
3104 961 3169 1000 es
3212 944 3285 1000 ab
3316 944 3642 1002 inﬁrmitate
3666 952 3767 1004 tua.

2162 1056 2192 1083 «
2224 1034 2292 1089 Et
2320 1034 2603 1106 imposuit
2630 1032 2713 1089 illi
2745 1050 2978 1102 manus,
3004 1038 3064 1089 et
3091 1032 3397 1093 confestim
3424 1038 3607 1090 erecta
3623 1042 3772 1102 est,et

2162 1146 2191 1171 «
2223 1122 2589 1195 glorificabat
2609 1124 2813 1180 Deum.
2837 1145 2864 1172 »
2876 1122 3054 1191 Vidit,
3077 1122 3540 1194 pradestinando
3557 1141 3651 1196 per
3668 1142 3771 1199 gra-

2159 1211 2304 1267 tiam
2331 1229 2343 1267 :
2377 1211 2621 1275 vocavit,
2653 1210 3003 1268 illustrando
3033 1227 3135 1282 per
3148 1210 3505 1266 doctrinam:
3524 1208 3771 1284 imposuit

2161 1316 2395 1369 manus,
2417 1299 2781 1373 spiritalibus
2801 1298 2974 1355 donis
2994 1298 3351 1371 adiuvando:
3380 1299 3559 1359 erexit
3585 1300 3650 1356 ad
3666 1302 3770 1372 glo-

2159 1388 2505 1445 riﬁcandum
2529 1389 2713 1445 Deum
2736 1388 2794 1443 in
2816 1387 3093 1461 operibus
3118 1387 3308 1451 bonis,
3330 1405 3516 1461 usque
3535 1389 3601 1444 ad
3624 1389 3771 1445 ﬁdem

2158 1479 2405 1534 ﬁrmam-
2421 1478 2810 1550 provehendo.
2848 1499 2877 1527 ‹‹
2894 1478 3070 1542 Quos,
3096 1500 3125 1527 ››
3148 1477 3363 1549 inquit,
3387 1500 3415 1527 «
3439 1478 3775 1549 praedestina-

2156 1566 2258 1627 vit.
2290 1567 2397 1622 hos
2427 1571 2484 1623 et
2510 1567 2753 1624 vocavit.
2788 1583 2937 1638 quos
2967 1570 3164 1622 autem
3196 1567 3440 1630 vocavit,
3470 1565 3597 1622 illos
3622 1571 3675 1623 et
3689 1568 3769 1638 ju-

2158 1655 2464 1713 stificavit:
2500 1672 2648 1727 quos
2676 1660 2873 1711 autem
2897 1655 3263 1728 justiﬁcavit,
3297 1654 3433 1712 illos
3474 1660 3532 1712 et
3577 1654 3772 1729 magni-

2158 1746 2352 1801 ﬁcavit
2380 1747 2551 1812 (Rom.
2583 1749 2729 1813 vm).
2767 1767 2794 1794 ››

2229 1856 2256 1884 ‹‹
2292 1834 2671 1906 Respondeas
2713 1837 2909 1893 autem
2941 1833 3445 1908 archisynagogus
3492 1835 3773 1908 indignans

2161 1944 2189 1973 ‹‹
2219 1923 2361 1995 quia
2390 1924 2634 1980 sabbato
2666 1927 2935 1980 curasset
2955 1922 3150 1990 Jesus,
3182 1922 3423 1981 dicebat
3447 1925 3656 1979 turbas:
3684 1924 3773 1980 Sex

2157 2036 2185 2061 ‹‹
2214 2011 2337 2068 dies
2359 2016 2518 2079 sunt,
2549 2012 2610 2066 in
2643 2011 2859 2084 quibus
2890 2016 3116 2084 oportet
3142 2012 3397 2083 operari.
3448 2015 3513 2068 In
3547 2011 3633 2067 bis
3659 2029 3773 2084 ergo

2156 2123 2184 2151 ‹‹
2216 2102 2406 2157 venite
2427 2105 2485 2156 et
2514 2099 2824 2169 curamini,
2848 2104 2908 2156 et
2935 2116 3053 2156 non
3073 2099 3134 2156 in
3155 2101 3249 2158 die
3270 2100 3525 2158 sabbati.
3545 2124 3572 2151 »
3587 2101 3776 2158 Sabbu-

2155 2192 2215 2246 to
2246 2190 2469 2246 curavit
2496 2189 2689 2258 Jesus,
2713 2190 3166 2259 ostendensjam
3194 2206 3327 2247 esse
3352 2194 3604 2262 tempus,
3624 2194 3684 2245 ut
3706 2207 3775 2244 se.

2155 2279 2415 2334 cundum
2460 2276 2824 2351 prophetiam
2858 2278 3080 2334 Cantici
3111 2279 3477 2334 canticorum
3524 2279 3777 2353 aspiraret

2153 2367 2297 2434 dies,
2321 2372 2380 2424 et
2409 2369 2846 2423 removerentur
2875 2367 3098 2439 umbra
3119 2368 3300 2439 (Cant.
3323 2368 3414 2438 ιι).
3446 2369 3554 2424 Sed
3582 2367 3775 2425 nescie-

2151 2456 2253 2511 bat
2274 2456 2886 2529 archisynagogus,vel
2907 2456 3019 2512 hoc
3039 2456 3125 2512 vel
3149 2455 3292 2514 illud
3317 2456 3508 2514 multo
3530 2443 3777 2517 excellen-

2150 2544 2270 2600 tius
2294 2548 2751 2611 sacramentum,
2775 2545 2929 2617 quod
2961 2545 3205 2602 sabbato
3235 2547 3503 2603 curando
3523 2545 3775 2603 Dominus

2152 2633 2632 2705 intimabat,quia
2654 2632 2876 2689 scilicet
2888 2638 3021 2706 post
3044 2651 3143 2690 sex
3154 2634 3351 2703 saeculi
3379 2635 3556 2707 hujus
3583 2638 3772 2696 aetates.

2150 2727 2430 2795 perpetua
2448 2721 2576 2777 vita)
2593 2721 2946 2778 immortalis
2965 2726 3091 2778 erat
3108 2723 3321 2796 gaudia
3340 2724 3612 2789 daturus,
3628 2724 3679 2779 in
3699 2739 3776 2778 cu-

393 2814 630 2870 dicens:
665 2813 779 2870 «in
807 2814 1073 2870 futurum
1095 2812 1360 2869 succides
1379 2828 1529 2867 eam.
1558 2834 1586 2861 »
1607 2811 1753 2876 Quia
1774 2811 2041 2868 videlicet
2141 2812 2245 2883 jus
2276 2812 2465 2884 ﬁgura
2486 2811 2714 2884 Moyses
2743 2812 2987 2869 sabbato
3009 2828 3123 2868 non
3144 2829 3182 2870 a
3209 2813 3503 2881 bono,sed
3525 2829 3559 2873 a
3587 2798 3774 2871 servili.

392 2902 647 2958 multum
670 2900 1069 2972 procliviorem
1091 2899 1163 2955 ad
1186 2900 1543 2973 negandum,
1566 2916 1742 2971 quam
1767 2900 1838 2956 ad
1862 2901 2041 2956 confi-

390 2991 633 3046 tendum
666 2988 952 3045 Dominus
969 2990 1336 3062 Synagogam
1366 2987 1614 3045 videbat.
1641 2988 1807 3044 Unde
1825 2992 1882 3045 et
1902 2989 2039 3045 alibi

391 3079 569 3135 rebus
588 3078 855 3134 eamdem
888 3078 1345 3154 ﬁguram,quam
1367 3075 1464 3133 hic
1490 3077 1683 3132 verbis
1712 3094 1915 3149 agens,
1951 3077 2038 3132 in-

393 3167 699 3223 fecundam
741 3167 919 3223 ﬂcum
977 3170 1201 3222 aeternae
1250 3164 1580 3222 sterilitatis
1631 3164 2041 3223 maledictione

392 3256 710 3321 damnavit,
766 3255 1081 3312 ostendens
1126 3253 1392 3310 videlicet
1436 3271 1587 3321 eam,
1632 3257 1691 3311 et
1720 3256 1768 3310 si
1819 3255 2041 3311 fodiant

390 3344 635 3418 apostoli
670 3343 1122 3417 corripiendo,et
1150 3343 1197 3399 si
1231 3348 1456 3400 stercus
1485 3343 1778 3400 advehant
1806 3348 2043 3416 peccata

390 3432 863 3507 improperando,
883 3430 1047 3489 nulla
1066 3436 1259 3488 tamen
1283 3431 1632 3506 poenitentia
1655 3432 1819 3503 fruge
1840 3449 2041 3488 cumu-

390 3519 650 3588 landam,
682 3520 786 3577 sed
805 3520 1068 3576 districts
1088 3520 1362 3591 bipennis
1376 3521 1677 3576 severitate
1697 3519 2035 3576 tollendam.

462 3631 492 3657 ‹‹
524 3609 661 3663 Erat
690 3611 882 3663 autem
916 3609 1131 3663 docens
1152 3608 1211 3662 in
1235 3624 1532 3680 synagoga
1552 3609 1887 3667 Judaaorum
1912 3609 2041 3663 sab-

394 3717 422 3746 ‹‹
453 3695 625 3752 batis.
661 3697 731 3751 Et
758 3711 890 3752 ecce
922 3694 1133 3751 mulier
1161 3712 1287 3767 quae
1315 3696 1569 3752 habebat
1588 3695 1861 3768 spiritum
1882 3697 2039 3752 inﬁr-

393 3805 421 3832 «
455 3782 677 3840 mitatis
706 3784 878 3840 annis
903 3785 1102 3840 decem
1133 3788 1192 3841 et
1219 3788 1364 3840 octo.
1398 3806 1426 3832 ››
1448 3782 1612 3839 Dicto
1634 3783 1705 3839 de
1737 3784 1849 3840 ficu
1875 3802 2038 3857 para-

390 3871 544 3939 bola,
578 3872 865 3928 Dominus
894 3872 953 3929 in
1003 3888 1301 3946 synagoga
1350 3871 1619 3929 docuisse
1649 3877 1940 3943 narratur,
1973 3878 2039 3931 ut

387 3958 657 4015 videlicet
685 3958 1011 4025 intimatur,
1034 3978 1150 4017 non
1171 3959 1286 4017 alio
1310 3960 1645 4032 parabolam
1668 3962 2034 4029 tendere,sed

389 4047 498 4104 hoc
526 4065 653 4105 esse
682 4049 937 4109 fructum
968 4048 1029 4104 in
1057 4048 1308 4107 ﬁculnea
1339 4066 1617 4122 quaerere,
1646 4054 1705 4106 et
1731 4067 1846 4106 non
1875 4050 2034 4107 inve-

386 4136 532 4203 nire,
576 4138 820 4193 verbum
863 4154 1171 4211 synagogas
1229 4137 1620 4203 commodare,
1675 4155 1781 4195 nec
1832 4140 2030 4212 recipi.

385 4226 569 4292 Quam
588 4228 787 4282 tamen
810 4243 882 4282 ne
910 4230 1093 4284 totam
1116 4226 1385 4284 funditus
1405 4227 1476 4282 ob
1505 4225 1739 4299 culpam
1761 4228 2033 4301 sterilita-

382 4314 459 4369 tis
488 4312 923 4387 exstirpandam
958 4320 1213 4387 putares,
1238 4316 1339 4372 sed
1372 4314 1650 4387 reliquias
1672 4332 1774 4387 per
1802 4315 2029 4373 electio-

382 4419 517 4459 nem
548 4405 749 4476 gratiae
780 4404 962 4460 scires
990 4421 1120 4460 esse
1151 4403 1481 4469 salvandas,
1515 4420 1650 4460 mox
1674 4403 1893 4467 ibidem
1926 4405 2028 4459 Ec-

382 4490 568 4546 clesia:
588 4491 893 4563 primitivse
916 4492 1142 4548 sanatio
1164 4491 1596 4549 subincurvatie
1612 4491 1877 4548 mulieris
1898 4510 2025 4565 spe-

382 4579 468 4634 cie
490 4579 890 4652 subsequitur.
922 4581 1057 4645 Quze
1088 4582 1233 4636 bene
1253 4582 1454 4637 decem
1483 4587 1543 4636 et
1570 4585 1699 4637 octo
1728 4580 1900 4637 annis
1922 4580 2029 4636 fuit
2061 4585 2108 4651 Ι)

379 4672 638 4733 curvata,
671 4669 773 4741 qui
802 4686 1086 4726 numerus
1113 4669 1368 4727 ternario
1398 4670 1585 4725 sexies
1605 4670 1780 4725 ducto
1803 4670 2029 4741 perfici-

381 4762 496 4824 tur,
531 4757 670 4829 quia
697 4757 966 4814 videlicet
995 4775 1125 4814 eam
1155 4758 1216 4815 in
1241 4758 1577 4815 testimonio
1605 4757 1770 4830 legis,
1804 4757 1864 4813 in
1892 4758 2035 4813 vati-

381 4845 532 4902 cinio
554 4847 955 4920 prophetiae,et
983 4847 1043 4902 in
1071 4847 1416 4904 revelatione
1436 4847 1632 4920 gratim
1664 4863 1768 4919 per
1795 4847 2032 4903 inﬁrma

380 4951 557 5006 opera
577 4935 854 5009 languere
875 4936 1151 4993 ostendit.
1176 4936 1455 4993 Senarius
1474 4936 1633 4993 enim
1657 4934 2028 5001 numerus,in

381 5039 496 5094 quo
529 5025 733 5083 mundi
767 5028 858 5081 est
886 5028 1153 5082 creatura
1169 5024 1444 5097 perfecta,
1467 5040 1708 5097 cperum
1732 5022 2028 5095 perfectio-

380 5126 514 5183 nem
545 5111 854 5183 signiﬁcat.
889 5114 1024 5169 Tria
1078 5130 1213 5170 vero
1261 5118 1420 5181 sunt,
1475 5117 1542 5168 ut
1570 5111 1710 5178 dixi,
1762 5117 2028 5184 tempora

379 5196 691 5253 Dominicze
713 5200 1144 5267 visitationis,in
1169 5203 1385 5275 quibus
1401 5201 1624 5268 Judaaa,
1650 5217 1776 5273 quis
1799 5204 2030 5256 terrena

379 5284 570 5357 magis
599 5303 777 5357 quam
808 5287 1066 5345 caelestia
1092 5297 1328 5348 noverat
1357 5290 1606 5364 operari,
1634 5288 1804 5362 quasi
1826 5288 2027 5345 decem

379 5377 437 5429 et
465 5377 594 5428 octo
623 5375 795 5430 anuis
825 5393 993 5432 asua:
1026 5379 1242 5435 mentis
1257 5383 1380 5435 erat
1401 5378 1747 5436 rectitudine
1767 5381 2024 5444 curvata,

384 5484 404 5511 α
441 5463 511 5517 Et
540 5466 664 5517 erat
710 5461 1031 5531 incurvata,
1080 5483 1186 5523 nec
1230 5468 1468 5523 omnino
1516 5471 1743 5541 poterat
1788 5482 2024 5523 sursum

379 5551 684 5622 respicere.
708 5574 734 5601 ι)
770 5553 914 5620 Quia
943 5558 1172 5611 terrena
1195 5555 1448 5626 sapiens,
1475 5557 1678 5613 inﬁma
1699 5555 2024 5628 requirens,

380 5639 635 5698 ccelestia
666 5641 919 5713 cogitare
949 5643 1210 5700 nomium
1244 5644 1482 5716 sciebat,
1512 5644 1755 5702 audiens
1776 5661 1877 5717 per
1898 5644 2027 5708 Pro:

2150 2899 2260 2959 hoc
2278 2905 2389 2967 est,
2413 2900 2586 2956 noxia
2605 2899 2865 2973 praecipit
2887 2899 3114 2957 actione
3134 2901 3496 2969 feriendum,
3524 2900 3663 2958 illud
3689 2900 3778 2955 uti~

2150 3005 2265 3060 que
2291 2992 2522 3061 tempus
2552 2989 2956 3061 prsetigurans,
2979 3005 3094 3062 quo
3120 2989 3435 3047 sacularia
3450 2994 3643 3048 nostra
3660 3005 3776 3060 ope-

2149 3094 2235 3141 ra,
2264 3095 2379 3133 non
2412 3081 2607 3134 autem
2650 3076 2942 3150 religiosa,
2992 3078 3103 3133 hoc
3140 3083 3231 3136 est
3283 3080 3472 3139 Deum
3530 3077 3775 3137 laudandi

2150 3171 2299 3233 acta,
2330 3170 2649 3223 cessarent.
2683 3164 2928 3224 Fallitur
2945 3182 3083 3241 ergo
3112 3171 3170 3223 et
3190 3167 3349 3224 fallit
3394 3168 3775 3242 arcbisynago-

2150 3270 2282 3327 gus,
2315 3254 2456 3327 quia
2483 3254 2658 3311 lexin
2689 3255 2933 3312 sabbato
2962 3272 3077 3312 non
3110 3255 3420 3315 hominem
3451 3272 3663 3323 curare,
3690 3255 3774 3311 sed

2151 3359 2327 3399 onera
2356 3343 2523 3411 ferre,
2546 3343 2656 3399 hoc
2687 3346 2776 3399 est
2805 3343 3056 3416 peccatis
3085 3345 3336 3417 gravari,
3366 3346 3680 3420 prohibuit.

2222 3453 2250 3481 ‹‹
2285 3430 2665 3503 Respondeas
2713 3435 2910 3488 autem
2967 3432 3039 3487 ad
3089 3431 3222 3489 illos
3270 3433 3581 3503 Dominus,
3609 3430 3769 3489 dixit:

2151 3540 2179 3567 «
2210 3517 2552 3591 Hypocritaa,
2575 3520 2985 3593 unusquisque
3002 3524 3263 3577 vestrum
3283 3523 3533 3579 sabbato
3549 3538 3657 3579 non
3680 3519 3773 3576 sol-

2148 3629 2177 3656 ‹‹
2211 3606 2292 3661 vit
2321 3607 2525 3662 bovem
2558 3624 2731 3663 suum
2763 3614 2868 3664 aut
2895 3608 3127 3667 asinum
3153 3626 3187 3665 a
3217 3612 3526 3684 praesepio,
3557 3614 3612 3667 et
3633 3607 3771 3665 ducit

2148 3718 2175 3745 «
2210 3696 2506 3767 adaquare
2529 3696 2557 3751 ?
2578 3717 2606 3745 »
2638 3696 3004 3753 lnﬁdelitatis
3026 3698 3267 3769 quidem
3286 3701 3489 3773 arguit
3508 3698 3771 3773 principes

2147 3783 2487 3856 Synagogze,
2518 3788 2575 3839 et
2605 3784 2813 3842 merito
2844 3784 3302 3858 hypocritarnm,
3337 3787 3398 3844 id
3430 3794 3523 3846 est
3549 3783 3771 3844 simula-

2146 3876 2339 3929 torum
2368 3872 2605 3929 nomine
2636 3876 2819 3940 notat,
2847 3891 3016 3947 quos,
3047 3892 3186 3932 cum
3230 3877 3503 3950 magistri
3540 3874 3769 3951 plebium

2145 3976 2275 4017 esse
2304 3965 2664 4034 appeterent,
2698 3961 2955 4019 hominis
2986 3964 3355 4023 sanationem
3390 3964 3614 4043 pecoris
3641 3978 3770 4019 cura

2144 4054 2493 4123 postponere
2522 4048 2784 4122 puderet.
2809 4051 2921 4106 Sed
2951 4051 3156 4110 altiore
3173 4070 3351 4119 sensu
3380 4055 3550 4130 bovis
3568 4058 3624 4112 et
3641 4050 3768 4109 asini

2141 4136 2716 4208 vocabulo,Judieum
2729 4139 3112 4213 Graecumque
3124 4141 3440 4217 signiﬁcat,
3454 4145 3529 4199 de
3543 4155 3770 4216 quorum

2141 4226 2441 4283 vocatione
2460 4225 2750 4299 scriptum
2771 4231 2888 4285 est:
2918 4250 2947 4279 ‹‹
2962 4227 3074 4285 Bos
3103 4231 3376 4309 cognovit
3396 4243 3768 4309 possessorem

2141 4331 2339 4381 suum,
2372 4318 2430 4370 et
2474 4315 2679 4372 asinus
2711 4332 2966 4390 praesepe
2996 4317 3220 4377 domini
3247 4306 3341 4374 sui
3369 4322 3499 4393 (Isa.
3525 4320 3568 4382 ι)
3589 4336 3602 4374 :
3626 4306 3764 4388 n'qui

2139 4407 2385 4475 uterque
2417 4402 2636 4476 peccati
2684 4403 2935 4465 vinculis
2964 4406 3243 4474 absoluti,
3274 4396 3438 4464 sitim
3470 4412 3770 4477 aestumque

2140 4491 2343 4547 mundi
2376 4490 2555 4563 hujus
2582 4490 2870 4549 Dominici
2900 4493 3080 4550 fontis
3110 4495 3327 4553 haustu
3344 4495 3641 4570 deposuit.

2210 4603 2237 4629 ‹‹
2275 4580 2434 4635 Hanc
2459 4584 2655 4636 autem
2684 4580 2867 4637 tiliam
2897 4582 3165 4652 Abrahae,
3198 4601 3379 4658 quam
3412 4584 3664 4659 alligavit
3688 4585 3771 4637 Sa-

2140 4692 2167 4719 «
2197 4672 2385 4735 tanas,
2414 4683 2544 4724 ecce
2564 4669 2766 4726 decem
2787 4675 2846 4726 et
2873 4675 3004 4727 octo
3026 4672 3219 4741 annis,
3241 4690 3357 4729 non
3390 4672 3647 4747 oportuit
3673 4668 3769 4726 sol-

2141 4778 2170 4805 ‹‹
2201 4756 2252 4811 vi
2287 4773 2321 4812 a
2348 4754 2580 4812 vinculo
2610 4757 2722 4815 isto
2752 4758 2845 4815 die
2875 4759 3152 4816 sabbati?
3182 4784 3209 4811 »
3254 4761 3402 4820 Filia
3431 4761 3665 4819 Abrahae
3692 4760 3770 4814 est

2138 4843 2338 4900 anima
2367 4861 2612 4918 quasque
2640 4846 2852 4904 ﬁdelis.
2880 4847 3025 4904 Filia
3053 4849 3297 4906 Abrahae
3318 4854 3410 4908 est
3428 4834 3766 4911 'Ecclesia,de

2138 4938 2388 5005 utroque
2419 4934 2634 5007 populo
2656 4934 2728 4990 ad
2750 4934 2886 4992 fidei
2909 4937 3191 4997 unitatem
3213 4937 3477 5011 collecta,
3501 4955 3624 5012 qua:
3643 4941 3767 4991 tem-

2135 5038 2273 5094 pore
2293 5020 2441 5094 legis
2472 5026 2529 5078 et
2566 5022 2876 5079 Dominicis
2920 5027 3362 5083 resurrectionis
3393 5016 3650 5101 impleto,
3677 5038 3767 5096 per

2135 5109 2380 5183 gratiam
2415 5109 2668 5182 Spiritus
2691 5113 2876 5168 sancti
2911 5114 3332 5188 septiformem,
3355 5133 3392 5172 a
3409 5114 3638 5172 vinculo
3661 5112 3765 5168 lon-

2137 5213 2221 5270 gae
2250 5198 2602 5271 captivitatis
2650 5202 2863 5275 erupit.
2895 5202 3039 5258 Nam
3069 5206 3127 5258 et
3169 5203 3279 5260 hoc
3311 5204 3485 5281 modo
3516 5205 3761 5281 fortasse,

2137 5287 2480 5359 mysterium
2514 5288 2741 5345 sabbati
2786 5289 2986 5347 decem
3016 5295 3074 5347 et
3102 5296 3229 5349 octo
3259 5278 3549 5350 annorum
3594 5278 3764 5365 potest

2136 5391 2252 5431 non
2284 5375 2754 5433 inconvenienter
2782 5378 3044 5453 intelligi.
3063 5379 3219 5437 Idem
3246 5385 3498 5454 estergo
3519 5377 3762 5452 mystice.

2136 5462 2338 5519 bovem
2373 5465 2461 5520 vel
2493 5465 2724 5521 asinum
2749 5466 2972 5524 solutos
2991 5484 3025 5523 a
3045 5468 3325 5541 praesepio
3345 5469 3418 5524 ad
3442 5473 3639 5540 potum
3660 5463 3760 5536 agi.

2135 5551 2289 5622 quod
2313 5554 2370 5606 et
2397 5551 2578 5608 ﬁliam
2609 5554 2850 5610 Abrahm
2873 5573 2907 5611 a
2930 5555 3160 5613 vinculo
3182 5557 3361 5614 noxiis
3385 5551 3761 5613 inclinationis

2135 5636 2307 5710 erigi:
2331 5638 2647 5697 Ecclesiam
2677 5640 2946 5701 videlicet
2960 5658 3029 5701 ex
3041 5644 3260 5703 Judaeis
3281 5650 3337 5704 et
3353 5634 3625 5723 gentibus
3640 5657 3760 5697 con-
