4060 6178
326 322 435 382 701

1564 328 1915 391 HOMILLE
1958 326 2059 391 DE
2103 329 2503 395 TEMPORE.

3612 341 3733 407 702

326 457 650 531 gregatam,
681 454 908 531 laquais
919 463 1290 533 peccatorum
1311 477 1414 536 per
1430 477 1643 535 aquam
1659 458 1972 535 baptisma—
1998 463 2054 531 Α
2084 460 2208 536 ipse
2236 463 2710 540 aitinEvangelio
2727 483 2740 524 :
2759 491 2786 519 ‹‹
2805 464 2985 534 Quicu
2995 485 3152 543 nque
3162 468 3359 528 fecerit
3371 471 3729 534 voluntatem

331 544 409 603 tis
436 545 678 615 absolvi,
712 552 887 621 atque
915 550 987 606 ad
1020 549 1277 608 ccelestia
1325 552 1613 624 speranda
1646 550 1972 608 sublimari.

332 634 663 695 Notandum
695 654 837 694 sane
868 639 1025 711 quod
1056 640 1482 697 nefandissima
1505 641 1765 709 heresis,
1813 657 1883 697 ex
1909 658 1976 697 eo

332 724 487 797 quod
520 724 809 783 Dominus
839 726 917 783 ait
949 729 1021 783 ad
1054 724 1419 803 alligatam’a
1450 730 1683 798 Satana,
1735 733 1979 786 conatur

332 819 594 875 astruere
625 831 934 888 corporum
965 816 1360 874 humanorum
1402 817 1563 887 vitia,
1616 835 1729 875 non
1761 818 1835 874 ad
1866 819 1976 875 Do-

329 903 562 965 minum
595 910 916 973 auctorem,
934 906 1034 962 sed
1052 908 1248 980 potius
1265 907 1337 964 ad
1351 907 1975 980 diabolumpertinere:

327 992 498 1065 quasi
520 993 822 1063 diabolus,
854 1011 988 1052 cum
1005 995 1218 1052 habeat
1237 1013 1468 1070 semper
1490 997 1868 1069 cupiditatem
1883 1013 1980 1053 no-

328 1081 522 1153 cendi,
556 1099 763 1140 nocere
788 1083 1066 1157 cuiquam
1096 1086 1302 1158 possit,
1336 1085 1449 1143 nisi
1478 1087 1550 1143 ab
1569 1086 1979 1159 Omnipotente

331 1172 621 1245 acciperet
648 1176 1015 1246 potestatem.
1043 1174 1189 1231 Nam
1220 1174 1361 1252 quid
1378 1174 1535 1231 aliud
1568 1193 1682 1232 non
1705 1174 1896 1231 solum
1921 1175 1978 1229 in

329 1260 481 1317 libro
540 1260 697 1319 beati
748 1262 880 1328 Job,
939 1279 1115 1334 quem
1174 1267 1495 1320 memorata
1552 1264 1786 1321 haeresis
1844 1280 1978 1319 cum

331 1349 556 1408 ceteris
583 1349 809 1407 Veteris
828 1351 1182 1408 Testamenti
1215 1350 1400 1421 libris,
1433 1357 1490 1409 et
1517 1370 1652 1409 cum
1703 1353 1832 1425 ipso
1863 1353 1979 1408 Deo

330 1440 431 1513 qui
462 1438 644 1507 dedit,
676 1439 848 1511 quasi
866 1440 1123 1513 maligno
1137 1442 1337 1498 mundi
1349 1442 1633 1515 principe,
1658 1446 1722 1498 ut
1741 1441 1979 1499 insanos

330 1528 622 1596 exsufflat,
656 1528 758 1586 sed
790 1529 965 1591 etiam
996 1529 1054 1586 in
1071 1530 1380 1603 Evangelio
1398 1530 1981 1594 declaratur.ubida3-

332 1617 531 1674 monia
560 1634 663 1674 nec
695 1616 755 1674 in
785 1634 992 1690 porcos
1024 1619 1105 1675 ire
1133 1620 1413 1692 potuisse,
1441 1619 1553 1676 nisi
1586 1619 1694 1677 hoc
1711 1620 1827 1676 illis
1850 1619 1975 1694 ipse

330 1707 692 1772 concederet,
725 1706 941 1781 legitur
972 1708 1180 1780 (Matth.
1213 1709 1356 1781 νιιι).

849 1851 1149 1907 HOMILIA
1189 1851 1467 1908 CXXXIII.

489 1955 760 1996 DOMINICA
800 1956 1010 1996 DEGlMA
1050 1958 1193 1996 NONA
1237 1958 1374 1996 POST
1413 1958 1820 1998 PEN’I‘ECOSTEN.

404 2066 647 2135 (Μιττιι.
708 2064 870 2136 χχιι.)
921 2086 948 2114 ‹‹
984 2065 1048 2120 In
1107 2064 1205 2121 illo
1255 2069 1546 2137 tempore:
1598 2067 1984 2125 Accesserant

335 2178 363 2204 «
397 2154 470 2210 ad
495 2153 697 2211 Jesum
731 2153 1052 2222 Sadduceei,
1087 2154 1186 2225 qui
1219 2154 1423 2209 dicunt
1466 2173 1580 2210 non
1632 2172 1759 2212 esse
1790 2174 1982 2214 resur-

339 2266 368 2293 «ι
386 2243 726 2299 rectionem.
755 2263 783 2295 ιο
801 2242 1125 2315 Etreliqua.
1154 2242 1509 2299 Praedicante
1523 2244 1771 2301 Domino
1784 2251 1981 2302 nostro

333 2333 472 2390 Jesu
503 2330 754 2398 Christo,
789 2331 914 2387 duo:
941 2330 1243 2403 praecipua:
1256 2329 1507 2389 haereses
1519 2338 1687 2389 erant
1706 2334 1860 2390 inter
1877 2335 1907 2391 ,Ι
1918 2354 1983 2391 ιι-

337 2421 513 2487 deos,
543 2436 663 2491 una
696 2418 1178 2486 Sadduczeorum,
1207 2423 1265 2475 et
1309 2418 1491 2476 altera
1534 2420 1979 2477 Pharisaeorum.

338 2509 490 2566 Sadd
502 2506 644 2564 ucasi
656 2524 726 2563 au
737 2512 853 2567 tem
871 2506 1165 2574 dicuntur,
1201 2506 1301 2580 qui
1315 2507 1653 2565 Sadducum
1666 2511 1983 2581 quemdam

341 2597 689 2671 magistrum
719 2595 867 2670 legis
897 2600 1232 2668 sequentes,
1265 2614 1453 2668 neque
1496 2598 1982 2657 resurrectionem

342 2686 674 2756 credebant,
707 2702 896 2757 neque
921 2685 1183 2757 angelos,
1232 2702 1423 2758 neque
1450 2686 1694 2759 spiritus
1731 2704 1877 2744 esse.
1914 2688 1984 2744 Hi

339 2780 573 2832 tantum
601 2775 862 2847 quinque
891 2774 1073 2832 libros
1098 2774 1281 2847 Moysi
1333 2774 1698 2848 recipientes,
1747 2776 1986 2833 oracula

339 2863 757 2939 prophetarum
787 2864 1159 2937 respuebant.
1175 2864 1458 2920 Etcontra
1468 2863 1765 2933 Pharisaai,
1786 2866 1885 2938 qui
1904 2865 1987 2922 di-

339 2955 441 3010 visi
468 2952 950 3025 interpretantur,
982 2968 1049 3009 eo
1069 2952 1225 3024 quod
1244 2969 1278 3008 a
1294 2953 1516 3010 caeteris
1534 2953 1594 3009 in
1626 2954 1983 3025 quibusdam

338 3040 842 3100 observationibus
871 3058 935 3097 se
964 3046 1258 3114 separent,
1290 3046 1346 3097 et
1362 3042 1847 3100 resurrectionem
1866 3061 1984 3100 cre-

339 3131 558 3188 debant
586 3147 922 3204 corporum,
937 3134 994 3187 et
1005 3130 1243 3205 angelos
1254 3135 1311 3186 et
1326 3130 1573 3203 spiritus
1585 3148 1713 3189 esse
1728 3133 1986 3189 fateban-

2010 1830 2058 1896 B

2084 553 2272 610 Patris
2304 555 2440 624 mei,
2467 557 2567 627 qui
2597 561 2688 613 est
2716 557 2773 613 in
2805 558 2987 626 ccelis,
3021 557 3145 631 ipse
3173 577 3339 617 meus
3355 562 3549 632 frater,
3571 582 3734 623 soror

2085 645 2143 698 et
2198 648 2385 699 mater
2421 650 2511 701 est
2569 647 2774 717 (Matth.
2835 648 2959 719 xu).
2999 671 3024 697 η
3084 649 3153 704 Et
3203 665 3307 721 ter
3350 652 3731 724 Prophetam:

2088 754 2112 779 ‹ς
2148 730 2406 788 Narrabo
2440 750 2651 790 nomen
2668 739 2838 792 tuum
2870 736 3148 793 fratribus
3164 738 3328 794 meis.
3354 738 3413 794 in
3431 742 3732 798 medioEe-

2087 817 2274 875 clesize
2308 819 2559 879 laudabo
2589 828 2640 879 te
2673 824 2847 894 (Psal.
2876 824 3015 896 χχι).
3048 848 3075 875 ››
3109 827 3298 898 Hujus
3320 845 3467 884 u..'or
3481 829 3738 887 E¢clesia

2088 914 2292 964 sancta
2315 914 2423 977 est,
2457 911 2551 966 cui
2581 912 2707 984 ipse
2737 930 2838 985 per
2864 913 3207 985 prophetam
3226 916 3335 971 ait:
3370 940 3397 967 ‹‹
3434 918 3735 989 Sponsabo

2088 1000 2145 1051 te
2176 995 2317 1052 mihi
2352 997 2412 1053 in
2434 999 2671 1069 justitia
2701 1006 2757 1057 et
2785 1002 3027 1057 veritate
3049 1004 3192 1071 (03¢.
3218 1004 3301 1075 ιι).
3336 1027 3363 1055 ››
3399 1006 3478 1061 De
3500 1025 3619 1079 qua
3635 1025 3738 1081 per

2085 1084 2370 1161 Joannem
2402 1086 2463 1142 in
2507 1089 2851 1162 Apocalypsi
2899 1090 3139 1146 dicitur:
3201 1094 3392 1149 «Vidi
3442 1095 3733 1153 civitatem

2087 1179 2351 1230 sanctam
2371 1176 2717 1244 Jerusalem,
2744 1195 2973 1246 novam,
2993 1181 3446 1239 descendentem
3474 1184 3545 1239 de
3565 1184 3731 1254 coilo,

2087 1264 2371 1334 tanquam
2402 1282 2680 1337 sponsam
2713 1273 2978 1324 ornatam
3018 1268 3139 1326 viro
3185 1285 3292 1327 suo
3316 1272 3494 1343 (Apoc.
3532 1277 3669 1343 χχι).
3706 1296 3733 1323 ρ›

2089 1350 2354 1408 Mortuus
2383 1358 2472 1410 est
2501 1354 2625 1411 sine
2654 1355 2873 1425 liberis,
2907 1356 3045 1430 quia
3070 1363 3205 1415 ante
3220 1359 3553 1432 passionem
3566 1380 3736 1420 suam

2089 1442 2644 1511 paucosJudaeorum
2660 1460 2762 1516 per
2773 1462 2940 1502 suam
2956 1446 3429 1518 praedicationem
3443 1453 3500 1505 et
3516 1450 3736 1507 bonum

2088 1529 2420 1601 exemplum
2447 1531 2598 1588 ﬁlios
2611 1532 2952 1605 spiritaliter
2964 1540 3077 1591 Deo
3093 1538 3409 1609 generavit.
3442 1539 3737 1614 Primoge-

2090 1618 2212 1674 nito
2241 1635 2475 1692 quoque
2508 1621 2703 1678 fratris
2734 1639 2945 1679 nomen
2992 1624 3264 1696 imponit,
3315 1626 3414 1699 qui
3441 1644 3476 1684 a
3509 1628 3737 1686 Christo

2087 1706 2402 1764 Christiani
2435 1726 2730 1777 vocamur,
2746 1710 3436 1786 utintelligantdoctores
3469 1734 3582 1773 non
3598 1734 3738 1774 suos

2089 1812 2218 1851 esse
2248 1798 2536 1870 proprios,
2568 1800 2669 1856 sed
2701 1800 2826 1868 Dei,
2858 1819 3008 1873 quos
3039 1818 3142 1874 per
3155 1804 3622 1874 pradicationem
3638 1823 3737 1879 ge-

2091 1889 2318 1941 nerant.
2351 1887 2461 1943 Sed
2495 1887 2820 1957 Sadducaai,
2856 1889 2993 1961 quia
3023 1890 3353 1964 Scripturas
3405 1893 3741 1965 spiritaliter

2091 1989 2207 2029 non
2242 1973 2662 2049 intelligebant,
2696 1978 3180 2036 resurrectionem
3206 1997 3418 2053 negare
3447 1982 3735 2040 volebant.

2090 2061 2253 2119 Unde
2285 2081 2539 2137 congrue
2566 2084 2600 2122 a
2629 2066 2873 2124 Domino
2903 2067 3249 2124 audierunt:

2085 2165 2107 2180 '
2162 2175 2190 2201 ‹‹
2224 2152 2464 2225 Erratis,
2498 2155 2826 2212 nescientes
2857 2155 3207 2229 Scripturas,
3244 2175 3430 2230 neque
3466 2159 3739 2216 virtutem

2092 2264 2119 2291 ‹‹
2154 2240 2254 2298 Dei
2291 2264 2317 2291 ››
2340 2242 2652 2307 Quiaenim
2671 2244 3106 2318 Scriptumum
3122 2263 3336 2303 sensus
3367 2246 3737 2319 ignorabant,

2092 2336 2513 2403 csnsequenter
2537 2332 2852 2402 Christum,
2886 2333 2986 2406 qui
3015 2340 3105 2391 est
3134 2335 3433 2392 Deivirtus
3449 2340 3508 2392 et
3531 2336 3632 2395 Dei
3652 2355 3741 2393 sa-

2092 2419 2330 2491 pientia,
2363 2421 2607 2478 minime
2637 2424 3087 2496 cognoscebant.
3121 2425 3271 2492 Quid
3300 2431 3499 2482 autem
3544 2427 3619 2482 de
3646 2430 3739 2482 ἰθ-

2091 2509 2450 2565 surreetione
2480 2511 2712 2568 credere
2748 2511 2835 2567 vel
2885 2512 3103 2569 sentire
3149 2513 3490 2583 debeamus,
3543 2516 3742 2571 mani-

2092 2596 2265 2652 festat
2294 2614 2429 2653 cum
2460 2599 2568 2653 ait:
2606 2622 2633 2649 «
2670 2600 2732 2655 In
2766 2600 3190 2658 resurrectione
3216 2601 3373 2659 enim
3402 2620 3592 2676 neque
3633 2622 3740 2660 nu-

2093 2684 2264 2740 ubent
2297 2703 2484 2758 neque
2516 2688 2832 2756 nubentur,
2864 2689 2986 2754 sed,
3021 2693 3194 2744 erunt
3221 2689 3373 2747 sicut
3402 2690 3591 2763 angeli
3638 2691 3739 2748 Dei

2093 2796 2120 2823 ‹‹
2154 2773 2211 2828 in
2243 2773 2404 2830 cmlo.
2441 2798 2468 2825 υ
2503 2775 2564 2831 Ιιι
2595 2776 2812 2848 quibus
2843 2777 3033 2834 verbis
3064 2778 3388 2850 proprietas
3408 2778 3745 2835 Latinaelin-

2091 2879 2216 2935 gum
2243 2879 2375 2918 cum
2407 2864 2607 2921 Graeca
2634 2864 2969 2938 eloquentia
2981 2883 3096 2922 non
3109 2867 3624 2939 concordat.Apud
3641 2869 3743 2925 La-

2093 2949 2247 3008 tinos
2279 2951 2436 3008 enim
2467 2953 2698 3026 proprie
2726 2953 2954 3010 femina:
3004 2956 3241 3024 nubere,
3290 2960 3350 3012 ct
3378 2956 3485 3012 viri
3533 2958 3744 3014 uxores

2091 3056 2220 3096 esse
2235 3040 2531 3097 dicuntur.
2548 3042 2659 3099 Sed
2672 3043 2823 3099 hanc
2835 3042 3246 3116 proprietatem
3258 3042 3441 3100 Graeci
3453 3045 3743 3102 sermonis

2092 3129 2417 3201 sequimur,
2449 3147 2582 3186 cum
2615 3130 2897 3189 dicimus:
2947 3154 2973 3185 (ι
3006 3133 3134 3189 Non
3180 3133 3425 3199 nubent,
3459 3155 3488 3184 υ
3519 3132 3746 3191 scilicet

335 3223 448 3287 tur,
480 3224 541 3276 et
570 3200 909 3277 non—solum
940 3200 1201 3292 quinque
1230 3200 1413 3277 libros
1438 3219 1648 3292 Moysi,
1681 3220 1782 3276 sed
1804 3220 1983 3277 etiam
2014 3200 2056 3268 Ο
2095 3200 2229 3273 viri:
2265 3242 2292 3269 «
2326 3235 2513 3291 neque
2543 3220 2860 3289 nubentur,
2895 3242 2923 3270 ››
2954 3219 3179 3277 scilicet
3207 3237 3437 3277 uxores.
3461 3222 3586 3278 Non
3604 3230 3743 3295 ergo

337 3308 571 3366 oracula
596 3308 1014 3382 prophetarum
1044 3308 1421 3381 recipieme
1473 3309 1776 3367 Sadducaei
1825 3326 1982 3382 ergo,

336 3402 401 3454 ut
430 3392 875 3456 resurrectionis
904 3397 1205 3453 veritatem
1228 3412 1441 3470 negare
1461 3404 1717 3468 possent,
1732 3398 1986 3471 turpitu-

339 3487 497 3545 diuis
517 3487 775 3543 fabulam
793 3488 1249 3559 composuerunt
1260 3486 1330 3543 de
1343 3484 1606 3555 muliere,
1621 3504 1749 3559 quae
1761 3490 1985 3561 septem

339 3575 551 3633 fratres
580 3574 877 3643 habuerit,

408 3687 440 3717 κ
472 3665 635 3721 Unde
664 3669 723 3722 et
768 3665 1271 3737 interrogaverunt
1315 3681 1472 3732 eum,
1517 3664 1809 3722 dicentes:
1860 3667 1986 3723 Ma—

338 3777 364 3802 ι(
397 3754 605 3826 gister,
632 3753 861 3825 Moyses
890 3752 1032 3808 dixit
1056 3758 1238 3821 (Deut.
1272 3756 1433 3821 xxv):
1467 3752 1527 3809 Si
1561 3754 1695 3825 quis
1715 3758 1986 3812 mortuus

336 3866 365 3890 «
396 3841 574 3898 fuerit
603 3858 720 3898 non
768 3841 994 3898 habens
1045 3840 1255 3909 filium,
1292 3846 1356 3898 ut
1400 3842 1577 3897 ducat
1622 3843 1801 3899 frater
1858 3845 1985 3915 ejus

335 3956 363 3981 ‹‹
398 3947 638 3987 uxorem
668 3929 850 3998 illius,
882 3929 1205 3987 utsuscitet
1222 3947 1420 3987 semen
1463 3930 1660 3987 fratris
1677 3931 1988 3988 sui.Erant

328 4042 361 4069 «
393 4023 593 4076 autem
622 4021 779 4092 apud
802 4036 911 4076 nos
946 4023 1168 4093 septem
1202 4018 1431 4085 fratres,
1463 4022 1522 4074 et
1550 4020 1779 4091 primus
1812 4037 1986 4077 uxore

322 4133 350 4161 α
384 4109 567 4166 ducta
594 4108 907 4165 defunctus
933 4111 1116 4175 est,et
1140 4124 1256 4165 non
1269 4106 1494 4163 habens
1506 4123 1727 4175 semen,
1749 4107 1988 4180 reliquit

328 4220 358 4249 «
391 4214 634 4255 uxorem
665 4214 835 4253 suam
881 4196 1045 4254 fratri
1095 4213 1222 4253 suo.
1273 4194 1556 4252 Similiter
1604 4195 1899 4253 secundus
1929 4200 1989 4253 et

328 4310 356 4336 «
388 4286 604 4343 tertius
634 4303 821 4359 usque
852 4286 924 4342 ad
944 4286 1283 4359 septimum.
1312 4283 1638 4341 Novissime
1655 4288 1851 4342 autem
1866 4302 1988 4341 om-

324 4402 351 4427 ‹‹
392 4374 563 4431 nium
595 4379 653 4431 et
683 4374 1296 4448 mulier;defunctaest.
1327 4375 1391 4431 In
1409 4374 1832 4431 resurrectione
1849 4391 1984 4449 ergo

324 4489 352 4515 ‹‹
387 4464 569 4535 cujus
597 4464 709 4519 erit
738 4464 810 4519 de
840 4467 1063 4536 septem
1095 4463 1273 4519 uxor?
1302 4463 1520 4520 Omnes
1541 4463 1698 4519 enim
1720 4480 1852 4519 eam
1884 4464 1986 4519 ha-

2096 3308 2390 3364 nubentin
2413 3308 2837 3365 resurrectione
2858 3310 2909 3363 vi
2919 3310 3111 3381 ri,neq
3121 3327 3190 3366 ue
3202 3309 3501 3367 nubentur
3512 3327 3743 3379 uxores,

2096 3413 2224 3469 quae
2257 3397 2559 3454 habebunt
2588 3396 2825 3470 quidem
2856 3415 3101 3471 corpora
3129 3415 3283 3465 vera,
3314 3416 3442 3472 quae
3492 3403 3745 3472 possunt

2096 3485 2238 3541 nubi
2269 3489 2325 3542 et
2350 3486 2590 3552 nubere,
2640 3487 2741 3543 sed
2776 3491 2971 3543 tamen
3019 3486 3395 3554 immortalia,
3428 3494 3485 3545 et
3521 3488 3745 3560 absque

2096 3573 2435 3631 inﬁrmitate
2484 3579 2542 3631 et
2588 3575 2717 3631 ideo
2762 3591 2877 3632 non
2930 3574 3126 3632 solum
3167 3593 3203 3631 a
3250 3574 3589 3648 pollutione,
3641 3577 3743 3632 sed

2093 3661 2269 3718 etiam
2301 3664 2373 3719 ab
2385 3663 2544 3718 omni
2559 3665 2928 3735 corruptione
2939 3662 3151 3721 aliena.
3166 3663 3378 3731 Quales
3388 3670 3586 3721 autem
3603 3664 3743 3735 sint,

2094 3751 2194 3823 qui
2226 3751 2285 3807 in
2318 3751 2428 3808 hoc
2460 3751 2672 3809 saeculo
2703 3752 2864 3827 digni
2914 3753 3233 3821 habentur,
3276 3753 3615 3813 manifestat
3655 3754 3745 3810 di-

2094 3859 2261 3898 cens:
2296 3867 2321 3891 «
2355 3841 2468 3899 Sed
2499 3846 2672 3899 erunt
2697 3842 3065 3916 sicuLangeli
3099 3844 3201 3900 Dei
3232 3844 3291 3900 in
3324 3841 3490 3913 calo,
3516 3867 3543 3893 ››
3566 3844 3625 3900 id
3656 3847 3746 3901 est

2092 3929 2456 3988 immortales
2484 3932 2701 3987 effecti:
3168 3938 3175 3953 ‘

2168 4042 2195 4068 ιι
2228 4018 2307 4075 De
2329 4018 2750 4075 resurrectione
2789 4024 2985 4076 autem
3034 4023 3401 4078 mortuorum
3450 4039 3564 4078 non
3596 4021 3745 4094 legi-

2096 4130 2121 4156 ‹‹
2156 4106 2267 4162 stis
2297 4106 2451 4179 quod
2480 4106 2699 4161 dictum
2734 4110 2824 4162 est
2853 4124 2887 4162 a
2926 4107 3063 4174 Deo,
3116 4107 3344 4165 dicente
3384 4109 3576 4165 vobis:
3625 4110 3745 4181 Ego

2095 4220 2120 4244 ‹‹
2157 4212 2290 4251 sum
2323 4194 2478 4250 Deus
2508 4193 2801 4249 Abraham
2832 4200 2891 4250 et
2920 4194 3077 4251 Deus
3121 4199 3306 4264 Isaac,
3339 4201 3398 4252 ct
3439 4196 3596 4253 Deus
3638 4197 3739 4252 Ja-

2095 4308 2121 4334 ‹‹
2156 4284 2301 4340 cob?
2330 4305 2358 4333 »
2390 4283 2474 4339 Ad
2505 4282 3000 4355 comprobandum
3044 4283 3485 4341 resurrectionis
3534 4284 3742 4339 verita-

2095 4371 2439 4439 tem,multa
2478 4372 2770 4444 apertiora
2806 4372 3144 4430 testimonia
3168 4372 3747 4429 Dominusdeoracu-

2095 4460 2168 4518 lis
2200 4462 2615 4535 prophetarum
2648 4461 2904 4533 proferre
2932 4466 3179 4533 poterat,
3203 4478 3271 4518 ex
3300 4460 3517 4534 quibus
3545 4465 3635 4517 est
3675 4460 3742 4515 il-

325 4574 353 4601 ιι
386 4552 674 4608 buerunt.
711 4574 732 4601 ι
770 4553 834 4608 In
851 4550 1459 4624 quibusverbispatet,
1491 4552 1645 4623 quod
1664 4570 1777 4609 non
1793 4551 1985 4609 solum
2019 4568 2062 4633 ι)
2094 4550 2225 4608 lud:
2264 4576 2289 4603 α
2322 4552 2605 4624 Exspecta
2634 4568 2746 4618 me,
2786 4549 2926 4606 dicit
2976 4553 3277 4619 Dominus,
3323 4550 3382 4607 in
3414 4550 3509 4607 die
3550 4567 3743 4606 resur-

318 4640 697 4715 spiritaliter,
729 4641 832 4698 sed
862 4641 1041 4697 etiam
1071 4640 1613 4713 necjuxtalitteram
1647 4642 1979 4698 rectesein-

319 4730 596 4803 telligere
628 4730 1134 4787 demonstrabant.
1158 4730 1349 4786 Potuit
1372 4730 1628 4803 quadam
1648 4729 1989 4787 infelicitate

320 4819 619 4888 accidere,
654 4823 718 4875 ut
744 4818 804 4876 in
835 4820 1039 4875 eodem
1070 4818 1305 4892 populo,
1327 4820 1423 4892 qui
1447 4837 1482 4876 a
1506 4818 1652 4892 legis
1674 4819 1986 4876 observan-

320 4908 760 4976 tia-defecerat,
795 4912 1021 4981 septem
1055 4908 1262 4965 fratres
1294 4925 1471 4963 unam
1503 4907 1817 4965 habuerint
1848 4926 1989 4964 uxo-

322 5014 492 5064 rem;
524 4996 627 5052 sed
657 4995 769 5052 hoc
820 4996 1048 5070 Moyses
1096 4995 1157 5052 in
1203 4994 1329 5069 lege
1372 5012 1490 5051 non
1540 4997 1830 5069 praecepit.
1880 4997 1988 5062 Qui

320 5084 493 5142 enim
525 5084 598 5151 de
628 5082 818 5156 primo
846 5088 906 5141 et
936 5085 1193 5140 secundo
1222 5082 1411 5157 legem
1445 5084 1624 5153 dedit,
1657 5089 1715 5141 et
1735 5085 1805 5141 de
1830 5089 1992 5141 caete-

324 5174 415 5230 ris
444 5172 653 5236 tacuit,
688 5176 1061 5245 nequaqham
1110 5176 1332 5246 septem
1378 5174 1585 5229 fratres
1633 5190 1812 5229 unam
1847 5190 1985 5229 uxo-

320 5278 458 5320 rem
490 5261 709 5319 habere
729 5262 933 5333 jussit.
962 5263 1074 5319 Sed
1105 5262 1216 5318 hoc
1256 5263 1597 5318 mandatum
1647 5261 1989 5334 spiritaliter

321 5350 533 5424 potius
565 5366 744 5423 quam
776 5350 1088 5409 carnaliter
1133 5356 1222 5408 est
1269 5349 1737 5423 intelligendum.
1789 5351 1990 5407 Frater

321 5439 488 5496 enim
522 5444 727 5497 noster
754 5440 1042 5497 Dominus
1071 5445 1159 5496 est
1185 5440 1359 5496 Jesus
1390 5438 1676 5506 Christus,
1711 5438 1810 5510 qui
1853 5456 1986 5495 cum

323 5529 673 5585 sitcreator
695 5534 754 5584 et
778 5530 1064 5585 Dominus
1088 5533 1286 5586 noster
1316 5545 1419 5602 per
1448 5528 1844 5596 Divi-italum,
1885 5545 1988 5585 no-

325 5616 420 5673 bis
454 5616 580 5673 lieri
612 5616 889 5689 dignatus
919 5622 1009 5675 est
1040 5619 1218 5675 frater
1248 5634 1351 5690 per
1364 5616 1813 5691 humanitatem,
1834 5617 1988 5674 sicut

2094 4640 2367 4697 rectiouis
2391 4656 2530 4697 mete
2557 4639 2614 4694 in
2648 4639 3114 4711 futurum(Soph.
3148 4639 3253 4711 ιιι).
3288 4661 3315 4690 ››
3352 4641 3421 4696 Et
3444 4638 3656 4695 iterum
3684 4637 3741 4693 in

2097 4730 2267 4787 Osee:
2302 4752 2329 4780 «
2364 4727 2691 4785 \‘iviﬁcabit
2719 4745 2826 4784 nos
2856 4732 2989 4800 post
3017 4728 3165 4784 duos
3206 4728 3354 4795 dies,
3386 4732 3443 4784 et
3484 4726 3747 4783 vivemus

2098 4818 2159 4873 in
2191 4821 2504 4889 conspectu
2534 4818 2663 4889 ejus
2696 4816 2836 4884 (Ore.
2870 4816 2970 4889 v1).
2997 4815 3189 4872 »Etin
3213 4814 3477 4872 Daniele:
3515 4836 3543 4865 ‹‹
3576 4813 3743 4871 Multi

2098 4905 2338 4979 quidem
2369 4906 2439 4961 de
2471 4910 2634 4961 terra:
2666 4902 2901 4977 pulvere
2932 4908 3307 4977 consurgent,
3338 4902 3439 4960 alii
3471 4902 3531 4960 in
3565 4902 3744 4959 vitam

2098 5000 2398 5060 mternam,
2432 4992 2529 5051 alii
2560 4993 2620 5048 in
2671 4992 3053 5066 opprobrium
3101 4992 3523 5065 sempiternum
3574 4993 3743 5064 (Dan.

2096 5086 2220 5155 χιι).
2255 5107 2281 5132 ››
2342 5084 2411 5139 Et
2466 5082 2810 5138 Psalmista:
2846 5106 2871 5133 ‹‹
2908 5083 3024 5153 Ego
3075 5080 3322 5138 dormivi
3352 5087 3411 5138 et
3437 5086 3746 5155 superatus

2097 5188 2250 5240 sum,
2284 5175 2342 5228 et
2371 5170 2690 5238 exsurrexi,
2722 5170 2861 5242 quia
2882 5171 3165 5229 Dominus
3190 5171 3740 5244 suscepitme(Psal.

2098 5260 2203 5333 ιιι).
2241 5283 2268 5310 ››
2301 5260 2436 5327 Sed,
2468 5259 2621 5317 sicut
2650 5258 2919 5331 superius
2950 5260 3174 5318 dictum
3205 5266 3315 5326 est,
3348 5260 3486 5333 quia
3515 5260 3745 5317 Saddu-

2097 5349 2217 5417 coei,
2252 5353 2455 5405 contra
2484 5364 2631 5419 quos
2662 5347 2733 5404 de
2758 5350 3181 5407 resurrectione
3211 5366 3541 5407 sermonem
3569 5349 3745 5405 habe-

2099 5439 2216 5507 bat,
2250 5438 2485 5493 oracula
2515 5436 2930 5509 prophetarum
2963 5456 3077 5496 non
3100 5438 3477 5512 recipiebant,
3511 5438 3640 5494 ideo
3654 5454 3747 5492 su-

2098 5526 2386 5598 perfluum
2445 5530 2568 5581 erat
2618 5542 2687 5580 ex
2718 5524 2836 5581 illis
2886 5525 3054 5583 libris
3102 5529 3359 5601 proferre
3410 5523 3745 5583 testimonia

2098 5632 2245 5687 quos
2276 5614 2359 5671 illi
2393 5633 2507 5672 non
2541 5613 2915 5686 recipiebant.
2948 5618 3110 5683 Quod
3144 5618 3192 5674 si
3221 5616 3530 5687 diligenter
3549 5610 3742 5669 consi-
