4060 6178
283 317 399 377 7υό

1519 321 1867 381 llUMllJJE
1915 321 2009 380 DE
2055 321 2450 380 TBMPUHI‘I.

3569 330 3690 389 706

287 465 399 504 nou
427 449 514 504 vis
547 448 804 517 li.eri,alii
839 467 910 505 ne
941 451 1120 508 facias
1151 451 1414 525 (Tob.1v),
1445 476 1471 501 ››
1505 452 1629 526 ipse
1653 452 1791 509 alibi
1819 453 1932 508 ait:
1966 453 2019 519 Α,
2051 452 2313 522 deamus,
2343 453 2500 509 hunc
2525 459 2580 510 et
2612 455 2921 511 Dominum
2953 456 3154 522 David,
3185 461 3242 513 et
3272 457 3455 514 filium
3489 461 3686 529 David,

284 561 313 588 ιι
347 538 508 601 Quod
540 537 720 594 vultis
765 545 828 594 ut
875 539 1092 596 faciant
1122 542 1283 597 vobis
1315 541 1603 610 homines,
1638 548 1694 598 et
1721 559 1822 598 vos
1855 543 1934 596 t’a-

283 627 395 683 cite
418 627 532 682 illis
555 628 759 700 (Matth.
795 630 914 700 vn)‘.
951 653 983 679 »
1012 629 1084 686 Ut
1112 631 1268 690 enim
1303 629 1472 688 multi
1525 631 1747 688 arboris
1789 631 1936 686 rami

283 733 352 770 ex
382 716 497 770 ima
531 718 724 773 radice
757 720 1062 790 prodeunt,
1093 721 1177 776 sic
1220 726 1280 777 et
1324 727 1539 777 caeteras
1588 722 1832 778 virtutes
1870 737 1938 776 ex

283 803 593 861 dilectione
616 807 716 862 Dei
740 813 795 863 et
821 808 1064 879 proximi
1090 812 1606 882 procreantur.Sed
1624 811 1748 868 sine
1763 829 1940 868 causa

284 893 572 964 gloriatur
600 895 815 951 habere
847 913 1042 954 ramos
1074 899 1209 955 boni
1241 900 1455 972 operis,
1487 899 1585 972 qui
1619 917 1731 956 non
1765 901 1940 957 habet

297 983 554 1038 radicem
604 984 926 1041 charitatis.
962 988 1123 1051 Quod
1175 988 1458 1045 Dominus
1497 989 1770 1056 ostendit,
1803 1007 1937 1046 cum

289 1070 402 1125 ait:
427 1070 632 1127 «Omni
667 1072 903 1130 habenti
936 1075 1250 1142 dabitur,et
1277 1077 1633 1137 abundabit:
1660 1079 1719 1134 ei-
1741 1084 1938 1136 autem

291 1158 390 1229 qui
426 1176 541 1215 non
573 1160 772 1228 habet,
794 1167 850 1218 et
879 1165 1034 1236 quod
1066 1163 1294 1221 videtur
1310 1165 1938 1232 habere,aul‘eretarab

291 1265 358 1301 eo
389 1249 538 1320 (Lac.
573 1252 719 1321 XIX);
747 1254 921 1324 nquia
950 1253 1048 1326 qui
1080 1254 1254 1310 habet
1284 1255 1646 1324 charitatem,
1668 1257 1942 1328 adjicien-

284 1343 380 1392 tur
409 1338 461 1392 ei
494 1345 712 1394 cetera:
742 1341 984 1397 virtutes
1019 1358 1032 1396 :
1068 1343 1165 1415 qui
1201 1348 1399 1400 autem
1431 1360 1558 1400 eam
1594 1363 1708 1400 non
1743 1345 1938 1417 habet,

287 1427 504 1482 frustra
537 1427 608 1482 de
637 1427 1386 1502 eleemosyna,abstinentia
1415 1437 1472 1488 et
1498 1433 1695 1506 vigilia
1725 1433 1940 1506 gloria-

286 1522 406 1582 tur,
444 1521 592 1572 teste
616 1517 919 1589 Apostolo:
947 1544 970 1568 ‹‹
990 1519 1045 1574 Si
1076 1519 1295 1593 linguis
1326 1521 1632 1578 hominum
1665 1522 1870 1595 loquar
1885 1527 1944 1578 et

293 1605 658 1675 angelorum,
692 1606 1032 1663 charitatem
1066 1616 1259 1665 autem
1303 1627 1418 1666 non
1449 1611 1720 1677 habeam,
1753 1612 1942 1669 factus

297 1710 427 1747 sum
461 1694 615 1749 sicut
645 1713 723 1750 res
748 1713 985 1765 sonans,
1007 1704 1109 1754 aut
1139 1699 1474 1772 cymbalum
1506 1701 1780 1758 tinniens.
1804 1701 1870 1755 Et
1891 1700 1940 1756 si

283 1781 544 1838 habuero
569 1784 933 1856 prophetiam
963 1787 1010 1847 (Ι
1038 1789 1157 1844 Cor.
1205 1792 1350 1857 xm),
1383 1795 1441 1845 et
1471 1790 1713 1862 reliqua.
1744 1795 1868 1852 Qua
1883 1807 1937 1843 ru
1971 1827 2017 1892 Β

286 1873 566 1927 Dominus
596 1872 655 1927 in
707 1874 1015 1947 Evangelio
1065 1876 1429 1946 collaudans,
1464 1879 1544 1934 ait
1585 1878 1931 1950 discipulis:

284 1987 308 2008 ιι
335 1965 393 2016 In
425 1961 535 2016 hoc
565 1970 917 2034 cognoscent
948 1981 1150 2022 omnes
1176 1967 1317 2038 quia
1338 1968 1448 2023 mei
1474 1967 1745 2040 discipuli
1768 1969 1933 2046 νίς,

282 2052 328 2104 si
363 2049 734 2108 dilectionem
765 2051 1095 2110 habueritis
1126 2056 1197 2110 ad
1240 2055 1486 2112 invicem
1517 2058 1692 2128 (Iona.
1727 2061 1868 2123 χιιι).
1907 2081 1934 2104 ››

282 2139 352 2194 Et
382 2141 595 2195 iterum
631 2158 642 2195 :
679 2164 706 2189 ‹‹
733 2142 1074 2198 Mandatum
1103 2161 1317 2200 novum
1347 2146 1422 2200 do
1445 2146 1626 2213 vobis,
1651 2152 1712 2200 ut
1735 2146 1936 2219 diliga-

282 2229 358 2284 tis
375 2228 618 2285 invicem
639 2230 844 2301 (Ibid.).
864 2256 891 2280 ››
906 2231 1097 2288 Vultis
1120 2233 1268 2290 scire
1289 2235 1429 2306 quid
1448 2234 1700 2290 sithoc?
1729 2237 1936 2293 Audite

278 2317 567 2373 Joannem
599 2319 930 2391 apostolum
963 2320 1255 2378 dicentem
1290 2340 1302 2376 :
1338 2324 1491 2379 Deus
1521 2324 1774 2381 charitas
1823 2331 1932 2393 est,

279 2410 336 2457 et
366 2403 467 2477 qui
501 2410 697 2461 manet
728 2407 784 2460 in
813 2407 1120 2480 charitate,
1153 2410 1210 2466 in
1244 2416 1356 2467 Deo
1390 2418 1677 2481 manet,et
1707 2413 1935 2470 Deusin

281 2509 346 2547 eo
379 2497 432 2562 (Ι
455 2495 613 2550 Joan.
652 2497 746 2567 Iv).
785 2520 812 2544 ››

353 2608 379 2632 u
415 2584 802 2657 Congregatis
830 2593 1027 2643 autem
1062 2589 1390 2658 Pharismis,
1425 2591 1801 2664 interrogavit
1840 2609 1939 2649 eos

284 2697 308 2719 α
341 2675 516 2728 Jesus
549 2673 786 2731 dicens:
823 2676 969 2739 Quid
1003 2678 1166 2733 vobis
1198 2680 1429 2735 videtur
1457 2681 1528 2736 de
1554 2680 1784 2736 Christo
1799 2683 1939 2736 ‘.-’cu-,

284 2763 436 2832 «jus
472 2761 648 2816 Filius
678 2765 810 2818 est?
842 2788 869 2813 ››
902 2766 965 2820 Et
997 2765 1242 2840 reliqua.
1275 2770 1417 2824 Cum
1466 2770 1752 2826 Dominus
1799 2770 1936 2825 alibi

293 2851 372 2905 ait
405 2867 418 2904 :
453 2849 638 2906 Nolite
669 2857 937 2910 sanctum
969 2855 1106 2910 dare
1150 2858 1416 2925 canibus,
1450 2875 1640 2930 neque
1688 2859 1938 2914 mittatis

289 2939 639 3012 margaritas
669 2947 888 2998 vestras
919 2948 1052 3000 ante
1074 2947 1490 3018 porcos(1l!atth.
1506 2948 1627 3018 vn),
1650 2947 1831 3020 nquid
1849 2954 1940 3003 est

284 3028 441 3099 quod
474 3027 599 3100 ipse
627 3029 879 3094 Judteos,
913 3031 1012 3104 qui
1047 3033 1170 3089 suis
1204 3035 1755 3109 interrogationibus
1803 3054 1936 3091 eum

283 3115 671 3184 dilaniabant,
689 3117 786 3174 illa
812 3136 939 3191 quae
963 3121 1131 3191 justa
1160 3127 1217 3178 et
1237 3129 1441 3179 sancta
1466 3125 1935 3192 sunt,docet?Ad

2048 542 2358 598 Dominum
2374 542 2622 599 Davidin
2640 544 2970 612 Divinitate,
2992 544 3180 600 {il-ium
3196 547 3374 601 David
3395 549 3453 601 in
3478 547 3685 604 huma-

2049 631 2254 698 nitate;
2289 631 2602 688 Dominum
2635 634 2837 703 David,
2862 651 2963 708 per
2987 634 3095 690 hoc
3128 635 3280 706 quod
3315 636 3370 690 in
3403 637 3690 709 principio

2046 727 2189 788 erat,
2223 721 2494 788 Verbum,
2531 727 2588 778 et
2615 721 2868 781 Verbum
2903 729 3026 778 erat
3054 725 3212 796 apud
3240 728 3513 790 Deum,»
3544 726 3692 782 Deus

2047 813 2171 865 erat
2197 809 2452 866 Verbum
2482 813 2658 883 (Joan.
2693 811 2734 881 1)
2761 831 2773 880 ;
2809 812 2996 867 lilium
3029 813 3208 868 David
3243 829 3347 885 per
3377 813 3484 868 hoc
3534 814 3690 884 quod

2048 898 2445 955 Verbumcaro
2468 901 2688 956 factum
2701 905 2872 967 est,et
2890 900 3172 956 habitavit
3203 902 3259 961 in
3285 901 3458 957 nobis
3486 902 3693 974 (Ibid).

2048 988 2162 1043 Nec
2194 987 2408 1044 mirum
2442 989 2489 1043 si
2526 1006 2678 1045 unus
2705 989 2980 1060 idemque
3010 989 3403 1046 MediatorDei
3428 996 3484 1046 et
3515 990 3698 1047 homi-

2049 1095 2189 1134 num
2222 1077 2502 1134 Dominus
2529 1079 2702 1135 Jesus
2731 1077 3023 1145 Christus,
3058 1084 3119 1135 et
3154 1080 3439 1135 Dominus
3482 1079 3697 1136 dicitur

2049 1168 2246 1232 David,
2278 1172 2334 1222 et
2365 1167 2522 1223 filius
2549 1167 2906 1234 David,cum-
2935 1167 3104 1223 hodie
3135 1168 3192 1223 in
3239 1167 3512 1241 plurimis
3555 1185 3694 1224 con-

2051 1257 2272 1329 tingere
2302 1256 2503 1321 soleat,
2521 1261 2584 1312 ut
2611 1255 2826 1328 aliquis
2847 1257 3158 1329 episcopus
3189 1257 3493 1312 ordinatus
3511 1257 3694 1329 patris

2049 1345 2140 1401 sui
2172 1346 2401 1401 dicatur
2430 1350 2611 1417 pater,
2629 1363 2743 1400 non
2774 1345 3049 1404 nascendi
3073 1345 3297 1412 ordine,
3319 1345 3418 1406 sed
3453 1345 3690 1402 honore.

2049 1435 2159 1490 Sed
2191 1433 2335 1492 illud
2370 1451 2482 1488 non
2516 1439 2604 1489 est
2634 1434 3197 1505 praetermittendum
3229 1435 3383 1507 quod
3405 1435 3591 1490 Judaei
3623 1435 3696 1493 do

2049 1522 2366 1595 Scripturis
2389 1522 2574 1578 multa
2599 1522 2967 1594 mentientes,
2989 1522 3144 1579 hunc
3162 1523 3455 1596 psalmum
3475 1523 3534 1578 in
3565 1541 3696 1597 per-

2049 1629 2195 1666 sona
2221 1611 2462 1666 Abrahae
2479 1611 3294 1672 traduntfuissedecantatum
3310 1630 3343 1667 a
3363 1629 3543 1686 puero
3566 1614 3694 1684 ejus

2050 1701 2331 1755 Damasco
2361 1699 2598 1768 Eliezer,
2634 1704 2697 1756 ut
2725 1699 2804 1755 sit
2832 1716 3043 1758 sensus
3069 1717 3082 1756 :
3118 1701 3272 1760 Dixit
3303 1702 3602 1767 Dominus,
3638 1701 3692 1756 id

2050 1794 2138 1844 est
2171 1791 2319 1844 Deus
2351 1788 2740 1861 omnipotens,
2777 1790 3014 1846 domino
3046 1807 3194 1857 meo,
3229 1791 3284 1845 id
3308 1796 3397 1847 est
3425 1791 3692 1856 Abrahae,

2048 1879 2185 1934 sede
2216 1895 2250 1932 a
2280 1877 2499 1933 dextris
2531 1878 2697 1946 meis,
2735 1879 2972 1950 quando
3020 1895 3154 1933 eum
3186 1895 3218 1933 a
3250 1879 3402 1934 caede
3433 1878 3694 1950 quinque

2045 1984 2246 2041 regum
2280 1972 2657 2024 revertentem
2693 1966 2989 2038 triumpho
3011 1967 3250 2022 victoria
3267 1967 3694 2039 glorilicaverit,

2044 2057 2326 2128 quoniam
2351 2057 2535 2112 sessio
2557 2056 2756 2112 victori
2810 2060 3067 2128 paratur.
3095 2057 3528 2126 luterrogemus
3557 2073 3694 2128 ergo

2045 2162 2144 2202 eos
2157 2147 2449 2217 quomodo
2463 2146 2704 2201 Abrabte
2718 2144 3042 2210 conveniat,
3064 2145 3218 2216 quod
3235 2145 3293 2200 in
3317 2145 3520 2200 eodem
3546 2143 3696 2216 psal~

2048 2236 2458 2302 mo(Psal.crx)
2486 2234 2753 2306 sequitur
2788 2251 2798 2289 :
2837 2259 2862 2282 ‹‹
2901 2235 2979 2288 Ex
3011 2239 3170 2290 utero
3197 2239 3331 2289 ante
3363 2233 3694 2290 Luciferum

2045 2323 2220 2396 genui
2253 2329 2326 2378 te.
2357 2348 2380 2373 ι
2418 2324 2483 2378 Et
2504 2325 2717 2382 iterum
2739 2341 2750 2378 :
2774 2347 2800 2372 ι(
2822 2325 2910 2378 'l‘u
2941 2340 3006 2378 es
3033 2324 3306 2378 sacerdos
3323 2323 3382 2378 in
3412 2329 3693 2378 aaternum

2045 2413 2367 2468 secundum
2417 2413 2680 2468 ordinem
2725 2410 3170 2467 Melchisedech.
3218 2436 3246 2461 ››
3280 2412 3488 2468 Dicant
3533 2429 3691 2484 ergo,

2046 2503 2335 2573 quomodo
2367 2503 2659 2558 Abraham
2690 2519 2758 2557 ex
2783 2507 2946 2556 utero
2975 2501 3075 2556 Dei
3098 2515 3232 2556 ante
3266 2501 3592 2556 Luciferum
3617 2501 3696 2556 sit

2046 2590 2448 2660 genitus,cum
2480 2592 2608 2661 ejus
2625 2595 2819 2645 ortum
2848 2595 2905 2645 et
2936 2589 3296 2644 nativitatem
3325 2589 3617 2662 lrgamus:
3639 2594 3698 2645 et

2047 2678 2339 2748 quomodo
2372 2677 2480 2732 l’uit
2506 2679 2778 2734 sacerdos
2807 2679 3134 2733 secundum
3165 2677 3430 2733 ordinem
3463 2677 3695 2733 Melchi-

2047 2767 2277 2832 sedech,
2295 2783 2426 2821 cum
2445 2767 2566 2838 ipse
2579 2765 2773 2838 potius
2785 2767 3042 2838 prwdam
3058 2767 3247 2822 eidem
3266 2765 3696 2822 Melchisedech.

2047 2855 2338 2920 obtulerit,
2362 2860 2420 2910 et
2439 2856 2512 2910 ab
2543 2873 2609 2911 eo
2643 2855 3105 2910 benedictionem
3129 2854 3507 2926 postulaverit
3537 2856 3690 2924 (Gen.

2046 2946 2267 3016 xxv).Et
2298 2962 2430 3001 cum
2465 2945 2815 3018 respondere
2847 2961 2961 3000 non
2985 2943 3297 3018 potuerint,
3319 2961 3425 3000 nos
3447 2943 3694 3000 ﬁrmiter

2047 3035 2378 3103 credamus,
2403 3034 2557 3094 hunc
2589 3034 2881 3106 psalmum
2913 3034 2970 3089 in
2999 3051 3248 3106 persona
3294 3032 3508 3090 Christi
3565 3050 3696 3089 esse

2047 3125 2442 3179 decantatum.
2460 3125 2526 3179 Et
2555 3129 2645 3180 est
2673 3139 2916 3180 sensus:
2939 3145 2966 3172 ‹ι
2989 3123 3142 3178 Dixit
3165 3123 3470 3178 Dominus.
3489 3146 3510 3172 ι
3533 3121 3589 3176 id
3605 3128 3693 3178 est

279 3206 441 3278 quod
474 3205 806 3274 dicendum,
840 3210 976 3280 quia
1010 3229 1124 3267 non
1156 3213 1316 3268 dedit
1348 3218 1620 3269 sanctum
1665 3215 1931 3280 canibus,
1967 3195 2008 3262 ί]
2047 3212 2200 3267 Deus
2231 3212 2468 3269 Paterm
2498 3213 2742 3268 Domino
2773 3228 2923 3278 meo,
2949 3236 2978 3262 ››
2995 3211 3052 3268 id
3083 3215 3172 3268 est
3203 3216 3313 3268 Deo
3345 3211 3507 3267 Filio.
3528 3211 3696 3274 Quod

279 3311 472 3366 neque
502 3296 663 3354 misit
693 3297 1040 3369 margaritas
1063 3318 1202 3357 suas
1231 3309 1368 3358 ante
1398 3319 1622 3374 porcos,
1656 3304 1758 3359 sed
1805 3303 1940 3360 ideo-

273 3382 754 3454 praedicationem
787 3403 956 3442 suam
986 3389 1268 3445 omnibus
1295 3392 1587 3462 patefecit,
1622 3393 1761 3464 quia
1790 3393 1936 3450 tales

269 3479 446 3526 erant
467 3471 528 3526 in
547 3473 736 3541 turba,
753 3475 852 3546 qui
873 3493 974 3548 per
988 3478 1038 3548 ej
1050 3496 1118 3533 us
1137 3479 1607 3549 praedicationem
1626 3481 1929 3537 credituri:

266 3567 324 3614 et
359 3568 425 3615 ut
448 3559 554 3628 illi,
591 3563 688 3633 qui
719 3564 997 3620 credituri
1029 3573 1217 3636 erant,
1240 3567 1520 3624 haberent
1551 3571 1704 3642 quod
1736 3571 1931 3627 crede-

265 3649 555 3721 rent.:qui
575 3667 706 3706 vero
738 3653 970 3709 credere
1002 3655 1244 3723 nollent,
1265 3657 1692 3715 inexcusabiles
1710 3667 1932 3717 essent:

263 3739 374 3794 sed
412 3738 722 3795 Pharisaeis
745 3759 848 3814 per
865 3743 1057 3798 varias
1078 3745 1562 3818 interrogationes
1576 3749 1928 3819 errantibus,

264 3827 566 3884 Dominus
593 3832 743 3902 quod
777 3832 848 3886 ad
883 3832 1283 3889 credulitatem
1309 3841 1366 3890 et
1395 3837 1641 3892 salutem
1658 3839 1928 3909 pertinet,

262 3917 658 3988 interrogavit
687 3936 806 3984 eos,
840 3920 1040 3978 dicens
1073 3940 1086 3978 :
1124 3947 1151 3972 α
1188 3923 1336 3987 Quid
1377 3925 1539 3981 vobis
1587 3927 1814 3982 videtur
1859 3929 1939 3984 de:

261 4006 346 4061 Ch
360 4005 514 4060 risto
529 4007 556 4059 ’ἶ
570 4007 738 4076 cujus
773 4008 956 4064 Filius
986 4013 1112 4067 est?
1130 4035 1158 4060 ››
1179 4014 1252 4067 At
1273 4012 1354 4068 illi
1375 4015 1530 4085 quod
1549 4015 1808 4088 legerant
1825 4034 1930 4073 nec

265 4111 505 4166 negare
531 4101 819 4166 poterant,
837 4100 1280 4172 responderunt,
1298 4103 1588 4160 dicentes:
1620 4128 1647 4154 «
1681 4105 1927 4161 David.»

257 4186 358 4240 Sic
397 4183 558 4238 enim
588 4185 659 4239 ad
693 4188 966 4244 eumdem
999 4188 1175 4244 David
1208 4189 1432 4247 dictum
1468 4199 1821 4250 noverant:«
1856 4199 1929 4253 Et

255 4273 375 4332 erit
391 4276 711 4344 postquam
728 4274 1038 4332 dormieris
1058 4283 1121 4334 tu
1142 4297 1279 4335 cum
1299 4282 1566 4353 patribus
1585 4284 1722 4352 tuis,
1739 4286 1928 4341 susci-

160 4405 169 4414 .
257 4363 405 4416 tabo
432 4377 647 4416 nomen
684 4368 849 4421 tuum
882 4371 1016 4438 post
1049 4370 1296 4440 te,quod
1317 4371 1428 4427 erit
1455 4372 1527 4428 de
1561 4372 1696 4430 ﬁliis
1714 4375 1853 4444 tuis,
1871 4359 1940 4432 et-

253 4447 572 4505 stabiliam
607 4467 854 4523 regnum
907 4457 1036 4526 ejus
1068 4458 1112 4524 (I
1137 4459 1268 4513 Par.
1297 4464 1452 4529 xvu).
1487 4483 1514 4511 ι»
1553 4462 1618 4516 Et
1660 4462 1922 4520 iterum:

2045 3306 2240 3357 autem
2273 3301 2356 3358 ait
2386 3320 2398 3357 :
2433 3325 2459 3352 α
2494 3303 2647 3358 Dixit
2675 3302 2960 3358 Dominus
2990 3300 3237 3357 Domino
3269 3317 3418 3372 meo,
3451 3322 3486 3351 ››.
3512 3300 3692 3373 gemi-

2046 3391 2202 3446 natio
2236 3389 2410 3445 unius
2441 3390 2716 3456 nominis,
2734 3408 2854 3446 non
2882 3389 3226 3444 divisionem
3258 3389 3518 3445 ostendit
3548 3388 3688 3443 sub-

2044 3480 2294 3547 stantize,
2331 3479 2430 3535 sed
2465 3479 2879 3551 proprietatem
2914 3479 3384 3550 uniuscujusque
3406 3493 3685 3549 personae:

2044 3569 2185 3641 quia
2215 3569 2272 3622 in
2305 3575 2514 3624 natura
2543 3568 2644 3639 qui
2693 3572 2782 3623 est
2830 3567 3016 3633 Pater,
3048 3566 3159 3622 hoc
3205 3572 3295 3622 est
3352 3567 3392 3622 F
3393 3566 3556 3633 ilius,
3587 3566 3698 3621 sed

2043 3664 2237 3713 tamen
2271 3657 2384 3713 alia
2414 3664 2506 3713 est
2534 3674 2783 3730 persona
2797 3657 3002 3722 Patris,
3017 3655 3131 3710 alia
3150 3655 3464 3711 Filii.Dixit
3493 3659 3690 3710 autem

2042 3749 2198 3818 quod
2231 3765 2336 3802 nec
2374 3747 2470 3803 ille
2501 3764 2600 3803 ore
2629 3745 2894 3820 protulit,
2925 3763 3030 3800 nec
3082 3745 3194 3800 iste
3242 3762 3382 3800 aure
3429 3743 3700 3801 intentus.

2040 3837 2224 3905 audit,
2260 3838 2360 3892 sed
2396 3837 2551 3908 quod
2602 3837 2724 3891 vult
2752 3837 2938 3901 Pater,
2965 3833 3121 3890 novit
3170 3833 3355 3888 Filius
3384 3850 3398 3888 :
3431 3837 3490 3889 et
3536 3833 3690 3905 quod

2038 3926 2165 3981 vult
2194 3925 2395 3992 Filius,
2430 3925 2589 3980 novit
2620 3924 2808 3991 Pater,
2838 3941 3092 3995 quorum
3141 3923 3356 3988 dicere,
3389 3921 3533 3976 velle
3579 3926 3686 3978 est.

2039 4016 2201 4082 Quod
2231 4031 2365 4069 vero
2393 4014 2476 4070 ait
2509 4030 2521 4068 :
2561 4035 2590 4063 ‹‹
2621 4013 2757 4068 sede
2782 4031 2816 4067 a
2845 4011 3061 4068 dextris
3094 4011 3304 4079 meis,»
3329 4010 3527 4066 victori
3546 4009 3701 4066 Filio.

2039 4103 2272 4170 dicitur,
2287 4103 2428 4174 quia
2440 4101 2626 4158 sessio
2642 4100 2840 4156 victori
2859 4101 3116 4156 debetur.
3133 4100 3239 4166 Qui
3256 4105 3570 4171 postquam
3589 4117 3692 4171 per

2038 4209 2207 4250 suam
2223 4191 2555 4265 passionem
2568 4195 2627 4246 et
2637 4189 3120 4245 resurrectionem
3134 4188 3444 4259 antiquum
3459 4187 3700 4243 hostem.

2039 4281 2355 4354 superavit,
2385 4280 3028 4349 humanitatem,quam
3055 4294 3122 4332 ex
3156 4276 3324 4332 nobis
3357 4292 3702 4346 assumpse-,

2038 4371 2226 4438 rat,in~
2247 4371 2543 4426 dexteram
2572 4367 2757 4424 Patris
2787 4366 3312 4438 collocavjt,Marco
3333 4363 3702 4437 evangelista

2037 4467 2203 4528 teste,
2237 4459 2338 4531 qui
2363 4458 2479 4515 ait:
2516 4481 2543 4508 ‹‹
2580 4457 2868 4514 Dominus
2896 4456 3135 4529 quidem
3165 4455 3358 4522 Jesus,
3374 4459 3702 4526 postquam-

260 4565 283 4628 ξι
327 4539 491 4628 Εςιξε
524 4536 650 4594 dies
697 4541 954 4611 veniunt,
988 4545 1131 4601 dicit
1185 4547 1490 4616 Dominus,
1527 4556 1586 4606 et
1633 4553 1930 4616 suscitabo
1960 4564 2008 4628 Β
2039 4550 2272 4608 locutus
2299 4554 2389 4604 est
2418 4547 2524 4614 eis,
2557 4552 2900 4618 assumptus
2929 4545 3101 4602 estin
3124 4544 3359 4608 caelum,
3387 4548 3444 4599 et
3473 4541 3698 4600 sedete.

254 4625 454 4684 David
481 4643 724 4717 germen
748 4631 1002 4701 justum,
1035 4639 1094 4689 et
1135 4637 1403 4708 regnabit
1446 4656 1545 4695 rex
1592 4647 1651 4697 et
1697 4646 1944 4717 sapiens-

252 4717 382 4770 erit
458 4715 589 4785 (Jer.
639 4734 797 4785 xxxii,
846 4733 1060 4792 mm).
1103 4747 1132 4774 ››
1179 4728 1560 4800 Interrogatio
1615 4715 1931 4792 Salvatoris

253 4804 526 4859 multum
561 4806 730 4861 nobis
762 4808 933 4866 hodie
957 4814 1187 4883 proficit
1205 4821 1408 4888 contra
1426 4817 1678 4887 Judmos,
1694 4839 1793 4879 eos
1815 4827 1928 4882 sci-

254 4893 404 4949 licet
434 4893 538 4964 qui
568 4909 705 4950 eum
734 4902 964 4955 tantum
995 4901 1314 4973 hominem,
1345 4911 1403 4960 et
1433 4924 1547 4963 non
1577 4908 1760 4966 Deum
1801 4931 1926 4970 cre-

256 4982 440 5036 dunt.
472 4978 594 5036 Nos
612 4990 809 5042 autem
829 4989 1022 5045 abillo
1050 4991 1224 5060 docti,
1245 4993 1672 5068 interrogemus
1707 5016 1838 5056 eos:
1865 5002 1924 5058 Si

259 5069 544 5126 Christus
573 5077 803 5130 tantum
836 5075 1011 5135 homo
1040 5086 1221 5147 est,‘et
1252 5099 1366 5137 non
1390 5083 1563 5141 Deus.
1582 5088 1923 5150 «Quomodo

265 5183 282 5207 ε
321 5157 515 5214 David
549 5159 612 5215 in
642 5163 852 5234 spiritu
903 5174 1070 5225 vocat
1117 5187 1252 5226 eum
1301 5171 1638 5244 Dominum,
1671 5178 1872 5234 dicens
1907 5197 1920 5235 :

267 5271 284 5296 ι
314 5247 486 5337 Dixit
518 5248 808 5310 Dominus
838 5255 1084 5315 Domino
1113 5262 1417 5328 meo,sede
1449 5281 1482 5318 a
1513 5264 1732 5321 dextris
1751 5269 1924 5337 meis,

265 5357 294 5384 ιι
320 5336 518 5392 donec
537 5354 754 5410 ponam
770 5343 1038 5406 inimicos
1057 5355 1186 5406 tuos
1203 5350 1525 5408 scabellum
1543 5355 1757 5424 pedum
1792 5336 1922 5413 tuo-

265 5446 289 5474 «
321 5442 461 5482 rum
496 5430 848 5504 (Parmam)?
876 5437 934 5491 Si
964 5455 1101 5512 ergo
1131 5440 1310 5496 David
1343 5447 1507 5498 vocat
1541 5459 1676 5500 eum
1724 5445 1920 5503 Domi-

267 5535 297 5562 ι‹.
322 5530 496 5582 num,
522 5522 818 5588 quomodo
851 5524 1005 5582 {ilius
1036 5529 1168 5599 ejus
1193 5534 1283 5586 est
1302 5530 1330 5584 ?
1361 5554 1388 5582 »
1425 5531 1490 5586 Et
1520 5549 1654 5588 cum
1688 5551 1800 5590 non
1823 5535 1922 5592 ha-

266 5601 504 5667 buerint
535 5610 692 5683 quod
718 5617 1126 5691 respondeant,
1162 5635 1268 5678 nos
1301 5619 1648 5683 ﬁducialiter
1677 5641 1919 5704 respon-

2043 4639 2260 4694 d-extris
2279 4637 2379 4694 Dei
2412 4636 2594 4706 (Marc.
2617 4637 2799 4707 xvx),»
2814 4651 2928 4690 non
2959 4635 3114 4706 quod
3132 4635 3287 4690 Deus
3317 4631 3688 4688 Paterdexte-

2042 4746 2166 4784 ram
2197 4726 2285 4783 vel
2317 4726 2619 4782 sinistram
2662 4724 2874 4782 habere
2922 4723 3248 4779 credendus
3299 4722 3401 4787 sit,
3431 4721 3584 4775 sicut
3631 4723 3687 4774 et

2040 4836 2169 4884 nos,
2203 4817 2306 4873 sed
2335 4822 2492 4871 totus
2522 4820 2611 4870 est
2657 4815 2876 4880 dexter,
2910 4813 3049 4886 quia
3087 4817 3243 4867 totus
3285 4816 3376 4865 est
3415 4814 3678 4865 Sanctus.

2039 4907 2201 4973 Quod
2229 4923 2362 4961 vero
2391 4904 2772 4977 subjungitm
2805 4904 2988 4959 donec
3020 4917 3232 4973 ponam
3264 4897 3536 4954 inimicos
3551 4903 3708 4954 tuos.

2036 4995 2358 5052 scabellum
2390 4995 2605 5065 pedum
2637 4999 2939 5060 tuorum,»
2959 4989 3301 5048 adverbium
3329 4987 3564 5043 ﬁnitum
3581 5003 3685 5059 pro

2034 5086 2263 5140 inﬁnito
2280 5084 2766 5156 posuittempore.
2785 5081 2936 5137 Usus
2952 5079 3108 5135 enim
3121 5079 3433 5150 Scriptura
3446 5082 3555 5142 est,
3571 5077 3683 5134 hoc

2035 5175 2372 5232 adverbium
2403 5172 2634 5227 ﬁnitum
2666 5171 2980 5242 aliquando
3012 5186 3116 5242 pro
3146 5169 3332 5236 ﬁnito,
3365 5166 3700 5239 aliquando.

2035 5281 2139 5338 pro
2169 5262 2396 5318 infinito
2427 5260 2771 5334 poneri.Pro
2802 5259 2986 5328 ﬁnito,
3003 5260 3155 5314 sicut
3180 5276 3282 5331 per
3310 5258 3524 5314 Isaiam
3555 5273 3685 5329 pro-

2033 5354 2268 5427 phetam
2300 5351 2514 5406 dicitur
2545 5368 2558 5406 :
2595 5373 2623 5399 ‹‹
2657 5348 2870 5420 Populo
2903 5365 3090 5416 meus,
3123 5350 3278 5404 intra
3316 5349 3376 5403 in
3410 5344 3686 5404 cubicula.

2033 5451 2160 5507 tua,
2199 5441 2557 5498 abscondere
2605 5439 2900 5496 modicum
2950 5439 3024 5495 ad
3073 5443 3462 5507 momentum,
3496 5437 3688 5492 donec

2031 5534 2396 5606 pertranseat
2442 5528 2770 5603 indignatio
2821 5530 2945 5600 (Ita.
3005 5530 3174 5601 xxvn).
3212 5552 3240 5578 »
3272 5529 3380 5584 Pro
3425 5525 3676 5589 inﬁnito,

2031 5622 2279 5686 sicutait
2288 5620 2603 5681 Psalmista
2618 5637 2630 5679 :
2647 5644 2674 5673 α
2689 5617 2853 5679 Oculi
2867 5619 3053 5680 nostri
3071 5619 3142 5678 ad
3159 5617 3475 5676 Dominum
3491 5615 3680 5674 Deum
