4060 6178
388 288 502 352 .707

949 288 1351 349 llAYMONIS
1397 289 1935 350 HALBERSTAT.
1985 287 2231 350 EPISC.
2279 289 2449 350 OPP.
2498 289 2695 352 PARS
2741 291 2818 350 Il.
2852 324 2929 334 ——
2959 291 3227 353 HOMIL.

3677 293 3788 352 708

385 424 671 485 n-vrrtrnm,
723 421 903 475 donec
952 420 1297 477 misereatur
1342 420 1523 475 nostii
1565 420 1732 491 (Psal.
1785 420 1943 489 exn).
1999 441 2025 468 ››
2054 418 2112 487 Α
2140 419 2285 476 bene
2312 419 2605 483 docebant
2635 421 2908 477 audiendi
2938 422 3211 478 ora‘nt:in
3230 421 3785 493 quuodmalevive-

382 512 449 565 Et
484 509 807 582 Propheta:
849 532 877 560 «
910 509 1101 567 Donec
1141 510 1461 567 senescatin
1481 526 1585 582 ego
1617 526 1771 565 sum.
1809 531 1836 559 ››
1870 508 2028 563 Νιιη-

384 599 525 671 quid
555 602 687 671 post
717 598 948 657 illorum
981 602 1272 655 senectam
1303 599 1456 654 Deus
1488 600 1720 655 futurus
1746 615 1860 653 non
1884 603 2026 666 erat,

383 691 486 742 aut
517 686 664 743 oculi
695 687 879 745 nostri
905 688 1223 744 cessabunt
1252 687 1539 759 respicere
1569 687 1641 742 ad
1681 704 1836 753 eum,
1871 691 2028 760 post-

383 792 560 848 quam
608 776 885 833 misertus
933 775 1107 832 fuerit
1156 774 1386 831 nostri?
1416 776 1578 844 Non;
1613 776 1735 845 sed,
1770 780 1835 832 ut
1882 774 2029 831 dixi-

384 878 539 931 mus,
570 865 801 921 ﬁnitum
834 881 940 936 pro
970 864 1197 921 inﬁnito
1229 864 1445 938 posuit.
1469 865 1561 920 Sic
1591 868 1649 920 et
1677 865 1735 921 in
1763 864 1874 923 hoc
1903 864 2028 921 loco

381 955 524 1010 dum
555 954 718 1022 dixit,
743 954 968 1009 «donec
995 970 1209 1017 penam
1242 953 1514 1010 inimicos
1546 958 1699 1023 tuos,
1725 954 2029 1022 netc.,hoc

379 1042 716 1098 adverbium
732 1041 1025 1099 inﬁnitum
1046 1041 1429 1098 aeternitatem
1453 1042 1665 1099 Christi
1687 1046 1876 1099 sonat.
1895 1044 2030 1099 Sca-

379 1131 596 1187 bellum
650 1129 805 1187 enim
851 1148 885 1187 a
922 1131 1254 1187 scandendo
1312 1131 1533 1188 dicitur
1567 1132 1785 1204 :pedcs
1828 1136 2026 1188 autem

378 1219 756 1277 aeternitatem
772 1220 900 1292 ejus
915 1224 1209 1294 perpetua:
1219 1220 1390 1277 stabil
1402 1220 1557 1277 itatis
1569 1221 1900 1294 designant.
1918 1220 2029 1277 Ini-

377 1309 512 1366 mici
528 1308 792 1381 vero,qui
812 1309 924 1364 sub
938 1308 1191 1365 scabello
1204 1309 1419 1381 pedum
1434 1313 1753 1381 ponuntur,
1770 1327 1883 1365 non
1904 1327 2029 1383 per-

376 1400 708 1453 severantes
723 1395 945 1452 inimici
961 1396 1322 1470 intelligendi
1339 1397 1606 1462 sunt,sed
1622 1397 1833 1471 illi,qui
1848 1415 2031 1471 quon-

375 1486 511 1540 dam
536 1484 777 1550 inimici,
803 1502 906 1557 per
916 1485 1353 1542 conversionem
1369 1484 1722 1542 reconciliati
1739 1486 1871 1542 facti
1889 1490 2029 1543 sunt

375 1575 569 1630 amici.
603 1575 761 1639 Quod
800 1574 853 1628 in
888 1592 952 1629 eo
985 1573 2025 1647 facileintelligitur,quiaFilius,sub

376 1665 549 1736 cujus
582 1664 834 1723 scabello
852 1664 1066 1735 pedum
1085 1670 1405 1736 ponuntur,
1422 1664 1485 1733 in
1505 1665 1710 1720 dextra
1727 1665 1929 1721 sedere
1942 1665 2026 1720 di-

375 1755 542 1809 citur.
572 1752 689 1808 Soli
718 1752 875 1809 enim
901 1751 1069 1808 electi
1098 1752 1157 1807 in
1182 1754 1415 1809 dextera
1436 1753 1685 1826 ponendi
1717 1758 1876 1823 sunt,
1898 1754 2025 1826 ipso
2057 1792 2103 1858 Β

377 1843 620 1899 Domino
651 1843 881 1899 dicente
919 1859 932 1898 :
966 1865 993 1891 ‹‹
1027 1846 1253 1897 Statuet
1283 1842 1519 1914 quidem
1554 1860 1686 1899 oves
1718 1860 1751 1899 a
1780 1844 2020 1914 dextris,

375 1932 573 1989 haedos
603 1935 797 1987 autem
821 1948 854 1987 a
883 1930 1160 1988 sinistris.
1194 1932 1359 1989 Tunc
1390 1931 1543 1987 dicet
1572 1930 1689 1988 illis
1718 1932 1819 2004 qui
1842 1933 2024 1989 adax-

376 2022 483 2076 tris
512 2021 638 2092 ejus
668 2024 838 2077 erunt.
869 2036 880 2074 :
915 2018 1143 2088 Venite,
1174 2019 1467 2076 benedicti
1501 2020 1688 2076 Patris
1720 2022 1853 2089 mei,
1887 2039 2022 2094 pos-

376 2111 558 2166 sidete
587 2114 854 2182 paratum
877 2108 1042 2163 vobis
1067 2125 1308 2181 regnum
1329 2127 1363 2165 a
1386 2110 1799 2167 constitutione
1817 2110 2022 2167 mundi

374 2199 582 2268 (Matth.
616 2199 766 2270 xxv).
801 2221 831 2249 »

445 2314 470 2339 ‹‹
508 2290 576 2344 Et
609 2306 776 2345 nemo
808 2292 1034 2361 poterat
1061 2289 1133 2343 ad
1165 2288 1286 2344 haec
1308 2289 1658 2360 respondere
1679 2289 1730 2345 ei
1755 2289 2018 2357 verbum,

375 2406 401 2430 α
420 2395 605 2451 neque
619 2395 800 2435 ausus
820 2378 1007 2433 fuitex
1030 2374 1173 2432 illad
1186 2377 1234 2432 ie
1251 2376 1504 2449 amplius
1517 2377 1830 2449 quisquam
1846 2378 2023 2433 inter-

375 2494 398 2518 α
427 2484 649 2541 rogare.
671 2466 990 2522 »Videntes
1012 2465 1285 2521 Pharisaei
1309 2466 1367 2521 in
1402 2464 1527 2527 suis
1559 2466 2022 2540 interrogationi-

374 2558 485 2613 bus
500 2555 725 2613 Domini
738 2556 968 2611 laudem
985 2571 1262 2622 crescere,
1278 2558 1335 2611 et
1346 2572 1516 2611 suam
1531 2556 2017 2628 vituperationem

374 2664 487 2703 non
522 2646 649 2702 ausi
683 2649 823 2701 sunt
850 2662 987 2703 eum
1015 2643 1271 2717 amplius
1302 2643 1847 2718 interrogarezquia
1874 2646 2017 2719 quid

372 2735 512 2808 quid
531 2735 1010 2804 dixerint,contra
1029 2750 1090 2790 se
1109 2734 1328 2789 dictum
1352 2734 1818 2793 sentiebant.Sed
1842 2752 2017 2808 quem

371 2824 727 2898 interrogare
742 2841 856 2881 non
871 2822 1189 2890 audebant,
1205 2823 1512 2879 manifeste
1527 2824 2015 2896 comprehensum

372 2915 644 2970 Romana
672 2914 1041 2969 tradiderunt
1069 2912 1441 2986 potestati,ut
1471 2912 1866 2986 intelligamus
1880 2915 2018 2987 quia

369 3004 514 3059 livor
545 3006 601 3059 et
622 3002 837 3058 invidia
859 3002 1119 3075 superari
1140 3005 1351 3074 potest,
1373 3002 1473 3057 sed
1494 3002 1792 3074 quiescere
1807 3006 2012 3060 nescit.

441 3119 467 3143 ι(
492 3093 656 3149 Tunc
689 3090 920 3148 locutus
950 3096 1038 3148 est
1066 3091 1239 3147 Jesus
1255 3091 1326 3146 ad
1348 3091 1639 3159 lurbas,et
1663 3091 1733 3146 ad
1757 3091 2013 3165 discipu-

2139 508 2302 577 bant,
2335 527 2438 565 nec
2461 510 2759 578 audiendi,
2793 527 2897 566 nec
2926 509 3788 571 imitandierant.Undeetbene

2139 596 2354 653 dicitur
2386 615 2399 653 :
2435 623 2461 648 ‹‹
2497 599 2709 655 Omnia
2733 616 2868 672 ergo
2899 615 3261 671 quaecunque
3309 598 3563 655 dixerint
3602 600 3786 666 vobis,

2139 692 2364 743 servate
2396 692 2452 742 et
2484 687 2672 746 facite.
2704 709 2733 737 »
2767 687 2910 753 Quia
2927 687 3083 744 enim
3107 705 3222 743 non
3236 704 3407 743 suam
3436 687 3788 757 doctrinam,

2139 777 2240 832 sed
2275 776 2372 833 Dei
2423 777 2896 848 praadicationem
2947 777 3252 842 docebant,
3306 777 3436 833 ideo
3484 776 3555 833 ad
3588 794 3787 834 eorum

2138 864 2463 920 doctrinam
2508 865 2863 922 audiendam
2892 864 2981 922 vel
3031 866 3453 922 observandam
3505 866 3786 940 populum

2136 953 2446 1022 invitabat;
2475 958 2532 1010 et
2560 955 2719 1026 quod
2750 955 2819 1009 ad
2852 971 3054 1010 eorum
3087 953 3556 1027 praedicationem
3590 953 3784 1011 obser-

2135 1043 2385 1098 vandam
2412 1042 2695 1117 populum
2725 1043 3407 1116 provocaverat,nuncab
3438 1043 3787 1099 eorumimi-

2135 1130 2352 1188 tatione
2382 1132 2743 1189 observanda
2756 1136 3004 1198 revocat,
3019 1148 3153 1187 cum
3167 1131 3494 1205 subjungit:
3523 1153 3552 1181 ει
3574 1132 3787 1189 Secun-

2135 1221 2279 1276 dum
2308 1238 2439 1277 vero
2471 1238 2648 1294 opera
2678 1238 2881 1277 eorum
2911 1220 3093 1276 nolite
3143 1221 3349 1277 facere.
3377 1242 3407 1271 u
3442 1221 3786 1292 Quicunque

2134 1309 2292 1375 enim
2305 1310 2549 1371 hodiein
2566 1309 3177 1375 Ecclesiabencdocet,
3209 1313 3269 1365 et
3282 1308 3431 1365 male
3460 1308 3784 1377 vivit,Scri-

2134 1398 2210 1453 ba
2238 1403 2328 1454 est
2357 1403 2412 1454 et
2445 1398 2916 1457 Pharisaeus.Sed
2931 1400 3105 1471 cujus
3123 1396 3590 1471 vitadespicitnr,
3610 1402 3787 1454 restat

2135 1491 2201 1543 ut
2231 1487 2361 1559 ejus
2379 1488 2708 1560 praedicatio
2724 1491 3159 1556 contemnatur,
3173 1491 3369 1543 tamen
3385 1491 3624 1560 propter
3635 1486 3789 1543 mala

2134 1593 2328 1648 opera,
2362 1577 2514 1633 bona
2547 1577 2878 1650 praedicatio
2910 1594 3023 1631 non
3057 1582 3146 1633 est
3177 1575 3577 1647 relinquenda.
3627 1575 3789 1633 Unde

2136 1664 2350 1721 Paulus
2381 1666 2680 1739 apostolus
2712 1666 2884 1721 dicit:
2918 1690 2944 1715 ‹‹
2979 1664 3105 1721 Sive
3133 1681 3201 1721 ex
3232 1664 3701 1730 occasione,sive
3718 1681 3787 1721 ex

2134 1754 2371 1810 veritate
2402 1753 2667 1813 Christus
2698 1754 3102 1822 annuntietur,
3137 1753 3195 1809 in
3228 1752 3336 1809 hoc
3349 1753 3709 1826 gaudeo,sed
3727 1756 3786 1808 et

2133 1842 2398 1916 gaudebo
2431 1844 2661 1916 (Philip.
2698 1843 2756 1916 ι).

2202 1930 2518 2025 _«&lligant
2541 1934 2703 2025 enim
2731 1948 2907 1989 onera
2921 1932 3134 2025 gravia
3163 1936 3221 1987 et
3270 1931 3691 2025 importabilia,
3725 1937 3781 1987 et

2131 2042 2159 2069 ‹‹
2196 2019 2506 2093 imponunt
2537 2022 2595 2076 in
2632 2019 3777 2092 humeroshominum,digitoautemsuo

2135 2132 2156 2157 ι
2196 2107 2403 2166 nolunt
2433 2126 2501 2165 ea
2530 2127 2781 2167 movere.
2816 2132 2844 2160 »
2867 2108 3265 2183 Oneragravia
3292 2107 3774 2181 etimportabilia,

2131 2201 2417 2270 praecepta
2447 2197 2593 2271 legis
2625 2198 2880 2267 fuerunt,
2915 2215 3043 2271 quae
3063 2198 3772 2271 propterduritiamlsrae-

2128 2284 2268 2340 litici
2304 2287 2523 2358 populi,
2557 2288 2703 2343 dura
2733 2292 2791 2343 et
2824 2304 3029 2360 aspera
3059 2290 3200 2343 sunt
3229 2285 3693 2351 data,intantum
3716 2290 3775 2341 ut

2128 2373 2329 2431 nullus
2339 2392 2406 2430 ea
2409 2376 2434 2447 j
2445 2375 2844 2433 uxtalitteram
2858 2376 2937 2430 im
2945 2374 3101 2448 plere
3116 2374 3776 2447 potuisset,sicutPetrus

2128 2462 2428 2535 apostolus
2460 2468 2736 2521 testatur:
2774 2487 2801 2513 «
2837 2464 2984 2530 Quid
3013 2462 3191 2518 vultis
3234 2462 3533 2534 imponere
3565 2463 3770 2536 jngum

2128 2568 2305 2626 super
2333 2552 2582 2609 cervices
2609 2551 3227 2625 discipulorum,quod
3259 2568 3447 2625 neque
3461 2569 3568 2607 nos
3590 2569 3769 2625 neque

2126 2645 2321 2714 patres
2345 2642 2525 2698 nostri
2551 2646 2780 2714 portare
2802 2641 3134 2715 potuimus?
3148 2641 3257 2697 Sed
3276 2656 3377 2713 per
3392 2641 3642 2712 gratiam
3663 2646 3769 2696 Do-

2127 2730 2273 2785 mini
2302 2731 2441 2787 Jesu
2472 2731 2765 2789 credimus
2794 2730 3028 2798 salvari,
3057 2730 3555 2803 quemadmodum
3604 2735 3661 2784 et
3688 2729 3766 2785 illi

2102 2818 2258 2890 (Act.
2292 2822 2403 2892 xv).
2442 2843 2469 2869 »
2498 2820 2610 2876 Sed
2641 2836 2817 2876 onera
2846 2818 3042 2892 gravia
3061 2824 3117 2876 et
3138 2816 3534 2890 importabilia
3562 2819 3769 2874 Scriba:

2125 2911 2182 2962 et
2213 2907 2485 2964 Pharisaei
2512 2907 2778 2982 graviora
2807 2908 3081 2977 fecerant,
3106 2909 3391 2980 quasdam
3424 2907 3771 2964 observatio-

2125 3014 2228 3054 nes
2258 3002 2315 3053 et
2344 2997 2789 3070 superstitiones
2810 2997 3088 3054 addentes
3118 2997 3178 3051 in
3224 2995 3379 3070 lege,
3406 3001 3470 3051 ut
3517 3012 3624 3068 per
3654 2997 3769 3053 hac

2124 3085 2449 3159 simplicem
2466 3086 2696 3142 turbam
2711 3087 2780 3142 ad
2798 3103 2967 3143 suam
2978 3084 3404 3142 venerationem
3422 3084 3771 3141 inclinarent

370 3206 395 3233 ‹‹
429 3181 517 3239 los
549 3181 953 3250 suos,dicens:
969 3181 1156 3253 Super
1174 3180 1512 3236 cathedram
1538 3158 1719 3251 Moysi
1739 3158 2018 3238 sederunt
2047 3158 2090 3226 θ
2128 3158 2279 3229 sicut
2307 3173 2391 3230 eis
2422 3173 2706 3230 Dominus
2736 3173 2874 3237 alibi
2905 3174 3205 3246 exprobal,
3257 3173 3477 3237 dicens:
3514 3197 3541 3225 «
3576 3174 3771 3247 Hypo-

371 3297 398 3322 ι(
429 3262 641 3328 Scriba:
671 3276 733 3329 et
758 3269 1288 3327 Pharisaei:0mnia
1309 3284 1444 3341 ergo
1476 3284 1840 3341 quaecunque
1855 3270 2016 3327 dixe-

367 3386 393 3413 ‹‹
430 3363 546 3418 rint
576 3361 761 3428 vobis,
781 3361 950 3416 facite
979 3363 1037 3415 et
1065 3360 1308 3425 servate,
1332 3358 1655 3412 secundum
1687 3375 1818 3415 vero
1840 3377 2017 3432 opera

367 3476 393 3503 ‹‹
427 3469 631 3508 eorum
664 3450 839 3505 nolite
868 3445 1289 3520 agere.Dicunt
1311 3446 1469 3501 enim
1501 3450 1557 3500 et
1586 3464 1703 3503 non
1724 3448 2012 3507 faciunt.»

364 3541 612 3596 Grandis
644 3540 704 3594 in
726 3539 832 3593 hoc
851 3537 976 3592 loco
998 3534 1229 3591 Domini
1252 3533 1582 3590 ostenditur
1597 3536 1895 3607 patientia,
1911 3541 2012 3596 sed

350 3647 480 3685 -non
502 3628 693 3684 minor
708 3628 836 3697 ejus
859 3623 1190 3680 declaratur
1209 3622 1628 3680 benevolentia.
1649 3626 1862 3683 Scriba:
1873 3645 2011 3702 ergo

365 3725 421 3774 et
437 3716 712 3773 Pharisaei
729 3712 1094 3788 gravissimis
1109 3711 1265 3767 hunc
1288 3712 1707 3783 quaestionibus
1729 3715 2012 3774 lacessere

365 3804 831 3879 cupiebant,ipse
845 3806 1036 3857 autem
1053 3801 1124 3855 ad
1138 3817 1339 3857 eorum
1354 3802 1776 3872 subjectionem
1789 3809 2013 3863 etvene-

366 3896 650 3952 rationem
680 3892 885 3947 turbas
916 3890 1276 3959 hortabatur,
1312 3890 1584 3947 dicens:«
1618 3893 1805 3966 Super
1819 3895 2013 3952 cathe.

364 3986 529 4040 dram
568 3981 776 4055 Moysi.
794 4003 821 4031 »
839 3982 907 4037 Et
936 3979 1482 4052 reliqua.Cathedra
1509 3985 1707 4038 autem
1726 3982 1907 4040 sedile
1922 3992 2012 4042 est

363 4074 645 4147 ligneum,
679 4068 1089 4128 sustentationi
1122 4069 1383 4140 corporis
1413 4070 1672 4142 undique
1705 4079 1930 4147 aptum,
1951 4080 2010 4131 et

363 4163 490 4219 ideo
525 4161 822 4235 magistris
853 4162 911 4215 et
939 4156 1274 4215 doctoribus
1303 4175 1650 4231 congruum.
1675 4162 1782 4217 Per
1810 4162 2007 4220 cathe-

361 4253 526 4307 dram
542 4267 793 4322 namque
813 4247 1129 4320 aliquando
1141 4248 1314 4316 bona,
1331 4246 1645 4320 aliquando
1659 4250 2009 4325 malasigni-

360 4341 569 4398 ficatur
597 4338 862 4396 doctrina
885 4356 898 4393 :
920 4336 1100 4404 mala,
1123 4337 1279 4393 sicut
1307 4335 1367 4392 in
1398 4337 1590 4409 primo
1620 4339 1846 4412 psalmo
1864 4341 2006 4415 legi-

360 4437 484 4486 tur:
501 4454 529 4480 «
551 4432 612 4484 tn
642 4427 919 4484 cathedra
944 4424 1285 4499 pestilentia
1319 4443 1432 4481 non
1457 4427 2009 4497 sedit:»bona,sicut

2123 3263 2300 3328 eritte,
2335 3281 2512 3336 quare
2538 3262 3013 3336 transgredimini
3039 3263 3379 3319 mandatum
3399 3262 3502 3318 Dei
3536 3268 3771 3336 propter

2122 3353 2467 3409 traditiones
2498 3358 2722 3409 vestras
2738 3353 2766 3407 ?
2793 3352 2938 3409 Nam
2957 3351 3521 3408 Deusdixitzﬁonora
3542 3355 3767 3424 patrem

2122 3446 2293 3498 tuum
2328 3448 2385 3498 et
2414 3446 2683 3498 matrem.
2714 3441 2831 3498 Vos
2859 3445 3053 3497 autem
3079 3439 3299 3497 dicitis:
3336 3441 3553 3496 Munus
3583 3442 3766 3513 quod-

2122 3548 2352 3605 cunque
2382 3535 2471 3588 est
2495 3548 2563 3587 ex
2594 3548 2710 3600 me,
2740 3530 2845 3586 tibi
2865 3529 3142 3603 proderit,
3161 3534 3220 3586 et
3241 3546 3355 3585 non
3369 3528 3767 3585 honorificatis

2108 3625 2370 3693 patrem,
2401 3624 2458 3677 et
2488 3620 2719 3676 irritum
2753 3619 2976 3677 fecistis
3006 3619 3349 3675 mandatum
3382 3616 3485 3674 Dei
3534 3623 3769 3690 propter

2120 3710 2465 3767 traditiones
2495 3714 2717 3767 vestras
2749 3709 2955 3783 (Matth.
2979 3709 3093 3782 xv).
3129 3731 3156 3759 »
3186 3708 3375 3781 Digito
3416 3711 3613 3762 autem
3663 3724 3764 3762 suo

2120 3799 2327 3855 nolunt
2357 3817 2425 3877 ea
2454 3816 2705 3864 movere,
2738 3799 2878 3871 quia
2894 3816 3006 3855 non
3022 3798 3211 3855 solum
3238 3795 3762 3877 majoralegispraa-

2118 3893 2286 3962 cepta
2317 3876 2429 3945 non
2462 3888 2867 3956 observabant,
2898 3904 3098 3943 verum
3132 3888 3307 3942 etiam
3339 3876 3567 3940 minora
3582 3883 3762 3957 digito

2118 3979 2475 4053 operationis
2503 3983 2741 4050 tangere
2774 3975 3072 4033 nolebant.
3107 3975 3187 4031 De
3216 3974 3435 4046 quibus
3475 3972 3611 4029 alibi
3646 3975 3753 4028 ait:

2119 4095 2146 4122 «
2180 4070 2272 4124 Va:
2302 4068 2488 4137 vobis,
2522 4067 2734 4123 Scriba
2765 4070 2821 4121 et
2851 4063 3124 4121 Pharisaei
3146 4062 3480 4138 hypocrita,
3502 4061 3599 4135 qui
3632 4061 3757 4117 tuli-

2118 4160 2226 4216 stis
2250 4158 2471 4215 clavem
2503 4156 2757 4212 scientize
2785 4154 2936 4223 (Luc.
2969 4154 3073 4225 χι).
3107 4176 3135 4203 ››
3176 4152 3286 4209 Sed
3320 4152 3460 4224 quia
3495 4150 3615 4223 haec
3647 4166 3754 4205 non

2118 4264 2315 4307 amore
2346 4246 2464 4316 Dei,
2498 4246 2598 4303 sed
2623 4243 2942 4317 cupiditate
2959 4241 3150 4300 laudis
3166 4242 3438 4298 humana:
3453 4239 3752 4308 faciebant,

2119 4344 2270 4396 recte
2302 4335 2683 4409 subjungitur
2707 4351 2719 4390 :

2190 4454 2216 4480 ‹‹
2252 4426 2460 4486 Omnia
2487 4441 2623 4481 vero
2655 4439 2834 4497 opera
2863 4441 2971 4480 sua
3001 4423 3242 4488 faciunt,
3272 4423 3338 4476 ut
3364 4419 3671 4475 videantur
3686 4417 3755 4472 ab

359 4517 675 4576 Psalmista
701 4516 840 4573 alibi
868 4516 987 4571 ait:
1022 4538 1049 4564 ‹‹
1084 4513 1351 4571 Exaltent
1373 4532 1509 4571 eum
1540 4515 1599 4571 in
1630 4516 1873 4575 ecclesia
1888 4519 2005 4593 ple-
2040 4530 2085 4595 Β
2116 4543 2143 4570 ‹‹
2177 4516 2537 4575 hominibus.
2575 4536 2602 4562 »
2633 4513 2812 4569 Erant
2826 4511 2982 4568 enim
2997 4509 3163 4576 tales,
3200 4507 3634 4565 utilludaudire
3648 4522 3758 4595 mes

360 4608 470 4674 bis,
486 4607 618 4663 etin
640 4606 918 4662 cathedra
938 4605 1237 4662 seniorum
1259 4603 1501 4659 laudent
1520 4622 1654 4661 eum
1670 4608 1957 4678 (Psal.x1).
1977 4631 2004 4659 »
2043 4593 2074 4595 ﬂ
2116 4610 2405 4674 rerentur,
2430 4603 2587 4676 quod
2619 4602 2902 4658 Dominus
2931 4599 3069 4655 alibi
3100 4599 3210 4655 ait:
3244 4622 3272 4648 ‹‹
3304 4597 3420 4654 Vos
3471 4596 3611 4655 estis
3660 4593 3759 4668 qui

357 4698 454 4753 Sic
484 4703 541 4753 et
569 4697 628 4751 in
658 4696 767 4751 hoc
794 4694 920 4752 loco
959 4694 1019 4749 in
1066 4694 1221 4750 bono
1269 4693 1525 4765 ponitur,
1556 4711 1692 4752 cum
1741 4697 1955 4753 dicitur
1986 4716 2000 4755 :

2103 4694 2444 4771 justiﬁcatis
2474 4710 2577 4749 vos
2606 4708 2803 4759 coram
2825 4688 3189 4760 hominibus,
3206 4689 3355 4744 Deus
3387 4691 3583 4743 autem
3605 4683 3760 4740 novit

364 4808 384 4835 ι
420 4788 607 4860 Super
660 4784 995 4841 cathedram
1047 4782 1248 4855 Moysi.
1285 4804 1313 4832 ››
1345 4782 1447 4840 Hic
1496 4784 1773 4841 cathedra
1820 4786 2002 4862 Moysi
2112 4787 2289 4844 corda
2316 4787 2508 4839 vestra
2537 4782 2689 4853 (Luc.
2723 4779 2820 4840 x1).
2861 4802 2888 4830 ››
2922 4779 3005 4834 De
3049 4776 3265 4855 quibus
3312 4775 3452 4832 alibi
3501 4774 3755 4830 dicitur:

358 4876 681 4931 doctrinam
701 4872 1192 4947 legissigniﬁcat,
1207 4887 1339 4943 qua:
1359 4888 1463 4944 pro
1479 4888 1546 4928 eo
1565 4872 1748 4946 Moysi
1765 4874 1998 4947 dicitur,

2116 4898 2142 4930 α
2171 4878 2354 4932 Amen
2385 4871 2513 4928 dico
2569 4870 2753 4936 vobis,
2810 4871 3152 4940 receperunt
3213 4865 3541 4925 mercedem
3590 4878 3756 4919 suam

358 4966 560 5038 quia.a
588 4964 832 5020 Domino
862 4961 999 5017 data
1028 4959 1358 5034 specialiter
1386 4960 1600 5036 populo
1629 4979 1733 5034 per
1763 4963 1999 5038 Moysen
2106 4964 2327 5037 (illatth.
2358 4961 2457 5033 v1).
2493 4980 2520 5010 ››
2556 4957 2717 5014 Unde
2737 4956 2878 5013 alibi
2894 4951 3748 5026 fortitereosincrepat,dicen3'

356 5060 445 5110 est
463 5052 890 5109 administrata.
906 5050 1094 5123 Super
1112 5050 1451 5107 cathedram
1472 5066 1608 5123 ergo
1631 5051 1813 5124 Moysi
1834 5055 1999 5111 sede-

358 5147 496 5198 runt
522 5141 735 5196 Scriba:
765 5145 824 5196 et
843 5139 1139 5207 Pharisaei,
1155 5140 1296 5212 quia
1317 5140 1376 5194 in
1399 5139 1663 5196 doctrina
1678 5140 1825 5214 legis
1842 5142 2005 5215 quie-

356 5233 579 5287 verunt.
616 5230 686 5286 Et
715 5229 843 5285 ideo
865 5229 1150 5285 Dominus
1176 5230 1249 5285 ad
1280 5244 1482 5284 eorum
1530 5229 1857 5287 doctrinam
1902 5249 2006 5288 au-

356 5320 632 5377 diendam
660 5319 860 5375 turbas
890 5318 1176 5385 hortatur,
1210 5318 1349 5391 quia
1378 5317 1647 5391 quamvis
1672 5318 1823 5377 male
1851 5321 2007 5378 vive-

357 5414 506 5477 rent,
519 5413 713 5464 tamen
726 5408 878 5464 bona
889 5406 1178 5463 dicebant.
1199 5409 1345 5474 Quia
1356 5424 1535 5480 quam
1550 5406 1805 5481 vulgaris
1818 5425 2004 5483 popu-

354 5499 447 5555 lus
460 5497 784 5571 intelligere
797 5514 910 5553 non
926 5500 1172 5570 poterat,
1189 5496 1269 5553 illi
1285 5496 1657 5569 specialitera
1671 5497 1916 5555 Domino
1932 5499 2001 5555 ad

356 5588 681 5651 docendum
715 5586 999 5665 populum
1031 5591 1389 5661 acceperant.
1417 5590 1483 5645 In
1516 5602 1582 5645 eo
1639 5586 1819 5658 enim,
1849 5588 2005 5666 quod

2114 5078 2135 5105 ι
2170 5053 2264 5108 Va:
2293 5050 2479 5118 vobis,
2514 5046 2725 5104 Scriba
2757 5050 2815 5101 et
2845 5038 3759 5117 Pharisaeihypocritze,quisimi-

2116 5142 2200 5199 les
2231 5140 2374 5198 estis
2404 5135 2687 5211 sepulcris
2717 5132 3004 5190 dealbatis
3036 5132 3239 5206 (Matth.
3276 5131 3460 5204 xxxii),
3481 5152 3509 5179 ››
3532 5134 3591 5185 et
3623 5126 3756 5183 reli-

2116 5248 2251 5304 qua.
2283 5229 2543 5293 Quorum
2556 5222 3243 5295 vitiaDominusdetegit,
3260 5236 3393 5277 cum
3423 5217 3615 5275 adhuc
3627 5215 3755 5273 sub-

2107 5318 2327 5393 jungit,
2362 5317 2590 5377 dicens:
2621 5338 2650 5365 ‹‹
2686 5312 2941 5369 Dilatant
2972 5313 3130 5368 enim
3169 5308 3525 5384 phylacteria
3570 5305 3754 5393 suaet

2116 5391 2143 5460 ξι
2170 5391 2549 5481 magnificant
2580 5402 2861 5459 ﬁmbrias.
2900 5424 2922 5451 ιο
2957 5402 3100 5458 Cum
3115 5396 3664 5456 dedissetDominus
3678 5391 3752 5481 le-

2115 5513 2247 5573 gem
2275 5479 2379 5569 per
2409 5494 2666 5568 Moysen,
2693 5491 2763 5547 ad
2813 5494 3137 5561 extremum
3190 5486 3413 5545 intulit:
3464 5510 3492 5537 «
3526 5479 3750 5559 Ligabis

2115 5605 2240 5647 eam
2274 5585 2329 5642 in
2364 5582 2563 5657 digitis
2592 5581 2734 5650 tuis,
2760 5582 3400 5639 eteruntimmotaante
3416 5574 3749 5638 oculostuoe
