4060 6178
219 267 353 324 713.

1451 259 1801 322 nouum;
1843 257 1945 319 DE
1988 260 2381 321 Tauream.
2478 332 2489 341 ,

3491 264 3612 324 ’114

219 399 512 468 peccantes
542 394 834 463 irascitur,
873 399 937 451 ut
966 395 1395 469 paenitentibus
1434 391 1845 465 compatiatur.
1875 389 1933 457 Α
1954 391 2175 462 justus,
2204 407 2380 464 quam
2412 393 2579 449 fortis
2609 394 2687 449 sit
2715 393 3040 462 videamus,
3072 393 3217 451 Cum
3247 394 3403 455 enim
3432 411 3615 455 senex

216 485 304 543 Vel
335 489 487 542 certe
517 484 599 552 hi,
632 484 1131 559 quiparalyticum
1164 483 1495 541 Dominoad
1529 480 1852 543 curandum

214 573 559 642 obtulerunt,
594 577 755 630 recte
777 577 1029 645 quatuor
1060 573 1240 630 fuisse
1271 576 1693 630 memorantur:
1716 569 1854 642 quia

213 667 452 735 quatuor
480 661 989 737 suntprincipales
1003 662 1266 731 virtutes,
1284 663 1354 719 de
1376 662 1595 735 quibus
1614 659 1670 714 in
1689 661 1813 715 teter
1828 690 1853 699 -

212 770 287 809 nae
310 750 819 825 sapientiaelaude
849 752 1098 821 canitur,
1133 751 1420 808 sobrietas
1448 755 1506 807 et
1542 746 1848 822 sapientia,

202 839 427 914 justitia
455 843 514 896 et
537 839 750 896 virtus:
779 857 926 913 quas
958 839 1226 896 nonnulli
1256 840 1439 896 versis
1488 835 1848 905 nominibus,

210 927 1481 1002 prudentiam,temperantiam,fortitudinem
1495 932 1551 983 et
1554 924 1849 1000 justitiam

210 1016 521 1093 appellant,
547 1018 785 1091 quibus,
821 1022 885 1073 ut
915 1017 995 1075 ait
1024 1017 1345 1089 Scriptura,
1378 1015 1522 1072 nihil
1542 1019 1630 1072 est
1647 1013 1851 1070 utilius

205 1106 259 1169 in
285 1106 407 1165 vita
436 1105 711 1163 hominis.
744 1106 1064 1162 Prudentia
1094 1106 1251 1162 enim
1283 1110 1372 1162 est
1405 1106 1589 1162 Deum
1637 1120 1850 1176 cogno-

202 1213 355 1251 scere
386 1199 445 1252 et
468 1196 597 1271 ejus
628 1193 989 1253 voluntatem
1021 1192 1512 1269 intelligere.Quzc
1543 1209 1721 1271 quam
1750 1209 1847 1249 ne-
1878 1238 1883 1243 .

199 1283 452 1347 cessaris
481 1290 537 1339 et
560 1284 719 1341 utilis
735 1285 815 1340 sit
843 1284 1049 1353 virtus,
1067 1282 1350 1340 Dominus
1364 1283 1847 1343 manifestatcum

196 1372 503 1447 discipulis
534 1373 644 1430 ait:
679 1396 706 1424 ‹‹
740 1373 933 1430 Estote
948 1373 1264 1446 prudentes
1291 1373 1850 1445 sicutserpentes,et

191 1461 493 1535 simplices
524 1460 675 1518 sicut
704 1460 989 1520 columbae
1021 1461 1228 1531 (Matth.
1264 1461 1386 1533 x).»
1408 1459 1706 1525 Qualisest
1738 1459 1849 1515 ista

188 1551 526 1626 prudentia,
560 1548 611 1605 si
643 1550 923 1607 fortitudo
955 1549 1149 1606 desit?
1175 1550 1333 1607 Scire
1363 1549 1520 1606 enim
1544 1549 1765 1605 bonum
1791 1553 1849 1605 et

187 1658 304 1698 non
337 1657 513 1717 posse
543 1640 756 1709 facere,
791 1638 979 1713 magis
1012 1656 1184 1713 pcena
1208 1643 1297 1695 est
1319 1656 1499 1712 quam
1512 1639 1718 1696 virtus.
1739 1637 1850 1694 Ad-

186 1731 366 1787 datur
393 1746 530 1804 ergo
561 1729 633 1785 ad
667 1728 1039 1802 prudentiam
1058 1729 1671 1797 fortitudo,utbonum
1690 1726 1846 1801 quod

186 1835 289 1892 per
310 1818 689 1893 prudentiam
714 1816 1105 1892 cognoscitur,
1122 1835 1226 1891 per
1239 1817 1428 1874 meriti
1445 1816 1844 1875 fortitudinem

185 1905 635 1981 infatigabiliter
664 1910 949 1976 teneatur,
984 1906 1288 1980 Scriptura
1317 1906 1562 1963 dicente:
1600 1928 1627 1958 «
1660 1906 1850 1963 Virili-

187 2003 273 2053 ter
305 1997 488 2070 agite,
521 2002 576 2052 et
601 1996 960 2055 confortetur
991 2013 1091 2052 cor
1120 2000 1378 2053 vestrum
1392 2013 1596 2053 omnes
1609 1995 1848 2069 quispe-

190 2086 334 2143 ratis
363 2084 428 2142 in
461 2083 705 2145 Domino
737 2085 909 2158 (Psal.
942 2085 1096 2154 xxx).
1134 2108 1161 2137 υ
1195 2083 1369 2141 Porro
1399 2085 1678 2140 fortitudo
1706 2089 1845 2140 tunc

189 2174 508 2233 laudabilis
553 2174 684 2240 erit,
719 2174 767 2229 si
810 2175 978 2246 justa
1036 2173 1237 2230 fuerit:
1295 2174 1575 2248 quoniam
1626 2173 1848 2229 fortiter

195 2265 385 2339 agere,
416 2268 474 2319 et
503 2280 617 2319 non
640 2263 821 2336 juste,
855 2280 968 2319 non
1002 2260 1846 2331 virtusest,sedvitiumzmulti

195 2356 350 2411 enim
382 2353 613 2410 fortiter
638 2358 823 2426 agunt
854 2352 910 2407 in
945 2352 1183 2426 prmliis,
1216 2352 1274 2407 in
1306 2352 1747 2419 luctaminibus,
1784 2351 1844 2406 in

198 2443 468 2500 oneribus
500 2441 823 2517 portandis,
859 2442 957 2497 sed
986 2443 1124 2515 quia
1154 2441 1434 2514 nonjuste
1458 2439 1845 2505 faciunt,talis
1890 2485 1895 2489 ς

203 2532 474 2589 fortitudo
506 2549 621 2588 non
651 2530 874 2603 virtuti,
907 2531 1008 2587 sed
1041 2530 1178 2592 vitio
1208 2531 1545 2603 deputatur.
1585 2531 1847 2586 Addatur

202 2625 383 2679 autem
416 2621 489 2678 ad
524 2618 925 2678 fortitudinem
954 2620 1208 2693 justitia,
1243 2623 1304 2675 ut
1336 2620 1491 2693 quod
1528 2620 1759 2691 justum
1791 2623 1846 2674 et

206 2717 415 2768 rectum
447 2714 557 2781 est,
589 2714 638 2765 el
675 2726 848 2781 Opere
879 2713 1160 2776 servetur,
1187 2712 1243 2764 et
1263 2707 1842 2776 memoriateneatur,

206 2799 490 2873 Scriptura
520 2803 827 2855 monente:
866 2820 893 2848 ι(
922 2797 1484 2871 Diligitejustitiam,
1507 2796 1843 2870 quijudica-

209 2888 275 2943 tis
301 2893 511 2945 terram
544 2890 694 2961 (Sap.
729 2890 788 2950 1).
828 2885 1443 2958 n'l‘uncenimjustitia
1474 2887 1588 2943 Deo
1611 2890 1846 2959 accepta

210 2981 261 3031 et
286 2976 469 3032 dulcis
499 2976 612 3033 erit
640 2974 1003 3044 hominibus,
1040 2976 1089 3032 si
1121 2976 1372 3032 discreta
1415 2978 1473 3031 et
1523 2978 1847 3048 temperata

209 3065 386 3135 fuerit,
411 3067 552 3140 quia
563 3064 930 3134 bonavirtus,
949 3081 1076 3137 quae
1090 3065 1217 3121 sine
1232 3068 1343 3122 tem
1353 3065 1617 3137 perantia
1629 3065 1841 3137 agitur,

1969 496 2035 535 ex
2049 481 2079 536 d
2092 480 2258 537 ilccta
2271 482 2515 555 conjuge
2528 482 2767 540 unicum
2782 482 2970 541 lilium
2983 499 3084 556 per
3096 483 3606 555 repromissionem

1965 570 2304 641 accepisset,
2339 570 2621 632 audivita
2651 571 2895 628 Domino
2920 572 3071 644 (Gen.
3104 575 3272 640 3x11):
3305 594 3332 625 (ς
3366 572 3528 628 Tolle
3550 574 3611 629 lio

1961 657 2105 714 lium
2139 664 2312 715 tuum
2338 677 2512 732 quem
2536 660 2732 735 diligis
2764 662 2942 729 Isaac,
2975 666 3032 718 et
3061 662 3269 720 oll‘eres
3296 678 3431 718 eum
3462 661 3607 719 mihi
3639 722 3645 729 ,

1960 746 2020 802 in
2052 746 2463 805 holocaustum
2493 767 2671 824 super
2698 767 2887 809 unum
2916 750 3211 809 montium
3236 768 3412 825 quem
3440 769 3606 809 moue

1961 839 2218 893 stravere
2250 837 2374 894 tibi.
2406 838 2604 895 Atille
2634 840 2705 895 de
2746 843 2912 896 nocte
2961 856 3347 919 consurgens,
3403 840 3609 900 stravit

1960 925 2195 983 asinum
2226 944 2422 993 suum,
2445 932 2553 984 etc.
2589 950 2616 977 »
2648 928 2713 984 Et
2741 928 3611 1003 iterummCumquedietertio,

1959 1012 2197 1071 elevatis
2224 1015 2429 1086 oculis,
2462 1018 2704 1074 vidisset
2733 1017 2927 1075 locum
2957 1017 3180 1091 procul,
3215 1018 3362 1076 dixit
3408 1019 3606 1092 pueris

1959 1104 2115 1159 suis:
2151 1105 2488 1178 Exspectate
2537 1106 2629 1162 hic
2659 1123 2793 1162 cum
2826 1105 3012 1173 asino,
3045 1123 3152 1179 ego
3184 1112 3243 1163 et
3280 1123 3424 1180 puer
3466 1106 3603 1163 illuc

1956 1209 2144 1266 usque
2176 1199 2572 1267 properantes,
2606 1200 2918 1267 potsquam
2952 1195 3603 1261 adoraverimus,revcr.-

1960 1287 2151 1339 temur
2180 1284 2250 1340 ad
2281 1302 2403 1341 vos.
2440 1280 3030 1357 uCumqueadlocum
3045 1283 3604 1358 perveniens,altare

1957 1372 2041 1428 aed
2052 1371 2385 1442 ilicasset.,et
2396 1372 2735 1446 colligatum
2747 1391 3066 1447 puerumsu
3075 1391 3177 1447 per
3187 1377 3410 1431 struem
3424 1370 3605 1447 ligno-

1959 1478 2092 1517 rum
2124 1461 2522 1535 imposuisset,
2548 1480 2658 1519 non
2674 1480 2916 1536 parvum
2930 1463 3188 1519 dolorem
3202 1461 3604 1534 etangustiam
3642 1508 3647 1513 .

1956 1549 2016 1605 in
2047 1552 2217 1608 corde
2249 1551 2603 1609 sustinuisse
2633 1553 2958 1609 credendus
2988 1556 3096 1619 est,
3120 1568 3235 1609 non
3256 1554 3483 1607 tantum
3498 1566 3602 1623 pro

1958 1643 2144 1695 morte
2172 1639 2367 1696 dilecti
2402 1639 2525 1707 lilii,
2558 1642 2659 1697 sed
2708 1641 2884 1698 etiam
2930 1640 3146 1697 timens
3174 1643 3231 1696 et
3276 1656 3481 1697 verens
3529 1655 3601 1695 ne

1958 1744 2102 1800 puer
2128 1732 2337 1785 tenerae
2368 1729 2553 1785 aetatis
2581 1746 2715 1785 cum
2748 1729 2945 1787 dolore
2966 1729 3389 1787 mortissaltem
3402 1732 3605 1785 contra
3644 1756 3647 1757 ν

1958 1822 2138 1872 Deum
2173 1817 2229 1872 in
2263 1816 2433 1874 corde
2462 1822 2887 1886 murmuraret;
2921 1820 3023 1874 sed
3047 1835 3325 1892 magnum
3339 1816 3598 1875 dolorem

1958 1907 2146 1979 major
2175 1906 2453 1962 fortitudo
2487 1902 2888 1965 vincebat.Sed
2921 1906 3029 1963 iste
3055 1907 3601 1981 tamprudens,tam

1947 1994 2169 2065 justus,
2204 1999 2323 2050 tam
2358 1995 2544 2066 fortis,
2577 2011 2755 2068 quam
2786 1994 3603 2068 discretusettemperatussit

1956 2082 2486 2155 aspiciamus.Cum
2517 2083 2673 2139 enim
2698 2083 3372 2156 jamjamimmolaturus
3391 2083 3597 2155 ﬁlium,

1954 2170 2217 2243 gladium
2250 2173 2621 2245 evaginatum
2655 2173 2715 2230 in
2748 2173 3021 2230 manibus
3053 2176 3291 2240 teneret,
3322 2171 3538 2228 audivit
3570 2176 3605 2230 a

1956 2260 2233 2317 Domino:
2268 2285 2293 2311 ‹‹
2328 2262 2407 2317 Nc
2439 2263 2717 2318 extendas
2748 2279 2991 2318 manum
3039 2267 3202 2319 tuam
3251 2280 3430 2336 super
3463 2279 3600 2335 pue-

1956 2366 2108 2415 rum,
2141 2367 2329 2423 neque
2361 2351 2539 2408 facias
2570 2350 2652 2406 illi
2686 2352 3028 2424 quidquam.
3061 2374 3088 2402 »
3120 2350 3602 2410 Atillediscretus

1952 2443 2010 2493 et
2042 2442 2423 2513 temperatus,
2455 2439 2608 2496 sicut
2638 2440 2746 2497 fuit
2777 2439 2941 2497 fortis
2978 2440 3038 2496 in
3087 2439 3475 2510 immolando,
3517 2441 3602 2497 sic

1955 2526 2145 2584 factus
2173 2534 2262 2585 est
2290 2533 2648 2602 temperatus
2682 2531 2740 2585 in
2770 2530 3172 2603 relinquendo.
3207 2530 3369 2588 Unde
3405 2530 3607 2587 divina

1954 2632 2090 2671 voce
2120 2618 2332 2672 meruit
2352 2617 2659 2687 consolari,
2684 2634 2818 2674 cum
2834 2618 3099 2691 protinus
3113 2620 3356 2677 audivit:
3383 2642 3408 2669 «
3434 2620 3480 2675 N
3487 2636 3601 2675 uno

1955 2705 2193 2777 cognovi
2226 2706 2379 2778 quod
2415 2707 2624 2762 timeas
2653 2707 2857 2776 Deum,
2887 2723 2952 2763 eo
2974 2708 3130 2779 quod
3144 2723 3257 2763 non
3275 2707 3601 2781 peperceris
3632 2738 3639 2743 ο

1956 2793 2073 2849 lilio
2092 2799 2190 2850 tuo
2202 2794 2300 2849 uni
2308 2796 2503 2868 genito
2516 2800 2874 2868 propterme.
2890 2795 3245 2853 Benedicens
3259 2784 3597 2852 benedicam

1954 2881 2081 2949 tibi,
2114 2888 2170 2938 et
2202 2883 2604 2956 multiplicabo
2634 2901 2834 2940 semen
2867 2887 3035 2940 tuum
3068 2884 3221 2942 sicut
3245 2882 3445 2942 stellas
3470 2883 3623 2940 caeli-

1954 2972 2271 3042 (Gcnaxn).
2291 2971 2449 3028 »Haec
2471 2973 2540 3029 de
2552 2973 2827 3047 operibus
2842 2973 3607 3032 Abrabaabrevitercomme-.

1955 3076 2184 3116 morare
2214 3060 2402 3129 libuit,
2437 3061 3601 3137 utintelligamusctnoshasquatuorvir-

210 3136 530 3227 frequen—ter
558 3150 616 3210 in
648 3151 855 3210 vitium
878 3136 1140 3209 vertitur.
1164 3153 1320 3211 Unde
1334 3136 1631 3226 Scriptura
1644 3136 1841 3209 aidmo-
1871 3136 1915 3205 C
1956 3152 2110 3207 tutes
2140 3149 2353 3206 habere
2385 3168 2575 3224 posse,
2599 3150 2647 3207 si
2661 3152 2934 3209 easaDeo
2945 3136 3369 3225 postularenon
3383 3153 3598 3227 pigeat.

214 3244 335 3297 net:
369 3266 396 3293 ‹‹
426 3243 506 3299 Ne
539 3243 620 3299 sis
661 3242 914 3298 multum
955 3242 1179 3315 justus,
1232 3258 1420 3314 neque
1469 3241 1602 3314 plus
1650 3241 1844 3315 sapias
1889 3284 1894 3289 .

212 3347 376 3402 quam
416 3348 654 3388 necesse
695 3335 805 3399 est,
856 3348 928 3386 ne
979 3324 1368 3402 obstupescas
1413 3331 1606 3402 (Eccle.
1660 3333 1780 3403 vn).
1819 3355 1847 3383 ››

210 3418 461 3476 Addetur
516 3436 653 3494 ergo
711 3420 783 3476 ad
834 3419 1133 3491 justitiam
1191 3419 1597 3493 temperantia,
1657 3419 1712 3476 id
1760 3425 1850 3477 est

212 3506 488 3575 discretio,
520 3526 669 3582 quae,
722 3512 785 3565 ut
834 3508 915 3565 ait
966 3509 1286 3585 Scriptura,
1341 3513 1527 3569 mater
1573 3513 1661 3566 est
1718 3526 1848 3565 om-

214 3596 365 3654 nium
415 3597 717 3666 virtutum,
780 3596 931 3653 utin
992 3597 1119 3670 ipso
1179 3599 1330 3655 bono
1388 3614 1560 3671 opere
1618 3615 1733 3655 non
1774 3598 1851 3655 sit

216 3684 414 3758 aliquis
445 3687 662 3745 nimius
692 3686 780 3743 vel
811 3687 1165 3761 superfluus,
1201 3689 1302 3745 sed
1333 3687 1619 3746 discretus
1636 3691 1849 3744 ettem-

215 3774 629 3848 peratuszquia
661 3775 993 3848 frequenter
1039 3776 1246 3845 virtus,
1298 3792 1427 3849 quae
1476 3776 1602 3832 sine
1653 3776 1849 3832 obser-

213 3861 428 3921 vatione
465 3865 679 3939 agitur,
714 3865 772 3919 in
803 3863 1009 3923 vitium
1038 3864 1413 3921 convertitur.
1458 3866 1531 3923 Et
1577 3865 1716 3938 quia
1746 3864 1853 3921 has

215 3954 453 4021 quatuor
479 3953 726 4011 virtutes
756 3952 969 4010 habere
1002 3954 1192 4020 debet,
1225 3952 1323 4026 qui
1345 3970 1514 4010 suam
1531 3970 1596 4009 ac
1613 3952 1852 4010 alterius

217 4038 459 4101 animam
490 4041 606 4098 Deo
632 4042 835 4100 ott‘erre
865 4041 1010 4110 vult,
1044 4047 1199 4099 recte
1227 4042 1311 4111 hi,
1334 4043 1435 4117 qui
1466 4042 1853 4116 paralyticum

218 4129 449 4187 Domino
480 4131 550 4187 ad
583 4131 913 4187 sanandum
954 4130 1314 4201 obtulerunt,
1370 4135 1623 4203 quatuor
1671 4130 1855 4188 fuisse

216 4222 534 4277 narrantur.
568 4219 680 4275 Sed
712 4235 783 4277 ne
829 4219 1106 4291 cuiquam
1154 4219 1521 4293 impossibile
1569 4219 1854 4288 videatur,

217 4318 390 4362 unum
419 4307 808 4381 eamdemque
839 4307 1140 4365 hominem
1173 4308 1279 4365 bas
1311 4313 1566 4382 quatuor
1612 4309 1857 4367 virtutes

218 4391 385 4449 simul
414 4394 627 4452 habere
657 4410 850 4469 posse,
883 4411 953 4451 ex
981 4395 1185 4453 multis
1218 4396 1319 4470 qui
1350 4414 1449 4454 eas
1481 4402 1537 4455 et
1559 4416 1730 4472 opere
1744 4416 1861 4456 ser-

215 4487 503 4552 vaverunt,
534 4486 593 4541 et
622 4500 891 4542 sermone
922 4485 1247 4541 docuerunt
1276 4504 1459 4542 unum
1499 4486 1557 4542 in
1596 4487 1855 4543 medium

216 4566 350 4627 libet
368 4573 672 4639 deducere,
703 4573 970 4629 videlicet
999 4564 1271 4629 sanctum
1295 4575 1589 4632 Abraham
1617 4577 1858 4649 patriar-

218 4656 398 4717 cbam.
432 4663 561 4734 Ipse
592 4679 727 4719 vero
758 4662 1132 4734 prudentiam
1167 4662 1395 4730 habuit,
1429 4664 1541 4739 qui.
1576 4665 1800 4720 caeteris
1831 4683 1865 4721 a

217 4745 436 4807 cultura
464 4750 566 4808 Dei
597 4751 1028 4818 aberrantibus,
1080 4755 1400 4807 creatorem
1453 4769 1629 4808 suum
1684 4759 1863 4809 Deum

218 4838 452 4894 credidit
480 4842 540 4894 et
570 4838 869 4912 cognovit:
904 4840 1044 4912 quia
1076 4840 1230 4896 sicut
1268 4840 1553 4913 insipiens
1603 4845 1710 4909 est,
1764 4842 1866 4914 qui

218 4923 357 4980 dicit
383 4927 441 4983 in
475 4929 650 4984 corde
681 4945 817 4984 suo:
851 4952 878 4979 «
912 4928 1038 4984 Non
1071 4933 1162 4985 est
1191 4929 1345 4984 Deus
1376 4929 1546 4997 (Pent.
1580 4930 1725 5001 xm):
1747 4954 1765 4979 υ
1787 4930 1869 4986 sic

217 5015 464 5083 prudens
494 5016 597 5090 qui
625 5017 929 5091 cognoscit
957 5017 1626 5075 Deum.Addiditautem
1649 5020 1717 5074 ad
1738 5036 1870 5091 pru-

220 5101 465 5161 dentiam
490 5106 811 5178 justitiam,
855 5108 1051 5179 quand
1084 5106 1264 5163 ollius
1315 5107 1641 5179 praeceptis,
1693 5125 1866 5181 quem

218 5188 398 5249 Deum
428 5195 715 5268 cognovit.
749 5195 974 5266 absque
1006 5194 1128 5252 ulla
1158 5210 1323 5250 mora
1354 5194 1630 5263 obedivit,
1671 5197 1870 5253 exiens

219 5279 289 5335 de
320 5285 467 5338 terra
494 5300 623 5352 sua,
655 5284 795 5340 etde
808 5284 1175 5356 cognatione,
1196 5284 1336 5341 etde
1357 5285 1531 5340 domo
1545 5284 1728 5356 patris
1753 5285 1871 5344 sui.

220 5365 377 5426 Unde
407 5371 710 5446 Scriptura
760 5373 889 5444 ipsa
940 5373 1209 5445 protinus
1259 5372 1585 5445 subjunxit,
1635 5373 1867 5431 dicens:

226 5478 251 5505 ι(
284 5457 537 5517 Credidit
573 5461 868 5519 Abraham
902 5467 1033 5532 Deo,
1086 5466 1143 5519 et
1189 5465 1527 5537 reputatum
1563 5466 1651 5518 est
1682 5461 1765 5519 illi
1799 5465 1871 5522 ad

212 5545 500 5621 justitiam
534 5551 688 5627 (Gen.
720 5549 834 5615 xv).
872 5574 900 5604 ››
927 5551 1038 5609 Sed
1084 5551 1193 5611 iste
1239 5555 1360 5611 tam
1416 5551 1697 5627 prudens,
1748 5557 1871 5615 tam

535 5678 804 5744 PA't‘ltOL.
854 5678 1114 5743 CXVIII.

2027 3261 2054 3289 «
2090 3237 2305 3296 Videns
2337 3244 2533 3296 autem
2566 3240 2739 3298 Jesus
2769 3241 2944 3298 fidem
2974 3241 3232 3309 illorum,
3266 3241 3411 3299 dixit
3437 3259 3603 3316 para-

1961 3349 1987 3379 α
2019 3326 2220 3401 lytico:
2256 3328 2511 3400 Conﬁdo,
2546 3328 2647 3400 ﬁli,
2683 3330 3062 3387 remittuntur
3078 3330 3180 3387 tibi
3196 3334 3599 3403 peccatatua.»

1957 3416 2058 3471 Hic
2089 3416 2580 3475 considerandum
2627 3423 2735 3487 est,
2785 3426 3072 3492 quantum
3122 3437 3603 3494 unumquemque

1958 3504 2191 3577 propria
2222 3505 2366 3561 fides
2396 3507 2652 3579 adjuvet,
2686 3506 2785 3564 ubi
2814 3511 3044 3565 tantum
3083 3508 3372 3582 profuisse
3419 3509 3620 3567 aliena,

1959 3596 2339 3651 monstratur.
2370 3594 2494 3652 Non
2527 3596 2683 3652 enim
2707 3596 2786 3654 ait
2801 3598 3609 3671 evangelista:VidensJesus

1892 3749 1898 3753 η
1960 3682 2135 3738 fidem
2167 3681 2329 3738 illius
2360 3682 2460 3756 qui
2492 3685 2863 3755 otl‘erebatur,
2897 3688 2998 3744 sed
3018 3686 3253 3746 illorum
3285 3689 3386 3762 qui
3408 3691 3612 3746 offere-

1961 3770 2122 3827 bant.
2158 3771 2520 3845 Paralyticus
2550 3775 2708 3830 enim
2741 3776 2881 3848 quia
2909 3793 3012 3850 per
3045 3794 3107 3834 se
3137 3777 3331 3835 venire
3363 3796 3479 3835 non
3509 3795 3613 3852 po-

1962 3860 2343 3928 terat,alienis
2358 3862 2636 3920 manibus
2650 3864 3330 3937 deportatur,alienaﬁde
3348 3872 3611 3924 sanatur.

1962 3948 2126 4004 Unde
2157 3948 2482 4023 intelligere
2520 3968 2838 4023 possumus
2886 3953 3026 4026 quia
3071 3958 3210 4013 sunt
3256 3955 3524 4014 nonnulli
3548 3957 3614 4012 in

1964 4036 2240 4105 Ecclesia,
2275 4039 2375 4110 qui
2406 4039 2516 4094 etsi
2547 4039 2671 4095 suis
2693 4041 2917 4098 meritis
2949 4059 3064 4099 non
3078 4042 3398 4112 salvantur,
3416 4049 3613 4100 tamen

1964 4125 2213 4182 aliorum
2244 4126 2656 4185 intercessione
2706 4129 2916 4187 salvari
2968 4137 3287 4188 merentur.
3340 4131 3447 4187 Ubi
3496 4148 3611 4188 non

1966 4215 2157 4272 solum
2192 4215 2419 4271 Domini
2453 4216 2754 4273 adoranda
2802 4219 3061 4291 potentia
3110 4219 3458 4289 ostenditur,
3511 4220 3613 4276 sed

1967 4307 2096 4377 ejus
2111 4304 2416 4363 humilitas
2431 4307 2962 4380 veneranda,atque
2975 4325 3079 4381 pro
3091 4308 3315 4365 viribus
3330 4300 3621 4367 imitanda

1968 4393 2316 4451 declaratur.
2351 4393 2600 4452 Multum
2634 4412 2884 4469 namque
2906 4396 3087 4454 distat
3102 4396 3254 4455 inter
3281 4398 3618 4471 superbiam

1892 4510 1940 4575 Ι)
1968 4484 2306 4575 Judaeorum
2338 4490 2396 4541 et
2427 4484 2660 4541 Domini
2691 4484 3430 4545 humilitatem.lnlirmu‘m
3460 4487 3618 4545 enim

1970 4578 2027 4629 et
2057 4573 2197 4631 totis
2230 4576 2627 4631 membrorum
2650 4576 3032 4649 compagibus
3054 4576 3621 4651 dissolutum,quem

1971 4662 2178 4719 Scribae
2209 4667 2267 4719 et
2295 4662 2569 4722 Pharismi
2600 4681 2718 4720 non
2749 4664 2940 4721 solum
2991 4670 3250 4739 tangere,
3296 4668 3419 4725 sed-
3444 4667 3621 4725 etiam

1972 4751 2067 4807 vix
2100 4752 2421 4824 respiscere
2451 4751 2871 4829 dignabantur,
2896 4754 3182 4810 Dominus
3200 4773 3314 4812 non
3336 4756 3528 4812 solum
3549 4755 3623 4812 ab

1974 4840 2320 4897 infirmitate
2350 4842 2589 4911 curavit,
2624 4843 2724 4899 sed
2738 4843 2912 4900 etiam
2929 4842 3116 4899 filium
3144 4843 3622 4915 vocavit,dicens:

1979 4951 2008 4979 ‹‹
2040 4930 2299 5005 Conlide,
2334 4929 2435 4985 ﬁli.
2470 4953 2497 4981 ››
2532 4931 2704 4988 Fides
2733 4949 2964 5005 quoque
3011 4932 3286 5005 operibus
3327 4937 3624 5002 exornata,

1981 5036 2194 5092 magna
2214 5023 2302 5075 est
2331 5021 2537 5089 virtus,
2554 5020 2706 5077 sicut
2721 5021 3065 5077 aitJacobus
3078 5019 3398 5095 apostolus:
3414 5044 3440 5072 «
3459 5022 3628 5079 Fides
3677 5026 3685 5033 ’

1976 5108 2105 5164 sine
2135 5110 2410 5182 operibus
2441 5115 2672 5166 mortua
2700 5114 2937 5181 est(.lac.
2968 5112 3052 5180 ιι),
3088 5133 3115 5161 ››
3144 5111 3386 5169 etusine
3400 5112 3632 5170 ﬁdeim-

1979 5197 2257 5269 possibile
2286 5202 2375 5254 est
2403 5198 2634 5271 placere
2665 5204 2775 5255 Deo
2810 5200 2989 5272 (Hebr.
3020 5204 3122 5271 x1).
3155 5224 3184 5253 »
3207 5202 3392 5267 Quam
3436 5204 3628 5259 Domi-

1980 5303 2094 5342 nus
2114 5286 2421 5359 discipulis
2442 5290 2861 5349 commendans
2888 5291 2988 5346 ait.
3006 5314 3033 5341 «
3049 5290 3441 5349 sihabueritis
3454 5293 3632 5350 ﬁdem

1983 5375 2132 5432 sicut
2162 5393 2411 5449 granum
2445 5376 2667 5450 sinapis
2690 5378 2840 5449 (Luc.
2856 5379 3013 5454 xvn).
3049 5402 3077 5430 »
3108 5380 3429 5454 Etpulchre
3443 5382 3635 5439 ﬁlium

1982 5463 2235 5538 ap'pellat
2265 5482 2441 5540 quem
2472 5482 2506 5523 a
2534 5466 2790 5542 peccatis
2810 5466 3101 5541 liberavit;
3124 5471 3405 5529 nimirum
3438 5476 3500 5528 ut
3532 5470 3635 5544 qui

1984 5560 2115 5613 ante
2133 5554 2321 5614 fuerat
2350 5554 2506 5615 filius
2539 5555 2772 5617 malitia:
2795 5560 3632 5640 etnequitiaeettiliusdiaboli,

3233 5692 3310 5755 23
