4060 6178
388 274 506 333 715

952 270 1359 334 HAYMONIS
1403 268 1947 346 HALBERSTAT.‘
1990 266 2232 330 EPISC.
2281 267 2451 330 OPP.
2498 271 2697 333 PARS
2744 271 2819 333 ll.
2851 304 2929 318 --
2958 271 3228 333 HOMIL.

3672 270 3785 331 716

385 408 519 478 post
547 407 818 479 pecccata
847 403 1094 461 dimissa
1122 405 1415 462 factusest
1428 401 1713 461 filiusDei.
1732 400 2027 475 Sequitur:
2059 401 2117 469 Α
2144 400 3000 478 gitationesblasphemantium
3018 403 3333 479 respondit,
3357 419 3424 460 ac
3444 401 3655 459 deinde
3677 403 3787 459 mi-

388 518 415 544 ‹‹
451 495 851 552 Remittuntur
881 494 985 551 tibi
1016 511 1192 567 pecca
1221 499 1340 551 tua.
1377 517 1404 543 »
1438 494 1772 549 Notandum
1812 496 2030 560 autem,

387 584 528 658 quia
552 583 718 657 prius
747 586 875 657 ejus
907 589 1143 657 peccata
1171 583 1568 651 dimittuntur,
1602 586 1659 638 et
1689 582 1772 638 sic
1810 581 2033 638 sanitas

391 674 652 747 corporis
682 673 981 729 tribuitur.
1016 673 1125 729 Sed
1157 689 1291 728 cum
1324 672 1487 745 prius
1538 675 1776 743 peccata
1809 669 2035 726 dimisit

388 766 454 818 ut
481 761 757 831 diximus,
786 766 843 818 et
871 761 1244 834 postmodum
1277 760 1585 817 sanitatem
1604 758 1826 824 tribuit,
1844 763 2036 815 osten-

385 850 472 906 dit
499 854 737 925 propter
750 855 985 924 peccata
1001 849 1296 923 plerisque
1309 848 1647 905 hominibus
1662 847 2032 903 infirmitates

387 940 940 1012 accidere.Quinque
952 939 1107 995 enim
1122 939 1313 995 modis
1326 939 1521 996 divina
1533 936 2034 1011 ﬂagellahomines

386 1029 445 1085 in
477 1028 745 1102 praesenti
775 1028 894 1084 vita
922 1031 1267 1101 tanguntur.
1288 1026 1399 1083 Alii
1431 1032 1667 1101 propter
1692 1026 1875 1083 solam
1910 1043 2036 1099 pro-

386 1118 678 1174 bationem
712 1117 1099 1190 ﬂagellantur,
1152 1116 1345 1190 qualis
1395 1117 1505 1172 fuit
1552 1118 1661 1173 Job
1692 1120 1749 1172 et
1797 1116 2031 1184 Tobias,

390 1223 639 1280 quorum
670 1206 949 1280 patientia
980 1224 1114 1262 cum
1133 1205 1460 1279 sibiipsiset
1488 1211 1600 1262 Deo
1626 1205 2033 1262 tantummodo

390 1300 545 1352 esset
572 1296 824 1370 cognita,
874 1294 1004 1351 ideo
1064 1295 1339 1369 ﬂagellati
1387 1300 1528 1351 sunt
1565 1301 1631 1351 ut
1678 1295 2035 1368 probatiores

390 1385 597 1441 fierent
625 1388 681 1441 et
709 1401 912 1441 eorum
963 1384 1245 1458 patientia
1287 1385 1360 1440 ad
1408 1384 1657 1440 aliorum
1704 1383 2036 1456 exemplum

389 1475 731 1547 perveniret.
792 1474 925 1543 Alii,
976 1479 1042 1529 ut
1095 1474 1354 1529 curantis
1412 1474 1599 1530 virtus
1659 1472 2035 1547 glorificetur,

390 1562 580 1637 qualis
611 1563 719 1618 fuit
749 1563 845 1620 ille
858 1581 1045 1620 caecus
1071 1565 1141 1619 de
1160 1581 1274 1636 quo
1289 1562 1707 1635 cumdiscipuli
1724 1562 2035 1618 Dominum

387 1651 848 1726 interrogassent
876 1653 1053 1725 (Joan.
1106 1655 1204 1721 Ix).
1252 1676 1277 1702 ‹‹
1315 1652 1518 1717 Rabbi,
1567 1651 1700 1723 quis
1747 1650 2040 1723 peccavit?

389 1740 504 1811 hic,
540 1747 640 1797 aut
668 1747 937 1815 parentes
971 1744 1120 1814 ejus,
1155 1746 1221 1796 ut
1251 1758 1437 1797 caecus
1466 1741 1844 1796 nasceretur?
1871 1762 1898 1789 ››
1931 1758 2037 1795 au-

390 1831 650 1888 dierunt:
686 1856 712 1880 υ
748 1832 945 1903 Neque
966 1831 1061 1885 hic
1080 1830 1591 1904 pecccavit,neque
1605 1831 2035 1903 parentesejus,

390 1920 490 1975 sed
522 1925 584 1974 ut
616 1919 1063 1975 manifestentur
1091 1936 1267 1992 opera
1297 1919 1396 1975 Dei
1432 1920 1486 1974 in
1512 1919 1631 1975 illo.
1671 1918 2038 1975 uAliiobhu-

392 2008 1096 2076 militatiscustodiam,ne
1110 2024 1172 2064 se
1185 2009 1254 2065 de
1268 2008 1517 2081 acceptis
1530 2007 1846 2064 virtutibus
1859 2007 2035 2063 extol—

391 2096 533 2166 lant,
568 2097 957 2171 flagellantur,
992 2098 1146 2170 quod
1177 2098 1355 2153 Paulo
1378 2097 1639 2171 apostolo
1654 2097 1917 2171 contigit,
1939 2098 2037 2169 qui

393 2186 463 2242 de
495 2187 687 2259 scipso
720 2187 825 2243 ait:
866 2207 886 2236 α
906 2187 1059 2243 Etne
1078 2187 1417 2261 magnitudo
1431 2185 2038 2244 revelationumcxtol-

394 2275 475 2330 lat
506 2292 618 2346 me,
653 2277 826 2333 datus
846 2279 936 2333 est
950 2276 1089 2332 mihi
1107 2276 1386 2333 stimulus
1400 2277 1592 2332 carnis
1611 2293 1772 2344 meas,
1796 2274 2040 2349 angelus

394 2369 631 2434 satana},
665 2370 832 2421 utme
844 2365 1186 2439 colaphizct.
1200 2366 1442 2438 PrOpter
1454 2367 1605 2438 quod
1623 2370 1709 2421 ter
1724 2364 2038 2420 Dominum

393 2454 609 2527 rogavi.
644 2459 708 2510 ut
736 2456 1060 2512 discederet
1091 2474 1124 2510 a
1146 2472 1259 2525 me,
1293 2460 1346 2511 et
1396 2455 1541 2510 dixit
1590 2454 1765 2510 mihi:
1810 2452 2040 2510 Sufficit

392 2543 495 2598 tibi
529 2544 716 2616 gratia
745 2562 894 2600 mea.
922 2544 1065 2599 Nam
1081 2545 1267 2600 virtus
1290 2545 1348 2599 in
1378 2544 1717 2599 infirmitate
1741 2543 2041 2616 perficitur

389 2632 464 2701 (11
486 2635 632 2691 Cor..
666 2637 787 2692 xu).
826 2657 852 2681 ››
886 2633 995 2688 Alii
1029 2637 1264 2706 propter
1293 2634 1703 2689 enormitatem
1753 2631 2037 2687 scelerum

388 2721 775 2795 ﬂagellantur,
810 2726 875 2778 ut
903 2722 999 2778 hic
1030 2740 1227 2795 poenas
1257 2722 1799 2795 expeririincipiant
1820 2720 2039 2794 quosin

388 2811 584 2866 futuro
616 2813 845 2885 passuri
879 2817 1038 2877 sunt,
1073 2812 1263 2884 qualis
1279 2812 1387 2867 fuit
1403 2813 1653 2868 Herodes
1668 2811 2038 2867 rexctNabu-

388 2900 772 2970 chodonosor,
805 2901 1130 2957 Antiochus
1161 2906 1218 2957 ct
1249 2901 1491 2968 Pilatus,
1542 2905 1599 2957 et
1629 2899 1818 2956 caeteri
1867 2898 2035 2968 tales,

389 2990 461 3044 de
492 2990 708 3063 quibus
740 2991 1023 3064 scriptum
1057 2994 1172 3046 est:
1209 3013 1236 3040 «
1269 2989 1495 3063 Duplici
1529 2989 1870 3045 contritione
1901 3006 2037 3045 con-

389 3082 510 3136 ters
540 3096 639 3136 eos
670 3080 907 3137 Domine
940 3081 1070 3150 (Jcr.
1102 3082 1261 3150 xvn).
1293 3102 1321 3129 ››
1352 3079 1461 3135 Alii
1483 3082 1718 3152 propter
1750 3078 2041 3151 praeterita

2143 489 2408 548 raculum
2440 493 2711 550 sanitatis
2741 493 3015 563 ostendit,
3048 493 3211 550 Unde
3241 496 3297 549 et
3326 492 3631 550 subditur:

2215 603 2243 630 ‹‹
2276 582 2345 637 Et
2374 599 2508 638 cum
2540 583 2779 640 vidisset
2801 583 2974 640 Jesus
2991 582 3610 657 cogitationeseorum,
3629 579 3789 637 dixit:

2144 693 2172 719 «
2203 669 2276 727 Ut
2306 671 2447 745 quid
2482 672 2758 746 cogitatis
2787 671 2943 729 mala
2977 672 3033 728 in
3069 672 3344 729 cordibus
3392 670 3643 728 vestris?
3673 692 3702 719 »
3731 669 3793 727 In
3880 713 3885 719 .

2144 776 2257 831 quo
2272 761 2420 818 facto
2433 760 2715 818 Dominus
2729 760 3301 834 blasphemetoribus
3318 761 3462 829 suis,
3479 759 3795 833 quodDeus

2144 850 2468 907 credendus
2498 854 2672 920 esset,
2706 850 3014 908 manifeste
3061 849 3393 909 declaravit.
3442 849 3608 906 Sicut
3638 848 3796 905 enim

2145 937 2305 995 solus
2333 944 2485 996 Deus
2514 945 2751 1013 peccata
2781 940 3077 997 dimittere
3102 942 3314 1015 potest,
3343 939 3427 996 sic
3461 938 3627 995 solus
3639 936 3795 1012 cogi-

2144 1029 2391 1085 tationes
2422 1029 2730 1086 hominum
2763 1029 2976 1086 intueri
3005 1029 3175 1098 valet,
3210 1028 3513 1103 Scriptura
3542 1028 3793 1084 dicente:

2146 1140 2173 1169 ‹‹
2207 1119 2293 1173 Tu
2328 1117 2489 1175 solus
2528 1119 2683 1175 Deus
2732 1119 3113 1193 cogitationes
3159 1118 3471 1176 hominum
3527 1116 3688 1173 nosti
3725 1117 3799 1188 (If

2142 1209 2273 1262 Par.
2308 1207 2408 1281 vr).
2446 1231 2473 1257 »
2504 1208 2597 1263 Et:
2635 1231 2661 1259 ‹‹
2695 1208 2878 1264 Homo
2909 1208 3066 1265 videt
3095 1208 3155 1264 in
3188 1207 3352 1276 facie,
3382 1207 3540 1264 Deus
3593 1209 3793 1263 autem

2146 1295 2408 1352 intuetur
2436 1313 2535 1353 cor
2566 1298 2613 1369 (1
2638 1299 2768 1367 Reg.
2816 1300 2955 1369 xw).
2994 1319 3022 1346 »
3072 1298 3150 1353 Ac
3182 1296 3230 1351 si
3281 1295 3529 1352 diceret:
3584 1295 3799 1351 Eadem

2146 1384 2467 1443 divinitatis
2484 1386 2889 1459 potentia,qua
2899 1389 3123 1443 vestras
3145 1384 3526 1459 cogitationes
3540 1384 3797 1449 intueor,

2146 1492 2389 1547 possum
2421 1493 2538 1531 non
2561 1475 2752 1532 solum
2768 1474 3108 1550 paralytico,
3125 1474 3226 1531 sed
3244 1474 3420 1531 etiam
3434 1473 3669 1530 cunctis
3681 1490 3801 1547 po:-

2146 1563 2470 1621 nitentibus
2492 1570 2730 1638 peccata
2746 1563 3272 1621 dimittere.Adhuc
3288 1567 3483 1619 autem
3502 1580 3571 1620 ex
3592 1562 3803 1619 vestris

2147 1653 2598 1727 cogitationibus
2630 1653 2933 1728 intelligite
2965 1653 3106 1725 quid
3140 1651 3493 1727 paralyticus
3522 1652 3634 1710 iste
3662 1668 3802 1708 con-

2149 1747 2452 1815 sequatur.

2220 1855 2247 1883 ‹‹
2281 1831 2426 1896 Quid
2454 1832 2784 1889 estfacilius
2798 1832 2987 1888 dicere
3005 1848 3017 1886 :
3037 1829 3540 1888 Dimittunturtibi
3564 1822 3808 1903 peccata

2150 1947 2175 1971 ‹‹
2216 1925 2335 1990 tua,
2370 1940 2442 1977 an
2476 1921 2694 1978 dicere:
2729 1922 2914 1995 Surge
2945 1925 3002 1977 et
3030 1919 3308 1978 ambula?
3336 1920 3491 1976 Inter
3521 1919 3720 1976 dicere
3754 1921 3809 1976 et

2150 2011 2337 2068 facere
2369 2013 2523 2085 apud
2574 2011 2845 2069 homines
2902 2027 3119 2084 magna
3172 2010 3453 2067 distantia
3483 2013 3593 2078 est,
3644 2009 3804 2081 apud

2150 2105 2332 2157 Deum
2361 2105 2555 2157 autem
2588 2099 2770 2168 nulla,
2803 2100 2897 2156 cui
2928 2099 3165 2168 dixisse,
3201 2098 3408 2155 fecisse
3437 2103 3544 2155 est.
3592 2120 3621 2148 (ί
3651 2097 3812 2155 Dixit

2149 2190 2326 2259 enim,
2358 2194 2414 2247 et
2442 2191 2596 2246 facta
2625 2194 2794 2258 sunt;
2829 2188 3150 2257 mandavit,
3183 2192 3239 2244 et
3268 2192 3460 2245 creata
3475 2189 3809 2262 sunt(Psal.

2147 2279 2550 2351 xxxn).»Quod
2580 2284 2775 2335 autem
2807 2279 2861 2336 ei
2890 2283 3129 2353 peccata
3158 2277 3407 2334 dimissa
3436 2281 3657 2348 essent,
3680 2277 3812 2350 ipse

2148 2372 2387 2425 noverat
2417 2368 2515 2440 qui
2550 2368 2897 2425 dimittebat.
2933 2367 3097 2434 Quod
3127 2384 3260 2424 vero
3291 2371 3555 2440 surgeret
3589 2371 3647 2423 et
3679 2382 3811 2423 am-

2149 2456 2525 2526 bularet,tam
2558 2456 2654 2513 ille
2685 2457 2785 2530 qui
2818 2457 3115 2530 surgebat,
3140 2454 3414 2529 quamilli
3447 2455 3546 2529 qui
3561 2471 3813 2529 surgen-

2148 2550 2265 2601 tem
2298 2545 2593 2615 videbant,
2625 2549 2923 2602 noverant.
2957 2545 3066 2601 Sed
3097 2544 3265 2602 valde
3295 2545 3427 2601 caeci
3459 2548 3629 2600 erant
3649 2544 3809 2600 Seri-

2148 2635 2232 2690 bse
2265 2639 2321 2691 et
2350 2634 2644 2701 Pharisaei,
2678 2634 2778 2707 qui
2810 2652 2912 2708 per
2941 2633 3241 2707 corporale
3257 2632 3609 2690 miraculum
3634 2633 3813 2707 spiri-

2148 2724 2262 2780 tale
2294 2740 2410 2780 non
2442 2722 2869 2797 intelligebant:
2890 2728 3097 2780 etcum
3114 2722 3400 2779 vidissent
3412 2720 3810 2797 paralyticum

2148 2813 2521 2882 mundatum,
2554 2816 2789 2885 peccata
2820 2812 3067 2869 dimissa
3095 2829 3222 2869 esse
3240 2829 3354 2868 non
3370 2812 3706 2867 credebant.
3724 2811 3813 2867 Fit

2148 2918 2284 2974 ergo
2316 2901 2552 2973 signum
2585 2900 2905 2973 corporale,
2937 2904 3003 2956 ut
3034 2900 3312 2971 probetur
3340 2896 3622 2972 spiritale,
3664 2897 3811 2971 quia

2148 2990 2475 3046 secundum
2502 2989 2845 3062 Apostolum
2872 2987 3083 3063 linguis
3113 2987 3172 3044 in
3203 2988 3439 3062 signum
3491 2991 3651 3057 sunt,
3689 3003 3809 3043 non

2148 3078 2440 3147 fidelibus,
2474 3078 2574 3135 sed
2602 3077 2967 3135 infidelibus:
2991 3082 3049 3135 et
3079 3095 3151 3134 ne
3174 3076 3544 3134 invisibiliter
3563 3079 3809 3151 peccata

393 3173 631 3241 peccata
657 3169 1008 3225 remittenda
1040 3168 1426 3241 ﬂagellantur,
1463 3167 1653 3241 qualis
1677 3167 1787 3223 fuit
1819 3166 2045 3223 illelan-
2073 3152 2116 3222 C
2158 3166 2363 3224 animze
2395 3167 2641 3224 dimissa
2672 3167 3026 3234 dubitarent,
3059 3164 3307 3223 visibilis
3361 3164 3584 3222 sanitas
3634 3182 3804 3238 para-

392 3258 609 3331 guidus
640 3257 739 3331 qui
762 3259 997 3331 jacebat
1027 3258 1097 3313 ad
1132 3257 1605 3331 piscinamSiloe,
1640 3258 2044 3329 cui,postpec-

395 3352 526 3403 cata
554 3348 819 3417 dimissa,
855 3365 886 3403 a
918 3347 1166 3403 Domino
1199 3347 1421 3403 dictum
1475 3351 1592 3403 est:
1624 3371 1651 3396 «
1684 3346 1828 3401 Ecce
1859 3362 2042 3400 sanus

382 3432 583 3494 Tactus
614 3455 696 3494 es.
723 3439 849 3510 jam
881 3436 1136 3509 amplius
1151 3435 1266 3492 noli
1302 3451 1646 3509 peccare,ne
1670 3433 2041 3490 deteriustihi

394 3526 616 3598 aliquid
646 3526 946 3598 contingat
977 3527 1150 3597 (Joan.
1183 3524 1270 3594 v);
1305 3547 1332 3575 υ
1367 3523 1561 3596 qualis
1593 3522 1701 3579 fuit
1729 3527 1787 3579 et
1817 3522 1925 3577 iste
1946 3539 2043 3595 pa-

394 3613 671 3686 ralyticus
700 3615 770 3669 de
804 3630 918 3685 quo
949 3629 1105 3667 nunc
1128 3629 1319 3669 sermo
1352 3612 1564 3685 agitur,
1598 3611 1689 3667 cui
1713 3629 1827 3668 non
1851 3610 2041 3667 solum

392 3705 629 3775 peccata
657 3701 905 3758 dimissa
936 3706 1093 3770 sunt,
1143 3703 1242 3758 sed
1292 3702 1469 3757 etiam
1520 3701 1742 3758 sanitas
1785 3701 2042 3773 corporis

391 3791 664 3847 restituta
694 3795 801 3846 est.

467 3902 489 3930 α
522 3880 593 3935 Et
623 3896 753 3941 ecce
780 3879 1021 3951 quidam
1055 3880 1126 3935 de
1170 3878 1393 3936 Scribis
1445 3879 1715 3935 dixerunt
1763 3878 1917 3936 intra
1947 3895 2037 3935 se:
2090 3912 2093 3913 ν

392 3991 420 4018 ‹‹
454 3968 557 4025 Hic
586 3967 976 4042 blasphemat.
1012 3992 1039 4019 ››
1072 3970 1293 4025 Morem
1309 3986 1483 4025 suum
1498 3972 1871 4026 servaverunt
1888 3967 2042 4025 Scri-

389 4060 495 4127 bas,
531 4076 666 4115 cum
698 4076 812 4116 non
846 4058 917 4115 ob
949 4075 1231 4130 amorem,
1251 4060 1348 4115 sed
1371 4062 1606 4132 propter
1634 4057 1914 4114 invidiam
1928 4058 2041 4114 Do-

389 4147 617 4204 minum
649 4148 1079 4221 sequebantur;
1113 4154 1323 4205 uteum
1343 4148 2037 4221 reprehenderepossent.

388 4238 638 4295 scientes
664 4236 893 4294 visibile
943 4237 1294 4294 miraculum
1345 4237 1499 4310 quod
1553 4237 1771 4292 factum
1820 4239 1944 4292 erat
1979 4251 2042 4292 se

386 4343 598 4401 negare
628 4345 743 4383 non
778 4345 970 4400 posse,
1006 4328 1161 4399 quod
1189 4325 1563 4382 invisibiliter
1592 4324 2039 4397 peccatadimit-

382 4413 2038 4488 teret,blasphemiasdicebant.Unde,secundumMarcum

382 4504 821 4577 evangelistam,
854 4504 1228 4578 indignantes
1259 4504 1475 4560 dixisse
1498 4503 1802 4577 leguntur:
1841 4527 1867 4553 ‹‹
1901 4505 2041 4572 Quis

383 4597 574 4666 potest
603 4598 840 4666 peccata
871 4594 1186 4663 dimittere,
1220 4593 1335 4649 nisi
1370 4593 1531 4650 solus
1561 4592 1745 4649 Deus?
1788 4615 1813 4644 ››
1841 4596 2036 4665 (Marc.

381 4683 537 4753 11.jln
596 4682 689 4738 his
748 4682 939 4739 verbis
1010 4699 1213 4739 verum
1278 4682 1569 4749 dicebant,
1637 4681 1778 4754 quia
1834 4682 2034 4740 nullus

380 4778 635 4845 peccata,
672 4770 781 4827 nisi
814 4772 974 4828 solus
1004 4772 1157 4828 Deus
1187 4771 1481 4827 dimittere
1497 4770 2035 4844 potest,quiaitper

380 4862 757 4935 prophetam:
794 4886 819 4911 ‹‹
855 4862 973 4934 Ego
1005 4878 1138 4917 sum
1170 4860 1271 4932 qui
1300 4858 1462 4916 deleo
1514 4858 1854 4931 iniquitates
1899 4863 2030 4916 tuas

380 4957 616 5023 propter
643 4968 734 5006 me
784 4952 907 5019 (Isa.
959 4950 1139 5023 xum),
1184 4954 1239 5004 et
1286 4954 1510 5004 cratera.
1564 4948 1744 5011 Quem
1794 4953 2030 5005 secutus

379 5036 688 5093 Psalmista
702 5038 1241 5094 dixithecundum
1259 5036 1695 5092 multitudinem
1711 5036 2031 5093 miseratio-

379 5141 521 5180 num
553 5128 816 5194 tuarum,
850 5127 974 5182 dele
1022 5127 1394 5199 iniquitatem
1446 5142 1636 5181 meam
1685 5126 1855 5194 (Psal.
1891 5127 1963 5193 L).
2001 5151 2023 5181 ι

378 5214 478 5269 Et:
509 5238 535 5263 ‹‹
570 5216 837 5285 Amplius
869 5214 997 5270 lava
1027 5232 1118 5271 me
1150 5217 1220 5271 ab
1262 5215 1568 5288 iniquitate
1601 5231 1730 5269 mea
1760 5215 1964 5285 (Ibid.).
1997 5238 2025 5267 »

380 5301 491 5358 Sed
524 5300 777 5357 multum
810 5303 1102 5371 errabant,
1139 5320 1270 5360 cum
1305 5320 1460 5371 eum,
1504 5301 1603 5374 qui
1662 5303 2030 5362 invisibiliter

378 5394 615 5464 peccata
645 5390 939 5447 dimittere
978 5395 1192 5465 potest,
1244 5391 1686 5464 praesentialiter
1741 5393 2026 5463 videntes,

375 5480 558 5537 Deum
592 5481 824 5537 credere
856 5479 1149 5537 nolebant.
1175 5482 1284 5537 Sed
1306 5482 1443 5553 quia
1462 5482 1634 5537 etiam
1664 5482 1905 5555 ingratis
1928 5485 2026 5541 be-

376 5571 651 5635 neﬁcium
682 5565 957 5653 praestare
989 5574 1237 5648 oportet,
1260 5570 1517 5648 primum
1547 5572 1830 5631 Dominus
1846 5574 1916 5632 ad
1936 5590 2025 5634 co-

2153 3256 2326 3331 lytico
2359 3256 2628 3314 restituta
2657 3260 2765 3313 est.
2797 3256 2961 3313 Unde
2994 3256 3362 3329 subjungens
3392 3255 3566 3311 dixit:

2225 3372 2251 3397 ‹‹
2289 3349 2358 3405 Ut
2387 3350 2582 3403 autem
2615 3346 2817 3403 sciatis
2847 3346 3128 3418 quoniam
3161 3345 3317 3402 filius
3348 3343 3609 3400 hominis
3629 3343 3806 3400 habet

2159 3460 2180 3487 ι
2216 3440 2564 3510 potestatem
2590 3434 2649 3491 in
2677 3439 2831 3493 terra
2860 3434 3191 3492 dimittendi
3241 3438 3498 3508 peccata,
3552 3437 3692 3490 tunc
3724 3432 3807 3488 ait

2154 3549 2179 3576 «
2213 3524 2561 3598 paralytico:
2594 3526 2800 3598 Surge,
2834 3524 2969 3582 tolle
2987 3522 3202 3580 lectum
3226 3528 3460 3581 tuum.»
3474 3522 3632 3579 Idem
3645 3518 3804 3577 enim

2152 3618 2241 3671 est
2269 3613 2452 3670 Filius
2484 3614 2585 3671 Dei
2617 3618 2675 3670 et
2703 3614 2861 3671 filius
2893 3614 3182 3680 hominis;
3206 3617 3265 3670 et
3302 3613 3459 3669 idem
3511 3617 3601 3669 est
3648 3610 3806 3667 ﬁlius

2152 3703 2409 3761 hominis
2439 3704 2539 3778 qui
2570 3707 2659 3759 cst
2687 3702 2871 3760 Filius
2887 3706 3012 3773 Dei,
3042 3720 3110 3760 ex
3127 3702 3477 3760 substantiis
3497 3701 3729 3757 duabus
3751 3705 3806 3756 et

2152 3810 2270 3849 una
2300 3810 2567 3866 persona.
2600 3793 2671 3849 Et
2699 3792 2839 3865 quia
2868 3792 3028 3848 filius
3056 3791 3312 3848 hominis
3342 3808 3377 3848 a
3406 3790 3549 3847 Filio
3579 3789 3681 3846 Dei
3712 3806 3802 3845 as-

2152 3886 2425 3956 sumptus
2453 3886 2564 3950 est,
2597 3885 2947 3955 potestatem
2977 3881 3155 3938 habet
3185 3881 3245 3938 in
3276 3885 3434 3937 terra
3471 3876 3803 3936 dimittendi

2150 3975 2405 4045 peccata,
2432 3972 2602 4043 juxta
2633 3971 2791 4044 quod
2823 3970 2949 4043 ipse
2970 3969 3108 4026 alibi
3139 3969 3251 4026 ait:
3274 3993 3301 4021 ‹‹
3332 3969 3688 4025 Potestatem
3709 3968 3802 4023 de-

2151 4061 2238 4117 dit
2266 4060 2316 4117 ei
2344 4061 2510 4116 Pater
2531 4060 2826 4131 judicium
2859 4059 3070 4129 facere,
3103 4059 3243 4132 quia
3266 4058 3424 4114 filius
3444 4055 3796 4114 hominisest

2156 4152 2332 4222 (Joan.
2365 4147 2445 4209 v).
2480 4172 2507 4199 ››
2539 4150 2611 4204 Et
2638 4147 2885 4204 iterum:
2921 4172 2947 4198 «
2992 4147 3161 4205 Pater
3186 4166 3301 4205 non
3322 4147 3557 4220 judicat
3599 4162 3795 4220 quem-

2151 4254 2351 4310 quam,
2384 4238 2484 4295 sed
2517 4253 2690 4293 omne
2711 4236 3005 4308 judicium
3036 4236 3195 4293 dedit
3226 4237 3367 4293 Filio
3401 4237 3591 4311 (Ibid).
3612 4258 3640 4286 ››
3667 4235 3796 4290 Fre-

2151 4326 2426 4400 quentius
2459 4331 2655 4381 tamen
2684 4325 2872 4382 filium
2902 4325 3160 4382 hominis
3182 4343 3361 4398 quam
3384 4324 3600 4381 Filium
3623 4324 3792 4381 Deise

2150 4416 2360 4472 maluit
2390 4414 2701 4488 appellare,
2736 4419 2973 4488 propter
2987 4415 3262 4472 virtutem
3275 4412 3628 4471 humilitatis
3659 4411 3790 4469 insi-

2154 4505 2470 4561 nuandam.
2533 4503 2744 4561 Curato
2786 4520 2922 4576 ergo
2970 4502 3288 4578 paralytico
3339 4507 3493 4560 recte
3544 4502 3788 4559 dicitur:

2150 4618 2178 4647 «
2211 4596 2414 4668 Surge,
2441 4592 2579 4649 tolle
2610 4592 2827 4649 lectum
2858 4597 3053 4665 tuum,
3079 4598 3189 4650 etc.
3227 4616 3255 4643 ››

2218 4707 2245 4735 ‹‹
2278 4684 2344 4739 Et
2374 4683 2647 4752 surrexit,
2681 4687 2738 4738 et
2770 4682 2915 4739 abiit
2943 4682 3003 4738 in
3034 4681 3676 4740 domumsuam.»Jam
3698 4696 3788 4735 su-

2143 4773 2339 4846 perius
2356 4789 2458 4844 per
2467 4770 2854 4845 paralyticum
2867 4771 3251 4845 peccatricem
3265 4770 3526 4828 animam
3539 4769 3785 4826 diximus

2140 4861 2401 4935 figurari,
2435 4860 2604 4932 cujus
2636 4859 2852 4916 lectum
2900 4873 3141 4916 'carnem
3190 4859 3446 4933 peccatis
3494 4862 3784 4915 assuetam

2139 4950 2394 5005 diximus
2425 4965 2573 5005 esse.
2610 4948 2782 5005 Recte
2800 4965 3056 5021 namque
3071 4947 3304 5006 dicitur:
3325 4972 3353 4999 ‹‹
3373 4949 3580 5020 Surge,
3607 4970 3635 4998 »
3658 4943 3783 5019 quia

2139 5037 2332 5095 omnis
2354 5037 2663 5110 pmnitens,
2688 5038 2737 5093 si
2753 5037 2980 5094 veniam
2991 5032 3778 5109 vultconsequi,primumab

2138 5126 2470 5199 iniquitate,
2503 5125 2564 5181 in
2596 5144 2714 5199 qua
2747 5125 2957 5200 jacuit,
3007 5141 3311 5200 resurgere
3362 5125 3555 5191 debet,
3611 5128 3675 5178 ut
3700 5124 3779 5178 est

2137 5215 2282 5272 illud
2314 5215 2604 5288 Apostoli:
2639 5238 2667 5265 «
2703 5216 2907 5288 Surge.
2956 5215 3058 5288 qui
3111 5214 3334 5272 dormis
3365 5218 3421 5270 et
3468 5227 3712 5284 exsurge
3748 5225 3778 5263 ι

2140 5292 2408 5372 mortuis,
2443 5309 2499 5361 et
2528 5303 2889 5362 illuminabit
2917 5310 2974 5361 te
2998 5304 3268 5361 Christus
3299 5304 3454 5377 (Eph.
3488 5305 3567 5371 v).
3604 5323 3633 5351 ››
3662 5299 3774 5355 Non

2137 5395 2328 5452 solum
2360 5398 2555 5451 autem
2587 5393 2943 5468 paralyticus
2974 5393 3350 5468 surgere,sed
3379 5389 3774 5453 etiamlectum

2137 5485 2651 5558 portarejubetur,
2687 5483 2826 5556 quia
2857 5501 2971 5540 non
3003 5482 3195 5539 solum
3227 5483 3426 5539 anima
3458 5499 3491 5537 a
3534 5476 3772 5561 peccatis

2135 5574 2435 5653 quiescere
2464 5573 2657 5644 debet,
2690 5574 2792 5631 sed
2805 5573 2983 5634 etiam
2996 5589 3129 5632 caro
3142 5589 3269 5649 qua
3281 5570 3438 5660 vitiis
3456 5566 3771 5644 mancipata
