4060 6178
238 352 342 411 m
1192 399 1237 433 ,

1454 354 1811 418 HOMlLl/E
1854 354 1963 414 DE
2000 353 2398 417 TEMPORE.

3515 358 3635 417 718

236 482 355 549 fuit,
386 482 703 540 virtutibus
732 484 944 541 servire
967 486 1157 549 debet,
1176 488 1349 557 juxta
1368 487 1742 560 Apostolum:
1768 485 1877 542 «Ut
1903 486 1958 553 Α
1990 508 2017 533 ‹‹
2050 486 2262 542 vitatos
2285 486 2356 541 ad
2382 487 2636 558 nuptias,
2660 486 3235 545 etnolebantvenire.
3255 510 3280 535 ι»
3304 488 3372 541 Et
3393 487 3636 560 reliqua.

233 572 372 627 sicut
400 571 662 628 exhibuit
691 575 956 629 membra
986 592 1092 631 sua
1122 577 1336 632 servire
1379 575 1772 632 immunditiis
1816 580 1872 631 et

230 661 516 734 iniquitati
546 664 616 718 ad
646 663 1036 736 iniquitatem,
1088 666 1171 720 ita
1215 666 1417 722 eadem
1450 666 1717 722 exhibeat
1748 682 1869 721 ser-

229 750 335 805 vire
375 750 621 822 justitiae
650 750 710 807 in
738 752 1258 809 sanctificationem
1298 754 1469 825 (Rom.
1502 758 1597 822 Vl).
1628 776 1655 803 »
1691 752 1869 819 Quasi

228 840 370 909 enim
402 839 757 914 paralyticus
807 840 1021 898 lectum
1073 846 1282 915 portat,
1317 843 1550 915 quando
1602 847 1870 915 peccator

228 931 347 1000 post
376 929 813 985 conversionem
845 948 1077 986 carnem
1102 948 1272 987 suam
1296 931 1602 1006 cruciﬁgit,
1628 931 1869 986 mortiﬁ-

230 1016 401 1073 cando
432 1018 697 1074 membra
740 1036 867 1085 sua,
893 1036 1019 1091 quae
1052 1025 1193 1076 sunt
1223 1038 1399 1093 super
1426 1025 1664 1087 terram,
1689 1026 1746 1075 et
1774 1038 1863 1077 se-

230 1106 474 1161 cundum
497 1105 869 1178 Apostolum:
901 1131 929 1158 «
955 1109 1251 1181 Cruciligit
1272 1126 1508 1165 carnem
1533 1125 1702 1165 suam
1729 1125 1862 1165 cum

227 1194 368 1249 vitiis
419 1200 475 1249 et
533 1195 1023 1268 concupiscentiis
1084 1196 1225 1271 (Gal.
1276 1198 1353 1269 v).
1390 1219 1417 1247 »
1476 1197 1657 1269 Cujus
1704 1198 1861 1253 enim

226 1282 412 1337 anima
458 1283 642 1339 Deum
692 1284 943 1356 perfecte
991 1286 1184 1342 videre
1240 1286 1553 1353 desiderat,
1614 1286 1860 1359 dignum

221 1375 299 1425 est
328 1376 393 1425 ut
421 1369 594 1426 etiam
641 1372 770 1443 ejus
800 1389 932 1430 caro
964 1373 1277 1430 virtutibus
1326 1391 1388 1430 se
1418 1375 1651 1442 subdat,
1704 1374 1862 1431 illius

218 1459 475 1532 exemplo
505 1459 604 1530 qui
637 1459 751 1515 ait:
788 1483 815 1510 «ε
848 1460 1039 1517 Sitivit
1069 1463 1125 1517 in
1159 1467 1213 1517 te
1260 1463 1457 1518 anima
1490 1480 1637 1529 mea,
1682 1479 1860 1534 quam

215 1547 614 1620 multipliciter
643 1553 700 1604 et
730 1566 863 1605 caro
896 1566 1026 1606 mea
1058 1551 1229 1622 (Psal.
1253 1558 1404 1619 Lxu).
1432 1574 1460 1601 »
1494 1552 1565 1607 Et
1610 1551 1819 1607 iterum
1844 1568 1856 1608 :

212 1660 231 1684 α
266 1636 330 1691 In
363 1636 482 1693 Deo
529 1636 782 1709 speravit
830 1655 929 1693 cor
977 1656 1197 1699 meum.
1231 1645 1288 1695 et
1329 1641 1569 1711 adjutus
1617 1657 1773 1706 sum,
1805 1644 1862 1696 et

204 1725 470 1781 refloruit
489 1742 622 1782 caro
660 1743 789 1783 mea
818 1729 997 1800 (Psal.
1022 1729 1255 1801 xxvu).»
1279 1730 1348 1784 Et
1378 1746 1616 1785 rursum
1641 1747 1653 1785 :
1690 1753 1716 1779 ‹‹
1751 1729 1860 1784 Cor

203 1829 406 1869 meum
439 1819 497 1870 et
525 1831 657 1870 caro
690 1832 819 1871 mea
847 1816 1284 1872 exsultaverunt
1321 1818 1381 1873 in
1430 1818 1613 1874 Deum
1663 1818 1856 1873 vivum

201 1903 378 1973 (Psal.
430 1908 679 1975 mxxm).
716 1926 744 1955 ››
776 1906 992 1961 Domus
1024 1906 1095 1962 ad
1129 1923 1306 1977 quam
1335 1912 1468 1979 post
1496 1908 1857 1973 curationem

201 1993 285 2046 ire
307 1993 614 2063 jubemur,
648 1994 959 2066 paradisus
988 1998 1097 2050 est.
1150 1996 1233 2050 Ad
1289 1994 1395 2051 hoc
1453 2013 1587 2052 vero
1638 1996 1855 2051 conditi

202 2081 601 2147 fueramus,ut
631 2082 680 2137 si
712 2084 939 2155 primus
962 2084 1137 2138 homo
1168 2101 1283 2139 non
1311 2085 1857 2157 peccasset,absque

204 2167 324 2224 ulla
373 2168 808 2242 incorruptione
841 2171 898 2225 in
928 2188 995 2226 eo
1028 2188 1528 2243 permaneremus,
1574 2174 1674 2228 sed
1722 2173 1859 2245 quia

203 2256 498 2328 peccando
528 2258 600 2313 ab
632 2258 733 2313 illa
757 2258 1129 2328 recessimus,
1159 2277 1392 2331 mquum
1438 2265 1526 2316 est
1560 2266 1623 2315 ut
1670 2261 1856 2333 paeni-

204 2347 378 2401 tendo
411 2346 483 2402 ad
514 2346 675 2403 illam
727 2348 1055 2404 redeamus.
1100 2349 1184 2403 Ad
1216 2366 1393 2421 quam
1444 2349 1855 2406 ardentissimo

209 2453 401 2491 amore
430 2436 729 2508 pervenire
759 2437 997 2509 optabat
1027 2436 1146 2503 ille,
1180 2437 1280 2510 qui
1304 2438 1533 2494 dicebat
1559 2457 1570 2494 :
1607 2461 1633 2488 ‹‹
1667 2438 1854 2494 Unam

212 2525 340 2596 petii
373 2542 406 2579 a
436 2524 704 2591 Domino,
764 2525 914 2581 hanc
966 2526 1262 2599 requiram
1296 2528 1466 2598 (Psal.
1519 2533 1689 2596 xxva).
1728 2552 1753 2575 ››
1786 2529 1855 2583 Et

216 2614 443 2669 iterum:
470 2633 492 2663 ι
511 2614 765 2670 lntroibo
783 2614 840 2669 in
859 2615 1103 2670 domum
1127 2621 1312 2681 tuam,
1330 2616 1853 2683 Dominc,adorabo

216 2703 279 2756 ad
311 2703 592 2775 templum
622 2709 890 2759 sanctum
923 2707 1091 2759 tuum
1122 2706 1296 2774 (Psal.
1331 2708 1407 2767 v).
1447 2728 1473 2753 ››
1511 2706 1579 2761 Et
1612 2722 1850 2760 rursus:

217 2813 241 2840 ς(
270 2791 561 2864 Ingrediar
589 2792 647 2847 in
680 2791 871 2847 locum
893 2792 1256 2849 tabernaculi
1279 2793 1643 2849 admirabilis
1665 2810 1852 2866 usque

215 2881 278 2935 ad
311 2882 548 2936 domum
607 2880 705 2937 Dei
764 2882 935 2953 (Psal.
968 2884 1104 2943 xm).
1141 2905 1169 2931 »
1208 2884 1268 2938 ln
1329 2882 1439 2938 hac
1486 2883 1660 2938 domo
1691 2887 1852 2938 tanto

215 2969 454 3042 quisque
502 2970 867 3027 mansionem
919 2971 1170 3027 inveniet
1219 2971 1581 3044 ampliorem,
1633 2978 1851 3044 quanto

217 3059 268 3113 in
300 3061 563 3131 praesenti
609 3060 729 3115 vita
751 3060 976 3132 justius
1022 3062 1246 3128 vixerit,
1297 3062 1423 3134 ipso
1470 3062 1715 3118 Domino
1763 3061 1850 3118 di-

215 3153 388 3205 cente:
423 3172 450 3199 «
488 3150 550 3205 In
583 3150 755 3205 domo
786 3149 975 3207 Patris
998 3151 1110 3206 mei
1134 3149 1471 3207 mansiones
1494 3151 1690 3207 multae
1714 3156 1851 3207 sunt

213 3237 386 3305 (Joan.
411 3243 547 3305 XIV).
585 3262 613 3287 »

282 3349 310 3375 «
338 3326 612 3384 Videntes
642 3332 839 3383 autem
886 3328 1069 3384 turba:
1102 3328 1425 3385 timuerunt
1455 3333 1510 3384 et
1559 3327 1852 3402 gloriﬁca-

214 3437 239 3462 α
269 3422 472 3471 verunt
515 3416 721 3482 Deum,
754 3417 853 3489 qui
887 3417 1046 3472 dedit
1076 3422 1425 3489 potestatem
1458 3416 1632 3473 talem
1664 3416 1852 3473 homi-

214 3526 239 3551 «
263 3504 452 3560 nibus.
486 3527 515 3554 »
548 3505 611 3560 In
669 3504 779 3561 hoc
809 3504 937 3561 loco
986 3506 1316 3561 declaratur
1364 3511 1650 3579 quantum
1705 3506 1855 3561 inter

213 3592 434 3649 doctam
477 3594 766 3649 malitiam
795 3598 852 3650 et
880 3599 1141 3651 sanctam
1173 3594 1608 3666 simplicitatem
1654 3595 1849 3650 distet.

213 3680 427 3738 Scribis
456 3682 612 3739 enim
656 3683 839 3739 Deum
870 3682 1434 3755 blasphemantibus,
1469 3684 1675 3753 turbae,
1724 3701 1851 3756 quae

216 3770 406 3827 minus
432 3770 671 3827 eruditae
702 3775 888 3837 erant,
928 3773 1054 3843 ejus
1087 3788 1262 3844 opera
1299 3773 1582 3840 videntes,
1618 3789 1748 3828 cum
1783 3773 1854 3827 ti-

216 3875 370 3916 more
398 3864 453 3916 et
479 3860 866 3917 admiratione
894 3860 1366 3933 glorificaverunt
1403 3861 1609 3917 Deum.
1657 3862 1766 3916 Sed
1799 3866 1855 3916 et

215 3945 321 4002 hoc
361 3947 619 4019 quotidie
648 3950 714 4003 ﬁt
741 3948 799 4003 in
839 3948 1095 4005 Ecclesia
1142 3950 1199 4003 in
1234 3948 1609 4006 conversione
1653 3965 1853 4020 pecca-

216 4038 424 4103 torum,
471 4036 611 4109 quia
668 4037 807 4092 dum
848 4036 1097 4109 quilibet
1126 4037 1489 4094 facinorosus
1521 4037 1752 4110 publice
1782 4037 1854 4091 ad

216 4122 393 4180 Deum
448 4126 819 4197 convertitur,
861 4129 918 4181 et
973 4143 1076 4198 per
1132 4127 1536 4200 paenitentiam
1594 4130 1854 4193 curatur,

215 4212 381 4267 multi
410 4213 467 4269 in
498 4216 626 4286 ejus
650 4214 1023 4271 conversione
1067 4215 1418 4271 immensam
1450 4215 1547 4271 Dei
1580 4215 1855 4287 pietatem

216 4300 552 4372 glorificent.
576 4303 749 4359 Juxta
796 4306 1156 4376 superiorem
1192 4322 1433 4360 sensum
1493 4304 1673 4359 turba:
1729 4321 1856 4376 qua:

218 4387 438 4460 timent,
471 4391 757 4447 immundi
790 4393 1037 4465 spiritus
1068 4392 1314 4465 intelligi
1347 4395 1614 4466 possunt,
1649 4392 1751 4465 qui
1782 4393 1859 4447 vi-

220 4476 413 4535 dentes
438 4484 768 4553 peCcatores
788 4497 890 4553 per
920 4481 1151 4537 Domini
1171 4481 1631 4538 incarnationem
1659 4482 1729 4537 de
1752 4497 1859 4537 sua

1981 575 2125 630 Cum
2160 577 2492 647 frequenter
2524 593 2770 649 regnum
2802 577 3080 633 caelorum
3113 577 3172 630 in
3202 576 3510 648 Evangelio
3542 595 3640 632 no-

1980 662 2257 731 minatur,
2284 681 2399 718 non
2432 663 2750 737 incongrue
2784 684 3016 737 semper
3038 682 3216 720 unam
3250 664 3637 736 eamdemque

1978 749 2153 807 habet
2179 751 2688 824 signiﬁcationem,
2722 755 2823 810 sed
2857 753 3174 826 aliquando
3206 751 3500 809 cmlestem
3530 753 3637 809 Do-

1977 840 2205 895 minum
2218 842 2419 897 Jesum
2437 841 2756 909 Christum,
2773 841 3090 914 aliquando
3103 841 3430 897 doctrinam
3443 841 3632 897 sancti

1977 927 2290 1001 Evangelii,
2324 929 2641 1001 aliquando
2673 931 2966 987 caelestem
3012 930 3283 1003 patriam,
3316 929 3630 1002 aliquando

1975 1022 2319 1088 praesentem
2363 1019 2657 1091 signiﬁcat
2705 1020 3045 1076 Ecclesiam.
3080 1018 3395 1074 Dominum
3424 1018 3627 1075 Jesum

1974 1105 2297 1175 Christum,
2330 1108 2480 1163 sicut
2510 1108 2635 1179 ipse
2662 1109 2779 1164 ait:
2815 1134 2841 1159 ‹‹
2879 1109 3146 1181 Regnum
3192 1107 3292 1163 Dei
3323 1107 3478 1162 intra
3525 1123 3627 1163 vos

1972 1198 2061 1250 est
2091 1196 2243 1266 (Luc.
2276 1200 2434 1264 xvn).
2460 1219 2489 1247 »
2533 1197 2869 1253 Doctrinam
2903 1196 3092 1253 sancti
3125 1194 3439 1267 Evangelii,
3472 1195 3626 1251 sicut

1973 1283 2097 1354 ipse
2125 1284 2342 1341 Judznis
2372 1284 2523 1341 hanc
2568 1287 2820 1358 recipere
2852 1285 3187 1342 nolentibus
3217 1283 3395 1339 dixit:
3449 1305 3476 1332 «
3506 1285 3624 1339 Au-

1971 1371 2187 1427 feretur
2213 1389 2247 1427 a
2276 1372 2438 1429 vobis
2460 1389 2705 1446 regnum
2728 1373 2848 1438 Dei,
2872 1377 2929 1430 et
2955 1373 3190 1428 dabitur
3210 1372 3367 1444 genti
3389 1371 3626 1427 facienti

1971 1461 2196 1515 fructus
2241 1461 2369 1531 ejus
2413 1463 2624 1531 (Matth.
2657 1464 2793 1523 xxx).
2831 1484 2858 1512 ››
2909 1460 3210 1518 Ccclestem
3256 1460 3528 1532 patriam,
3563 1464 3626 1515 ut

1969 1552 2060 1603 est
2089 1547 2233 1603 illud
2260 1566 2272 1603 :
2308 1572 2334 1599 ‹‹
2358 1551 2515 1605 Beati
2550 1551 2649 1623 qui
2682 1550 3149 1623 persecutionem
3178 1549 3482 1622 patiuntur
3498 1564 3626 1621 pro-

1970 1640 2099 1707 pter
2119 1636 2436 1707 justitiam,
2490 1640 2768 1711 quoniam
2803 1640 3067 1712 ipsorum
3097 1641 3187 1694 est
3232 1653 3478 1710 regnum
3509 1652 3625 1692 caa-

1968 1723 2158 1780 lorum
2192 1726 2408 1799 (Matth.
2441 1727 2516 1788 v).
2552 1750 2578 1776 ››
2618 1729 2893 1783 Sanctam
2924 1726 3265 1793 Ecclesiam,
3300 1726 3455 1781 sicut
3483 1724 3621 1781 alibi

1970 1813 2085 1868 ait:
2121 1838 2146 1863 ‹‹
2182 1814 2290 1878 Qui
2340 1815 2578 1871 solverit
2620 1834 2805 1871 unum
2836 1818 2907 1871 de
2953 1814 3247 1871 mandatis
3286 1813 3417 1870 istis
3449 1813 3621 1869 mini-

1971 1903 2103 1967 mis,
2138 1908 2194 1957 et
2224 1904 2485 1959 docuerit
2534 1904 2619 1960 sic
2649 1905 2940 1967 homines,
2991 1903 3276 1958 minimus
3323 1902 3625 1957 vocabitur

1967 1990 2025 2047 in
2059 2006 2235 2065 regno
2288 1992 2564 2047 ctelorum
2617 1992 2817 2064 (Ibat).
2856 2016 2881 2041 ››
2918 1994 3063 2065 Ergo
3097 1991 3155 2045 in
3205 1989 3315 2045 hoc
3363 1989 3488 2045 loco
3528 2006 3622 2044 re-

1968 2096 2149 2151 gnum
2183 2080 2460 2136 caelorum
2494 2087 2843 2152 praesentem
2875 2080 3167 2154 signiﬁcat
3196 2078 3536 2144 Ecclesiam,
3562 2078 3619 2133 id

1967 2174 2055 2223 est
2084 2170 2934 2241 congregationemjustorum,
2960 2169 3019 2223 in
3046 2185 3164 2240 qua
3184 2167 3470 2223 Dominus
3504 2183 3619 2222 non

1968 2257 2157 2313 solum
2209 2263 2433 2330 regnat,
2478 2259 2577 2314 sed
2611 2259 2787 2314 etiam
2832 2258 3101 2330 quiescit,
3137 2256 3289 2313 sicut
3334 2255 3623 2327 scriptum.

1966 2352 2055 2403 est
2086 2346 2143 2402 in
2177 2347 2523 2404 Salomone:
2559 2372 2585 2397 «
2618 2349 2829 2403 Anima
2848 2346 3019 2417 justi,
3052 2346 3220 2401 sedes
3251 2345 3617 2417 sapientiae.»

1964 2442 2113 2491 Sunt
2156 2435 2446 2501 nonnulli,
2480 2437 2581 2508 qui
2615 2438 2765 2492 hanc
2814 2437 3081 2492 eamdem
3140 2434 3447 2490 lectionem
3493 2449 3621 2489 esse

1964 2530 2192 2595 putant,
2233 2542 2409 2597 quam
2446 2530 2627 2581 Lucas
2649 2526 2760 2581 sub
2782 2524 3173 2597 appellatione
3203 2540 3377 2577 caenis
3404 2522 3619 2577 descri-

1966 2615 2208 2685 psit,sed
2234 2615 2502 2685 quaedam
2529 2615 2677 2669 inter
2690 2630 2751 2669 se
2765 2615 2992 2669 diversa
3010 2612 3307 2668 continere
3327 2612 3617 2666 videntur:

1963 2703 2102 2773 quia
2132 2702 2211 2756 ibi
2243 2718 2427 2767 omna,
2455 2701 2547 2756 hic
2575 2701 2889 2773 prandium
2913 2701 3283 2755 nominatur:
3318 2698 3396 2752 ibi
3422 2697 3621 2754 nullus

1964 2791 2063 2861 qui
2098 2790 2351 2856 intravit,
2399 2806 2674 2861 egressus
2723 2788 2977 2861 legitur:
3012 2787 3107 2844 hic
3139 2787 3239 2860 qui
3272 2803 3407 2842 cum
3459 2790 3620 2841 veste

1964 2879 2210 2951 nuptiali
2244 2895 2358 2933 non
2392 2878 2727 2944 intraverat,
2761 2894 2898 2932 cum
2931 2892 3143 2948 magno
3194 2875 3475 2931 dedecore
3520 2891 3615 2930 ex-

1964 2966 2171 3038 pulsus
2194 2970 2484 3022 narratur.
2515 2967 2661 3021 Nam
2684 2965 2951 3040 quamvis
2972 2965 3334 3022 consuetudo
3356 2962 3616 3035 antiquis

1961 3054 2155 3122 fuerit,
2203 3054 2383 3109 semel
2432 3055 2489 3109 in
2541 3054 2634 3110 die
2684 3055 2989 3127 prandere,
3042 3053 3234 3110 ethoc
3282 3050 3612 3109 convivium

1959 3148 2014 3200 et
2039 3143 2352 3216 prandium
2384 3147 2441 3199 et
2471 3160 2633 3199 cmna
2682 3148 3006 3210 vocaretur,
3060 3142 3222 3215 apud
3261 3158 3369 3197 nos
3415 3144 3612 3197 tamen

1881 3222 1924 3289 C
1961 3232 2238 3290 usitatius
2268 3237 2400 3305 post
2431 3233 2744 3304 prandium
2776 3249 2937 3287 omna
2970 3235 3168 3299 restat,
3212 3236 3345 3303 post
3385 3244 3608 3284 ccenam

1962 3339 2093 3378 vero
2126 3321 2355 3377 nullum
2389 3320 2715 3376 convivium
2759 3325 3041 3377 remanet.
3095 3320 3258 3376 Unde
3299 3335 3403 3391 per
3448 3317 3611 3373 illam

1962 3427 2183 3466 caenam
2238 3409 2495 3465 Ecclesia
2524 3410 2828 3481 ﬁguratur,
2875 3408 3066 3480 qualis
3098 3407 3206 3463 erit
3253 3407 3312 3463 in
3374 3406 3611 3461 futuro:

1962 3519 2066 3574 per
2085 3500 2194 3555 hoc
2214 3517 2347 3555 vero
2372 3498 2705 3572 prandium,
2730 3498 2921 3571 qualis
2943 3502 3031 3553 est
3050 3498 3109 3552 in
3133 3494 3617 3569 prmsenti.Homo

1960 3590 2073 3645 iste
2104 3606 2202 3643 rex
2233 3587 2741 3660 spiritaliterDeus
2762 3587 3132 3659 omnipotens
3152 3590 3260 3653 est,
3286 3584 3467 3640 Filius
3490 3585 3619 3655 ejus

1963 3676 2793 3745 DominusJesusChristus,de
2815 3692 2930 3747 quo
2957 3692 3058 3747 per
3083 3674 3452 3731 Psalmistam
3473 3673 3619 3729 dici-

1962 3772 2089 3823 tur:
2111 3764 2612 3838 «Deusjudicium
2638 3769 2806 3819 tuum
2824 3763 2945 3835 regi
2969 3764 3043 3819 da
3061 3765 3234 3833 (Psat.
3262 3765 3468 3832 LxxU,»
3504 3768 3613 3821 etc.

1963 3855 2071 3921 Qui
2094 3855 2227 3912 fecit
2249 3855 2485 3927 nuptias
2508 3853 2628 3908 {ilio
2660 3870 2787 3920 suo,
2814 3852 3048 3925 quando
3071 3869 3175 3925 per
3195 3852 3619 3908 incarnationis

1965 3944 2307 4016 mysterium
2341 3943 2393 3997 ei
2424 3946 2687 3997 sanctam
2716 3940 3038 3996 Ecclesiam
3070 3940 3332 4011 sociavit,
3366 3957 3482 3995 non
3513 3940 3618 3996 ha-

1964 4032 2198 4088 bentem
2232 4029 2524 4085 maculam
2577 4046 2766 4099 neque
2798 4046 3025 4103 rugam,
3071 4029 3142 4084 de
3172 4046 3289 4100 qua
3319 4045 3419 4099 per
3462 4035 3618 4099 Apo-

1966 4120 2181 4175 stolum
2231 4117 2481 4173 dicitur:
2514 4140 2540 4166 «
2579 4117 2867 4188 Despondi
2898 4117 3052 4172 enim
3082 4133 3185 4171 vos
3219 4116 3320 4170 uni
3349 4116 3474 4169 viro
3503 4114 3617 4169 vir-

1965 4208 2161 4280 ginem
2222 4211 2444 4262 castam
2502 4205 2775 4261 exhibere
2834 4204 3061 4260 Christo
3094 4206 3164 4271 (11
3195 4205 3316 4259 Cor.
3358 4203 3456 4273 x1).
3494 4224 3521 4250 »
3554 4202 3617 4257 In

1966 4295 2189 4369 nuptiis
2245 4312 2379 4350 vero
2435 4294 2552 4349 duo
2607 4294 2963 4365 junguntur,
2994 4309 3247 4364 sponsus
3291 4297 3347 4349 et
3378 4306 3614 4362 sponsa.

1966 4387 2231 4458 Sponsus
2270 4384 2427 4439 enim
2477 4382 2745 4439 Christus
2774 4387 2881 4449 est,
2934 4382 3005 4436 de
3036 4398 3151 4453 quo
3197 4397 3301 4453 per
3329 4380 3617 4436 Joannem

1966 4474 2209 4529 dicitur:
2242 4472 2391 4539 «Qui
2415 4471 2590 4528 habet
2611 4487 2887 4543 sponsam
2912 4486 3164 4541 sponsus
3182 4473 3272 4525 est
3289 4470 3621 4535 (Joan.m).»

221 4572 497 4636 potestate
516 4568 899 4641 eripi,timore
920 4575 976 4626 et
993 4571 1377 4626 admiratione
1399 4570 1667 4626 concussi
1701 4574 1856 4625 sunt.
1889 4585 1936 4650 D
1967 4563 2207 4617 Amicus
2233 4566 2438 4650 autem.
2451 4560 2672 4632 sponsi,
2697 4559 2797 4631 qui
2831 4562 2946 4650 stat
2971 4562 3028 4650 et
3054 4559 3218 4614 audit
3243 4555 3622 4650 eum,gau£lio

220 4652 376 4712 Unde
396 4661 452 4713 et
472 4674 573 4730 per
588 4658 893 4714 obsessum
916 4659 1216 4715 hominem
1240 4660 1657 4730 loquebantur:
1678 4658 1859 4722 «Quid

217 4745 381 4801 nobis
404 4751 463 4820 et
481 4746 612 4817 tibi,
648 4746 755 4802 Fili
768 4747 868 4804 Dei
885 4747 912 4802 Τ
942 4748 1149 4804 venisti
1173 4753 1309 4803 ante
1330 4752 1566 4820 tempus
1594 4753 1865 4819 torquere

212 4849 320 4889 nos
350 4818 552 4905 (Matth.
582 4836 723 4893 vui).
758 4858 785 4885 »
820 4836 886 4891 Et
918 4841 983 4892 ut
1012 4835 1367 4909 evangelista
1401 4818 1516 4893 ait:
1554 4860 1581 4886 ‹‹
1614 4818 1864 4891 Multum

209 4924 497 4995 rogabant
516 4940 653 4980 eum
675 4925 963 4980 daemonia
982 4931 1047 4981 ut
1077 4942 1188 4981 non
1214 4942 1313 4980 eos
1336 4924 1592 4981 mitteret
1612 4925 1668 4979 in
1694 4926 1863 4997 abys-

204 5028 343 5067 sum
373 5011 527 5085 (Luc.
565 5014 702 5084 mi).
740 5037 767 5063 ››

754 5157 1062 5215 HOMILIA
1081 5156 1334 5213 CXXXV.

292 5272 297 5277 ‘
330 5262 617 5303 DOMINICA
645 5263 913 5303 VIGESIMA
943 5263 1129 5302 PRIMA
1158 5262 1294 5304 POST
1329 5262 1741 5301 PENTECOSTEN.

273 5370 538 5430 (Mam.
559 5371 724 5440 XXII.)
745 5393 773 5420 ‹‹
796 5374 862 5426 In
894 5369 993 5427 illo
1010 5370 1676 5443 tempore.Loquebatur
1696 5367 1870 5423 Jesus

196 5479 235 5505 «ι
270 5474 408 5513 cum
446 5457 757 5530 discipulis
788 5459 912 5515 suis
944 5459 1001 5514 in
1036 5457 1351 5531 parabolis,
1385 5457 1622 5513 dicens:
1671 5454 1872 5509 Simile

199 5566 235 5593 ιι
274 5548 496 5603 factum
520 5552 867 5621 estregnum
894 5547 1174 5604 caelorum
1205 5545 1430 5603 homini
1461 5546 1581 5618 regi
1614 5545 1711 5617 qui
1738 5543 1872 5601 fecit

202 5653 244 5686 εί
277 5636 519 5713 nuptias
555 5635 673 5692 filio
706 5653 812 5695 suo
859 5643 915 5697 ct
950 5636 1108 5695 misit
1139 5652 1334 5694 servos
1367 5651 1506 5693 suos
1551 5650 1751 5693 vocare
1781 5632 1873 5691 in-

1971 4650 2185 4723 gaudet
2214 4644 2451 4722 propter
2495 4664 2693 4704 vocem
2743 4647 2962 4719 sponsi.
2998 4648 3224 4719 Sponsa
3263 4650 3465 4702 sancta
3512 4645 3625 4700 Ec-

1973 4739 2149 4795 clesia
2179 4742 2287 4806 est,
2322 4738 2413 4792 cui
2464 4753 2566 4809 per
2612 4735 2957 4809 prophetam
2987 4736 3229 4791 dicitur:
3266 4756 3293 4785 «
3320 4733 3625 4806 Sponsabo

1974 4834 2032 4884 te
2062 4826 2207 4882 mihi
2240 4826 2297 4880 in
2347 4826 2584 4898 justitia
2632 4829 2687 4880 et
2740 4823 2982 4880 veritate
3033 4824 3177 4893 (Ore.
3212 4822 3290 4882 ιι).
3331 4845 3359 4871 ››
3418 4822 3499 4876 De
3531 4820 3625 4877 his

1975 4916 2459 4988 nuptiisloanncs
2472 4914 2529 4969 in
2544 4912 2892 4986 Apocalypsi
2914 4912 3174 4984 loquitur
3189 4911 3392 4966 dicens
3409 4910 3627 4965 :«Beati

1976 5006 2075 5078 qui
2109 5004 2179 5060 ad
2229 5020 2453 5059 ccenam
2511 5002 2854 5074 nuptiarum
2894 5002 3031 5074 agni
3060 5000 3247 5058 vocati
3278 5004 3419 5055 sunt
3445 4995 3625 5070 (Apoc.

1974 5095 2110 5167 XIX).
2146 5116 2174 5143 »
2206 5094 2275 5147 Et
2304 5093 2513 5148 iterum
2539 5107 2553 5146 :
2606 5114 2632 5139 ‹‹
2666 5090 2797 5146 Vidi
2842 5089 3135 5145 civitatem
3167 5092 3431 5145 sanctam
3460 5087 3628 5143 Jeru-

1979 5182 2161 5239 salem
2194 5181 2642 5237 descendentem
2675 5179 2745 5234 de
2786 5177 2925 5234 coelo
2956 5184 3145 5250 (Apoc.
3176 5188 3315 5244 xxi).
3352 5200 3379 5226 »
3414 5174 3631 5232 Thala-
3704 5184 3715 5191 ‘

1980 5289 2113 5327 mus
2142 5271 2320 5342 hujus
2363 5268 2585 5340 sponsi,
2619 5271 2822 5323 uterus
2865 5265 3165 5339 genitricis
3214 5266 3347 5337 fuit,
3394 5266 3468 5321 de
3515 5281 3630 5337 quo

1979 5362 2051 5418 ad
2082 5357 2551 5431 conjungendam
2584 5355 2696 5412 sibi
2730 5354 3070 5422 Ecclesiam,
3096 5355 3254 5411 velut
3284 5371 3538 5427 sponsus
3559 5353 3631 5409 de

1980 5450 2240 5505 thalamo
2271 5463 2377 5503 suo
2409 5444 2708 5518 processit.
2740 5443 2902 5500 Unde
2934 5460 3068 5500 cum
3113 5442 3428 5517 Apostolus
3459 5459 3632 5516 expo-

1982 5542 2144 5596 neret
2174 5535 2596 5604 testimonium,
2620 5535 2774 5608 quod
2807 5533 2994 5608 primo
3014 5533 3236 5591 homini
3269 5532 3493 5591 dictum
3514 5532 3633 5587 fue-

1982 5634 2098 5689 rat:
2152 5649 2180 5681 ‹‹
2215 5626 2453 5701 Propter
2481 5622 2588 5682 hoc
2620 5622 2907 5701 relinquet
2955 5622 3130 5683 homo
3169 5627 3396 5696 patrem
3428 5622 3484 5676 et
3513 5633 3637 5678 ma-
