4060 6178
420 323 537 382 719

980 322 1390 384 HAYMONIS
1438 322 1983 383 HALBERSTAT.
2032 319 2274 384 EPISC;
2323 322 2495 382 OPP.
2544 322 2740 383 PARS
2786 323 2972 435 ll..—-
3006 322 3276 385 HOMIL.

3719 323 3833 383 7%

416 455 653 522 trem,et
680 452 998 510 adhaarebit
1027 455 1192 510 uxori
1214 472 1353 521 suae,
1383 478 1412 505 ››
1435 458 1492 509 et
1525 453 1767 525 reliqua,
1799 452 2075 509 continuo
2105 454 2157 520 Α
2190 452 2410 524 repleti,
2446 458 2508 508 ut
2539 470 2675 511 cum
2724 455 3037 513 Psalmista
3087 455 3275 512 dicere
3312 452 3568 528 possint:
3621 477 3648 502 ‹‹
3680 455 3835 531 Sicut

417 542 667 616 adjecit:
731 566 758 595 «
790 546 1231 600 Sacramentum
1285 544 1396 600 hoc
1457 558 1739 616 magnum
1798 546 1905 598 est.
1962 541 2077 616 Ego

421 636 618 691 autem
664 632 794 690 dico
841 634 903 690 in
961 633 1221 691 Ecclesia
1269 636 1327 689 et
1373 632 1434 688 in
1483 631 1709 689 Christo
1761 632 1971 705 (Ephes.
2003 648 2075 699 v;

424 722 552 780 Gen.
585 722 672 796 n.)
700 745 728 773 »

494 813 598 883 «Et
619 812 781 868 misit
791 828 989 870 servos
1007 830 1145 870 suos
1160 810 1652 868 vocareinvitatos
1666 812 1737 868 ad
1766 810 2023 885 nuptias.
2046 832 2081 891 ››Δ

422 899 483 963 Si
503 918 735 959 servum
758 901 1165 977 legerimus,ut
1177 900 1462 958 nonnulla
1474 901 1692 958 habent
1704 899 2077 973 exemplaria,

424 990 662 1065 Moysen
682 989 1005 1065 intelligere
1022 991 1302 1048 debemus
1321 1009 1334 1060 ;
1360 990 1408 1048 si
1426 994 1621 1046 autem
1646 989 1948 1063 pluraliter
1967 1006 2084 1046 ser-

422 1095 545 1144 vos,
594 1078 959 1155 patriarchas
1013 1084 1071 1136 et
1106 1079 1422 1155 prophetas
1452 1079 1713 1152 accipere
1743 1095 2080 1151 possumus.

422 1166 583 1223 Misit
613 1183 748 1241 ergo
777 1185 973 1226 servos
994 1185 1198 1225 vocare
1242 1168 1519 1225 invitatos
1552 1168 1621 1225 ad
1654 1168 1911 1241 nuptias,
1945 1167 2084 1239 quia

422 1255 840 1313 incarnationis
865 1274 983 1313 sua:
1006 1257 1352 1330 mysterium
1376 1272 1480 1328 per
1498 1255 1860 1328 patriarchas
1878 1261 1935 1311 et
1956 1272 2083 1329 pro-

422 1343 628 1415 phetas
674 1344 846 1418 longe
895 1350 1031 1401 ante
1085 1345 1277 1401 dicere
1306 1344 1529 1402 voluit:
1565 1344 1661 1418 qui
1693 1345 1979 1419 plurimos
2010 1345 2081 1401 ad

422 1431 634 1489 Christi
669 1432 909 1506 nuptias
943 1437 1315 1504 vocaverunt,
1342 1433 1481 1505 quia
1502 1450 1605 1507 per
1633 1432 1917 1507 Spiritum
1949 1450 2081 1489 san-

425 1524 585 1579 ctum
635 1522 946 1579 adventum
995 1522 1207 1579 Christi
1256 1522 1641 1596 praevidentes
1692 1521 1823 1577 aliis
1855 1540 2084 1578 annun-

425 1610 737 1667 tiaverunt.
775 1611 886 1667 Sed
917 1611 1085 1667 valde
1118 1610 1438 1669 dolendum
1470 1616 1560 1667 est
1591 1611 1745 1683 quod
1781 1610 2081 1668 subdidit:

429 1723 455 1749 ‹‹
490 1700 560 1755 Et
589 1699 865 1757 nolebant
887 1700 1102 1756 venire.
1124 1722 1150 1749 »
1169 1700 1238 1755 Et
1254 1699 1497 1772 pulchre
1520 1699 1750 1755 dicitur:
1768 1698 2089 1754 «Nolebant

2188 541 2357 615 adipo
2388 546 2444 597 et
2498 542 2855 616 pinguedine
2908 544 3202 619 repleatur
3258 543 3458 600 anima
3484 559 3617 601 mea
3666 544 3832 621 (Psal,

2188 632 2344 701 LXII).
2362 652 2389 681 »
2416 631 2486 687 Et
2502 631 2747 689 iterum:
2769 655 2796 683 ‹‹
2815 633 3201 707 Impinguasti
3225 633 3284 691 in
3305 631 3431 690 oleo
3452 635 3629 705 caput
3648 648 3837 695 meum

2190 719 2573 791 (Psal.xxn.)»
2597 723 2707 779 Sed
2732 723 2793 778 in
2811 724 3231 797 praeparatione
3259 722 3602 801 nuptiarum
3632 722 3839 791 Christi

2190 824 2323 864 cum
2355 809 2542 866 tauris
2564 809 2748 866 altilia
2780 816 2920 868 sunt
2940 812 3152 880 occisa,
3177 811 3318 885 quia
3344 812 3545 869 Patres
3563 811 3701 871 Novi
3728 814 3841 875 Te,—

2190 897 2463 954 stamenti
2493 915 2599 972 pro
2620 900 3032 972 pradicatione
3053 900 3350 974 Evangelii
3368 900 3736 975 corporaliter
3751 901 3839 975 in;

2188 987 2490 1045 terierunt.
2522 988 2636 1046 Alii
2668 990 2929 1047 cruciﬁxi
2958 995 3121 1057 sunt,
3147 995 3212 1047 ut
3240 990 3474 1060 Petrus;
3525 990 3625 1046 alii
3654 990 3838 1063 decol:

2190 1074 2313 1143 lati,
2350 1080 2416 1132 ut
2445 1076 2707 1144 Paulus;
2762 1077 2860 1133 alii
2896 1078 3135 1151 lapidati
3184 1083 3325 1137 sunt
3354 1083 3421 1135 ut
3473 1078 3837 1155 Stephanus;

2193 1164 2291 1220 alii
2316 1164 2448 1239 igne
2472 1166 2809 1234 cremati,ut
2828 1167 3178 1227 Laurentius
3204 1185 3218 1236 ;
3252 1167 3351 1224 alii
3382 1166 3640 1235 lacerati,
3668 1172 3722 1225 et
3745 1185 3834 1243 se:

2191 1253 2454 1311 cundum
2499 1254 2882 1328 Apostolum:
2938 1278 2965 1307 ‹‹
3000 1255 3366 1313 Circuierunt
3396 1256 3455 1312 in
3500 1256 3743 1325 melotis,
3772 1257 3836 1313 in

2192 1341 2446 1416 pellibus
2492 1344 2746 1417 caprinis
2794 1345 2974 1417 (Hebr.
2998 1350 3148 1416 1(1):»
3179 1345 3426 1411 Omnem
3456 1351 3651 1415 autem
3679 1362 3833 1405 occa-

2192 1431 2417 1489 sionem
2443 1434 2762 1491 excusandi
2793 1434 2982 1492 aufert
3028 1452 3145 1505 rex,
3196 1452 3334 1493 cum
3364 1434 3541 1492 dicit:
3577 1458 3605 1497 (ς
3638 1434 3839 1507 Omnia

2193 1524 2412 1595 parata.
2432 1544 2460 1571 »
2484 1521 2692 1578 Omnia
2709 1522 2868 1579 enim
2890 1527 3094 1597 parata
3105 1523 3517 1596 sunt,quiaille
3529 1522 3839 1597 singularis

2195 1627 2382 1683 agnus
2405 1611 2633 1667 occisus
2655 1616 2764 1678 est,
2796 1611 2856 1667 in
2887 1613 3060 1686 cujus
3091 1613 3281 1687 ﬁgura
3308 1612 3511 1669 omnia
3539 1629 3835 1686 praeesse:

2197 1703 2353 1754 runt.
2400 1699 2530 1757 Sive
2579 1704 2732 1756 certe
2779 1699 2980 1756 omnia
3008 1704 3213 1774 parata
3240 1704 3402 1775 sunt,
3452 1701 3592 1774 quia
3619 1700 3843 1776 nullum

427 1788 640 1846 venire.
676 1812 704 1838 ››
739 1787 885 1856 Quia
913 1788 1154 1861 plurimi
1188 1805 1290 1861 per
1320 1788 1636 1861 prophetas
1670 1786 2084 1844 annuntiatum
2116 1830 2167 1896 Β
2195 1786 2527 1860 exemplum
2557 1787 2790 1845 virtutis
2806 1792 2896 1845 est
2917 1793 3276 1859 sanctorum,
3299 1790 3457 1864 quod
3484 1790 3556 1847 ad
3587 1795 3842 1853 nostram

433 1876 738 1896 _--J=-____.
776 1874 2062 1896 __:_2_-_-_-_1:.1___-_L
2565 1895 2574 1896 η
2974 1895 2980 1896 ,
3401 1878 3449 1896 -..
3514 1882 3524 1896 .
3575 1883 3587 1896 .
3725 1879 3740 1896 ε

430 1876 872 1943 audierunt,sed
894 1881 1090 1933 tamen
1102 1880 1417 1939 venturum
1434 1874 1678 1932 minime
1691 1874 2083 1932 crediderunt.

429 1965 609 2022 Oﬂ'ert
634 1965 787 2022 Deus
809 1966 966 2038 quod
1001 1965 1190 2039 rogari
1214 1965 1514 2034 debuerat,
1539 1982 1656 2021 non
1677 1969 1916 2037 rogatus
1948 1965 2086 2041 dare

428 2058 672 2125 paratus
704 2058 813 2123 est,
846 2055 999 2126 quod
1027 2054 1121 2111 vix
1151 2053 1308 2111 credi
1332 2054 1541 2127 potuit,
1564 2058 1628 2109 ut
1651 2052 1849 2127 largiri
1881 2054 2086 2127 digna-

425 2147 586 2199 retur
601 2144 781 2200 etiam
804 2142 1274 2216 postulatus.Sed
1298 2143 1526 2216 reprobi
1543 2144 1615 2199 ad
1637 2142 1875 2215 nuptias
1892 2142 2085 2199 venire

423 2232 651 2300 nolunt,
684 2233 824 2305 quia
853 2235 982 2307 ejus
1001 2233 1377 2305 jussionibus
1398 2250 1501 2306 per
1529 2231 1717 2288 multa
1739 2249 1913 2305 opera
1946 2249 2083 2288 con-

419 2321 891 2387 tradicunt.Quia
919 2326 1060 2378 sunt
1093 2322 1363 2379 nonnulli
1389 2321 1489 2394 qui
1514 2339 1628 2376 non
1656 2320 1847 2376 solum
1865 2337 1933 2375 ea
1954 2337 2080 2393 quae

420 2410 533 2467 sibi
561 2411 936 2480 conveniunt,
969 2428 1003 2466 a
1028 2410 1144 2466 Deo
1172 2428 1290 2466 non
1321 2409 1641 2482 postulant,
1670 2426 1871 2466 verum
1906 2409 2083 2467 etiam

422 2497 618 2555 oblata
636 2498 748 2555 sibi
770 2499 1033 2572 accipere
1053 2503 1334 2555 renuunt.
1350 2498 1464 2555 Nec
1482 2502 1678 2555 tamen
1691 2497 1887 2554 divina
1898 2498 2083 2570 pietas

426 2592 867 2645 contemnentes
902 2605 964 2643 se
993 2587 1336 2660 contemnit,
1359 2604 1493 2643 cum
1517 2588 1588 2643 ad
1610 2604 1730 2655 eos,
1755 2586 1858 2659 qui
1886 2587 2082 2642 venire

419 2676 717 2744 nolebant,
764 2677 978 2734 iterum
1009 2677 1173 2733 misit
1218 2676 1363 2733 alios
1395 2693 1611 2733 servos.
1647 2676 1831 2748 Servi,
1861 2675 1961 2748 qui
1992 2693 2081 2732 se-

422 2766 613 2822 cundo
634 2765 972 2835 mittuntur,
993 2764 1241 2838 apostoli
1264 2769 1405 2822 sunt
1426 2764 1808 2838 intelligendi,
1829 2764 1928 2836 qui
1951 2767 2083 2836 post

421 2854 657 2912 Domini
673 2853 1135 2911 incarnationem
1150 2854 1221 2909 ad
1248 2852 1687 2927 praedicandum
1704 2850 2081 2925 Evangelium

422 2948 564 3001 sunt
593 2942 781 3000 missi.
807 2943 914 3010 Qui
935 2948 1096 3000 tanto
1115 2943 1380 3000 securius
1405 2946 1717 3021 adventum
1741 2940 1956 2997 Christi
1978 2958 2082 2996 an-

425 3032 869 3099 nuntiaverunt,
903 3036 1121 3105 quanto
1153 3033 1223 3088 ab
1255 3032 1380 3104 ipso
1431 3047 1529 3087 ore
1557 3029 1816 3087 veritatis
1841 3028 2081 3086 uberius

424 3120 682 3177 Verbum
715 3120 979 3177 divinum
1011 3121 1341 3178 audierunt.
1394 3118 1507 3175 Sed
1548 3119 1687 3192 quia
1734 3117 2082 3191 plerumque

2195 1875 2585 1934 imitationem
2628 1877 2688 1932 in
2719 1877 2995 1952 operibus
3025 1895 3227 1935 eorum
3259 1878 3696 1955 manifestatum
3716 1879 3847 1953 jam

2196 1981 2312 2025 non
2344 1967 2439 2021 sit.
2491 1966 2623 2023 Jam
2671 1966 2828 2023 enim
2878 1967 3274 2027 innocentiam
3316 1967 3458 2037 Abel
3492 1968 3843 2036 audivimus,

2195 2054 2588 2111 obedientiam
2636 2054 2902 2125 Abrahae,
2945 2055 3354 2113 castimoniam
3388 2055 3569 2128 Isaac,
3599 2055 3843 2113 toleran-

2194 2144 2337 2199 tiam
2364 2142 2564 2211 Jacob,
2609 2143 2884 2201 mititiam
2915 2144 3121 2218 Moysi,
3155 2143 3615 2203 misericordiam
3642 2143 3851 2215 David,L

2193 2231 2533 2303 patientiam
2555 2231 2664 2289 Job
2688 2231 3304 2298 audivimus,etﬁncm
3324 2233 3555 2290 Domini
3571 2232 3845 2301 vidimus,

2192 2320 2302 2375 Sed
2336 2319 2568 2393 reprobi
2622 2336 2850 2393 omnes,
2911 2321 3055 2377 dum
3084 2321 3332 2379 terrenis
3378 2321 3598 2383 divitiis
3645 2322 3841 2394 aequi.-

2193 2409 2390 2464 rendis
2422 2409 2684 2466 studiose
2714 2409 2966 2479 inhiant,
3015 2427 3133 2467 non
3160 2410 3354 2469 solum
3401 2426 3700 2468 servorum
3740 2409 3853 2473 Dei,

2192 2495 2456 2569 exempla
2480 2495 2702 2552 imitari
2732 2502 3137 2566 contemnunt,
3169 2499 3274 2557 sed
3308 2498 3485 2556 etiam
3517 2498 3703 2572 ipsius
3732 2497 3842 2556 Do-

2192 2584 2338 2640 mini
2390 2586 2567 2643 verba
2623 2586 2923 2645 invitantis
2975 2587 3180 2645 audire
3221 2586 3546 2662 negligunt.
3581 2587 3741 2645 Unde
3784 2591 3845 2649 et

2192 2674 2468 2730 subditur
2491 2692 2505 2730 :
2946 2700 2953 2707 κ
3850 2736 3859 2754 δ.

2264 2787 2291 2814 ‹‹
2316 2763 2405 2820 Illi
2437 2768 2634 2820 autem
2656 2765 3121 2838 neglexerunt,et
3141 2766 3431 2832 abierunt,
3461 2764 3617 2822 alius
3647 2765 3707 2837 in
3736 2763 3853 2834 viis

2191 2874 2219 2902 «
2252 2850 2373 2908 1am
2404 2870 2596 2909 suam.
2628 2874 2658 2905 »
2712 2853 2860 2919 Quid
2892 2871 2995 2927 per
3021 2852 3242 2925 villam,
3277 2854 3392 2913 nisi
3431 2859 3663 2913 terrena
3704 2852 3840 2911 sub-

2191 2941 2408 2997 stantia
2453 2942 2844 3014 designatur?
2890 2944 2976 2999 Ad
3021 2942 3220 2999 villam
3270 2941 3486 3019 quippe
3531 2942 3695 2998 vadit
3743 2941 3842 3014 qui

2189 3033 2423 3087 terrena
2442 3034 2498 3086 et
2519 3031 2817 3104 superﬂua
2836 3030 3107 3106 diligens,
3139 3030 3429 3091 cmlestem
3450 3030 3701 3103 patriam
3728 3047 3852 3108 non!

2189 3119 2454 3190 requirit.
2488 3119 2752 3194 Cumque
2773 3120 3101 3181 naturalem
3118 3119 3481 3178 intellectum
3511 3137 3628 3178 non
3650 3119 3711 3176 in
3731 3136 3855 3189 ser:

420 3209 577 3284 apud
599 3210 941 3267 auditorum
973 3214 1200 3267 mentes
1228 3209 1361 3282 plus
1391 3207 1655 3281 exempla
1686 3224 1863 3280 quam
1904 3208 2079 3264 verba
2099 3193 2151 3270 'C
2189 3206 2330 3263 vitio
2377 3207 2498 3278 Dei,
2533 3209 2633 3265 sed
2657 3193 2726 3264 in
2755 3209 3006 3266 terrenis
3054 3208 3379 3266 commodis
3426 3212 3695 3286 occupat,
3725 3226 3861 3287 non.

417 3301 756 3373 proficiunt,
794 3304 946 3356 recte
970 3299 1031 3354 in
1065 3299 1323 3355 secunda
1351 3297 1689 3354 invitatione
1719 3296 1962 3353 dicitur:

491 3412 519 3440 ‹‹
553 3389 744 3446 Dicite
779 3386 1039 3445 invitatis
1067 3404 1080 3441 :
1116 3388 1257 3443 Ecce
1288 3387 1602 3460 prandium
1632 3402 1830 3442 meum
1860 3386 2077 3459 paravi,

417 3499 445 3527 «
478 3476 633 3532 tauri
663 3476 777 3533 mei
808 3480 865 3533 et
893 3476 1079 3534 altilia
1109 3476 1303 3533 occisa
1343 3480 1505 3543 sunt,
1539 3479 1597 3532 et
1628 3474 1825 3532 omnia
1855 3480 2076 3548 parata,

419 3588 447 3615 «
480 3564 668 3620 venite
698 3564 771 3619 ad
793 3565 1089 3636 nuptias.»
1114 3564 1178 3620 In
1202 3565 1388 3620 tauris
1409 3567 1465 3619 et
1488 3563 1750 3621 altilibus
1769 3564 2077 3637 utriusque

418 3653 778 3708 Testamenti
809 3656 1046 3709 sanctos
1075 3653 1275 3709 Patres
1298 3652 1641 3725 accipimus,
1666 3652 1891 3710 Veteris
1922 3653 2074 3710 scili-

420 3743 511 3795 cet
530 3756 595 3796 ac
611 3738 774 3796 Novi.
805 3740 1032 3797 Taurus
1054 3740 1210 3797 enim
1240 3745 1442 3797 erecta:
1466 3740 1704 3798 cervicis
1725 3746 1814 3798 est
1835 3740 2073 3810 animal,

420 3844 640 3884 cornua
669 3828 729 3883 in
761 3829 950 3902 capite
980 3845 1209 3902 gerens,
1244 3829 1459 3902 quibus
1490 3847 1552 3886 se
1583 3828 1856 3886 defendat
1884 3836 1943 3887 et
1972 3831 2078 3886 mi-

421 3932 566 3974 nora
593 3916 873 3974 animalia
922 3923 1153 3975 terreat.
1204 3918 1365 3976 Unde
1395 3922 1452 3976 et
1480 3936 1582 3992 per
1610 3924 1808 3976 tauros
1839 3937 1953 3977 non
1984 3919 2075 3976 in-

421 4021 675 4079 congrue
699 4006 900 4063 Patres
926 4006 1152 4064 Veteris
1197 4008 1555 4064 Testamenti
1588 4007 1926 4082 accipimus,
1972 4009 2073 4082 qui

419 4095 562 4157 dum
583 4112 652 4152 ex
675 4095 1065 4167 promissione
1081 4096 1227 4170 legis
1249 4098 1793 4171 acceperant,utDei
1814 4115 2073 4171 suosque

417 4183 688 4261 inimicos
708 4185 1088 4259 corporaliter
1109 4187 1542 4260 ferirent,quasi
1565 4187 1624 4242 in
1647 4187 1833 4260 capite
1855 4204 2074 4244 cornua

414 4273 744 4345 gestabant.
774 4273 888 4331 Sed
908 4274 967 4330 in
1001 4275 1423 4348 praeparatione
1443 4275 1785 4348 nuptiarum
1806 4275 1959 4331 tauri
1982 4292 2072 4332 oc-

412 4360 518 4417 cisi
549 4365 708 4432 sunt,
743 4364 881 4435 quia
928 4380 1065 4418 cum
1109 4363 1570 4420 incarnationem
1604 4363 1819 4420 Christi
1869 4364 2069 4421 Patres

408 4448 634 4506 Veteris
666 4452 1024 4508 Testamenti
1056 4453 1455 4525 praedicerent,
1484 4451 1751 4508 nonnulli
1779 4452 2070 4509 interfecti

2188 3294 2381 3352 solum
2402 3297 2476 3354 ad
2496 3296 2720 3368 villam,
2743 3298 2845 3354 sed
2875 3298 3052 3355 etiam
3075 3298 3149 3357 ad
3187 3297 3644 3372 negotiationem
3671 3314 3839 3367 suam

2188 3386 2395 3458 pergit.
2428 3385 2593 3443 Unde
2622 3387 2769 3443 bene
2798 3386 3073 3453 subditur
3096 3405 3109 3444 :
3132 3409 3161 3439 «
3193 3387 3359 3444 Alius
3396 3404 3531 3444 vero
3560 3387 3636 3443 ad
3667 3403 3837 3461 nego-

2188 3474 2523 3532 «tiationem
2545 3492 2734 3533 suam.
2763 3498 2791 3527 »
2812 3475 2961 3540 Quid
2982 3493 3086 3550 per
3106 3475 3703 3551 negotiationemmisi
3723 3475 3838 3535 cal-

2185 3562 2442 3620 liditates
2461 3568 2519 3620 et
2543 3563 2778 3637 ingenia
2800 3565 3168 3638 ﬁgurantur?
3198 3566 3263 3621 In
3285 3563 3680 3639 negotiatione
3706 3580 3836 3621 vero
3862 3580 3865 3583 '

2185 3651 2293 3708 hoc
2307 3652 2519 3725 agitur,
2547 3657 2613 3709 ut
2633 3653 2789 3726 quod
2802 3653 2975 3711 vilius
2997 3653 3430 3724 emitur,carius
3450 3654 3829 3711 venundetur.

2185 3740 2529 3814 Quicunque
2559 3758 2697 3816 ergo
2721 3748 2842 3801 arte
2861 3742 2950 3799 vel
2979 3742 3215 3816 ingenio
3244 3743 3467 3816 injusta
3487 3742 3653 3800 lucra
3672 3758 3829 3816 appe-

2182 3828 2273 3897 tit,
2298 3829 2467 3901 quasi
2500 3830 2572 3887 ad
2596 3830 3050 3904 negotiationem
3072 3846 3342 3904 pergens,
3371 3831 3445 3887 ad
3477 3830 3718 3904 nuptias
3736 3828 3827 3886 Dei

2182 3919 2379 3976 venire
2406 3919 2748 3977 contemnit.
2774 3920 2855 3976 De
2885 3919 3102 3979 talibus
3125 3919 3250 3981 sine
3280 3919 3460 3977 dubio
3486 3919 3569 3977 ait
3590 3921 3827 3993 Aposto-

2181 4005 2304 4063 lus:
2340 4031 2368 4059 ‹‹
2402 4007 2510 4075 Qui
2532 4007 2733 4064 volunt
2753 4008 2961 4065 divites
2991 4008 3139 4080 fieri,
3180 4007 3450 4067 incidunt
3471 4007 3536 4065 in
3566 4005 3827 4067 tentatio:

2183 4112 2317 4151 nem
2348 4100 2405 4153 et
2429 4096 2707 4170 laqueum
2729 4088 2965 4163 diaboli,
2988 4100 3046 4154 et
3065 4096 3357 4153 desideria
3373 4095 3564 4169 multa
3585 4094 3853 4174 inutilia,“

2181 4200 2308 4257 quas
2333 4190 2605 4259 mergunt
2626 4185 2926 4242 hominem
2949 4185 3021 4240 ad
3043 4184 3346 4241 interitum
3365 4188 3423 4240 et
3442 4184 3829 4261 perditionem

2181 4273 2229 4341 (ι
2256 4275 2390 4329 Tim.
2422 4273 2522 4336 vr).
2546 4296 2574 4323 »
2595 4274 2666 4330 Et
2695 4273 2966 4347 quisquis
2996 4273 3091 4331 his
3110 4274 3344 4331 deditus
3358 4273 3565 4341 fuerit,
3599 4287 3831 4331 necesm

2177 4365 2267 4417 est
2288 4367 2353 4417 ut
2375 4379 2492 4420 non
2525 4361 2717 4419 solum
2747 4362 3074 4432 mendacia,
3105 4379 3308 4423 verum
3349 4362 3527 4419 etiam
3576 4359 3833 4438 perjuria

2177 4450 2457 4509 incurrat.
2493 4451 2600 4517 Qui
2624 4455 2821 4508 autem
2851 4452 2936 4509 eis
2963 4451 3386 4520 deseruerit,ad
3408 4452 3649 4525 nuptias
3677 4448 3831 4507 Chri-

408 4542 575 4636 sunt-z
600 4538 695 4593 alii
728 4539 889 4609 secti,
924 4545 989 4596 ut
1015 4540 1234 4607 Isaias;
1260 4540 1359 4596 alii
1389 4539 1650 4613 lapidati,
1676 4543 1741 4595 ut
1758 4540 2064 4598 Jeremias.
2094 4570 2146 4636 Β
2177 4539 2279 4611 sti,
2311 4543 2376 4595 ut
2418 4539 2696 4609 diximus,
2730 4541 2926 4598 venire
2955 4540 3294 4599 contemnit.
3326 4540 3493 4597 Unde
3518 4538 3836 4619 Apostolus

404 4625 604 4685 Altilia
638 4632 837 4684 autem
867 4629 1022 4684 dicta
1051 4633 1190 4685 sunt
1211 4628 1380 4701 quasi
1405 4628 1628 4697 alitilia,
1664 4644 1792 4700 quae
1813 4647 1921 4686 nos
1940 4630 2066 4686 vul-

406 4716 532 4787 gari
562 4716 858 4773 locutione
884 4734 1063 4773 manu
1084 4722 1276 4789 pasta,
1307 4718 1364 4774 id
1388 4721 1477 4774 est
1494 4718 1759 4790 saginata
1774 4718 2063 4791 appellare

407 4807 839 4862 consuevimus.
876 4807 1025 4880 Ergo
1072 4823 1176 4879 per
1215 4806 1396 4862 altilia
1448 4806 1693 4881 apostoli
1741 4824 2063 4881 eorumque

406 4910 776 4952 successores
828 4896 1177 4968 figurantur,
1212 4895 1314 4968 qui
1344 4897 1485 4951 dum
1532 4900 1793 4953 terrenas
1831 4896 2061 4954 divitias

405 4988 796 5050 contemnere,
826 4988 883 5040 et
915 4983 1145 5041 cceleste
1196 5002 1444 5059 regnum
1479 5001 1674 5040 amare
1704 4985 2056 5055 didicerunt,

407 5069 577 5141 quasi
606 5071 788 5127 altilia
816 5086 1009 5145 penna
1039 5073 1552 5146 contemplationis
1579 5090 1707 5129 sese
1729 5074 1801 5128 ad
1826 5073 1943 5131 alta
1964 5092 2058 5131 su—

405 5157 637 5214 stollere
667 5166 971 5229 noverunt,
1005 5163 1264 5219 dicentes
1296 5180 1428 5218 cum
1460 5161 1737 5234 Apostolo
1763 5181 1775 5218 :
1803 5186 1830 5213 ‹‹
1854 5163 2064 5221 Nostra

408 5248 606 5301 autem
665 5251 1025 5306 conversatio
1076 5251 1135 5306 in
1168 5250 1328 5306 caelis
1358 5255 1449 5307 est
1497 5251 1725 5323 (Philip.
1750 5251 1853 5323 ιη).
1894 5273 1921 5301 ››
1953 5252 2061 5318 Qui

403 5350 540 5390 cum
572 5335 642 5391 ab
676 5336 862 5407 ipsius
899 5338 1127 5395 Domini
1149 5357 1247 5396 ore
1268 5340 1543 5396 doctrinae
1585 5340 1868 5413 pabulum
1899 5357 2060 5397 acce-

399 5428 633 5496 perunt,
668 5425 837 5497 quasi
874 5443 1050 5481 manu
1101 5428 1253 5499 pasti
1298 5435 1456 5497 sunt,
1490 5433 1770 5501 tantoque
1826 5429 2060 5486 brevius

400 5512 700 5585 spirituali
732 5514 1090 5589 pinguedine
1121 5522 1259 5573 sunt
1282 5518 1553 5592 saginati,
1580 5522 1798 5591 quanto
1822 5518 2062 5577 manife-

356 5644 365 5658 .
398 5601 549 5664 stius
571 5607 629 5665 et
643 5604 966 5683 pertbctius
984 5605 1248 5685 ejusdem
1272 5606 1525 5685 Spiritus
1546 5605 1733 5666 sancti
1750 5606 1901 5665 dono
1918 5612 2062 5675 sunt

2176 4628 2293 4684 ait:
2328 4651 2357 4678 «
2392 4629 2573 4685 Nemo
2604 4628 2867 4686 militans
2898 4630 3015 4687 Deo
3045 4628 3310 4705 implicat
3337 4645 3402 4687 se
3446 4628 3699 4704 negotiis
3727 4643 3828 4689 sae.-

2172 4716 2569 4787 cularibus,ut
2586 4717 2815 4790 placeat
2836 4717 2921 4775 illi
2944 4718 3040 4776 cui
3062 4735 3126 4777 se
3142 4717 3409 4792 probavit
3428 4719 3480 4790 (Ι
3509 4718 3647 4774 Tim.
3678 4716 3764 4790 ιι).
3798 4738 3827 4764 ω

2170 4807 2239 4862 Et
2262 4805 2517 4863 Jacobus
2542 4824 2556 4861 :
2583 4830 2611 4857 ‹‹
2630 4805 2740 4873 Qui
2755 4805 3245 4866 volueritamicus
3262 4822 3392 4867 esse
3404 4805 3610 4881 saeculi
3628 4805 3825 4876 hujus,

2171 4895 2448 4952 inimicus
2477 4895 2580 4952 Dei
2611 4895 2990 4953 constituitur
3018 4900 3162 4968 (Jac.
3194 4898 3292 4966 ιν).
3322 4917 3351 4947 ››

2240 5007 2268 5034 ‹‹
2304 4982 2531 5055 Reliqui
2561 5000 2694 5040 vero
2723 4988 3039 5041 tenuerunt
3057 5001 3257 5042 servos
3279 4984 3429 5061 ejus,
3456 4988 3515 5061 ct
3534 4986 3828 5042 contume-

2168 5096 2197 5125 «
2227 5073 2307 5130 lia
2336 5075 2574 5130 aﬂ‘ectos
2606 5074 2968 5130 occiderunt.
2993 5095 3022 5124 ››
3046 5074 3203 5130 Inter
3220 5090 3321 5131 eos
3342 5072 3445 5145 qui
3460 5073 3705 5129 verbum
3725 5066 3825 5125 Dei

2172 5162 2377 5219 audire
2408 5161 2737 5237 negligunt,
2770 5166 2829 5219 et
2851 5179 2952 5220 eos
2982 5162 3084 5236 qui
3108 5160 3347 5219 nuntios
3367 5163 3824 5235 persequuntur,

2171 5268 2387 5324 magna
2418 5250 2700 5308 distantia
2727 5255 2836 5307 est.
2858 5255 3009 5308 Sunt
3027 5250 3295 5308 nonnulli
3318 5248 3423 5323 qui
3452 5266 3563 5307 nec
3583 5249 3823 5306 verbum

2169 5339 2270 5398 Dei
2301 5340 2504 5397 audire
2535 5340 2873 5414 dignantur,
2906 5344 2964 5399 ct
3008 5345 3152 5401 sunt
3188 5339 3288 5399 alii
3316 5339 3419 5412 qui
3447 5341 3691 5399 verbum
3723 5331 3823 5392 Dei

2168 5428 2439 5498 audiunt,
2475 5429 2577 5486 sed
2608 5444 2783 5503 opere
2828 5428 3070 5504 implere
3110 5431 3517 5488 contemnunt.
3552 5428 3699 5495 Sunt
3727 5419 3827 5478 alii

2168 5518 2345 5575 etiam
2378 5517 2481 5591 qui
2511 5534 2629 5575 non
2686 5517 2879 5576 solum
2908 5519 3152 5577 verbum
3183 5517 3285 5574 Dei
3314 5515 3671 5592 despiciunt,
3717 5508 3823 5567 sed

2168 5607 2343 5668 etiam
2372 5606 2780 5687 praedicatores
2801 5607 2961 5670 verbi
2981 5607 3132 5668 odiis
3152 5611 3211 5667 et
3226 5605 3438 5685 gladiis
3459 5615 3821 5685 persequun-
