4060 6178
277 331 386 441 723
1508 348 1860 479 summa:
1904 382 2007 444 DE
2049 382 2449 448 TEMPORE.
3556 392 3678 455 726

272 512 380 570 bus
409 509 690 570 funiculis
719 514 1091 586 peccatorum
1123 529 1336 571 manus
1364 519 1422 571 et
1449 516 1628 589 pedes
1663 515 1918 589 ligentur
1944 516 2003 584 Α
2032 522 2301 591 paratum
2314 517 2476 576 vobis
2490 537 2733 594 regnum
2748 520 3207 579 aconstitutione
3224 522 3676 596 mundi.(lbz‘d.)»

268 599 326 658 in
357 617 548 674 pcena,
581 599 857 659 Salomon
884 602 1241 673 manifestat,
1262 620 1398 661 cum
1420 605 1503 661 ait
1527 622 1541 662 :
1569 627 1599 656 ‹‹
1620 605 1919 662 Funiculis
2031 609 2193 674 Quod
2222 607 2348 681 ipse
2377 614 2651 683 praestare
2676 609 2967 683 dignetur,
2992 610 3092 683 qui
3121 628 3255 667 cum
3286 612 3448 668 Patre
3471 616 3529 669 et
3547 614 3679 686 Spi-

266 695 637 765 peccatorum
696 708 940 748 suorum
1007 694 1416 766 unusquisque
1486 693 1921 768 constringetur
2028 697 2145 752 ritu
2179 701 2379 754 sancto
2409 698 2551 755 vivit
2580 702 2637 755 et
2667 703 2871 772 regnat
2916 699 3072 756 Deus
3104 699 3164 755 in
3194 700 3406 757 saecula
3435 700 3679 759 saeculo—

260 782 445 853 (Prov.
477 783 553 850 v).
580 802 607 830 ››
632 781 704 837 Et
733 781 1046 838 Psalmista
1074 782 1146 838 de
1176 781 1323 855 ipsis
1346 782 1647 857 loquitur:
1672 808 1701 836 «
1727 784 1918 841 Funes
2028 803 2184 842 rum.
2217 789 2422 844 Amen.

262 873 634 944 peccatorum
665 869 1043 944 circumplexi
1092 877 1232 928 sunt
1279 889 1375 929 me
1421 874 1589 946 (Psal.
1634 875 1849 946 cxvm).
1887 895 1915 923 »

260 959 442 1015 Funis
458 958 616 1015 enim
631 960 958 1032 torquendo
976 960 1363 1033 componitur,
1380 967 1446 1018 ut
1458 961 1687 1035 longior
1707 962 1918 1019 efﬁcia-

257 1052 353 1103 tur
387 1064 402 1102 :
434 1051 495 1104 et
523 1047 862 1120 quicunque
913 1050 1169 1121 peccatis
1200 1055 1437 1123 peccata
1465 1053 1711 1119 addunt,
1744 1052 1914 1125 quasi

258 1137 459 1194 funem
482 1136 725 1205 faciunt,
743 1154 861 1210 quo
884 1137 945 1193 in
977 1155 1149 1211 pcena
1177 1138 1452 1213 ligantur.
1478 1141 1700 1207 Quibus
1730 1140 1915 1197 Isaias

254 1225 596 1283 terribiliter
616 1224 865 1283 clamat:
888 1248 917 1277 «
937 1227 1034 1283 νω
1064 1227 1166 1299 qui
1199 1228 1428 1285 trahitis
1459 1229 1831 1303 iniquitatem
1853 1230 1913 1286 in

251 1315 537 1373 funiculis
552 1314 907 1392 vanitatis,et
922 1316 1091 1390 quasi
1114 1317 1440 1375 funiculum
1456 1318 1704 1391 plaustri
1720 1337 1916 1392 pecca-

248 1404 411 1461 tum!
436 1426 464 1456 ››
498 1409 633 1474 (Ιδα.
665 1404 744 1477 v.)
772 1384 1020 1462 Ministri
1049 1406 1148 1462 isti
1180 1384 1475 1463 immundi
1502 1413 1641 1465 sunt
1668 1384 1912 1481 spiritus

249 1493 644 1568 intelligendi,
677 1494 749 1552 de
793 1493 1011 1567 quibus
1058 1512 1163 1567 per
1210 1496 1585 1553 Psalmistam
1646 1496 1907 1556 dicitur:

246 1607 273 1634 «
307 1582 723 1640 lmmissiones
767 1599 872 1656 per
917 1584 1156 1658 angelos
1189 1585 1377 1641 malos
1415 1587 1582 1658 (Psal.
1619 1587 1845 1660 nxxvu).
1881 1611 1909 1638 ››

242 1671 473 1746 Ligatio
503 1671 723 1745 pedum
753 1672 895 1728 vitia
923 1677 981 1729 et
1000 1678 1236 1745 peccata
1256 1673 1610 1746 signiﬁcant.
1631 1674 1908 1749 Quisquis
2019 1679 2126 1734 diei
2156 1679 2504 1751 Boanerges,
2524 1680 2580 1734 id
2608 1684 2718 1746 est,
2739 1679 2841 1734 ﬁlii
2865 1679 3128 1747 tonitrui,
3149 1684 3289 1736 sunt
3306 1680 3674 1752 vocati,'quia

239 1765 448 1819 autem
469 1760 564 1818 hic
584 1761 797 1835 ligatas
826 1761 1002 1818 habet
1026 1779 1238 1820 manus
1258 1762 1347 1818 vel
1368 1764 1568 1836 pedes,
1595 1781 1666 1821 ne
1686 1764 1907 1822 bonum
2017 1767 2090 1822 de
2110 1766 2359 1840 spiritali
2382 1766 2524 1823 caelo
2546 1766 2848 1823 intonituri
2871 1774 3036 1823 erant
3061 1785 3072 1822 :
3098 1791 3125 1818 ‹‹
3152 1770 3217 1823 In
3241 1768 3526 1841 principio
3548 1772 3673 1825 erat

238 1854 540 1925 operetur,
568 1867 641 1907 ne
668 1849 824 1906 viam
856 1852 1268 1908 mandatorum
1298 1852 1397 1908 Dei
1430 1856 1645 1922 currat,
1670 1871 1908 1911 necesse
1936 1893 1982 1928 η
2017 1856 2296 1923 Verbum,
2329 1860 2387 1913 et
2416 1856 2672 1912 Verbum
2702 1862 2828 1912 erat
2855 1858 3010 1928 apud
3042 1857 3248 1923 Deum,
3278 1861 3335 1912 et
3364 1861 3518 1913 Deus
3548 1860 3672 1913 erat

235 1944 329 1997 est
366 1943 434 1996 ut
460 1938 581 1996 illic
624 1937 834 2013 ligatas
867 1939 1080 1997 habeat
1110 1958 1323 1998 manus
1347 1941 1435 1997 vel
1465 1942 1642 2014 pedes
1668 1958 1682 1999 :
1717 1948 1775 1999 et
1804 1943 1905 2015 qui
1934 1937 1984 1960 ”
2014 1944 2272 2001 Verbum
2303 1946 2491 2018 (Joan.
2524 1948 2584 2014 1).
2619 1967 2648 1996 »
2691 1946 2758 2001 Et
2785 1944 2970 2001 Judas
2998 1944 3212 2001 zelotes
3241 1943 3432 2001 dictus
3462 1949 3568 2015 est,
3601 1962 3668 1999 eo

236 2029 510 2101 undique
540 2044 603 2085 se
633 2027 898 2085 dilatavit
945 2029 1005 2085 in
1051 2028 1206 2087 malo
1250 2047 1443 2104 opere,
1476 2030 1736 2104 undique
1767 2048 1902 2088 con-
2015 2035 2169 2107 quod
2200 2033 2322 2090 zelo
2348 2034 2567 2091 amoris
2588 2034 2689 2090 Dei
2711 2034 3036 2106 plurimum
3060 2034 3321 2089 ferveret.
3338 2031 3431 2089 Sic
3453 2049 3589 2105 ergo
3612 2037 3671 2088 et

2541 912 2847 969 HOMILIA
2887 913 3167 970 CXXXVI.

2098 1016 2374 1058 DOMINICA
2408 996 2679 1059 νιρεὲΙΜΑ
2719 1020 2973 1060 SECUNDA
3018 1021 3157 1061 POST
3196 1020 3607 1062 PENTECOSTEN.

2097 1143 2284 1216 (JOAN.
2310 1144 2411 1216 ιν.)
2434 1168 2462 1195 ‹‹
2493 1146 2557 1200 In
2581 1144 2678 1201 illo
2710 1149 2990 1218 tempore.
3010 1146 3143 1201 Erat
3168 1146 3408 1218 quidam
3440 1145 3681 1219 regulus

2025 1256 2053 1284 «
2087 1234 2257 1306 cujus
2289 1234 2445 1290 ﬁlius
2475 1233 2886 1290 inﬁrmabatur
2920 1235 3352 1308 Capharnaum.
3387 1257 3407 1284 η
3445 1235 3513 1290 Et
3538 1234 3681 1293 reli-

2023 1339 2159 1395 qua.
2184 1321 2509 1395 Aliquoties
2532 1324 2870 1397 contingere
2890 1324 3056 1391 solet,
3072 1328 3137 1379 ut
3158 1324 3424 1381 nonnulli
3443 1341 3478 1379 a
3498 1323 3679 1396 quali-

2021 1415 2141 1467 tate
2157 1413 2577 1485 mentis,quam
2596 1413 3341 1479 habentinterius,nomina
3356 1413 3678 1469 sortiantur

2020 1500 2297 1567 exterius,
2310 1501 2463 1557 sicut
2479 1501 2678 1559 Simon
2700 1501 2890 1559 dictus
2906 1506 2997 1559 est
3016 1504 3221 1559 Petrus
3238 1504 3311 1559 ob
3332 1501 3672 1559 ﬁrmitatem

2021 1589 2176 1657 ﬁdei,
2208 1607 2276 1645 eo
2303 1591 2458 1662 quod
2490 1590 2671 1647 firma:
2701 1595 2874 1663 petrae
2906 1590 3223 1657 inhaeserit,
3245 1595 3303 1647 et
3333 1591 3457 1646 Filii
3492 1592 3672 1648 Zebe-

231 2118 578 2192 stringatur
605 2117 669 2174 in
696 2118 1082 2175 retributione
1101 2119 1390 2176 vindictae.
1420 2118 1601 2193 Digne
1620 2136 1755 2177 vero
1777 2136 1905 2194 pec-

229 2207 461 2266 catoris
490 2224 703 2264 manus
731 2212 790 2263 et
820 2208 997 2281 pedes
1027 2208 1290 2283 ligantur
1316 2207 1377 2264 in
1408 2225 1597 2281 pcena,
1631 2226 1781 2282 quos
1808 2209 1904 2266 hic

2012 2124 2123 2180 iste
2152 2124 2390 2197 regulus
2412 2124 2679 2180 fortassis
2702 2140 2735 2178 a
2756 2122 3037 2194 qualitate
3059 2122 3274 2178 mentis
3294 2137 3472 2194 quam
3495 2121 3669 2178 habe-

2011 2214 2113 2269 bat
2142 2212 2406 2282 interius,
2441 2229 2653 2268 nomen
2688 2212 2863 2267 traxit
2892 2211 3168 2267 exterius.
3218 2211 3477 2283 Regulus
3506 2210 3664 2267 enim

225 2296 456 2356 habuit
473 2297 701 2354 solutos
721 2297 793 2353 ad
815 2297 1238 2370 culpam.Cum
1261 2298 1509 2354 tenebrae
1533 2315 1765 2372 semper
1785 2299 1917 2354 sint
2011 2301 2428 2358 diminutivum
2461 2319 2672 2358 nomen
2704 2304 2794 2358 est
2822 2318 2855 2357 a
2886 2317 3042 2374 rege,
3075 2300 3241 2372 quasi
3293 2300 3523 2356 dicatur
3552 2302 3663 2356 sub

227 2386 573 2453 interiores,
605 2391 663 2443 et
692 2402 999 2459 nunquam
1029 2387 1364 2456 exteriores,
1384 2404 1489 2443 cur
1518 2388 1630 2444 iste
1659 2387 1720 2442 in
1748 2391 1904 2444 tene-

221 2476 377 2533 bras
406 2475 724 2532 exteriores
765 2474 921 2531 mitti
967 2475 1183 2532 dicitur
1203 2475 1231 2531 ‘I
1259 2477 1341 2532 Ad
1376 2477 1529 2548 quod
1562 2476 1897 2547 dicendum,

225 2565 381 2637 quia
412 2564 666 2620 tenebras
698 2562 1006 2620 interiores
1035 2565 1266 2621 caacitas
1316 2570 1406 2621 est
1452 2566 1665 2622 mentis
1700 2584 1712 2621 :
1746 2570 1898 2623 exte-

224 2654 430 2711 riores
457 2668 614 2721 vero,
646 2668 819 2726 paena
845 2652 1170 2709 infernalis.
1202 2654 1440 2710 Justum
1489 2654 1670 2727 igitur
1717 2658 1806 2710 est
1838 2659 1902 2710 ut

220 2748 373 2817 post
402 2745 656 2798 mortem
686 2742 747 2798 in
779 2741 1088 2798 exteriores
1139 2744 1409 2799 tenebras
1458 2744 1729 2799 mittatur
1775 2743 1896 2816 qui,

217 2832 381 2889 dum
408 2831 647 2899 viveret,
662 2830 721 2886 in
752 2830 1130 2888 interioribus
1158 2832 1439 2898 tenebris,
1470 2831 1530 2887 id
1559 2837 1667 2899 est,
1699 2832 1759 2888 in
1791 2849 1897 2888 caa-

217 2922 413 2978 citate
462 2919 678 2977 mentis
709 2937 771 2976 se
819 2919 1128 2977 conclusit.
1161 2921 1308 2987 Quid
1340 2924 1537 2978 autem
1566 2921 1647 2977 ibi
1679 2920 1898 2978 missus

215 3012 526 3085 patiatur,
558 3009 969 3066 manifestatur
1003 3026 1139 3065 cum
1171 3008 1534 3066 subinfertur
1565 3028 1578 3066 :
1618 3031 1646 3061 «
1676 3010 1759 3066 lbi
1791 3009 1900 3067 erit

222 3104 251 3150 ά
289 3100 489 3156 ﬂetus
510 3103 570 3155 et
589 3098 804 3155 stridor
823 3098 1111 3155 dentium.
1140 3122 1161 3148 ι»
1189 3098 1297 3155 Ubi
1321 3116 1424 3172 per
1454 3099 1694 3155 nomina
1722 3112 1899 3156 mem-

215 3190 510 3255 brorum,
556 3186 812 3260 qualitas
840 3188 1172 3245 ostenditur
1198 3191 1645 3245 tormentorum.
1677 3189 1897 3244 Acriori

2011 2408 2144 2465 rege
2174 2392 2422 2464 primus,
2449 2391 2537 2447 vel
2568 2408 2782 2464 parvus
2814 2407 2931 2446 rex.
2974 2391 3044 2445 Et
3074 2389 3202 2446 ideo
3234 2389 3375 2462 quia
3401 2407 3471 2444 ex
3500 2394 3664 2462 parte

2011 2481 2299 2547 credebat,
2322 2485 2381 2536 et
2406 2497 2475 2535 ex
2505 2486 2667 2552 parte
2697 2497 2811 2536 non
2843 2479 3136 2550 credebat,
3162 2495 3276 2534 non
3304 2495 3424 2547 rex,
3447 2479 3548 2534 sed
3580 2496 3665 2534 re-
3710 2524 3721 2533 ,

2008 2569 2185 2643 gulus
2213 2569 2427 2625 meruit
2455 2568 2756 2641 appellari.
2785 2569 2895 2623 Sed
2928 2568 3080 2639 quod
3116 2584 3223 2623 nos
3253 2568 3445 2623 verbis
3467 2569 3538 2623 de
3564 2566 3662 2623 illo

2008 2658 2281 2726 dicimus,
2315 2657 2425 2713 hoc
2455 2656 2580 2729 ipse
2609 2656 2679 2711 de
2710 2672 2773 2711 se
2803 2655 3078 2727 operibus
3109 2656 3467 2727 comprobat.
3514 2655 3661 2709 Nam

2010 2747 2284 2803 subditur
2319 2762 2331 2802 :

2083 2859 2111 2886 «
2142 2836 2246 2891 Hic
2276 2851 2410 2890 cum
2439 2834 2703 2890 audisset
2731 2832 2871 2906 quia
2897 2834 3070 2889 Jesus
3090 2831 3387 2887 adveniret
3411 2848 3446 2886 a
3463 2830 3664 2886 Judaea

2008 2949 2038 2975 «
2072 2925 2133 2981 in
2164 2923 2483 2992 Galileam,
2508 2923 2652 2978 abiit
2681 2923 2752 2979 ad
2783 2926 3011 2989 eum,et
3030 2921 3273 2995 rogabat
3301 2936 3436 2976 eum
3468 2924 3534 2975 ut
3562 2920 3663 2976 de-

2009 3038 2037 3066 ‹‹
2070 3013 2372 3070 scenderet
2401 3016 2459 3067 et
2487 3015 2722 3067 sanaret
2750 3010 2937 3065 ﬁlium
2970 3011 3121 3082 ejus.
3156 3007 3476 3081 Incipiebat
3503 3008 3661 3063 enim

2008 3126 2036 3154 «
2071 3102 2240 3159 mori.
2273 3125 2301 3152 »
2333 3104 2467 3168 Quae
2499 3100 2697 3157 omnia
2718 3101 2890 3172 juxta
2915 3099 3169 3155 litteram
3218 3098 3300 3153 ita
3348 3086 3663 3153 manifesta

2010 3199 2166 3259 sunt,
2182 3196 2247 3247 ut
2260 3189 2616 3263 expositione
2635 3206 2750 3245 non
2776 3188 3096 3263 indigeant.
3114 3187 3230 3243 Hoc
3253 3185 3659 3242 tantummodo

214 3279 396 3335 enim
448 3277 612 3332 fumo
655 3276 807 3332 oculi
857 3277 994 3334 tacti
1033 3276 1343 3350 lacrymari
1388 3277 1595 3346 solent,
1629 3282 1687 3334 et
1716 3278 1896 3333 nimio
1927 3266 1971 3334 C
2012 3282 2229 3337 mirum
2258 3280 2486 3336 videtur
2515 3296 2695 3352 quare
2721 3279 2772 3334 is
2803 3278 2904 3350 qui
2936 3294 3039 3350 pro
3070 3275 3188 3332 ﬁlio
3219 3279 3533 3348 rogaturus
3562 3290 3656 3329 ve-

216 3369 456 3442 frigore
486 3365 693 3422 dentes
715 3366 1078 3423 stridescere.
1096 3366 1242 3423 Cum
1264 3382 1399 3440 ergo
1419 3366 1590 3423 dicit:
1618 3389 1647 3417 ‹‹
1668 3366 1755 3423 lbi
1787 3367 1898 3423 erit

212 3458 409 3514 ﬂetus
438 3459 501 3512 et
528 3454 743 3511 stridor
772 3455 1058 3524 dentium,
1094 3478 1121 3504 ››
1154 3455 1328 3512 datur
1357 3454 1604 3529 intelligi
1636 3455 1777 3529 quia
1806 3473 1895 3512 re-

210 3545 401 3619 probi
433 3547 653 3601 esterno
682 3542 971 3616 supplicio
1002 3536 1267 3600 damnati
1293 3547 1351 3600 et
1376 3544 1561 3617 frigus
1582 3545 1897 3601 inaestima-

205 3633 335 3692 bile
396 3638 460 3689 et
510 3631 761 3689 calorem
815 3631 1241 3691 intolerabilem
1299 3633 1694 3703 sustinebunt,
1725 3636 1895 3691 beato

204 3724 328 3781 Job
364 3727 547 3790 teste,
582 3721 684 3793 qui
716 3722 797 3778 ait
829 3738 842 3776 :
879 3743 907 3772 ‹‹
938 3724 985 3777 Α
1016 3721 1206 3779 calore
1242 3721 1424 3779 nimio
1454 3724 1793 3780 transibunt
1821 3725 1893 3780 ad

199 3829 417 3886 aquas
448 3810 673 3867 nivium
708 3810 841 3883 (Job.
874 3814 1050 3879 xxxv).
1088 3833 1111 3861 ι
1148 3811 1255 3867 Ubi
1299 3811 1478 3868 etiam
1521 3813 1895 3868 consideran-

203 3903 363 3958 dum
405 3899 549 3972 quia
578 3916 695 3956 non
728 3899 923 3956 solum
957 3904 1293 3956 sanctorum
1326 3902 1697 3973 corpora,sed
1718 3902 1893 3957 etiam

202 3989 618 4063 reproborum
672 3987 732 4043 in
756 3988 983 4059 judicio
1014 3994 1420 4045 resurrectura
1463 3993 1891 4046 monstrantur.

203 4079 394 4136 Unde
430 4093 535 4149 per
562 4077 802 4133 beatum
832 4077 943 4134 Job
988 4075 1129 4132 alibi
1169 4076 1385 4133 dicitur
1414 4094 1428 4135 :
1463 4100 1490 4128 ‹‹
1523 4078 1705 4134 Credo
1737 4079 1892 4151 quod

201 4168 595 4239 Redemptor
614 4182 781 4222 meus
800 4165 959 4233 vivit,
984 4170 1043 4222 et
1072 4166 1132 4221 in
1163 4165 1483 4223 novissimo
1516 4167 1609 4222 die
1639 4167 1711 4223 de
1740 4171 1896 4223 terra

202 4258 677 4314 resurrecturus
708 4270 864 4322 sum,
895 4260 953 4310 et
982 4253 1042 4310 in
1089 4271 1264 4311 carne
1311 4271 1443 4311 mea
1469 4254 1675 4311 videbo
1709 4256 1893 4311 Deum

203 4346 362 4417 (Job.
401 4346 545 4411 xix).
580 4365 608 4393 »
639 4342 805 4399 Oculi
845 4344 1004 4399 enim
1036 4343 1245 4399 'carnei
1294 4348 1456 4411 sunt,
1490 4348 1548 4400 et
1591 4344 1794 4400 dentes
1825 4361 1895 4400 ex

2005 3375 2171 3427 nerat
2194 3388 2228 3425 a
2256 3369 2503 3426 Domino
2534 3368 2757 3425 audivit
2785 3385 2799 3423 ε

2076 3484 2103 3511 ‹‹
2137 3459 2260 3515 Nisi
2292 3459 2464 3531 signa
2491 3460 2547 3513 et
2576 3456 2842 3530 prodigia
2869 3456 3151 3523 videritis,
3189 3470 3306 3511 non
3336 3453 3589 3509 creditis.
3624 3473 3653 3503 »

2003 3550 2147 3606 Cum
2161 3548 2363 3620 utique
2380 3546 2494 3603 nisi
2513 3546 3255 3617 eredidisset,nequaquam
3279 3559 3382 3615 pro
3404 3542 3656 3599 sanitate

2005 3638 2107 3694 lilii
2131 3642 2443 3709 rogaturus
2463 3636 2534 3690 ad
2558 3633 2873 3690 Dominum
2895 3631 3372 3689 accessisset?Ad
3396 3631 3553 3714 quod
3575 3630 3658 3686 di-

2004 3727 2255 3783 cendum
2306 3725 2448 3797 quia
2489 3723 2760 3779 credebat
2807 3726 2865 3778 et
2907 3739 3022 3777 non
3052 3721 3341 3777 credebat.
3374 3720 3660 3775 Credebat

2004 3816 2159 3887 quod
2192 3813 2476 3870 Dominus
2498 3830 2601 3885 per
2624 3811 2995 3883 praesentiam
3018 3809 3380 3882 corporalem
3406 3809 3658 3865 salutem

2004 3903 2123 3959 ﬁlio
2147 3920 2253 3959 suo
2287 3902 2589 3957 restituere
2612 3906 2828 3972 posset,
2849 3900 2949 3956 sed
2974 3917 3091 3955 non
3113 3900 3384 3955 credebat
3402 3914 3538 3953 eum
3561 3913 3663 3967 per

2004 3991 2374 4048 Divinitatem
2410 3989 2624 4060 ubique
2644 4006 2772 4044 esse
2794 3993 3161 4061 praesentem,
3178 3987 3349 4057 cujus
3367 3990 3485 4042 tam
3508 3985 3663 4042 solli-

2003 4082 2115 4138 cite
2145 4078 2504 4152 corporalem
2537 4078 2851 4133 adventum
2883 4076 3237 4148 requirebat,
3273 4075 3512 4129 dicens:

2085 4194 2105 4221 ι
2142 4169 2407 4236 Domine,
2442 4166 2730 4222 descende
2778 4165 3123 4238 priusquam
3170 4162 3455 4219 moriatur
3500 4160 3660 4215 ﬁlius

2006 4282 2035 4310 «
2067 4276 2256 4315 meus.
2294 4280 2321 4307 ››
2349 4256 2495 4323 Quia
2535 4270 2671 4328 ergo
2713 4255 3004 4320 credebat,
3039 4257 3350 4326 rogaturus
3402 4266 3506 4322 pro
3539 4247 3659 4303 ﬁlio

2002 4346 2266 4411 accessit,
2291 4346 2388 4403 sed
2413 4344 2553 4417 quia
2573 4359 2687 4399 non
2712 4342 2960 4414 perfecte
2986 4341 3278 4407 credebat,
3313 4337 3514 4394 audire
3535 4346 3659 4392 me-

2004 4437 2152 4492 ruit:
2181 4459 2207 4485 ‹‹
2232 4435 2355 4491 Nisi
2378 4432 2546 4506 signa
2564 4436 2620 4488 et
2644 4430 2912 4503 prodigia
2931 4428 3338 4495 videritis,non
3361 4423 3655 4483 creditis.»

2002 4526 2172 4583 Fides
2190 4524 2344 4580 enim
2364 4524 2745 4595 augmentum
2768 4520 2962 4590 habet,
2977 4519 3129 4574 sicut
3145 4514 3391 4589 apostoli
3410 4514 3657 4571 Domino

196 4615 391 4670 stant
421 4626 492 4666 ex
521 4626 697 4665 carne
745 4613 803 4665 et
830 4609 1086 4678 ossibus,
1137 4610 1416 4666 veraciter
1463 4626 1592 4667 esse
1635 4627 1892 4667 resurre-
1926 4638 1973 4703 D
2004 4615 2310 4670 dixerunt:
2336 4637 2362 4661 ‹‹
2391 4610 2655 4677 Domine,
2680 4626 2827 4680 auge
2859 4608 3027 4663 nobis
3053 4607 3229 4662 ﬁdem
3256 4607 3408 4676 (Luc.
3436 4608 3592 4670 xvn).
3630 4624 3651 4652 ι

195 4707 449 4758 ctura:
512 4702 576 4753 ut
623 4696 724 4769 qui
781 4698 841 4753 in
899 4715 1074 4755 carne
1131 4704 1190 4755 et
1244 4699 1443 4755 anima
1490 4706 1893 4772 peccaverunt,
1926 4695 1967 4703 “’
2005 4706 2074 4759 Et
2102 4701 2365 4759 centurio
2390 4699 2508 4767 ille,
2545 4697 2645 4771 qui
2676 4713 2779 4770 pro
2831 4714 3009 4769 puero
3057 4695 3314 4751 lunatico
3346 4696 3659 4765 rogaturus

192 4790 264 4847 in
300 4803 497 4846 carne
527 4790 587 4843 et
616 4787 816 4843 anima
864 4788 1084 4859 pariter
1125 4789 1467 4861 puniantur.
1503 4790 1663 4855 Quod
1694 4793 1891 4845 autem
1999 4795 2257 4855 venerat,
2288 4807 2422 4846 cum
2455 4788 2720 4844 audisset
2748 4803 2782 4841 a
2810 4786 3056 4842 Domino
3092 4801 3104 4840 :
3148 4806 3169 4834 α
3206 4781 3428 4848 Credis,
3461 4779 3660 4836 omnia

198 4880 299 4936 ait
340 4894 360 4933 ε
754 4883 763 4891 ’
2002 4879 2307 4955 possibilia
2336 4878 2618 4940 credenti,
2653 4898 2681 4926 ››
2714 4876 3056 4947 respondit:
3090 4897 3118 4924 ‹‹
3153 4872 3355 4938 Credo,
3390 4867 3655 4936 Domine,

279 4990 316 5019 ι(
358 4963 538 5023 Multi
567 4964 725 5021 enim
756 4969 896 5022 sunt
922 4966 1131 5034 vocati,
1155 4967 1323 5039 pauci
1347 4984 1481 5023 vero
1512 4966 1697 5023 electi.
1726 4990 1754 5016 ››
1779 4967 1895 5023 Ma-

2020 4972 2217 5043 idjuva
2238 4965 2706 5024 incredulitatem
2728 4981 2917 5019 meam
2935 4964 3119 5036 (Marc.
3140 4962 3238 5033 ix).
3260 4983 3289 5011 ››
3310 4963 3472 5015 Inter
3490 4958 3662 5031 signa

188 5058 302 5132 gis
342 5054 685 5111 timendum
716 5058 807 5111 est
849 5071 1028 5127 quam
1074 5057 1507 5128 exponendum.
1542 5056 1705 5124 Quod
1735 5057 1894 5113 enim
2004 5064 2202 5117 autem
2224 5061 2283 5113 et
2304 5054 2571 5128 prodigia
2599 5053 2709 5108 hoc
2732 5052 2995 5119 interest,
3016 5050 3156 5124 quia
3183 5049 3353 5123 signa
3381 5046 3663 5104 dicuntur

185 5160 441 5204 omnes
461 5144 647 5199 vocati
668 5160 902 5212 sumus,
919 5144 1189 5200 novimus
1210 5162 1223 5213 ;
1247 5148 1445 5200 utrum
1465 5149 1661 5201 autem
1684 5146 1756 5201 ad
1781 5144 1893 5201 ele-
2006 5145 2289 5205 miracula
2321 5143 2559 5199 insolita
2591 5159 2604 5197 :
2641 5142 2907 5214 prodigia
2940 5158 3072 5198 vero
3103 5157 3172 5196 ea
3202 5139 3498 5206 dicuntur,
3531 5154 3661 5209 qua:

183 5240 465 5294 ctorum
479 5236 696 5289 sortem
710 5232 1894 5307 pertineamus,adhucignoramus.Tanto
2004 5255 2137 5295 cum
2156 5231 2599 5308 praesentialiter
2616 5231 2763 5286 mira
2780 5234 2939 5298 sunt,
2953 5231 3119 5286 etian:
3148 5230 3206 5285 in
3221 5228 3416 5284 futuro
3433 5225 3659 5298 aliquid

184 5339 368 5399 ergo
410 5320 644 5378 solliciti
675 5338 805 5379 esse
841 5323 1126 5380 debemus
1172 5322 1232 5378 in
1263 5323 1415 5378 bono
1447 5338 1641 5394 opere,
1675 5327 1894 5394 quanto
2004 5324 2475 5399 pranmonstrant.
2508 5319 2672 5375 Unde
2720 5318 3053 5390 prodigium
3084 5318 3307 5374 dictum
3349 5320 3458 5383 est,
3490 5314 3660 5387 quasi

184 5409 669 5471 inexcusabiles
702 5428 810 5468 nos
840 5428 967 5468 esse
1007 5412 1228 5467 scimus
1257 5411 1326 5467 de
1355 5411 1749 5479 vocatione,ut
1779 5429 1892 5468 non
2003 5432 2177 5487 porro
2208 5410 2455 5484 digium.
2490 5408 2597 5464 Sed
2634 5407 2693 5461 in
2727 5407 2835 5463 hac
2874 5406 3120 5463 lectione
3151 5412 3352 5463 nostra
3384 5403 3662 5475 superbia

181 5516 363 5559 cum
410 5497 612 5556 multis
642 5500 910 5574 reprobis
930 5500 1279 5557 audiamus:
1307 5521 1334 5550 α
1364 5501 1465 5567 Ite,
1497 5499 1812 5571 maledicti,
1834 5501 1894 5556 in
2004 5501 2404 5566 confunditur,
2430 5497 2477 5553 si
2505 5514 2632 5552 eam
2664 5514 2797 5551 cum
2828 5495 2943 5552 alia
2968 5498 3358 5553 conferamus.
3384 5493 3658 5564 Legimus

178 5595 440 5665 ignem
459 5591 740 5645 aeternum
758 5591 966 5659 (Matth.
984 5590 1136 5661 xxv),
1155 5612 1182 5639 »
1200 5588 1300 5645 sed
1319 5605 1452 5644 cum
1475 5587 1671 5644 electis
1694 5589 1897 5646 audire
2004 5593 2159 5649 enim
2180 5591 2239 5646 in
2257 5585 2563 5660 Evangelia
2582 5585 3003 5659 Matthzei,quia
3019 5603 3153 5642 cum
3172 5583 3471 5641 introisset
3485 5580 3515 5635 J
3521 5595 3657 5635 esus

177 5691 616 5739 mereamur:
644 5700 673 5730 «
693 5677 1221 5749 Venite,benedicti
1243 5677 1430 5735 Patris
1452 5677 1894 5750 mei,possidetc
2008 5683 2066 5738 in
2098 5678 2530 5753 Capharnaum,
2564 5675 2806 5732 accessit
2860 5677 2931 5733 ad
2965 5692 3099 5733 eum
3131 5670 3411 5737 centurio,
3445 5680 3656 5737 rogans

201 4434 507 4491 ossibus:
536 4431 714 4504 igitur
740 4448 874 4487 cum
905 4432 1083 4487 dicit:
1108 4455 1136 4482 ‹‹
1162 4430 1246 4488 lbi
1273 4432 1384 4488 erit
1404 4433 1577 4489 ﬂetus
1599 4437 1656 4488 et
1679 4433 1896 4489 stridor

201 4521 525 4587 dentium,
552 4543 580 4569 »
615 4520 871 4577 ostendit
898 4537 1142 4594 corpora
1169 4522 1574 4593 reproborum,
1594 4539 1719 4593 quae
1751 4539 1893 4578 con-
