4060 6178
475 369 589 431 727

1034 370 1443 433 llAYMONlS
1494 369 2023 430 llALBlﬂltSTA'l‘.
2074 366 2315 429 EPISC.
2366 369 2537 428 ΟΡΙ).
2582 368 2786 465 ~TAIIS
2838 368 2909 429 ll.
2945 402 3020 411 —
3052 365 3295 429 HOMlL

3699 375 3790 437 728

436 540 441 551 ι
468 516 630 568 eum,
657 504 714 557 et
739 499 939 561 dicens
966 516 980 558 :
1006 524 1035 553 «
1068 500 1330 569 Domine,
1355 519 1456 575 per
1481 517 1646 558 meus
1669 501 1829 573 jacet
1857 499 1916 555 in
1948 501 2123 557 domo
2150 501 2203 567 Α
2236 500 2807 573 eodemevangelista
2821 500 3048 557 Joanne
3063 501 3351 569 narrante,
3365 498 3792 572 quiacummulier

436 588 853 664 -.paralyticus,
877 596 936 648 et
974 592 1125 648 male
1158 596 1480 665 torquetur.
1513 614 1541 643 »
1576 592 1645 646 Et
1675 591 1758 647 ait
1787 590 1871 647 illi
1902 591 2074 647 Jesus
2107 608 2120 646 :

434 701 504 729 .«
538 680 655 752 Ego
684 680 913 739 veniam
947 685 1003 737 et
1048 681 1265 737 curabo
1312 698 1447 736 eum
1481 682 1701 752 (Matth.
1742 682 1886 751 VIII).
1921 701 1948 731 »
1982 680 2122 744 Quis

474 767 630 823 enim
663 768 893 842 ignorat
912 769 1178 841 regulum
1203 770 1441 841 majoris
1462 787 1591 826 esse
1619 769 1926 843 potestatis
1945 786 2121 842 quam

474 857 916 913 centurionem?
946 859 1012 913 Et
1041 857 1179 931 quid
1209 864 1298 915 est
1332 860 1486 931 quod
1521 860 1802 914 Dominus
1834 860 1903 914 ad
1933 858 2120 914 ﬁlium

475 946 658 1021 reguli
692 950 929 1020 rogatus
959 945 1041 1003 ire
1073 947 1280 1017 noluit,
1313 951 1370 1003 et
1399 948 1470 1003 ad
1503 966 1734 1005 servum
1766 947 2123 1011 centurionis

473 1033 646 1090 etiam
676 1052 790 1091 non
814 1037 1054 1108 rogatus
1074 1035 1159 1093 ire
1179 1040 1419 1109 paratus
1442 1037 1593 1092 fuit?
1612 1036 1901 1093 Nimirum
1923 1041 2124 1093 nostra

470 1122 764 1195 superbia,
790 1126 855 1177 ut
875 1123 1677 1198 diximus,confunditur,qui
1701 1125 1760 1182 in
1784 1125 2123 1183 hominibus

452 1224 587 1273 .non
619 1214 911 1280 naturam,
935 1229 1051 1285 qua
1082 1215 1154 1270 ad
1185 1215 1503 1289 imaginem
1536 1215 1637 1271 Dei
1669 1216 1803 1272 facti
1837 1220 1994 1284 sunt,
2018 1216 2118 1271 sed

460 1300 789 1373 :poten-tiam
814 1302 1278 1359 consideramus.
1299 1306 1453 1371 Quos
1474 1305 1628 1362 enim
1655 1309 1918 1378 potentes
1936 1303 2120 1361 cerni-

470 1404 606 1449 mus
637 1389 997 1449 honoramus
1033 1408 1045 1446 :
1078 1397 1137 1448 et
1168 1410 1315 1465 quos
1364 1393 1685 1450 metuimus
1731 1410 2117 1451 veneramur:

464 1493 758 1551 pauperes
788 1484 983 1536 autem
1017 1482 1471 1550 contemnimus,
1491 1482 1849 1554 despicimus
1869 1487 1926 1541 et
1946 1482 2124 1556 negli-

466 1566 685 1640 gimus.
709 1568 958 1627 Econtra
982 1569 1165 1628 Filius
1187 1571 1311 1638 Dei,
1338 1571 1439 1644 qui
1463 1572 1535 1629 de
1564 1571 1708 1629 coelo
1738 1572 2040 1629 descendit
2062 1572 2120 1627 in

467 1657 760 1725 terras,ad
795 1656 983 1715 ﬁlium
1016 1659 1201 1733 reguli
1232 1667 1471 1733 rogatus
1494 1662 1577 1717 ire
1607 1661 1890 1731 neluit,et
1913 1661 1985 1717 ad
2009 1678 2125 1719 ser-

452 1762 605 1807 vum
638 1746 1017 1817 centurionis,
1050 1749 1227 1805 etiam
1259 1766 1393 1806 cum
1425 1767 1539 1807 non
1572 1751 1991 1824 rogaretur,ire
2022 1767 2121 1821 pa-

466 1838 630 1895 ratus
660 1835 791 1892 fuit.
824 1836 969 1903 Quia
1000 1837 1156 1894 sicut
1182 1842 1391 1895 Petrus
1431 1839 1501 1895 de
1531 1857 1597 1896 eo
1627 1840 2002 1899 voracissima
2031 1843 2117 1895 te-

465 1927 695 1983 statur:
719 1947 747 1975 «
772 1926 896 1982 Non
917 1930 1007 1983 est
1028 1942 1411 2000 personarum
1442 1934 1707 2002 acceptor
1733 1931 1908 1999 Deus,
1930 1929 2031 1984 sed
2061 1927 2124 2014 in

352 2010 363 2015 ’
466 2014 627 2072 omni
657 2019 829 2088 gente
852 2015 954 2088 qui
985 2021 1263 2089 operatur
1279 2018 1596 2090 justitiam,
1621 2024 1894 2092 acceptus
1920 2024 2009 2076 est
2038 2010 2125 2073 illi

448 2103 604 2175 ⁸(Ασί.
628 2102 709 2175 x).
752 2124 780 2153 »
813 2104 1119 2161 Imitemur
1146 2122 1284 2179 ergo
1314 2110 1371 2164 et
1402 2124 1509 2163 nos
1536 2112 1716 2181 caput
1746 2113 2037 2175 nostrum,
2069 2114 2127 2165 et

467 2207 643 2265 quem
665 2190 801 2264 plus
822 2193 1004 2251 Deum
1027 2211 1225 2252 amare
1249 2195 1588 2266 viderimus,
1607 2198 1775 2254 illum
1797 2199 2124 2257 studiosius

465 2278 807 2353 diligamus.
835 2283 900 2338 Et
930 2282 1051 2339 haec
1082 2284 1360 2353 dicentes,
1385 2300 1499 2342 non
1533 2286 1914 2359 prohibemus
1944 2288 2123 2346 hono-

467 2385 595 2427 rare
626 2373 911 2441 potentes,
931 2372 1185 2428 maxime
1216 2390 1350 2429 cum
1380 2374 1586 2431 Petrus
1607 2375 1907 2447 apostolus
1928 2377 2116 2433 dicat:

470 2479 501 2511 «
535 2457 721 2516 Deum
781 2459 1003 2533 timete,
1054 2477 1250 2534 regem
1297 2462 1673 2519 honoriﬁcate
1724 2465 1771 2536 (I
1795 2467 1940 2522 Patr.
1976 2470 2054 2535 ιι).
2092 2489 2118 2517 ››

458 2547 582 2605 Sed
613 2546 766 2605 sicut
799 2547 1030 2605 illorum
1063 2566 1412 2607 veneramur
1440 2553 1871 2623 potentiam,sic
1901 2573 2121 2628 paupe-

458 2652 598 2695 rum
631 2636 905 2710 supplere
933 2638 1219 2696 debemus
1247 2639 1653 2714 indigentiam,
1679 2646 1743 2698 ut
1768 2642 1831 2698 in
1863 2643 2119 2702 Ecclesia

466 2723 569 2781 Dei
603 2724 917 2799 unicuique
947 2744 1242 2802 congruus
1265 2729 1451 2788 honor
1469 2730 1829 2789 exhibeatur.
1847 2734 1956 2790 Sed
1981 2736 2119 2807 quia

458 2812 785 2886 increpatio
825 2816 939 2888 piis
990 2818 1288 2876 mentibus
1341 2819 1591 2875 multum
1642 2823 1919 2893 prodesse
1951 2824 2115 2892 solet,

454 2908 775 2976 postquam
831 2904 1069 2979 regulus
1101 2923 1136 2963 a
1166 2906 1412 2964 Domino
1462 2908 1795 2981 increpatus
1844 2911 2112 2968 audivit:

459 3014 492 3049 α
525 2992 705 3062 Vade,
740 2992 897 3067 ﬁlius
938 2998 1077 3053 tuus
1122 2995 1282 3052 vivit.
1330 2997 1588 3053 Credidit
1636 2998 1812 3056 homo
1857 3004 2113 3059 sermoni

461 3103 493 3135 α
520 3097 695 3154 quem
725 3082 868 3140 dixit
896 3084 949 3141 ei
980 3085 1154 3142 Jesus
1184 3089 1241 3142 et
1267 3085 1407 3143 ibat.
1435 3109 1463 3136 ››
1486 3086 1648 3144 Unde
1670 3088 1815 3146 ﬁdes
1845 3092 2114 3163 protinus

458 3170 735 3229 effectum
767 3178 1082 3231 consecuta
1113 3179 1223 3231 est.

2232 589 2601 645 Samaritana
2614 588 2880 645 audisset
2894 606 2927 645 a
2948 588 3196 644 Domino
3212 587 3399 644 omnia
3413 600 3528 662 qua:
3544 590 3794 660 iecit,ahiit

2230 677 2289 732 in
2312 676 2687 744 civitatem,ct
2708 677 2851 733 dixit
2870 677 2988 732 illis
3004 676 3310 734 omnibus:
3331 700 3357 725 «
3383 678 3565 734 Venite
3582 680 3794 737 etvidde

2231 767 2531 823 hominem
2574 767 2673 839 qui
2722 766 2869 822 dixit
2915 766 3059 821 mihi
3111 766 3309 820 omnia
3352 770 3672 839 quiscunque
3696 769 3792 825 feci.

2231 855 2506 927 Nunquid
2535 855 2660 929 ipse
2690 861 2779 912 est
2808 854 3074 911 Christus
3094 856 3122 909 ‘?
3150 856 3285 910 eum
3312 855 3587 911 venissent
3607 871 3718 929 ergo
3740 859 3795 915 ad

2229 944 2399 1001 illum
2430 945 2804 1014 Samaritani,
2839 948 3190 1018 rogaverunt
3216 960 3350 999 eum
3379 948 3442 999 ut
3476 943 3546 999 ibi
3574 948 3796 1001 maneret.

2204 1035 2300 1091 ‘Et
2329 1035 2549 1093 mansit
2578 1034 2656 1090 ibi
2688 1036 2836 1091 duos
2865 1033 3012 1101 dies,
3062 1036 3121 1089 et
3175 1031 3359 1088 multo
3388 1031 3568 1104 plures
3592 1034 3798 1090 credide-

2232 1129 2364 1180 runt
2398 1129 2633 1197 propter
2662 1139 2993 1180 sermonem
3024 1123 3174 1194 ejus.
3207 1122 3278 1178 Et
3308 1120 3523 1179 mulieri
3551 1121 3799 1178 dicebant:

2228 1212 2377 1279 Quia
2386 1214 2512 1285 jam
2535 1229 2650 1268 non
2673 1216 2912 1285 propter
2931 1215 3094 1267 tuam
3116 1208 3406 1283 loquelam
3425 1209 3799 1283 credimus,ipsi

2228 1301 2386 1359 enim
2402 1301 2820 1369 audiv‘imus,et
2844 1300 3069 1358 scimus
3091 1300 3228 1372 quia
3249 1299 3345 1355 hic
3365 1300 3581 1356 estverc
3598 1298 3804 1355 Salvator

2231 1392 2437 1448 mundi
2458 1395 2640 1459 (Joan.
2662 1392 2758 1462 ιν).
2783 1412 2811 1439 n
2834 1390 2915 1446 lbi
2939 1389 3095 1446 enim
3115 1390 3245 1445 sine
3262 1387 3577 1445 ostensione
3593 1387 3801 1443 miraculi

2230 1485 2356 1538 tota
2384 1481 2586 1538 civitas
2615 1479 2881 1548 credidit,
2914 1477 3009 1534 hic
3039 1495 3172 1534 cum
3204 1492 3481 1551 magnum
3508 1476 3713 1549 signum
3735 1493 3805 1531 os-

2228 1575 2465 1626 tensum
2486 1574 2658 1638 esset,
2677 1568 2693 1624 i
2701 1586 2802 1643 pse
2824 1574 2985 1642 pater
3007 1571 3237 1625 tantum
3259 1590 3289 1618 ‹‹
3314 1566 3550 1623 credidit
3573 1569 3627 1622 et
3641 1565 3806 1621 domus

2230 1660 2281 1732 cj
2294 1678 2360 1716 us
2390 1663 2532 1716 tota.
2569 1681 2589 1709 ιι

2730 1801 3037 1860 HOMILIA
3074 1799 3378 1858 CXXXVII.

2515 1910 2793 1949 DOMINICA
2830 1910 2966 1950 XXIII
3008 1908 3148 1948 POST
3185 1905 3583 1947 PENTECOSTEN.

2308 2018 2551 2092 (Manu.
2593 2017 2774 2089 xviii.)
2807 2039 2834 2067 «
2865 2016 2927 2072 In
2950 2015 3049 2072 illo
3076 2019 3341 2088 tempore
3360 2013 3500 2070 dixit
3517 2012 3670 2068 Iesus
3686 2008 3814 2066 disci-

2234 2130 2262 2159 «
2297 2107 2453 2181 pulis
2477 2106 2604 2164 suis
2646 2105 2984 2179 parabolam
3022 2103 3175 2159 hanc
3209 2119 3222 2159 :
3256 2102 3459 2159 Simile
3491 2105 3584 2157 est
3618 2114 3814 2171 regnum

2233 2221 2261 2249 ‹‹
2294 2197 2570 2253 cmlorum
2604 2194 2827 2251 homini
2854 2194 2977 2266 regi
3009 2191 3109 2264 qui
3138 2191 3326 2248 voluit
3355 2191 3619 2247 rationem
3649 2202 3815 2260 penem

2238 2308 2265 2340 α
2294 2303 2427 2342 eum
2460 2286 2644 2342 servis
2673 2284 2818 2340 suis.
2856 2306 2883 2333 »
2914 2283 2985 2338 Et
3011 2280 3258 2353 reliqua.
3291 2279 3487 2336 Virtus
3511 2280 3565 2334 et
3590 2276 3818 2349 captantia

2230 2376 2330 2432 Dei
2362 2374 2647 2432 Dominus
2676 2373 2849 2429 Jesus
2897 2371 3187 2438 Christus,
3218 2369 3491 2426 humanae
3537 2363 3815 2439 ignorantis

2228 2464 2722 2530 eondescendens,
2744 2463 3077 2534 frequenter
3107 2459 3231 2517 suis
3263 2458 3482 2516 sanctis
3506 2451 3819 2534 sermonibus

2227 2552 2642 2611 similitudines
2664 2524 2941 2624 dignatus
2961 2554 3052 2606 est
3070 2549 3415 2622 adjungore,
3430 2550 3493 2601 ut
3510 2543 3653 2618 quod
3667 2524 3752 2616 per
3765 2538 3819 2595 si-

2228 2643 2621 2700 militudinem
2655 2655 2992 2698 sermonum
3024 2638 3328 2694 auditores
3360 2650 3557 2708 capere
3574 2648 3676 2688 non
3701 2633 3820 2703 pote-

2226 2738 2377 2801 rant,
2403 2732 2610 2788 saltem
2642 2747 2746 2803 pcr
2774 2727 3084 2802 parabolas
3103 2731 3162 2782 et
3182 2716 3819 2800 ﬁguras‘tanerentUnde

2224 2824 2379 2881 sicut
2390 2822 2525 2878 alibi
2541 2820 2846 2875 Mattheus
2859 2818 2967 2873 ait:
2985 2839 3013 2866 «
3029 2816 3407 2888 Loquebatur
3425 2812 3590 2871 Jesus
3604 2824 3719 2865 cum
3729 2804 3818 2861 dis-

2225 2910 2436 2985 cipulis
2455 2910 2515 2966 in
2537 2908 2852 2982 parabolis,
2866 2910 2922 2963 et
2943 2906 3069 2962 sine
3090 2902 3390 2978 parabolis
3407 2914 3518 2959 non
3536 2896 3824 2971 loquebatur

2225 3001 2330 3070 eis,
2362 3003 2430 3055 ut
2457 2996 2876 3085 adimpleretur
2915 2994 3070 3067 quod
3101 3010 3207 3066 per
3234 2992 3581 3085 PrOphetam
3612 2985 3818 3085 dicitur:

2222 3088 2491 3162 Aperiam
2524 3087 2586 3143 in
2614 3070 2911 3159 parabolis
2940 3100 3009 3140 os
3035 3098 3233 3138 meum
3266 3081 3494 3151 (Matth.
3513 3079 3681 3168 rxrnet

2226 3161 2454 3247 Laxvn),
2492 3200 2520 3227 ››
2550 3176 2757 3248 loquar
2798 3170 3227 3247 propositiones
3279 3171 3355 3227 ab
3396 3167 3576 3225 initio.
3619 3161 3754 3231 Quill
3776 3161 3820 3215 in

535 3282 565 3313 α
594 3260 727 3319 Jam
758 3266 956 3320 autem
987 3279 1053 3319 eo
1101 3264 1508 3333 descendente,
1545 3266 1692 3324 servi
1738 3277 2116 3327 occurrerunt
2144 3251 2186 3317 Π
2228 3269 2335 3324 hac
2367 3266 2610 3323 lectione
2640 3281 2775 3320 eum
2806 3263 3013 3319 iecisse
3044 3258 3505 3335 eogncvimus,si
3542 3249 3825 3326 diligentia!

465 3371 495 3401 ‹‹
525 3349 598 3417 ei,
630 3354 688 3406 et
718 3351 1137 3407 nuntiaverunt
1166 3352 1427 3410 dicentes
1455 3355 1595 3427 quia
1627 3357 1784 3413 ﬁlius
1815 3358 1942 3428 ejus
1971 3360 2118 3416 vive-

464 3459 493 3491 α
524 3442 629 3495 ret.
656 3461 684 3490 ››
718 3440 795 3496 Ex
822 3457 890 3497 eo
922 3456 1080 3513 ergo,
1106 3442 1263 3513 quod
1296 3443 1569 3514 superius
1599 3444 1710 3502 istc
1740 3445 1979 3518 regulus
2006 3448 2114 3504 Do-

461 3525 623 3583 mino
651 3527 828 3584 dixit:
864 3550 891 3581 ‹‹
925 3529 1219 3585 Descende
1250 3529 1596 3603 priusquam
1630 3534 1917 3589 moriatur
1935 3534 2116 3594 Filius

459 3630 647 3683 meus,
668 3637 695 3664 »
708 3619 766 3671 et
786 3616 880 3672 hic
901 3617 1144 3672 dicitur:
1164 3641 1191 3667 «
1216 3618 1348 3674 Jam
1367 3623 1564 3675 autem
1583 3637 1650 3676 eo
1668 3622 2112 3692 descendente,»

455 3701 629 3758 datur
657 3701 1082 3777 intelligi,quia
1110 3705 1525 3778 Capharnaum
1558 3708 1618 3763 in
1649 3709 1795 3766 valle
1826 3718 1952 3768 erat
1979 3713 2114 3781 sita,

457 3806 585 3862 qua
615 3789 784 3848 vallis
807 3793 1037 3863 pinguis
1068 3794 1186 3850 sive
1218 3796 1351 3851 villa
1377 3796 1749 3868 pulcherrima
1776 3800 2116 3875 interpreta-

448 3882 563 3935 tur.
584 3881 647 3935 Δί.
674 3879 775 3936 ille
802 3880 1005 3939 volens
1036 3883 1187 3939 scire
1225 3888 1426 3940 utrum
1459 3902 1528 3942 ea
1547 3886 1692 3943 hora
1713 3890 1936 3948 sanitas
1955 3898 2113 3951 esset

447 3967 671 4024 reddita
696 3968 836 4036 ﬁlio,
870 3970 929 4026 in
962 3988 1081 4044 qua
1109 3974 1376 4030 audierat
1406 3991 1440 4030 a
1462 3977 1740 4034 Domino:
1770 3979 1951 4036 Filius
1973 3988 2110 4040 tuus

445 4053 607 4125 vivit,
650 4078 679 4108 ‹‹
709 4057 1092 4135 interrogavit
1134 4061 1341 4119 horam
1385 4064 1457 4119 ab
1510 4064 1595 4121 eis
1638 4064 1696 4121 in
1750 4084 1868 4140 qua
1898 4070 2109 4129 melius

447 4167 478 4199 α
508 4144 802 4205 habuerit.
834 4150 905 4206 Et
934 4151 1205 4207 dixerunt
1235 4152 1286 4208 ei
1314 4169 1326 4208 :
1353 4152 1497 4217 Quia
1526 4153 1650 4211 heri
1684 4155 1826 4213 hora
1858 4161 2108 4232 septima

451 4256 480 4287 «
502 4234 741 4309 reliquit
760 4255 896 4294 eum
920 4239 1120 4295 febris.
1149 4263 1177 4291 »
1202 4240 1447 4298 Pulchre
1470 4249 1666 4300 autem
1689 4244 1831 4302 hora
1854 4249 2107 4321 septima

448 4322 606 4380 ﬁlius
630 4326 814 4399 reguli
837 4332 1042 4385 senatu
1054 4346 1098 4396 r,
1116 4328 1255 4401 quia
1273 4334 1496 4402 septem
1516 4336 1656 4387 sunt
1676 4333 1831 4390 dona
1851 4335 2103 4407 Spiritus

447 4412 656 4481 sancti,
690 4415 862 4486 cujus
894 4417 1084 4489 gratia
1112 4423 1169 4473 ct
1198 4417 1430 4486 virtute,
1461 4437 1579 4475 non
1610 4421 1801 4477 solum
1835 4424 2101 4482 remissio

446 4505 837 4571 peccatorum,
871 4505 973 4561 sed
1011 4506 1185 4561 etiam
1218 4507 1402 4563 virtus
1447 4511 1503 4563 ct
1549 4509 1771 4567 sanitas
1800 4512 2096 4583 tribuitur,

2225 3357 2529 3429 superiora
2557 3354 2738 3426 hujus
2760 3348 3054 3424 Evangelii
3084 3344 3685 3407 consideremus.Gum
3703 3337 3824 3429 enim

2226 3428 2578 3519 prieceptum
2593 3441 2927 3499 dimittendi
2946 3439 3227 3496 fratribus
3238 3439 3304 3495 in
3322 3437 3500 3495 nobis
3509 3428 3827 3524 peccantibus

2224 3515 2502 3599 dedisset,
2536 3550 2608 3590 ne
2639 3534 2788 3588 dura
2815 3530 2936 3586 haec
2960 3529 3301 3585 viderentur
3326 3532 3383 3583 et
3414 3539 3631 3597 aspera,
3660 3515 3828 3611 adjecit

2223 3622 2671 3681 similitudinem
2703 3622 2773 3677 de
2793 3636 2927 3693 rege
2948 3618 3047 3692 qui
3068 3616 3320 3674 debitori
3346 3631 3454 3672 suo
3474 3614 3665 3670 decem
3685 3602 3831 3693 millia

2222 3713 2440 3770 talenta
2455 3713 2527 3767 ad
2553 3726 2729 3767 unam
2748 3707 3235 3781 supplicationem
3263 3702 3512 3759 dimisit.
3533 3692 3830 3789 Spiritaliter

2220 3802 2396 3858 homo
2427 3801 2539 3857 iste
2568 3817 2668 3855 rex
2696 3796 2980 3854 Dominus
3011 3796 3185 3852 Jesus
3207 3793 3483 3850 Christus
3513 3789 3581 3846 de
3601 3797 3834 3875 quonon:

2221 3895 2386 3964 ptum
2416 3894 2539 3946 est:
2567 3912 2593 3940 ‹‹
2618 3890 2762 3944 Ecce
2792 3886 2983 3942 veniet
3011 3885 3166 3941 Deus
3196 3887 3253 3939 et
3274 3883 3456 3938 homo
3479 3879 3549 3933 de
3568 3872 3727 3933 David
3747 3872 3827 3964 qui

2219 3958 2308 4035 est
2329 3996 2424 4034 rex
2447 3995 2648 4051 regum
2666 3982 2722 4033 et
2744 3976 3030 4032 Dominus
3050 3970 3493 4029 dominantium
3515 3966 3557 4040 (ι
3575 3958 3773 4054 ficari)
3789 3978 3832 4054 νς,

2217 4072 2274 4123 et
2307 4068 2478 4139 cujus
2496 4064 2660 4139 regni
2684 4082 2796 4121 non
2819 4064 2929 4119 erit
2950 4062 3105 4118 ﬁnis.
3130 4061 3326 4133 Hujus
3347 4057 3505 4133 regis
3528 4051 3665 4113 servi
3684 4050 3833 4139 homi-

2218 4174 2320 4213 nes
2342 4137 2481 4212 sunt
2503 4137 2650 4228 quos
2676 4155 2747 4209 ad
2770 4151 2879 4209 sibi
2906 4151 3496 4221 scrviendum,seque
3517 4137 3828 4201 laudandum

2215 4247 2284 4302 ad
2315 4262 2483 4301 suam
2519 4243 2832 4316 imaginem
2863 4239 3145 4305 condidit,
3174 4238 3405 4311 quibus
3435 4236 3607 4292 etiam
3632 4238 3826 4316 sensum

2213 4341 2269 4391 et
2290 4314 2735 4406 intelligentiam
2752 4330 3019 4404 praebuit.
3039 4327 3183 4385 Huic
3198 4329 3283 4383 rei
3305 4325 3527 4383 servire
3542 4332 3748 4406 summa
3761 4314 3831 4369 est

2210 4405 2554 4490 libertas,ab
2567 4422 2696 4494 ejus
2708 4421 2944 4477 servitio
2958 4417 3224 4475 recedere
3236 4413 3592 4489 turpissima
3605 4405 3830 4494 servitus

2211 4513 2399 4584 Hujus
2412 4492 2644 4567 servum
2658 4527 2721 4565 se
2737 4509 3099 4583 gloriabatur
3110 4505 3594 4572 Psalmista,cum
3610 4492 3825 4584 dicebat:

442 4588 722 4687 Apostolo
752 4593 1042 4687 teste,-qui
1067 4593 1184 4649 ait:
1215 4617 1243 4687 _«
1266 4594 1533 4687 Charitas
1558 4597 1658 4653 Dei
1685 4597 1897 4656 ditiusa
1921 4606 2011 4657 est
2039 4603 2098 4658 in
2131 4619 2178 4685 Ι)
2210 4624 2237 4652 ι(
2260 4603 2379 4673 Ego
2401 4616 2603 4656 servus
2616 4604 2756 4655 tuus
2779 4603 2837 4655 et
2861 4597 3016 4654 ﬁlius
3032 4593 3259 4655 ancilla:
3282 4600 3402 4650 tua:
3425 4591 3831 4687 ςΡηις-ξῑῖίξνςθ

443 4677 719 4737 cordibus
749 4680 968 4736 nostris
997 4699 1102 4755 per
1129 4683 1412 4755 Spiritum
1460 4689 1728 4741 sanctum
1777 4687 1876 4759 qui
1925 4690 2098 4748 datus
2131 4664 2176 4685 υ
2208 4693 2280 4748 Et
2306 4664 2521 4747 iterum
2556 4707 2570 4744 :
2605 4713 2631 4739 α
2672 4689 2884 4745 Servus
2916 4693 3054 4758 tuus
3083 4700 3190 4758 ego
3217 4700 3380 4750 sum,
3413 4682 3492 4739 da
3520 4675 3656 4735 mihi
3685 4664 3825 4727 intel-

443 4769 533 4823 cst
562 4768 731 4825 nobis
761 4770 933 4838 (Itoni.
965 4774 1048 4840 ιν).
1085 4793 1113 4822 ››
1145 4771 1273 4827 Sive
1304 4777 1455 4828 certe
1485 4773 1629 4830 hora
1657 4777 1909 4847 septima
1939 4779 2095 4838 ﬁlius

439 4855 623 4929 reguli
657 4862 900 4915 sanatus
925 4864 1033 4931 est,
1058 4864 1123 4915 ut
1142 4859 1544 4933 intelligamus
1565 4863 1704 4935 quia
1731 4864 1791 4919 in
1822 4871 2094 4937 praesenti

439 4943 565 5000 vita
585 4961 714 5017 qua
746 4964 849 5020 per
877 4953 1099 5021 septem
1130 4948 1256 5006 dies
1299 4949 1568 5019 volvitur,
1601 4952 1851 5011 salutem
1884 4957 2091 5015 animae

442 5036 653 5089 nostrae
682 5035 832 5091 bene
862 5040 1156 5109 cperando
1188 5056 1444 5111 qumrere
1474 5040 1776 5099 debemus.

514 5143 539 5209 c
578 5120 854 5193 Cognovit
875 5140 1012 5199 ergo
1035 5127 1202 5185 Pater
1231 5128 1370 5201 quia
1400 5129 1500 5185 illa
1526 5130 1671 5187 hora
1699 5138 1854 5189 esset
1884 5135 1942 5190 in
1975 5154 2091 5209 qua

443 5231 471 5259 ‹‹
503 5208 649 5265 dixit
678 5211 730 5267 ei
756 5212 929 5271 Jesus
961 5231 974 5271 :
1014 5217 1192 5276 Filius
1226 5223 1363 5275 tuus
1393 5218 1554 5288 vivit,
1585 5224 1642 5276 et
1670 5221 1917 5279 credidit
1944 5208 2089 5298 ipse,

440 5319 468 5348 ‹‹
502 5300 561 5353 et
604 5298 818 5358 domus
865 5304 992 5375 ejus
1041 5311 1181 5363 tota.
1213 5329 1241 5357 »
1275 5308 1338 5363 In
1388 5308 1592 5366 multis
1624 5309 1766 5367 locis
1796 5313 2090 5386 Evangelii

435 5387 762 5461 promptior
789 5392 934 5449 ﬁdes
963 5395 1225 5467 gentium
1258 5397 1329 5451 ad
1380 5398 1732 5454 credendum
1764 5402 2092 5459 ostenditur

432 5492 612 5547 quam
640 5478 998 5549 Judzrorum,
1051 5484 1176 5555 ipso
1220 5484 1467 5541 Domino
1512 5487 1583 5541 de
1628 5490 1965 5546 centurione
1996 5492 2086 5546 di-

431 5570 597 5622 cente
621 5585 634 5622 :
663 5591 690 5618 ‹‹
714 5571 922 5638 Amen,
948 5572 1077 5627 dico
1101 5572 1281 5640 vobis,
1305 5590 1419 5627 non
1439 5573 1631 5631 iuveni
1654 5581 1877 5635 tantam
1910 5581 2085 5637 fidem

426 5648 486 5711 in
521 5656 695 5715 lsrael
748 5661 967 5728 (Matth.
1003 5661 1145 5733 vui).
1180 5682 1207 5710 ››
1241 5661 1513 5731 Legimus
1565 5648 1736 5734 paulo
1792 5669 2083 5740 superius,

2206 4779 2423 4836 lectum
2455 4778 2629 4849 (Psal.
2662 4778 2832 4849 cxvn),
2873 4800 2902 4827 ››
2929 4773 3398 4832 Dominc.-Ponit
3422 4772 3621 4827 autem
3652 4778 3738 4819 rex
3760 4772 3831 4849 ης

2202 4868 2424 4925 tionem
2456 4884 2588 4923 cum
2622 4866 2803 4923 servis
2834 4865 2980 4937 suis,
3003 4864 3141 4938 quia
3170 4879 3288 4919 non
3323 4859 3519 4919 solum
3553 4841 3825 4938 ορθτδθξθά

2203 4956 2377 5014 etiam
2409 4955 2789 5029 cogitationes
2820 4932 3052 5015 nostras
3102 4953 3233 5024 ejus
3279 4943 3616 5037 majestatis
3652 4932 3826 5037 omni

2203 5044 2498 5103 subtiliter
2514 5044 2810 5100 examinat
2831 5047 3009 5116 atque
3025 5040 3329 5097 discernit.
3355 5034 3474 5093 Sed
3495 5049 3563 5091 eo
3583 5032 3827 5113 rationein

2198 5138 2471 5208 ponente,
2493 5131 2644 5189 solet
2674 5131 3009 5205 contingere
3037 5134 3106 5187 ut
3134 5126 3522 5185 inveniantur
3547 5118 3731 5210 ptui-es
3748 5123 3828 5210 qui

2202 5206 2317 5281 non
2340 5221 2531 5279 solum
2556 5223 2615 5277 in
2639 5221 2968 5279 minoribus
2990 5216 3380 5293 peccatis,sed
3402 5206 3657 5275 etiamin
3676 5206 3827 5293 maia:

2200 5313 2365 5369 ribus
2377 5311 2725 5367 criminibus
2738 5314 2875 5366 sunt
2889 5285 3423 5382 obligati.Quorum
3442 5285 3829 5374 speciemtenel

2200 5401 2330 5469 iste,
2365 5402 2435 5456 de
2466 5416 2581 5471 quo
2612 5400 2888 5455 subditur
2922 5417 2936 5455 :
3756 5467 3760 5471 ,
3814 5458 3823 5468 ,

2272 5514 2297 5539 ‹‹
2319 5467 2397 5544 Et
2427 5467 2559 5544 cum
2591 5490 2865 5561 coepisset
2893 5488 3176 5544 rationem
3204 5496 3427 5557 ponere
3448 5467 3770 5561 oblatusesi
3785 5467 3826 5518 el

2199 5606 2224 5629 ‹‹
2264 5597 2416 5633 unus
2449 5577 2545 5649 qui
2570 5555 2819 5634 debebat
2837 5577 2886 5633 ei
2911 5579 3108 5633 decem
3133 5555 3320 5631 millia
3342 5568 3587 5627 talenta.
3612 5584 3638 5613 η
3659 5555 3829 5649 Ταλθυς

2196 5675 2321 5726 tum
2352 5667 2410 5722 in
2443 5635 2759 5737 scripturis
2787 5665 3100 5740 aliquoties
3120 5660 3429 5738 peccatum
3453 5635 3825 5727 signiﬁcat-Ml
