4060 6178
270 370 273 373 ⁷
310 356 428 420 729

1549 354 1900 419 HOMILL‘E
1940 354 2044 417 DE
2085 354 2484 418 'l‘EMPOllE.

3612 334 3720 417 13o

308 487 690 564 pondus,sive
718 486 1154 545 multitudinem
1177 490 1570 567 peccatorum,
1599 489 1751 545 sicut
1771 487 1831 543 in
1855 487 1953 544 Za-
1983 487 2037 554 Α
2066 501 2298 560 semper
2325 485 2551 559 majora
2579 485 2880 545 consuevit
2908 488 3205 562 praestare,
3239 501 3417 560 quam
3456 485 3719 546 humana

282 579 510 637 charis
537 577 752 652 legitur
779 594 793 633 :
828 602 857 629 «
874 576 1094 645 Vidi,et
1121 592 1251 634 ecce
1268 576 1555 634 talentum
1578 575 1804 651 plumbi
1829 593 1959 650 por-

303 670 542 725 tabatur
572 668 755 735 (Zach.
782 668 861 737 ν),
896 689 923 717 η
973 672 1030 722 et
1059 667 1303 740 projecit
1338 664 1505 722 illum
1536 667 1595 722 in
1620 666 1811 722 medio
1833 683 1957 722 am-

278 760 525 830 :pborze,
562 760 625 814 et
652 756 828 812 dixit:
858 779 889 805 «
923 744 1055 811 Hinc
1079 761 1169 811 est
1196 748 1467 828 impietas
1507 755 1711 829 (Ibid),
1746 777 1774 805 )›
1807 756 1962 811 sicut
1992 772 1997 777 '

306 847 460 905 enim
484 846 770 903 talentum
780 842 1032 922 diversis
1055 844 1246 901 modis
1266 845 1645 917 penderetur,
1659 845 1743 901 sic
1762 861 1961 916 pecca-

301 940 498 994 torum
532 935 759 1010 species
785 935 1028 991 diversae
1051 939 1208 990 sunt.
1232 934 1347 1000 Qui
1360 932 1518 989 enim
1552 933 1957 1002 homicidium,

307 1024 684 1093 adulterium,
712 1023 1115 1105 sacrilegium,
1143 1027 1200 1079 et
1224 1026 1434 1079 caetera
1457 1021 1551 1079 his
1583 1022 1801 1080 similia
1826 1040 1959 1097 per-

305 1114 715 1188 petrat,un
744 1115 947 1170 decem
978 1111 1165 1191 millia
1193 1112 1412 1168 talenta
1444 1111 1710 1169 debebat.

378 1204 586 1260 «Cum
614 1207 816 1260 autem
846 1218 963 1259 non
993 1202 1235 1261 haberet
1279 1196 1437 1281 unde
1467 1202 1765 1273 redderet,
1778 1201 1961 1274 jussit

307 1306 503 1349 «eum
534 1292 812 1349 dominus
834 1289 1179 1358 venundari,
1209 1293 1266 1346 et
1295 1306 1535 1347 uxorem
1563 1290 1692 1363 ejus
1713 1295 1770 1347 et
1786 1288 1959 1357 filios,

307 1405 338 1431 κ
368 1387 431 1439 et
455 1381 654 1438 omnia
687 1396 815 1453 qum
863 1380 1136 1449 habebat,
1167 1383 1226 1435 et
1254 1378 1441 1435 reddi.
1478 1402 1505 1429 υ
1534 1380 1661 1435 Non
1710 1379 1965 1437 habebat

307 1471 690 1528 servusunde
712 1469 981 1527 redderet
1004 1469 1287 1537 debitum,
1321 1468 1458 1540 quia
1488 1468 1665 1543 digne
1695 1485 1800 1542 pro
1830 1486 1963 1542 pec-

307 1559 454 1617 catis
475 1559 596 1616 Deo
626 1558 964 1615 satisfacere
985 1575 1101 1613 non
1128 1561 1319 1631 potest
1337 1573 1440 1631 per
1468 1558 1769 1631 proprium
1794 1558 1961 1615 meri-

306 1653 456 1705 tum.
514 1648 645 1705 Sive
695 1651 848 1704 certe
895 1664 1010 1704 non
1041 1646 1220 1704 habet
1267 1663 1467 1704 servus
1512 1648 1669 1704 unde
1697 1647 1962 1704 debitum

305 1737 534 1804 reddat,
563 1736 702 1810 quia
729 1741 1000 1809 peccator
1029 1736 1087 1792 in
1121 1736 1216 1793 die
1232 1736 1443 1808 judicii
1476 1735 1699 1792 nullam
1730 1753 1966 1793 excusa-

306 1827 525 1883 tionem
576 1838 681 1899 pro
704 1825 984 1900 'peccatis
1018 1826 1143 1882 suis
1191 1825 1464 1882 inveniet.
1498 1825 1608 1882 Sed
1641 1825 1781 1899 quia
1808 1826 1963 1882 Deus

305 1915 668 1984 misericors,
728 1931 836 1971 nec
887 1913 1013 1970 vult
1042 1920 1375 1989 peccatores
1432 1914 1621 1987 perire
1662 1919 1960 1988 perpetuo,

296 2005 472 2077 jubet
493 2020 728 2062 servum
746 2004 1093 2072 venundari,
1112 2020 1247 2060 cum
1275 2007 1638 2075 peccatorem
1658 2018 1763 2076 per
1786 2003 1966 2076 poeni-

294 2095 557 2151 tentiam
590 2093 853 2168 praecipit
896 2092 1220 2149 immutari.
1254 2092 1317 2148 In
1347 2091 1776 2149 venundatione
1807 2092 1963 2148 enim

300 2182 416 2241 hoc
441 2182 656 2257 agitur,
687 2188 754 2239 ut
786 2182 1027 2239 alterius
1058 2182 1241 2238 resad
1276 2180 1515 2238 alterius
1542 2185 1804 2238 transeat
1830 2196 1966 2254 pos-

300 2272 657 2330 sessionem.
703 2272 774 2329 Et
798 2274 941 2328 tunc
972 2269 1313 2344 spiritaliter
1342 2286 1545 2326 servus
1572 2270 1963 2338 venundatur,

306 2362 545 2436 quando
574 2366 844 2435 peccator
870 2361 942 2417 ‘de
971 2359 1341 2435 possessione
1370 2348 1606 2425 diaboli,
1640 2375 1743 2433 per
1783 2359 1967 2432 poeni-

298 2450 555 2509 tentiam
585 2451 656 2507 ad
705 2448 1139 2522 possessionem
1189 2447 1545 2504 convertitur
1574 2447 1695 2505 Dei.
1728 2449 1969 2506 Venun-

307 2540 489 2596 datur
510 2554 744 2611 quoque
774 2554 918 2595 uxor
952 2541 1015 2593 et
1043 2536 1148 2593 filii
1179 2536 1312 2593 c'um
1354 2552 1508 2604 caro,
1556 2554 1684 2610 quae
1716 2540 1968 2613 peccatis

302 2628 712 2697 fuit‘subdita,
746 2631 803 2683 et
831 2626 1214 2700 cogitationes
1246 2626 1508 2682 carnales
1528 2625 1589 2682 in
1612 2620 1844 2683 serﬁtio
1865 2627 1968 2684 Dei

310 2717 610 2773 immutat.
632 2716 705 2773 Et
727 2715 825 2788 qui
842 2713 1085 2772 servivit
1099 2713 1490 2771 immunditiae
1511 2719 1565 2771 et
1586 2714 1881 2788 iniquitati
1895 2717 1968 2772 ad

302 2804 715 2879 iniquitatem,
749 2805 963 2862 serviat
985 2804 1228 2877 justitiae
1257 2803 1317 2859 in
1339 2802 1886 2873 sanctificationem,
1915 2808 1971 2861 et

303 2904 420 2968 pro
452 2893 735 2966 superbia
771 2892 1190 2959 humilitatem,
1216 2908 1329 2964 pro
1356 2892 1591 2948 luxuria
1620 2893 1968 2961 castitatem,

304 2998 423 3056 apro
440 2982 686 3039 avaritia
706 2981 912 3057 diligat
931 2980 1361 3057 largitatem.Et
1375 2980 1474 3054 qui
1506 2985 1676 3039 antea
1705 2998 1971 3055 procrea-

307 3074 478 3128 verat
527 3070 682 3129 ﬁlios
727 3070 945 3128 diaboli
976 3070 1128 3127 male
1175 3068 1439 3127 vivendo.
1471 3070 1542 3126 Et
1579 3087 1683 3143 per
1709 3086 1969 3140 uxorem,

309 3158 614 3234 propriam
647 3172 884 3217 carnem
913 3158 1241 3233 intelligere
1272 3175 1589 3232 possumus
1616 3177 1630 3216 :
1665 3175 1768 3233 per
1794 3160 1970 3230 ﬁlios,

310 3224 459 3307 vitia
485 3254 545 3306 et
575 3255 829 3323 peccata.
861 3247 963 3304 Vel
997 3224 1152 3305 certe
1197 3224 1399 3305 aliter:
1448 3224 1821 3306 venundatur
1849 3224 1972 3307 ser;
1998 3224 2044 3297 (ἶ

309 3353 442 3410 vus,
475 3355 610 3395 cum
655 3338 947 3412 peccatori
977 3336 1368 3410 impaenitenti
1413 3342 1695 3394 aeternum
1728 3338 1971 3395 commi-

311 3428 492 3484 natur
518 3425 896 3499 supplicium,
915 3427 974 3482 et
996 3425 1292 3483 declinare
1316 3443 1353 3482 a
1373 3424 1550 3494 malo,
1574 3432 1632 3484 et
1662 3428 1850 3484 facere
1874 3427 1971 3484 bo-

308 3522 457 3572 hum
481 3517 531 3573 ei
551 3512 1347 3589 praecipiturﬂenundantur
1357 3532 1593 3589 quoque
1606 3534 1753 3573 uxor
1763 3520 1820 3573 et
1839 3515 1944 3573 filii
1956 3560 1969 3586 ,

302 3604 552 3677 quando
595 3616 714 3660 non
743 3603 933 3659 solum
967 3604 1175 3660 animai
1206 3621 1311 3678 pro
1343 3606 1622 3677 peccatis,
1659 3605 1762 3662 sed
1793 3603 1970 3663 etiam

308 3692 471 3749 carni
498 3690 805 3766 peecatriei
838 3708 1010 3765 pcena
1042 3688 1241 3748 (sterni
1270 3691 1565 3749 cruciatus
1612 3694 1964 3767 praedicitur.

307 3780 476 3849 Quod
494 3788 632 3838 cum
645 3780 895 3838 audierit
914 3798 1120 3838 servus
1136 3781 1469 3859 frequenter
1484 3785 1622 3854 post
1640 3787 1968 3854 peccatum,

308 3871 520 3926 timore
563 3870 899 3927 concutitur
928 3870 1000 3926 ad
1047 3870 1471 3943 paenitendum,
1504 3871 1606 3942 qui
1639 3887 1742 3943 pro
1772 3886 1971 3928 amore

306 3948 411 4017 Dei
443 3957 634 4016 noluit
663 3972 865 4016 cavere
895 3962 1223 4033 peceatum.
1259 3957 1423 4015 Unde
1454 3962 1511 4014 et
1544 3958 1848 4015 subditur:

238 4110 241 4111 ν
380 4071 411 4100 ‹‹
440 4048 757 4105 Pmcidens
787 4053 983 4104 autem
1018 4062 1222 4105 servus
1268 4047 1386 4116 ille,
1421 4047 1665 4121 rogabat
1713 4064 1849 4104 eum
1882 4047 1969 4103 di-

309 4152 485 4194 cens:
520 4136 871 4194 Patientiam
917 4137 1067 4194 habe
1107 4137 1168 4193 in
1224 4150 1337 4205 me,
1371 4140 1429 4193 et
1484 4136 1681 4193 omnia
1726 4137 1968 4194 reddam

309 4245 338 4276 «
374 4226 500 4283 tibi.
518 4249 546 4277 »ι
570 4226 827 4283 Pro'cidit
856 4230 1053 4283 autem
1072 4240 1276 4284 servas
1299 4231 1435 4283 ante
1455 4231 1659 4295 Deum,
1684 4242 1818 4282 cum
1841 4238 1971 4299 pec-

308 4319 486 4383 cator,
537 4330 709 4372 suam
765 4313 1139 4390 fragilitatem
1170 4328 1617 4390 recognoscens,
1668 4314 1969 4372 humiliter

303 4405 539 4461 veniam
570 4404 847 4478 postulat,
874 4405 1075 4462 dicens
1096 4421 1228 4463 cum
1262 4405 1581 4478 Propheta:
1617 4428 1644 4455 «
1678 4406 1965 4472 Quoniam

303 4492 681 4567 iniquitatem
714 4510 905 4550 meam
927 4509 1033 4569 ego
1052 4511 1341 4568 cognosco
1362 4498 1418 4551 et
1435 4499 1737 4568 peccatum
1762 4511 1964 4551 meum

2067 575 2354 650 fragilitas
2385 577 2532 633 sciat
2560 592 2785 652 rogare.
2818 576 3000 633 Nemo
3030 592 3166 650 ergo
3209 576 3280 633 de
3317 577 3720 650 magnitudine

2058 666 2155 722 "vel
2186 665 2568 723 multitudine
2613 671 2984 740 peccatorum
3033 667 3297 723 diffidere
3328 665 3520 734 debet,
3554 681 3621 722 ac
3650 664 3720 723 de

2067 754 2198 827 ipsa.
2227 755 2555 827 desperare,
2606 772 2740 811 cum
2773 754 2869 810 ille
2900 756 2999 828 qui
3032 757 3233 812 decem
3275 755 3462 811 millia
3506 755 3723 812 talenta

2068 842 2338 911 debebat,
2370 848 2428 900 et
2459 844 2802 917 patientiam
2846 849 3079 919 rogaret
3117 848 3182 900 ut
3212 845 3479 901 redderet
3525 844 3724 901 omnia

2068 948 2103 988 a
2132 932 2378 990 Domino
2409 932 2758 1006 impetravit.
2791 935 2963 990 Amat
3000 934 3157 989 enim
3190 935 3344 990 Deus
3390 938 3723 1006 peccatores

2068 1025 2203 1094 post
2215 1022 2672 1093 conversionem,
2689 1021 2738 1079 si
2755 1021 2993 1095 dignam
3008 1022 3223 1078 faciant
3238 1022 3719 1080 satisfactionem.

2068 1110 2215 1175 Quia
2227 1111 2380 1167 sicut
2395 1109 2792 1184 ipse‘dicitper
2804 1112 3169 1184 prophetam.
3189 1128 3305 1167 non
3318 1110 3443 1167 vult
3473 1118 3721 1169 mortem

2069 1198 2410 1273 peccatoris,
2441 1219 2467 1249 ‹‹
2490 1200 2592 1255 sed
2612 1203 2679 1255 ut
2699 1204 3070 1257 convertatur
3090 1203 3147 1257 et
3165 1199 3318 1256 vivat
3339 1203 3554 1269 (Ezech.
3584 1217 3723 1258 xvm

2069 1296 2121 1346 et
2147 1287 2368 1345 mum.
2404 1311 2426 1341 ι
2465 1290 2535 1345 Et
2562 1288 2814 1345 iterum:
2850 1312 2880 1340 «
2908 1291 3199 1358 Peccator,
3252 1306 3601 1363 quocunque
3630 1291 3724 1347 die

2071 1394 2386 1437 conversus
2399 1379 2572 1436 fuerit
2593 1379 2832 1451 (Ibid.),n
2847 1383 2955 1436 etc.
2974 1379 3353 1453 Etsicutpius
3373 1380 3725 1454 Redemptor

2070 1467 2129 1524 in
2151 1467 2460 1541 Evangelio
2493 1468 2599 1524 ait:
2625 1469 2772 1535 Quia
2793 1492 2822 1519 «
2847 1486 2961 1525 non
2994 1470 3124 1526 veni
3160 1487 3364 1527 vocare
3375 1471 3595 1543 justos,
3618 1473 3719 1528 sed

2072 1562 2405 1630 peccatores
2428 1557 2776 1629 (Mlttth.tx).»
2792 1591 2857 1600 —
2874 1559 2975 1614 «Et
2986 1558 3268 1633 gaudium
3285 1563 3373 1616 est
3387 1558 3447 1615 in
3466 1560 3608 1617 coelo
3628 1574 3724 1616 su-

2072 1662 2175 1720 per
2202 1660 2320 1702 uuo
2353 1649 2651 1717 peccatore
2682 1646 3084 1720 paenitentiam
3112 1652 3323 1721 agente
3344 1664 3521 1721 quam
3544 1665 3724 1722 supra

2073 1734 2392 1808 nonaginta
2410 1751 2613 1791 novem
2624 1735 2827 1807 justis,
2843 1736 2941 1808 qui
2966 1753 3082 1792 non
3104 1736 3369 1812 indigent
3383 1738 3725 1812 pcenitentia

2071 1824 2223 1893 (Luc.
2254 1823 2377 1896 vn).
2404 1844 2431 1871 η
2472 1822 2665 1880 Unum
2697 1828 2892 1880 autem
2926 1841 3297 1898 summopere
3328 1828 3721 1884 necessarium

2071 1917 2160 1970 est
2179 1911 2617 1986 paenitentibus,
2642 1917 2707 1968 ut
2732 1913 2887 1970 sicut
2907 1913 3016 1970 sibi
3043 1931 3152 1970 sua
3180 1932 3214 1970 a
3243 1915 3360 1971 Deo
3390 1915 3606 1972 dimitti
3623 1930 3722 1971 vo-

2070 2000 2200 2057 lunt
2215 2001 2557 2074 peccata,ita
2569 2000 2847 2058 fratribus
2864 2003 2924 2058 in
2938 2017 3002 2059 se
3016 2003 3393 2076 peccantibus
3409 2003 3726 2061 clementer

2073 2088 2398 2163 ignoscant.
2422 2093 2573 2145 Sunt
2601 2090 2757 2146 enim
2789 2088 3057 2147 nonnulli
3083 2089 3181 2163 qui
3213 2096 3347 2146 cum
3375 2090 3558 2147 Deum
3589 2106 3729 2165 erga

2075 2194 2140 2235 se
2169 2179 2490 2252 benignum
2521 2190 2653 2235 esse
2670 2179 3026 2247 desiderant,
3046 2178 3334 2236 fratribus
3358 2179 3512 2247 duri,
3534 2180 3727 2253 asperi

2066 2271 2133 2323 et
2144 2267 2327 2323 amari
2346 2267 2622 2325 existunt.
2645 2269 2904 2332 Quorum
2922 2264 3370 2326 similitudinem
3382 2267 3728 2326 videturiste

2073 2360 2293 2424 tenere,
2325 2357 2397 2412 de
2426 2373 2543 2429 quo
2577 2357 2888 2414 subditur:
3616 2370 3619 2373 ‘

2152 2466 2181 2496 «
2210 2444 2279 2501 Et
2306 2461 2580 2519 egressus
2612 2460 2814 2503 servus
2843 2445 2963 2513 ille,
2993 2445 3217 2505 invenit
3263 2462 3449 2504 unum
3493 2449 3565 2505 de
3595 2462 3729 2506 con-

2078 2558 2107 2585 «
2144 2535 2325 2591 servis
2372 2534 2518 2603 suis,
2571 2535 2671 2608 qui
2703 2535 2953 2592 debebat
2977 2537 3028 2592 ei
3061 2540 3297 2593 centum
3348 2537 3641 2605 denarios,
3673 2541 3731 2594 et

2079 2647 2107 2676 «
2139 2628 2346 2680 tenens
2358 2622 2682 2680 suﬂ‘ocabat
2695 2624 3059 2693 eum,dicens
3075 2643 3088 2681 :
3104 2626 3301 2682 Redde
3315 2627 3469 2699 quod
3493 2627 3727 2684 debes.»

2077 2713 2388 2787 Egreditur
2417 2728 2642 2781 servus,
2691 2714 2925 2786 quando
2970 2712 3122 2769 liber
3160 2714 3321 2771 abim
3348 2714 3726 2787 permittitur.

2079 2800 2529 2859 Suii'ocationem
2561 2803 2960 2874 supradictam
2990 2800 3396 2859 tribulationes
3426 2806 3730 2877 et‘angus-

2068 2891 2364 2964 'tias,quas
2388 2890 2439 2947 ei
2455 2889 3107 2964 ingerebat,intelligere
3128 2904 3468 2965 possumus.
3489 2892 3731 2966 Spirita-

2080 2979 2230 3049 liter,
2264 2981 2675 3053 unusquisque
2694 2986 2963 3038 nostrum
2981 2980 3202 3049 exiens,
3215 2981 3435 3038 invenit
3456 2997 3641 3038 unum
3659 2982 3731 3039 de

2081 3070 2376 3126 conservis
2389 3070 2515 3126 suis
2534 3069 2839 3127 debentem
2853 3069 2963 3127 sibi
2978 3075 3213 3127 centum
3227 3071 3523 3140 denarios,
3544 3086 3731 3145 quan-

2069 3158 2155 3216 ‘do
2184 3158 2583 3216 reminiscitur
2612 3175 2675 3215 se
2706 3159 2777 3216 ab
2806 3158 2921 3216 alio
2951 3175 3081 3216 esse
3110 3158 3337 3217 laesum.

2156 3270 2183 3297 «
2215 3247 2527 3305 Procidens
2558 3252 2752 3306 autem
2797 3260 2999 3307 servus
3033 3248 3148 3318 ille,
3182 3248 3425 3323 rogabat
3454 3265 3611 3319 eum,
3645 3249 3732 3305 di-

2081 3362 2109 3389 ‹‹
2144 3346 2312 3395 cens:
2345 3337 2693 3394 Patientiam
2742 3337 2893 3394 habe
2924 3324 2991 3393 in
3029 3350 3143 3406 me,
3176 3343 3234 3395 et
3261 3328 3731 3397 omnia-reddam

2084 3448 2106 3476 α
2145 3425 2271 3483 tibi.
2300 3448 2327 3476 »
2360 3427 2574 3484 Iisdem
2607 3440 2743 3501 ergo
2773 3426 2965 3483 verbis
2996 3427 3213 3500 quibus
3251 3427 3557 3485 dominum
3589 3442 3735 3502 sup-

2078 3516 2396 3590 plicaverat
2434 3534 2469 3572 a
2497 3530 2772 3573 conservo
2801 3521 3041 3590 rogatus
3072 3521 3178 3585 est,
3238 3518 3339 3575 sed
3387 3534 3504 3574 non
3554 3516 3731 3574 talem

2078 3605 2542 3663 misericordiam
2575 3620 2853 3663 conservo
2882 3596 3146 3663 exhibuit
3173 3605 3407 3680 qualem
3428 3624 3461 3665 a
3486 3606 3732 3664 Domino

2080 3699 2400 3767 acceperat.
2434 3694 2598 3751 Unde
2628 3697 2686 3750 et
2715 3692 3028 3750 subditur:

2153 3807 2180 3835 «
2214 3781 2315 3841 Ille
2348 3787 2545 3840 autem
2578 3782 2784 3853 noluit,
2808 3784 2913 3840 sed
2935 3783 3079 3840 abiit
3108 3788 3165 3840 et
3183 3783 3348 3841 misit
3366 3800 3502 3842 eum
3522 3784 3583 3841 in
3605 3802 3732 3841 car-

2083 3895 2112 3925 «
2143 3886 2354 3939 cerem,
2388 3874 2571 3929 donec
2601 3873 2872 3929 redderet
2901 3872 3182 3929 debitum.
3208 3896 3239 3924 τ)
3270 3869 3408 3932 Mali
3429 3879 3625 3931 autem
3650 3890 3734 3932 re-

2078 3961 2318 4018 tributio
2349 3960 2597 4017 carceris
2628 3961 2998 4018 conclusione
3039 3961 3128 4019 vel
3173 3963 3552 4041 suffocatione
3576 3964 3733 4022 desi-

2079 4053 2313 4124 gnatur.
2348 4049 2532 4124 Igitur
2551 4066 2746 4106 carcer
2774 4050 2833 4105 in
2864 4051 2974 4107 hoc
2998 4050 3125 4107 loco
3156 4051 3417 4121 afﬂictio,
3449 4070 3566 4125 qua
3595 4070 3731 4110 eum

2079 4139 2431 4207 coarctabat,
2466 4138 3113 4211 intelligitur.Debitum
3157 4140 3216 4196 in
3251 4139 3568 4213 Scripturis
3599 4159 3730 4214 pec~

2078 4232 2276 4285 catum
2306 4227 2517 4295 vocari,
2551 4240 2620 4283 ex
2670 4243 2734 4284 eo
2766 4225 3152 4300 intelligimus
3195 4228 3351 4301 quod
3381 4227 3641 4300 quotidie
3670 4230 3729 4286 in

2077 4318 2336 4375 oratione
2367 4316 2690 4389 poscimus,
2722 4315 2981 4373 dicentes
3005 4333 3018 4372 :
3044 4339 3073 4367 «
3094 4315 3330 4373 Dimitte
3348 4317 3517 4375 nobis
3536 4318 3733 4375 debita

2076 4412 2275 4464 nostra
2307 4406 2513 4479 (Matth.
2554 4408 2693 4476 νυ.»
2734 4405 2899 4463 Unde
2920 4405 2980 4462 in
3013 4404 3137 4478 lege
3160 4406 3524 4480 praecipitur:
3559 4407 3730 4464 Debi-

2076 4499 2202 4553 tum
2254 4494 2427 4552 debet
2456 4494 2560 4551 tibi
2607 4494 2901 4568 quispiam
2934 4495 3112 4551 frater
3142 4499 3302 4563 tuus,
3336 4495 3386 4553 si
3418 4494 3731 4553 abstuleris

307 4588 510 4639 contra
538 4596 637 4639 me
658 4587 749 4640 est
773 4599 1029 4656 semper.
1062 4583 1192 4641 Tibi
1232 4583 1339 4641 soli
1373 4583 1627 4656 peccavi,
1658 4587 1715 4641 et
1742 4582 1965 4640 malum
1997 4592 2043 4666 ῃ
2080 4604 2100 4635 α
2136 4584 2350 4659 pignus
2401 4584 2474 4640 ab
2529 4600 2620 4652 eo,
2654 4586 2789 4639 ante
2820 4582 2961 4640 solis
2992 4596 3267 4641 occasum
3312 4585 3504 4659 (Exod.
3537 4586 3672 4657 xxu)
3703 4609 3730 4635 »

305 4678 505 4729 eorum
533 4676 591 4728 te
618 4672 745 4739 feci,
776 4676 843 4728 ut
864 4672 1210 4745 justificeris
1242 4674 1299 4729 in
1333 4673 1704 4731 sermonibus
1734 4672 1874 4742 tuis,
1909 4674 1967 4729 et

303 4760 506 4817 vineas
542 4777 676 4817 cum
699 4760 989 4834 judicaris
1021 4762 1190 4834 (Psat.
1226 4762 1297 4834 ι).
1323 4782 1352 4813 »
1386 4760 1573 4835 Rogat
1601 4777 1836 4835 quoque
1866 4777 1963 4835 pa-

305 4850 598 4919 tientiam,
633 4852 699 4905 ut
742 4849 981 4924 dignam
1014 4850 1201 4923 possit
1230 4849 1507 4930 exhibere
1531 4851 1960 4925 pceuitentiam,

305 4941 600 5012 quatenus
628 4938 934 5012 praesentis
965 4939 1092 4996 vita:
1114 4939 1238 4997 dies
1261 4934 1332 4996 ad
1355 4939 1622 4998 inducias
1644 4939 1961 5013 pmnitendi

304 5027 575 5104 accipiat,
608 5032 671 5084 et
713 5029 1043 5085 secundum
1069 5027 1434 5110 Apostolum,
1468 5046 1572 5103 per
1619 5029 1961 5103 patientiam

304 5115 404 5174 Dei
436 5116 510 5173 ad
542 5115 946 5189 pcehiteﬂtium
997 5114 1385 5175 convertatur.
1439 5118 1735 5183 Quantum
1765 5122 1962 5175 autem

306 5205 639 5263 misericors
664 5204 825 5262 Deus
858 5220 997 5281 erga
1026 5208 1360 5281 peccatores
1393 5223 1702 5264 conversos
1731 5204 1958 5277 existat,

304 5295 721 5352 manifestatur
745 5302 879 5352 eum
916 5294 1208 5354 subditur.
1374 5299 1377 5302 ’

375 5384 705 5441 «Misertus
753 5386 946 5441 autem
1001 5384 1279 5442 dominus
1310 5383 1461 5441 servi
1509 5380 1687 5453 illius,
1737 5385 1962 5441 dimisit

302 5498 330 5527 ‹‹
353 5477 578 5543 eum,et
596 5473 864 5531 debitbm
886 5473 1111 5530 dimisit
1133 5475 1205 5531 ei.
1232 5498 1260 5526 ››
1277 5474 1423 5531 Ecce
1442 5473 1599 5530 enim
1622 5490 1738 5530 non
1768 5473 1960 5531 solum

302 5561 667 5636 patientiam,
698 5576 881 5639 quam
908 5563 1495 5643 rogaverat,invenit,
1521 5562 1620 5619 sed
1653 5562 1829 5619 etiam
1860 5564 1957 5620 de-

302 5650 405 5709 bili
436 5649 875 5708 absolutionem
928 5651 1167 5726 accepit.
1218 5652 1366 5719 Quia
1410 5651 1605 5708 divina
1651 5648 1961 5709 ckmentia

2075 4674 2290 4747 pignus
2302 4671 2773 4753 rest_itue.0mnis
2794 4672 2951 4730 enim
2966 4671 3141 4729 homo
3162 4673 3390 4731 debitor
3402 4677 3558 4731 estet
3570 4673 3730 4731 debi-

2071 4765 2255 4819 torem
2279 4762 2473 4819 habet.
2498 4760 2638 4827 Quis
2660 4761 2815 4818 enim
2838 4766 2927 4819 est
2970 4761 3070 4834 qui
3101 4776 3215 4819 non
3244 4762 3321 4823 sit
3349 4761 3577 4819 debitor
3605 4761 3728 4830 Dei,

2072 4864 2208 4908 cum
2234 4849 2435 4907 nullus
2462 4850 2551 4907 sit
2574 4848 2699 4907 sine
2730 4854 2965 4923 peccato
2985 4852 3014 4905 ‘?
3032 4851 3098 4907 Et
3117 4848 3251 4924 Quis
3272 4854 3361 4908 est
3380 4850 3482 4924 qui
3504 4849 3728 4908 debito-

2072 4954 2195 4996 rem
2237 4954 2354 4997 non
2400 4939 2613 4997 habeat
2641 4940 2880 4996 fratrem
2912 4928 3110 5006 suum,
3145 4940 3259 4997 nisi
3290 4937 3388 4996 ille
3435 4939 3521 4999 in:
3551 4946 3729 5014 quem

2073 5029 2273 5087 nullus
2295 5028 2557 5102 peccavit
2571 5029 2600 5085 ?
2620 5029 2914 5095 Quantum
2935 5032 3131 5085 autem
3153 5027 3307 5085 inter
3326 5029 3525 5086 decem
3543 5028 3731 5087 millia

2070 5114 2290 5176 talenta
2310 5123 2366 5174 et
2381 5122 2616 5174 centum
2646 5116 2917 5174 denarios
2934 5117 3133 5187 distat,
3158 5122 3321 5176 tanto
3340 5116 3567 5191 majora
3587 5122 3728 5177 sunt

2070 5222 2201 5281 quae
2230 5209 2290 5264 in
2316 5209 2499 5265 Deum
2523 5206 2968 5274 committimus,
2995 5220 3172 5281 quam
3194 5224 3263 5265 ea
3278 5218 3405 5282 quae
3428 5209 3635 5266 fratres
3666 5208 3727 5265 in

2071 5296 2240 5353 nobis
2267 5295 2614 5370 peccant.Ea
2635 5311 2771 5368 ergo
2793 5294 3149 5368 benignitate
3172 5297 3453 5355 fratribus
3474 5297 3534 5354 in
3557 5297 3727 5355 nobis

2070 5385 2451 5460 peccantibus
2474 5384 2703 5439 minora
2724 5379 3018 5442 dimittere
3039 5384 3342 5454 debemus,
3367 5402 3484 5460 qua
3502 5386 3727 5458 majora

2070 5474 2241 5531 nobis
2274 5492 2307 5529 a
2335 5473 2453 5529 Deo
2485 5470 2701 5527 dimitti
2724 5475 3017 5544 Optamus.
3037 5472 3201 5538 Quod
3222 5473 3434 5531 melius
3456 5472 3724 5547 agnosci-

2070 5580 2205 5620 mus
2237 5563 2285 5618 si
2317 5561 2677 5634 superiorem
2711 5562 2941 5618 Domini
2973 5563 3454 5631 admonitionem,
3488 5579 3557 5619 ex
3606 5576 3724 5632 qua

2068 5653 2190 5711 haec
2223 5651 2546 5709 similitudo
2577 5654 2703 5708 orta
2732 5656 2841 5719 est,
2874 5652 3333 5711 consideremus.
3374 5651 3520 5708 Cum
3565 5647 3723 5706 enim
