4060 6178
364 259 475 323 73f

367 392 638 468 superius
688 393 1044 467 praeciperet,
1094 393 1294 448 dicens
1319 410 1331 448 :

367 484 545 542 frater
575 487 735 552 tuus,
764 483 910 540 vade
949 486 1006 538 et
1035 481 1258 556 corripe
1288 500 1422 538 eum
1468 482 1622 538 inter
1646 487 1700 538 te
1731 485 1788 538 et
1818 480 2015 554 ipsum

367 575 560 631 solum
610 573 815 646 (Matth.
848 575 1029 642 xvm),
1063 576 1119 628 et
1150 576 1355 627 caztera
1385 589 1512 644 qua:
1541 575 1890 643 sequuntur,
1923 569 2017 626 in-

368 662 676 737 terrogavit
707 679 840 718 eum
875 662 1098 728 Petrus,
1135 660 1334 716 dicens
1360 679 1434 716 :.«
1471 659 1735 715 Domine.
1788 659 2017 732 quoties

367 752 630 826 peccabit
658 753 718 807 in
751 769 842 807 me
872 751 1049 806 frater
1079 766 1266 817 meus,
1299 755 1356 805 et
1384 748 1677 805 dimittam
1700 749 1750 804 ei
1772 750 1799 804 ‘?
1831 765 2016 821 usque

367 842 620 915 septies?
638 841 731 898 Ait
761 839 844 895 illi
877 841 1077 895 Jesus:
1112 839 1238 894 Non
1270 838 1399 895 dico
1429 837 1535 894 tibi
1569 855 1754 910 usque
1779 838 2012 911 septies,

366 934 466 990 sed
500 948 686 1003 usque
718 929 1048 1002 septuagies
1072 927 1285 1000 septies
1309 927 1514 999 (1ὺὶι1.).
1542 950 1569 977 ››
1593 928 1669 982 Ex
1699 945 1816 1000 qua
1837 928 2014 984 inter-

367 1021 664 1095 rogatione
681 1024 736 1075 et
758 1017 1134 1090 responsione
1157 1017 1264 1074 hoc
1281 1016 1588 1085 discimus,
1614 1017 1751 1090 quia
1772 1017 1818 1073 si
1842 1017 2015 1073 toties

364 1109 684 1184 peccaverit
731 1109 790 1163 in
825 1107 992 1163 nobis
1025 1107 1203 1162 frater
1233 1112 1449 1172 noster,
1485 1106 1712 1178 quoties
1757 1107 2016 1163 humana

362 1198 649 1271 fragilitas
671 1197 730 1252 in
753 1197 847 1252 die
868 1213 1106 1270 peccare
1129 1213 1242 1251 non
1256 1195 1658 1268 sinit,semper
1677 1195 1865 1268 parati
1887 1212 2015 1252 esse

362 1289 645 1345 debemus
658 1288 728 1342 ad
750 1285 1314 1359 ignoscendum.Sed
1329 1285 1484 1341 dicet
1497 1283 1710 1357 aliquis
1725 1302 1738 1339 :
1754 1285 2017 1340 Peccavit

363 1378 419 1434 in
444 1394 536 1433 me
557 1377 732 1432 frater
750 1373 1142 1441 meus,dimisi
1157 1373 1207 1430 ei
1225 1391 1409 1447 usque
1423 1374 1756 1447 septuagies
1779 1374 2011 1446 septies,

362 1466 623 1538 nunquid
640 1463 894 1535 amplius
911 1462 1200 1518 dimittere
1215 1463 1394 1518 debeo
1409 1480 1584 1534 quam
1600 1463 1862 1518 aChristo
1877 1480 2016 1534 prae-

358 1560 589 1628 ceptum
604 1549 827 1610 est?Cui
843 1553 1190 1624 respondere
1204 1552 1652 1624 debemus,quia
1664 1552 1770 1607 etsi
1787 1556 2015 1624 septua-

355 1645 480 1716 gies
503 1641 816 1711 octies,etsi
839 1640 1377 1713 centies,ctquoties
1392 1641 1652 1696 omnimo
1669 1640 2010 1713 peccaverit,

926 257 1334 323 HAYMONIS
1379 257 1921 322 HALBERSTAT.
1969 256 2216 321 EPISC.
2263 257 2434 322 OPP.
2483 259 2682 322 PARS
2726 260 2907 323 Ιῐ.--
2934 260 3205 326 HOMIL.

1376 417 1400 441 ‹‹
1436 392 1490 446 Si
1523 391 1844 465 peccaverit
1873 391 1928 446 in
1967 395 2016 445 te
2048 391 2100 457 A
2133 391 2189 446 in
2223 393 2392 447 nobis
2423 392 2800 465 peccantibus
2833 393 3133 468 indulgere
3163 395 3451 467 pracepit.
3483 395 3737 471 Regulam

3639 266 3745 330 732

2126 496 2264 555 ergo
2296 480 2630 538 dlmittendi
2661 482 2722 539 in
2753 483 2922 540 nobis
2963 484 3110 556 ipsis
3153 483 3469 553 discamus,
3502 493 3565 543 ut
3607 489 3743 546 sicut

2126 570 2310 626 Deum
2345 575 2478 643 post
2507 576 2809 644 peccatum
2841 572 3110 629 volumus
3141 573 3396 630 invenire
3425 575 3742 649 propitium,

2122 660 2286 717 sicin
2308 661 2476 717 nobis
2495 662 2871 733 peccantibus
2889 661 3206 720 clementes
3218 663 3750 740 etbenignissimul,

2126 749 2253 822 ipso
2283 750 2580 807 Salvatore
2611 755 2883 808 monente
2916 769 2929 805 :
2963 774 2992 802 «
3020 752 3164 808 Cum
3198 751 3429 808 stabitis
3475 755 3547 808 ad
3593 772 3740 810 oran-

2124 839 2579 908 dum,dimittite
2610 839 2660 895 si
2691 840 2831 913 quid
2863 840 3092 896 habetis
3115 841 3393 898 adversus
3414 840 3744 914 aliquem,ut

2130 931 2186 983 et
2216 929 2385 984 Pater
2415 933 2619 994 vester,
2654 930 2754 1002 qui
2780 930 2841 985 in
2871 928 3032 986 caelis
3065 934 3174 996 est,
3197 929 3455 986 dimittat
3474 931 3629 986 vobis
3649 949 3753 1004 pec.

2125 1023 2257 1074 cata
2287 1023 2478 1074 vestra
2507 1019 2709 1087 (Matth.
2743 1021 2845 1088 xi).
2877 1043 2903 1068 ››
2937 1018 3085 1074 Nam
3127 1019 3228 1091 qui
3285 1018 3466 1074 divini
3513 1019 3750 1077 beneficii

2126 1106 2363 1172 oblitus,
2397 1125 2536 1164 suas
2563 1108 2689 1164 vult
2718 1107 3011 1164 vindicare
3043 1107 3310 1179 injurias,
3336 1126 3454 1164 non
3485 1108 3666 1165 solum
3693 1111 3752 1166 de

2124 1195 2338 1251 futuris
2365 1197 2619 1269 peccatis
2647 1196 2876 1253 veniam
2910 1214 3025 1253 non
3071 1196 3412 1266 merebitur,
3447 1197 3547 1254 sed
3597 1198 3749 1254 etiam

2121 1285 2415 1356 praeterita
2447 1290 2687 1357 peccata
2705 1303 2832 1358 qua:
2851 1284 2960 1342 sibi
2985 1284 3232 1343 dimissa
3254 1286 3550 1354 credebat,
3565 1286 3633 1341 ad
3651 1287 3748 1342 vin-

2127 1372 2342 1429 dictam
2374 1373 2424 1429 ei
2457 1373 2916 1447 replicabuntur.
2950 1374 3112 1431 Unde
3142 1379 3200 1430 et
3227 1374 3548 1431 subditur:

2197 1486 2222 1510 ‹‹
2263 1462 2537 1519 Videntcs
2569 1481 2705 1536 ergo
2737 1462 2999 1521 conservi
3027 1463 3076 1534 ej
3090 1482 3157 1519 us
3189 1481 3317 1536 quae
3368 1463 3602 1528 fiebant,
3633 1481 3751 1520 con—

2125 1575 2151 1601 ‹‹
2205 1551 2413 1607 tristati
2464 1557 2604 1608 sunt
2650 1552 2837 1620 valde,
2869 1557 2926 1608 et
2973 1557 3256 1609 venerunt
3297 1556 3357 1608 et
3399 1558 3754 1609 narraverunt

2123 1664 2150 1689 ‹‹
2185 1640 2382 1696 omnia
2413 1642 2648 1697 domino
2681 1659 2788 1697 suo
2819 1658 2944 1713 qua:
2978 1641 3130 1697 facta
3151 1641 3450 1697 fuerant.»
3483 1641 3752 1711 Conservi,

361 1751 594 1806 semper
621 1732 1039 1788 dimittendum
1072 1734 1177 1785 est.
1212 1731 1359 1795 Quia
1381 1729 1534 1784 sicut
1564 1747 1597 1784 a
1623 1729 1863 1785 Domino
1894 1747 2008 1784 non
2039 1762 2088 1828 Β
2124 1728 2224 1801 qui
2258 1730 2379 1786 haec
2411 1729 2671 1786 videntes
2696 1729 2942 1786 Domino
2967 1729 3261 1796 nuntiant,
3287 1729 3485 1802 angeli
3507 1737 3638 1786 sunt
3667 1731 3752 1802 qui

357 1841 426 1878 ex
453 1827 638 1895 parte,
674 1821 773 1876 sed
797 1837 863 1875 ex
894 1819 1118 1891 integro
1149 1818 1420 1874 volumus
1469 1817 1684 1873 dimitti
1731 1823 2004 1890 peccata:

357 1911 441 1968 sic
463 1929 531 1966 ex
562 1915 683 1966 toto
715 1909 886 1964 corde
919 1907 1197 1963 fratribus
1229 1907 1286 1962 in
1322 1907 1491 1963 nobis
1509 1905 1888 1979 peccantibus
1920 1907 2006 1962 di-

358 2000 586 2056 mittere
615 1998 1198 2064 debemus,monente
1220 1995 1393 2052 Paulo
1425 1995 1714 2068 apostolo:
1741 2020 1768 2046 «
1789 1997 2010 2052 Donate

355 2087 520 2143 vobis
551 2085 748 2142 omnia
777 2085 1047 2151 invicem,
1081 2084 1129 2141 si
1157 2084 1293 2157 quis
1321 2086 1601 2140 adversus
1632 2084 1888 2158 aliquem
1913 2084 2009 2141 ha-

357 2177 455 2232 bet
483 2173 967 2248 querelam,sicut
995 2177 1051 2229 et
1079 2173 1140 2229 in
1163 2173 1390 2230 Christo
1413 2174 1650 2230 donavit
1678 2174 1847 2230 nobis
1871 2174 2004 2247 (Col.

302 2287 309 2294 ·
357 2265 458 2337 ιιι).
498 2287 525 2314 ››
556 2264 851 2319 Numerus
897 2261 1056 2317 enim
1087 2261 1195 2319 iste
1225 2279 1341 2318 non
1373 2279 1476 2334 pro
1509 2263 1853 2335 quantitate,
1905 2263 2007 2318 sed

356 2371 461 2427 pro
494 2351 768 2426 mysterio
800 2351 1024 2424 positus
1056 2355 1163 2406 est.
1198 2351 1385 2424 Hujus
1416 2352 1645 2407 numeri
1677 2368 2006 2408 sacramen-

356 2448 483 2499 tum
515 2442 703 2497 Lucas
734 2439 1089 2512 evangelista
1119 2439 1424 2496 ostendere
1454 2438 1695 2508 curavit,
1733 2456 1866 2495 cum
1898 2439 2005 2494 hu-

358 2548 543 2588 mana:
573 2527 966 2604 generationis
998 2527 1211 2583 Christi
1244 2527 1508 2583 ordinem
1531 2528 1888 2597 describens,
1922 2545 2008 2584 se-

355 2619 665 2693 ptuaginta
703 2623 925 2691 septem
969 2615 1374 2690 generationes
1422 2616 1803 2673 enumeravit.
1862 2619 2005 2673 Cum

355 2709 510 2766 enim
530 2708 837 2766 Matthaaus
854 2707 927 2762 ab
943 2707 1237 2762 Abraham
1257 2705 1541 2778 incipiens
1561 2723 1746 2778 usque
1762 2707 1834 2762 ad
1850 2705 2009 2762 Chri-

355 2802 513 2854 stum
545 2796 970 2863 descendendo,
1006 2794 1393 2868 quadraginta
1422 2795 1569 2851 duas
1600 2795 2006 2867 generationes

355 2889 777 2953 enumerasset,
808 2902 837 2940 e
868 2889 1070 2940 contra
1100 2885 1286 2940 Lucas
1317 2901 1351 2940 a
1378 2883 1606 2939 Christo
1637 2883 2004 2940 ascendendo

356 2992 542 3048 usque
574 2974 646 3030 ad
678 2974 936 3046 primum
969 2973 1268 3030 hominem
1299 2973 1484 3028 Adam
1516 2971 1874 3039 describens,
1908 2991 2003 3028 se—

355 3063 664 3138 ptuaginta
694 3068 917 3135 septem
949 3062 1356 3136 generationes
1404 3062 1785 3129 enumeravit,
1821 3068 1886 3118 ut
1918 3061 2005 3118 in-

2121 1836 2298 1891 opera
2327 1822 2529 1874 nostra
2547 1819 2638 1875 die
2662 1823 2952 1892 noctuque
2981 1819 3186 1874 factori
3206 1822 3408 1875 nostro
3429 1820 3751 1876 annuntiare

2119 1909 2628 1975 creduntur,sicut
2655 1908 2900 1980 angelus
2932 1909 3004 1964 ad
3034 1908 3278 1964 Tobiam
3312 1908 3469 1964 ait:«
3487 1913 3626 1964 Dum
3649 1927 3755 1965 ora-

2119 1997 2280 2070 retis,
2313 2014 2417 2071 ego
2448 1997 2629 2053 obtuli
2661 1997 2955 2054 orationes
2984 2001 3210 2053 vestras
3242 2000 3382 2053 ante
3414 1997 3593 2053 Deum
3627 1999 3749 2053 (Tob.

2117 2099 2238 2160 xu).
2275 2108 2302 2134 »
2334 2086 2440 2152 Qui
2473 2103 2576 2159 pro
2605 2102 2670 2141 eo
2718 2085 2982 2142 conservi
3031 2085 3334 2153 dicuntur,
3372 2086 3512 2156 quia
3556 2085 3749 2141 nostris

2116 2174 2554 2231 humilitatibus
2567 2175 2925 2243 ministrant,
2943 2173 3095 2231 sicut
3110 2174 3431 2247 Apostolus
3452 2173 3550 2231 ait.
3574 2199 3593 2226 ι
3612 2175 3744 2234 Sunt

2117 2262 2598 2320 administratorii
2631 2263 2894 2335 Spiritus,
2929 2263 2989 2319 in
3021 2261 3426 2320 ministerium
3447 2264 3609 2320 missi
3631 2280 3746 2336 pro-

2116 2357 2245 2424 pter
2274 2368 2372 2408 eos
2403 2352 2503 2424 qui
2537 2351 2936 2408 haereditatem
2966 2351 3213 2424 cupiunt
3243 2351 3460 2409 salutis
3474 2352 3645 2423 (Hebr.
3664 2362 3744 2424 η.»

2116 2438 2453 2497 Contristati
2481 2445 2678 2497 autem
2711 2440 3009 2509 dicuntur,
3044 2440 3182 2514 quia
3215 2440 3375 2497 sicut
3401 2441 3652 2514 gaudent
3671 2457 3750 2496 su-

2117 2547 2220 2603 per
2248 2531 2393 2586 bene
2424 2534 2684 2603 agentes,
2715 2529 2801 2586 sic
2841 2529 3035 2587 dolere
3075 2531 3359 2586 dicuntur
3401 2547 3576 2604 super
3616 2528 3746 2586 male

2115 2624 2377 2692 agentes.
2411 2619 2541 2676 Sive
2571 2618 2760 2690 aliter,
2786 2619 3047 2676 conservi
3080 2619 3181 2691 qui
3213 2619 3338 2676 haec
3371 2618 3604 2676 domino
3624 2635 3748 2674 nun-

2113 2709 2285 2776 tiant,
2320 2709 2585 2765 doctores
2614 2711 2671 2764 et
2715 2708 2982 2781 magistri
3013 2707 3284 2764 Ecclesia:
3338 2707 3744 2781 intelliguntur,

2114 2798 2217 2870 qui
2247 2797 2508 2853 videntes
2540 2798 2798 2854 minores
2829 2815 2863 2854 a
2893 2797 3216 2870 majoribus
3246 2797 3506 2871 opprimi
3552 2796 3633 2853 vel
3675 2797 3746 2851 af-

2116 2886 2710 2960 ﬂigi,eompatiuntur
2732 2885 2924 2943 eiszet
2954 2887 3098 2942 dum
3131 2886 3215 2943 eis
3245 2886 3583 2952 condolent,
3599 2883 3745 2958 quasi

2114 2992 2218 3048 per
2245 2974 2520 3031 atl‘ectum
2554 2974 2769 3030 mentis
2799 2974 2999 3030 omnia
3027 2972 3147 3030 haec
3177 2973 3433 3031 Domino
3477 2973 3742 3030 nuntiant.

2190 3087 2218 3115 «
2246 3065 2409 3120 Tunc
2441 3063 2663 3120 vocavit
2689 3063 2858 3120 illum
2882 3063 3159 3119 dominus
3191 3081 3361 3133 suus,
3397 3069 3455 3121 et
3503 3063 3582 3119 ait
3625 3061 3700 3117 illi
3728 3076 3739 3114 :

355 3135 706 3228 telligamus,
736 3151 1068 3225 septuagies
1100 3169 1213 3207 non
1247 3150 1319 3206 ad
1339 3150 1724 3222 quantitatem
1749 3151 1999 3219 numeri,
2032 3135 2075 3202 C
2117 3177 2142 3203 ‹‹
2175 3154 2346 3210 Serve
2377 3170 2656 3226 nequam,
2686 3169 2858 3209 omne
2889 3152 3156 3208 debitum
3205 3151 3410 3210 dimisi
3462 3151 3588 3220 tibi,
3618 3166 3741 3222 quo-

354 3245 455 3300 sed
487 3243 560 3299 ad
591 3245 894 3315 peccatum
945 3240 1251 3313 pertinere.
1295 3241 1340 3294 Λ
1370 3239 1600 3296 Christo
1631 3256 1767 3312 ergo
1819 3257 2004 3312 usque

353 3334 538 3389 Adam
554 3330 923 3404 septuaginta
939 3333 1163 3402 septem
1174 3327 1580 3402 generationes
1595 3332 2000 3398 numerantur,

355 3422 493 3495 quia
521 3420 665 3475 illud
690 3423 993 3491 peccatum
1011 3419 1165 3490 quod
1190 3418 1418 3490 primus
1439 3417 1614 3474 homo
1640 3418 1710 3474 de
1732 3417 2002 3490 paradiso

355 3507 724 3582 perpetravit,
766 3525 868 3580 per
914 3507 1285 3580 septuaginta
1331 3511 1554 3579 septem
1602 3506 2003 3580 generationes

354 3615 542 3671 usque
572 3598 644 3654 ad
677 3595 994 3653 Christum.
1030 3595 1130 3668 qui
1162 3594 1287 3652 sine
1317 3599 1552 3666 peccato
1582 3594 1759 3663 venit,
1795 3595 1999 3667 viguit.

353 3687 515 3744 Unde
547 3688 693 3743 bene
745 3686 900 3742 idem
944 3686 1131 3741 Lucas
1162 3703 1196 3739 a
1224 3683 1577 3756 baptismate
1631 3683 1843 3739 Christi
1893 3701 2002 3740 nu-

354 3793 579 3833 merare
625 3773 813 3847 coepit,
839 3773 978 3845 quia
1003 3773 1203 3828 omnia
1241 3775 1476 3844 peccata
1496 3771 1555 3826 in
1577 3771 1870 3844 baptismo
1906 3772 2003 3828 ab-

355 3865 678 3922 solvuntur.
712 3862 873 3927 Quod
907 3862 1147 3935 mystice
1169 3861 1417 3916 Lamech
1441 3860 1564 3916 suis
1595 3861 1786 3917 verbis
1816 3865 2006 3917 osten-

353 3954 460 4022 dit,
487 3952 718 4026 quando
733 3951 1012 4007 uxoribus
1033 3949 1158 4006 suis
1171 3949 1278 4004 ait:
1300 3949 1646 4022 Septuplum
1671 3949 1815 4006 ultio
1838 3950 2001 4006 dabi-

352 4047 450 4100 tur
486 4044 558 4099 de
605 4041 768 4112 Cain,
801 4041 873 4097 de
921 4039 1171 4096 Lamech
1210 4056 1342 4095 vero
1375 4039 1708 4112 septuagies
1765 4040 1998 4111 septies.

353 4134 498 4190 Nam
541 4137 826 4206 quantum
860 4131 931 4186 ad
963 4128 1215 4185 litteram
1247 4129 1516 4202 pertinet,
1546 4128 1878 4201 septuagies
1909 4145 2003 4184 se-

354 4224 503 4296 pties
540 4223 609 4279 de
641 4222 780 4278 Cain
809 4219 951 4275 ultio
982 4220 1121 4274 data
1150 4222 1256 4286 est,
1285 4217 1424 4288 quia
1455 4217 1790 4286 vindictam,
1824 4234 2000 4289 quam

352 4330 456 4386 pro
481 4312 674 4368 fratris
697 4313 882 4366 morte
903 4307 1245 4378 promeruit,
1263 4322 1449 4376 usque
1469 4306 1541 4360 ad
1565 4305 2001 4378 generationem

354 4403 410 4457 in
445 4403 573 4474 ipso
605 4396 862 4472 pertulit.
897 4395 976 4450 De
1008 4393 1256 4449 Lamech
1282 4411 1412 4449 vero
1435 4395 1767 4467 septuagies
1791 4395 2002 4467 septies

357 4489 498 4544 ultio
550 4488 687 4541 data
715 4489 823 4552 est,
868 4483 1006 4555 quia
1036 4480 1407 4556 septuaginta
1435 4486 1658 4554 septem
1691 4483 1900 4540 animae
1933 4485 2003 4540 de

358 4579 574 4633 femore
602 4575 729 4647 ejus
756 4589 1001 4647 egressae
1035 4575 1192 4638 sunt,
1229 4589 1354 4644 quae
1386 4588 1589 4628 omnes
1621 4572 1836 4629 diluvio
1874 4591 2003 4646 per-

357 4670 566 4725 ierunt.
603 4663 953 4739 Spiritaliter
982 4679 1115 4719 vero
1147 4663 1218 4718 de
1266 4662 1514 4718 Lamech
1549 4663 1881 4737 septuagies
1914 4681 2005 4720 sc-

356 4759 503 4832 pties
553 4755 695 4813 ultio
745 4755 882 4811 data
929 4758 1035 4823 est,
1070 4752 1209 4825 quia
1237 4756 1538 4825 peccatum
1589 4753 1744 4826 quod
1776 4752 2004 4826 primus

357 4849 529 4904 homo
553 4845 826 4920 peccavit,
855 4848 919 4901 ut
945 4843 1222 4909 diximus,
1249 4859 1349 4915 per
1379 4842 1750 4915 septuaginta
1778 4848 2002 4915 septem

357 4935 760 5010 generationes
815 4951 1003 5006 usque
1060 4933 1132 4990 ad
1165 4931 1376 4990 Christi
1435 4932 1748 4988 adventum
1797 4931 1999 5005 viguit.

358 5025 521 5080 Unde
542 5025 686 5080 bene
710 5023 863 5080 idem
887 5022 1138 5088 Lamech
1169 5022 1524 5096 percutiens,
1549 5021 1668 5077 sive
1687 5037 2004 5093 percussus

358 5113 790 5183 interpretatur,
817 5109 954 5181 quia
974 5110 1201 5182 primus
1223 5109 1398 5165 homo
1422 5107 1661 5180 peccati,
1687 5111 1744 5164 et
1768 5124 2002 5164 omnem

359 5217 527 5256 suam
559 5199 800 5270 stirpem
832 5199 1035 5254 eodem
1064 5198 1301 5255 vulnere
1334 5197 1642 5270 percussit.
1682 5197 1813 5252 Haec
1858 5197 2003 5252 dixi-

359 5305 511 5356 mus,
555 5291 620 5342 nt
668 5287 1106 5342 ostenderemus
1138 5286 1470 5359 septuagies
1515 5287 1748 5358 septies,
1784 5303 1900 5341 non
1931 5287 2003 5342 ad

358 5377 744 5450 quantitatem
802 5374 1052 5439 numeri,
1087 5375 1186 5430 sed
1214 5376 1284 5430 ad
1341 5379 1640 5448 peccatum
1691 5375 1998 5447 pertinere.

357 5466 568 5523 Omnia
597 5482 732 5537 ergo
778 5481 906 5537 quae
939 5464 1143 5518 fratres
1174 5463 1231 5517 in
1266 5464 1432 5519 nobis
1465 5480 1699 5536 peccare
1731 5469 1998 5538 possunt,

356 5555 858 5627 dimitterejussit,
882 5551 1115 5627 quando
1133 5553 1465 5624 septuagies
1483 5551 1696 5624 septies
1719 5553 2000 5610 fratribus

2113 3265 2141 3293 ‹‹
2175 3243 2334 3299 niam
2367 3243 2586 3316 rogasti
2617 3259 2742 3311 me;
2779 3257 2972 3298 nonne
2996 3257 3134 3316 ergo
3165 3242 3426 3314 oportuit
3457 3245 3512 3297 et
3554 3247 3606 3296 te
3646 3238 3738 3295 mi-

2115 3354 2142 3381 «
2175 3330 2354 3388 sereri
2397 3330 2658 3388 conservi
2719 3330 2828 3399 tui,
2869 3329 3021 3387 sicut
3068 3334 3126 3386 et
3171 3345 3277 3404 ego
3326 3329 3418 3386 tui
3486 3330 3736 3385 misertus

2113 3444 2141 3471 «
2171 3437 2303 3476 sum
2336 3420 2364 3474 ?
2413 3442 2441 3470 ››
2487 3421 2629 3476 Ecce
2672 3418 2905 3492 qualem
2957 3436 3191 3492 poenam
3240 3418 3581 3487 merebitur,
3620 3415 3740 3489 quia

2113 3525 2252 3566 suas
2273 3508 2395 3564 vult
2423 3508 2716 3565 vindicare
2739 3508 3005 3581 injurias.
3041 3508 3136 3564 Ait
3164 3508 3323 3565 enim
3361 3525 3376 3564 :
3412 3532 3441 3559 ‹‹
3475 3509 3638 3565 Serve
3665 3521 3747 3561 ne—

2112 3599 2530 3670 quam,etc.Ac
2559 3597 2609 3653 si
2640 3599 2855 3654 diceret
2889 3615 2902 3653 :
2932 3598 3102 3654 Serve
3135 3596 3554 3670 male,ingrate
3581 3610 3741 3660 serve,

2112 3705 2247 3744 cum
2280 3688 2351 3743 ad
2375 3704 2551 3743 unam
2574 3687 2913 3760 petitionem
2936 3703 3108 3743 omne
3126 3686 3395 3744 debitum
3415 3686 3517 3743 tibi
3535 3683 3744 3742 dimise-

2112 3777 2245 3844 rim,
2271 3793 2453 3849 quare
2482 3794 2597 3833 non
2629 3775 3011 3832 considerasti
3043 3775 3184 3848 quia
3210 3775 3474 3848 oportuit
3493 3778 3549 3831 et
3575 3777 3627 3830 te
3645 3771 3745 3828 mi-

2112 3866 2288 3922 sereri
2323 3865 2584 3922 conservi
2617 3865 2723 3933 tui,
2759 3865 2910 3921 sicut
2939 3869 2996 3922 et
3025 3882 3132 3938 ego
3159 3864 3244 3920 tui
3276 3865 3559 3922 misertus
3592 3860 3744 3919 sum?

2183 3978 2209 4006 ‹‹
2227 3957 2294 4010 Et
2324 3956 2508 4011 iratus
2524 3955 2808 4011 Dominus
2840 3955 2969 4026 ejus
2999 3954 3240 4010 tradidit
3259 3970 3399 4010 eum
3423 3951 3733 4016 tortoribus,

2115 4067 2142 4094 ‹‹
2175 4045 2557 4116 quoadusque
2588 4044 2854 4100 redderet
2873 4042 3213 4098 universum
3243 4042 3532 4099 debitum.
3560 4065 3585 4091 )›
3606 4042 3742 4107 Qua:-

2112 4132 2277 4201 ritur,
2311 4133 2602 4206 quomodo
2633 4131 2916 4189 Dominus
2943 4132 3130 4188 iratus
3161 4130 3739 4200 dicatur,cuminna-

2111 4224 2243 4277 tura
2278 4220 2380 4277 Dei
2419 4219 2580 4276 nulla
2627 4220 2733 4288 ira,
2769 4219 2931 4276 nulla
2977 4219 3339 4277 mutabilitas
3394 4220 3582 4290 cadat,
3613 4219 3740 4273 teste

2113 4309 2442 4379 Psalmista,
2475 4308 2576 4382 qui
2605 4310 2688 4366 ait
2723 4326 2735 4364 :
2771 4332 2798 4358 «
2831 4309 2986 4366 Deus
3021 4310 3204 4382 judex
3245 4311 3472 4381 justus,
3506 4306 3660 4365 fortis
3695 4307 3742 4358 et

2110 4399 2358 4472 patiens,
2373 4397 2643 4470 nunquid
2658 4397 2933 4454 irascitur
2944 4414 3048 4470 per
3064 4398 3328 4471 singulos
3343 4397 3510 4455 dies?
3531 4422 3557 4448 ‹‹
3588 4393 3738 4456 (Ptol.

2035 4507 2081 4572 ι)
2111 4499 2232 4561 vn.)
2256 4487 2340 4543 Ad
2373 4485 2529 4560 quod
2561 4486 2899 4555 dicendum,
2935 4487 3073 4560 quia
3106 4486 3313 4544 multis
3342 4488 3406 4542 in
3437 4485 3578 4543 locis
3607 4479 3741 4572 Serif

2113 4580 2288 4649 ptura
2317 4593 2483 4632 sacra
2512 4591 2676 4631 more
2705 4579 2905 4632 nostro
2937 4574 3098 4648 loqui
3131 4580 3248 4642 tur,
3281 4579 3347 4630 ut
3394 4574 3616 4633 occulta
3655 4568 3742 4627 Dei

2105 4663 2333 4736 judicia
2362 4680 2465 4736 per
2495 4663 2758 4720 visibiles
2801 4681 2894 4720 res
2943 4662 3365 4736 intelligantur.
3403 4664 3563 4720 Sicut
3605 4657 3739 4715 enim

2114 4759 2381 4809 terrenus
2407 4770 2507 4810 rex
2535 4752 2720 4810 iratus
2751 4752 2985 4820 dicitur,
3010 4753 3245 4825 quando
3267 4753 3327 4808 in
3351 4750 3628 4823 subjectis
3639 4746 3741 4802 vin-

2113 4842 2332 4899 dictam
2363 4845 2608 4911 exercet,
2633 4841 2719 4898 sic
2750 4842 2904 4899 Deus
2935 4841 3308 4915 omnipotens
3336 4839 3647 4896 illisiratus
3661 4834 3739 4889 vi-

2113 4931 2302 5000 detur,
2337 4947 2454 5004 quo
2475 4932 2640 5003 justo
2663 4930 2889 5004 judicio
2919 4935 3160 5003 propter
3187 4934 3426 5003 peccata
3455 4927 3739 4985 damnatet

2111 5021 2304 5094 punit,
2336 5025 2607 5076 caeterum
2639 5020 2699 5077 in
2730 5037 2839 5076 sua
2869 5023 3080 5076 natura
3111 5036 3345 5093 semper
3372 5012 3734 5074 immutabilis

2113 5125 2460 5181 semperque
2482 5108 2837 5183 tranquillus
2860 5113 3185 5182 permanet,
3201 5109 3295 5166 cui
3322 5124 3424 5183 per
3442 5103 3732 5180 quemdam

2113 5199 2436 5270 sapientem
2458 5198 2673 5255 dicitur
2703 5199 2852 5272 (Sap.
2885 5199 2986 5270 xu)
3021 5218 3033 5255 :
3070 5222 3096 5248 «
3131 5200 3216 5255 Tu
3266 5202 3482 5264 autem,
3513 5190 3733 5251 Domine

2113 5287 2389 5355 Sabaoth,
2414 5303 2548 5344 cum
2578 5279 3002 5361 tranquillitate
3023 5287 3280 5361 judicas,
3298 5291 3354 5344 et
3380 5302 3513 5342 cum
3542 5293 3731 5353 magna

2113 5375 2432 5434 reverentia
2457 5377 2720 5450 disponis
2753 5395 2880 5434 nos.
2916 5401 2943 5428 »
2979 5378 3272 5446 Tortores,
3305 5375 3518 5449 quibus
3557 5372 3730 5443 ingra-

2110 5470 2210 5523 tus
2242 5483 2444 5523 servus
2467 5467 2734 5536 traditur,
2766 5467 3057 5524 immundi
3091 5471 3230 5523 sunt
3251 5464 3508 5540 spiritus,
3531 5461 3597 5517 de
3617 5454 3728 5530 qui-

2109 5556 2222 5612 bus
2253 5555 2539 5628 scriptum
2569 5560 2657 5614 est
2686 5557 2857 5627 (Psal.
2892 5551 3585 5628 Lxxvu).,«1mmissiones
3609 5556 3730 5620 par-
