3980 6174
258 336 379 402 733

1499 324 1854 392 HOMILIIE
1894 324 2000 386 DE
2040 321 2440 390 TEMPORE.

3543 324 3664 389 734
3722 300 3725 303 “

257 471 497 546 angelos
529 468 743 526 malos:
764 493 788 519 η
816 468 913 542 qui
944 466 1257 541 gravitera
1289 465 1457 521 nobis
1487 465 1725 537 exigunt
1745 462 1900 535 quod
1932 460 1984 526 Α
2014 463 2071 513 et
2102 460 2362 515 Romano
2397 461 2621 529 pareret
2660 458 2924 531 imperio.
2962 458 3107 533 Ergo
3152 460 3496 533 praedicante
3545 465 3658 521 Do-

256 560 471 618 blande
494 563 553 616 et
582 557 787 616 leniter
816 560 1254 632 persuaserunt.
1269 556 1432 629 Ipsos
1453 555 1609 611 enim
1642 558 1908 625 peccator

258 653 508 707 tortores
536 647 710 704 habet
732 647 791 703 in
814 664 1002 720 pcena,
1018 663 1167 719 quos
1188 644 1393 702 habuit
1416 660 1687 700 suasores
1698 642 1769 697 ad
1783 640 1904 697 cul-

256 755 417 817 pam.
450 738 613 802 Quod
642 742 838 792 autem
870 736 1083 792 dicitur
1112 753 1127 791 :
1163 756 1191 784 ››
1224 734 1614 806 Quoadusque
1644 733 1909 788 redderet

230 822 604 885 "universum
634 824 920 881 debitum.
956 847 985 874 »
1023 824 1277 880 Finitum
1309 822 1650 879 adverbium
1681 839 1785 895 pro
1818 821 1904 878 in-

258 917 428 974 ﬁnito
458 921 719 988 tempore
752 913 1258 988 posuit,quoniam
1293 912 1522 986 reprobi
1538 916 1751 968 aeterno
1767 929 1906 985 sup-

255 1005 437 1081 plicio
454 1005 740 1076 damnati,
755 1004 838 1060 sic
855 1003 1118 1076 quotidie
1138 1003 1402 1058 debitum
1418 1002 1633 1074 peccati
1659 1001 1718 1056 in
1739 1018 1910 1074 paena

255 1094 578 1160 exsolvent,
593 1096 864 1149 uttamen
884 1108 1189 1165 prunarum
1205 1092 1497 1147 cruciatus
1508 1107 1810 1163 nunquam
1824 1090 1909 1147 eis

255 1183 513 1252 deficiat,
530 1181 780 1240 Domino
810 1180 947 1238 alibi
978 1180 1205 1237 dicente
1235 1181 1406 1253 (Paul.
1437 1184 1592 1250 xxvn)
1624 1198 1637 1237 :
1670 1202 1697 1232 ‹‹
1724 1181 1909 1237 Amen

259 1273 396 1331 dico
426 1271 609 1336 vobis,
644 1263 759 1327 non
791 1270 949 1327 exies
987 1268 1123 1326 inde
1170 1270 1354 1325 donec
1401 1270 1611 1326 reddas
1661 1269 1908 1325 novissi-

260 1379 428 1419 mum
450 1360 861 1433 quadrantem.
884 1381 911 1407 ››
930 1358 1055 1415 Νοη
1085 1374 1222 1431 ergo
1252 1358 1336 1414 ita
1363 1363 1455 1414 est
1479 1357 1906 1431 accipiendum,

259 1452 417 1524 quod
449 1452 583 1523 post
608 1445 1240 1519 universalejudicium
1265 1445 1520 1503 vindicta
1539 1452 1907 1520 peccatorum

260 1541 517 1614 peracta,
550 1536 780 1609 reprobi
810 1536 1039 1592 veniam
1060 1536 1337 1607 consequi
1370 1535 1620 1609 possint,
1634 1535 1767 1593 licet
1790 1537 1911 1593 Ori-

259 1627 504 1703 genista
541 1628 849 1692 testentur,
890 1640 1141 1698 quorum
1188 1624 1480 1680 sententia
1528 1641 1645 1681 non
1693 1629 1784 1681 est
1824 1642 1912 1682 se-

258 1716 519 1789 quenda,
541 1714 681 1787 quia
709 1717 1020 1787 postquam
1052 1711 1232 1768 semel
1262 1713 1523 1769 damnati
1553 1713 1791 1783 fuerint,
1821 1731 1913 1771 ve-

2015 549 2174 605 mino
2203 552 2260 603 et
2287 547 2579 604 Salvatore
2610 547 3123 611 nostro,continuo
3141 564 3355 624 magna
3378 550 3528 610 inter
3555 555 3658 611 Ju-

2015 637 2169 693 daios
2199 640 2335 693 nata
2364 636 2609 710 quastio
2639 637 2846 706 fuerat,
2873 640 3111 711 propter
3127 639 3513 698 redditionem
3532 658 3665 700 cen-

2016 743 2140 795 sus,
2170 725 2299 782 aliis
2330 727 2661 783 dicentibus
2689 744 2794 800 pro
2823 727 3139 785 securitate
3177 732 3234 785 et
3282 729 3495 802 quiete.
3528 733 3666 805 quia

2017 814 2261 872 Romani
2294 814 2587 888 principes
2617 832 2722 887 pro
2745 816 2830 872 eis
2861 815 3419 884 militarent,debere
3449 820 3669 878 tributa

2016 902 2184 972 solvi,
2216 920 2246 959 e
2276 908 2478 959 contra
2508 904 2717 959 scribis
2757 908 2814 960 et
2844 904 3151 961 Pharisaeis
3181 905 3533 978 dicentibus,
3551 926 3666 967 non

2017 992 2226 1049 debere
2255 993 2537 1066 populum
2569 992 2668 1049 Dei
2703 992 2981 1050 humanis
3021 993 3253 1068 legibus
3291 1013 3451 1054 esse-
3471 1000 3666 1072 subje-

2017 1084 2199 1149 ctum,
2216 1081 2467 1137 maxime
2491 1098 2623 1138 cum
2657 1081 2936 1150 decimas,
2951 1086 3009 1138 et
3028 1083 3341 1156 primitias,
3360 1091 3417 1142 et
3437 1093 3671 1160 sponta-

2019 1189 2159 1228 ncas
2189 1169 2511 1227 oblationes
2544 1172 2660 1227 Deo
2693 1172 2944 1227 offerret.
2962 1173 3029 1227 Et
3050 1173 3189 1244 quia
3215 1174 3418 1230 scribae
3438 1181 3498 1232 et
3524 1178 3673 1235 Pha-

2019 1261 2273 1328 risaei,ut
2303 1277 2454 1335 saepe
2482 1260 2847 1326 diximus,ad
2875 1262 2983 1317 hoc
3008 1261 3321 1319 Dominum
3342 1267 3669 1337 sequeban-

2016 1354 2135 1417 tur,
2169 1354 2233 1405 ut
2264 1367 2396 1406 eum
2426 1349 2513 1406 vel
2549 1350 2607 1406 in
2639 1366 2830 1422 opere,
2861 1350 2951 1406 vel
2981 1350 3040 1407 in
3072 1368 3341 1410 sermone
3363 1356 3669 1428 reprehen-

2019 1441 2154 1496 dere
2176 1444 2436 1513 possent,
2452 1440 2563 1496 sub
2586 1439 2693 1496 hac
2714 1439 3019 1497 occasione
3036 1440 3349 1499 consilium
3373 1442 3665 1515 ineuntes,

2091 1553 2117 1579 ‹‹
2154 1530 2391 1585 Mittunt
2421 1530 2470 1585 ei
2505 1528 2825 1602 discipulos
2854 1546 2997 1585 suos
3022 1546 3157 1587 cum
3191 1532 3553 1601 Herodianis,
3586 1535 3669 1590 di-

2019 1641 2048 1669 ‹‹
2082 1621 2277 1675 centes
2304 1635 2316 1674 :
2352 1617 2648 1692 Magister,
2679 1617 2901 1675 scimus
2931 1618 3069 1690 quia
3098 1635 3269 1676 verax
3311 1637 3394 1687 es,
3426 1626 3485 1678 et
3511 1623 3666 1679 viam

2021 1730 2047 1756 «ι
2085 1706 2183 1763 Dei
2216 1706 2273 1761 in
2304 1706 2545 1762 veritate
2575 1707 2773 1772 doces,
2803 1709 2861 1761 et
2889 1724 3005 1762 non
3032 1711 3121 1763 est
3148 1708 3256 1765 tibi
3286 1726 3429 1766 cura
3458 1711 3529 1767 de
3558 1711 3669 1768 ali-

256 1788 422 1861 niam
454 1820 571 1861 non
594 1807 1043 1875 consequentur.
1062 1803 1364 1875 Exponens
1384 1801 1668 1858 Dominus
1681 1804 1908 1874 quodin
1942 1833 1991 1897 Β
2022 1817 2048 1845 α
2084 1788 2221 1867 (1110-
2253 1796 2380 1851 Non
2417 1795 2574 1851 enim
2608 1794 2849 1867 respicis
2879 1813 3188 1868 personam
3221 1797 3673 1858 bominum.Dic

257 1893 711 1951 similitudinem
742 1891 1103 1964 praemiserat
1130 1889 1416 1963 adjunxit,
1450 1890 1651 1947 dicens
1684 1909 1697 1946 :

332 2005 362 2033 α
395 1982 493 2038 Sic
537 1982 705 2038 Pater
746 1997 914 2036 meus
959 1979 1211 2037 caelestis
1256 1979 1428 2035 faciet
1479 1980 1665 2047 vobis,
1702 1981 1749 2035 si
1797 1999 1911 2039 non

256 2095 284 2121 ‹‹
300 2070 655 2128 remiseritis
684 2069 1091 2142 unusquisque
1122 2067 1285 2124 fratri
1308 2085 1415 2124 suo
1439 2068 1511 2124 de
1527 2070 1803 2127 cordibus
1819 2087 1911 2126 ve-

254 2183 283 2211 «
320 2160 488 2217 stris.
522 2182 551 2210 ι»
586 2159 649 2215 In
684 2159 901 2230 quibus
945 2156 1138 2213 verbis
1186 2156 1533 2227 ostenditur,
1569 2158 1728 2230 quia,
1761 2158 1916 2215 sicut

252 2250 542 2323 superius
569 2247 847 2315 diximus,
881 2247 979 2320 qui
1014 2245 1293 2302 fratribus
1331 2245 1391 2301 in
1430 2262 1494 2303 se
1539 2248 1915 2319 peccantibus

254 2339 564 2396 dimittere
596 2353 709 2392 non
738 2334 882 2401 vult,
914 2334 1088 2391 etiam
1120 2334 1219 2391 illa
1258 2339 1648 2408 peccata,quaa
1680 2336 1790 2392 sibi
1821 2337 1917 2392 di-

248 2428 446 2486 missa
478 2426 773 2492 credebat,
805 2424 879 2480 ad
909 2423 1224 2479 vindictam
1257 2424 1307 2479 ei
1357 2423 1817 2497 replicabuntur.
1847 2428 1916 2482 Et

248 2518 405 2592 quia
432 2515 592 2572 Deus
622 2514 916 2586 inspector
944 2515 1033 2568 est
1082 2512 1296 2581 cordis,
1330 2513 1634 2586 signanter
1679 2514 1913 2584 dicitur,

244 2631 271 2658 ‹‹
295 2608 381 2663 dc
415 2603 697 2661 cordibus
716 2602 944 2659 vestris.
964 2624 993 2651 »
1006 2602 1154 2656 Sunt
1175 2601 1329 2657 enim
1358 2602 1646 2670 nonnulli,
1663 2603 1913 2675 quicum

238 2697 316 2753 ab
364 2694 511 2752 aliis
557 2691 679 2748 laesi
729 2690 965 2759 fuerint,
999 2706 1098 2746 ore
1148 2690 1442 2746 dimittere
1488 2692 1782 2759 videntur,
1814 2694 1915 2749 sed

239 2784 435 2842 corde
467 2780 718 2854 injurias
746 2783 1060 2848 reservant,
1084 2779 1241 2851 quod
1272 2778 1400 2836 ideo
1432 2779 1671 2845 faciunt,
1686 2780 1826 2854 quia
1842 2782 1915 2837 ab

238 2873 392 2931 aliis
425 2872 721 2943 coguntur
750 2872 813 2924 ut
833 2867 1160 2923 dimittant:
1178 2871 1280 2923 aut
1301 2871 1455 2923 certe
1473 2867 1781 2926 defendere
1798 2886 1914 2925 non

242 2981 309 3021 se
348 2959 675 3036 praevalent
701 2958 773 3014 ab
802 2956 895 3012 his
935 2975 970 3012 a
1011 2956 1226 3030 quibus
1273 2957 1391 3013 laesi
1443 2960 1607 3026 sunt,
1636 2957 1725 3014 vel
1765 2963 1918 3015 certe

238 3058 374 3108 tam
383 3066 505 3123 pus
536 3045 869 3103 vindicandi
901 3050 1103 3119 aptum
1122 3047 1564 3120 exspectant,de
1587 3048 1805 3120 quibus
1817 3065 1920 3122 per

2025 1908 2050 1934 ‹‹
2086 1901 2223 1957 ergo
2263 1885 2454 1953 nobis,
2488 1883 2627 1956 quid
2661 1883 2765 1940 tibi
2794 1884 3067 1941 videtur?
3096 1884 3233 1943 licet
3261 1904 3501 1945 censum
3534 1891 3672 1948 dare

2024 1996 2052 2023 ‹‹
2083 1973 2317 2041 Caesari,
2360 1989 2434 2029 an
2475 1989 2590 2028 non
2614 1972 2641 2027 ?
2673 1994 2701 2021 »
2733 1973 2897 2039 Quod
2946 1972 3075 2029 ideo
3121 1973 3577 2048 interrogabant,
3608 1981 3674 2033 ut

2023 2062 2164 2117 dum
2198 2078 2381 2117 unum
2415 2077 2483 2117 ex
2503 2061 2586 2117 eis
2616 2060 2916 2133 quodlibet
2944 2061 3285 2130 affirmaret,
3307 2068 3408 2119 aut
3437 2062 3670 2122 illorum

2023 2157 2126 2205 ant
2153 2150 2402 2206 istorum
2434 2149 2632 2205 odium
2667 2150 3006 2206 incurreret.
3024 2150 3097 2207 Ut
3113 2150 3353 2221 scilicet,
3370 2152 3419 2208 si
3437 2153 3670 2211 diceret:

2024 2239 2202 2311 Licet,
2234 2238 2760 2311 reprehenderetur
2800 2238 2872 2293 ab
2920 2238 3074 2309 aliis,
3100 2240 3199 2312 qui
3249 2256 3492 2297 censum
3537 2244 3675 2299 dare

2025 2327 2320 2396 nolebant,
2350 2326 2439 2383 vel
2472 2327 2764 2384 videretur
2794 2343 2924 2384 esse
2952 2328 3283 2385 contrarius
3313 2329 3427 2403 legi
3456 2331 3579 2387 Dei.
3614 2332 3673 2389 Si

2023 2434 2160 2474 vero
2218 2418 2435 2473 diceret
2484 2434 2496 2473 :
2547 2418 2675 2472 Non
2718 2415 2873 2483 licet,
2924 2418 3096 2490 quasi
3145 2417 3245 2491 qui
3297 2419 3674 2478 rebellionem

2024 2513 2228 2565 contra
2256 2512 2537 2564 Caesarem
2573 2524 2800 2563 movere
2832 2507 3131 2581 cogitaret,
3164 2525 3200 2563 a
3228 2509 3518 2567 ministris
3566 2511 3676 2568 He-

2024 2597 2184 2656 rodis
2196 2595 2658 2670 comprehensus
2672 2600 2987 2661 teneretur,
3001 2596 3211 2653 Herodi
3218 2614 3362 2654 auos
3375 2603 3569 2655 autem
3587 2598 3674 2657 vel

2025 2686 2330 2743 ministros
2360 2684 2605 2741 Herodis
2632 2688 2816 2753 vocat,
2850 2686 2948 2757 qui
2980 2684 3214 2757 publica
3242 2686 3549 2760 vectigalia
3564 2689 3678 2743 exi-

2024 2773 2364 2850 gebant,vel
2395 2778 2549 2830 certe
2578 2772 2710 2830 illos
2741 2790 2887 2845 quos
2919 2773 3123 2829 scribae
3142 2777 3201 2829 et
3224 2773 3517 2844 Pharisaei,
3536 2776 3678 2848 quia

2026 2866 2233 2937 sponte
2260 2862 2468 2919 Herodi
2503 2861 2723 2918 tributa
2748 2860 3055 2928 solverent,
3072 2860 3386 2919 illudentes
3407 2862 3677 2920 Herodia-

2027 2970 2134 3010 nos
2163 2952 2469 3008 vocabant.
2503 2951 2573 3007 Et
2623 2950 2781 3023 quia,
2814 2954 2879 3005 ut
2906 2950 3194 3007 Dominus
3236 2950 3338 3019 ait,
3371 2952 3573 3008 scribae
3619 2957 3680 3009 et

2025 3040 2300 3099 Pharisaei
2332 3039 2557 3097 similes
2586 3044 2753 3095 erant
2772 3039 3057 3113 sepulcris
3078 3039 3384 3110 dealbatis,
3399 3040 3675 3099 blandam

240 3138 615 3213 prophetam
633 3134 998 3207 dicitur(Jer.
1024 3141 1177 3202 Ix):«
1194 3135 1303 3190 Ore
1338 3151 1541 3207 pacem
1564 3153 1696 3192 cum
1729 3139 1917 3195 amico
1958 3200 1994 3213 η
2031 3135 2089 3190 et
2119 3130 2552 3213 fraudulentam
2578 3128 3092 3203 interrogationem
3142 3128 3594 3202 praemittebant,
3622 3130 3677 3187 ei

240 3200 687 3301 suo-loquitur,
720 3228 779 3280 et
796 3223 1018 3279 occulte
1049 3223 1215 3296 ponit
1244 3223 1295 3278 ei
1324 3223 1591 3280 insidias.
1626 3247 1654 3275 »
1687 3226 1798 3282 Sed
1823 3226 1918 3284 isti
1952 3200 1996 3268 (ἶ
2033 3208 2321 3277 dicentes:
2348 3243 2377 3273 ‹‹
2401 3218 2695 3292 Magister,
2719 3200 2942 3275 scimus
2972 3218 3112 3291 quia
3139 3200 3312 3275 verax
3340 3235 3402 3275 es
3434 3225 3493 3275 et
3522 3220 3676 3276 viam

240 3317 433 3384 tales,
449 3313 683 3387 qualem
712 3312 1028 3368 vindictam
1054 3311 1393 3385 percipiant,
1408 3312 1718 3372 Psalmista
1734 3316 1921 3373 decla-

243 3411 371 3472 rat,
427 3403 634 3459 dicens
664 3401 833 3474 (Psal.
876 3402 1048 3471 xxvn)
1084 3418 1097 3455 :
1132 3424 1159 3451 ‹‹
1192 3401 1300 3467 Qui
1347 3400 1669 3475 loquuntur
1714 3421 1916 3477 pacem

244 3512 404 3554 cum
438 3492 704 3567 proximo
735 3489 1032 3556 suo,mala
1053 3494 1249 3547 autem
1272 3490 1331 3546 in
1350 3491 1627 3549 cordibus
1642 3509 1865 3550 eorum.
1888 3518 1917 3545 »

243 3586 321 3643 Et
357 3583 585 3638 iterum
610 3597 623 3635 :
652 3580 785 3635 «Da
813 3577 930 3634 illis
961 3580 1285 3635 secundum
1318 3596 1496 3651 opera
1524 3587 1819 3649 eorum,et
1834 3602 1918 3640 se-

250 3671 543 3732 cundum
565 3685 742 3742 opera
772 3684 1058 3727 manuum
1105 3683 1308 3724 eorum
1340 3669 1531 3725 tribue
1560 3669 1676 3727 illis
1706 3672 1915 3744 (Ibid).

246 3765 530 3830 Quorum
562 3755 846 3830 patientia
874 3772 991 3811 non
1023 3755 1331 3828 praemium
1371 3757 1615 3830 accipiet
1657 3760 1913 3829 virtutis,

254 3850 413 3925 quia
437 3846 836 3903 velamentum
868 3848 958 3901 est
987 3844 1381 3901 furoris.Nihil
1399 3862 1536 3919 ergo
1566 3849 1805 3918 prodest
1820 3865 1919 3905 ore

246 3938 584 4003 dimittere,
618 3934 717 4008 qui
748 3933 872 3989 vult
896 3934 1260 3991 iracundiam
1287 3934 1460 3991 corde
1500 3951 1746 3992 servare.
1781 3936 1916 3991 Pro-

246 4036 395 4104 pter
425 4027 561 4091 hoc,
593 4040 727 4080 cum
761 4023 1005 4080 dixisset
1034 4023 1320 4080 Dominus
1346 4040 1358 4079 :
1380 4046 1410 4073 «
1435 4024 1528 4079 Sic
1550 4026 1715 4095 pater
1730 4029 1920 4082 vester

246 4114 518 4176 scelestis
549 4113 722 4169 faciet
749 4112 934 4180 vobis,
970 4113 1020 4169 si
1051 4128 1165 4168 non
1200 4111 1542 4169 remiseritis
1591 4113 1916 4185 unusquis-

248 4224 371 4282 que
410 4202 574 4261 fratri
608 4219 736 4259 suo.
767 4225 793 4251 ››
826 4200 1091 4274 adjunxit
1120 4219 1133 4257 :
1168 4224 1194 4251 ‹‹
1232 4202 1304 4258 de
1332 4201 1608 4259 cordibus
1638 4203 1914 4260 vestris.»

745 4343 1047 4399 HOMILIA
1094 4343 1431 4400 CXXXVIII.

559 4449 830 4489 DOMINICA
866 4448 997 4487 XXIV
1037 4448 1174 4487 POST
1214 4448 1620 4488 PENTECOSTEN.

2028 3309 2128 3367 Dei
2158 3310 2220 3366 in
2248 3308 2488 3365 veritate
2520 3309 2712 3375 doces,
2728 3311 2785 3363 ct
2806 3323 2920 3363 non
2948 3311 3037 3363 est
3056 3307 3159 3362 tibi
3194 3324 3337 3364 cura
3364 3307 3436 3365 de
3457 3307 3674 3381 aliquo.

2028 3401 2154 3456 Non
2185 3399 2343 3455 enim
2375 3397 2617 3471 respicis
2649 3413 2959 3470 personam
2977 3396 3307 3453 hominum.
3328 3419 3355 3447 »
3368 3397 3673 3471 Proprium

2028 3494 2117 3546 est
2132 3489 2287 3545 enim
2309 3487 2544 3543 illorum
2563 3486 2661 3559 qui
2686 3485 2832 3542 alios
2854 3485 3057 3542 fraude
3080 3484 3347 3559 decipere
3367 3490 3676 3554 conantur,

2028 3578 2271 3650 utprius
2284 3580 2540 3631 mentem
2553 3573 2849 3631 audientis
2859 3575 2928 3630 ad
2939 3572 3298 3631 ulationibus
3310 3573 3680 3632 demulceant

2028 3672 2093 3724 ut
2140 3664 2584 3731 blandimentis,
2614 3667 2983 3738 provocatus,
3015 3680 3132 3720 non
3164 3664 3320 3737 quod
3349 3680 3552 3720 verum
3590 3667 3680 3720 est

2027 3756 2397 3831 respondeat,
2442 3755 2542 3811 sed
2585 3754 2743 3828 quod
2790 3752 2896 3821 illi,
2930 3753 3031 3826 qui
3077 3753 3421 3826 interrogat,
3454 3751 3681 3826 placere

2026 3845 2375 3919 probaverit.
2410 3845 2571 3911 Quod
2603 3859 2737 3900 vero
2768 3841 2850 3897 illi
2878 3842 3281 3899 fraudulenter
3311 3842 3383 3898 de
3434 3841 3679 3898 Domino

2027 3934 2318 4000 dicebant,
2331 3950 2439 3989 nos
2453 3932 2606 3988 ﬁrmi
2618 3937 2677 3988 et
2692 3931 2981 3988 immobili
2997 3932 3109 3987 fide
3122 3932 3355 3987 credere
3374 3931 3679 4000 debemus,

2026 4021 2195 4078 illum
2218 4020 2436 4077 scilicet
2457 4036 2659 4076 verum
2684 4037 2750 4076 ac
2767 4019 3126 4093 singularem
3145 4036 3274 4076 esse
3302 4020 3676 4093 magistrum,

2025 4130 2061 4169 a
2090 4128 2204 4184 quo
2234 4110 2497 4184 procedit
2539 4109 2732 4165 omnis
2779 4109 3088 4181 sapientia,
3122 4112 3179 4164 et
3227 4125 3358 4163 cum
3407 4125 3522 4180 quo
3570 4109 3681 4164 fuit

2027 4216 2258 4272 semper
2276 4203 2335 4255 et
2364 4202 2454 4254 est
2502 4201 2638 4253 ante
2686 4214 2897 4266 aevum,
2930 4196 3031 4269 qui
3077 4196 3158 4252 ait
3201 4196 3263 4251 in
3313 4195 3673 4268 Evangelia:

2029 4313 2058 4341 ‹‹
2080 4290 2197 4345 Vos
2220 4288 2438 4345 vocatis
2472 4303 2565 4342 me
2587 4286 2865 4358 Magister
2895 4289 2952 4342 et
2982 4285 3248 4352 Domine,
3281 4288 3338 4341 et
3393 4284 3540 4340 bene
3583 4284 3677 4340 di-

2026 4380 2157 4437 citis
2186 4395 2199 4433 :
2233 4394 2365 4433 sum
2396 4375 2609 4432 etenim
2643 4376 2829 4447 (Joan.
2862 4376 3004 4445 xui).
3043 4398 3069 4425 υ
3102 4374 3168 4431 Et
3207 4373 3419 4429 iterum
3447 4393 3465 4428 :
3499 4396 3524 4423 α
3561 4374 3678 4430 Nec

2024 4467 2308 4525 vocemini
2343 4465 2632 4538 magistri,
2667 4464 2808 4538 quia
2837 4463 3118 4539 magister
3156 4466 3347 4521 vester
3395 4480 3552 4518 unus
3591 4466 3679 4519 est

325 4562 582 4632 (Mam.
610 4567 769 4628 xxu.)
803 4581 830 4606 ‹‹
860 4561 925 4614 In
976 4554 1076 4612 illo
1126 4561 1405 4629 tempore,
1441 4558 1722 4613 abeuntes
1764 4557 1914 4613 Pha-
1948 4575 1995 4640 Ι)
2024 4555 2767 4628 Christus(Mattli.xxm).»
2791 4554 2920 4628 Ipse
2952 4557 3146 4610 autem
3178 4568 3348 4609 verax
3376 4556 3486 4622 est,
3516 4552 3675 4625 quia,

253 4678 280 4702 ‹‹
308 4649 471 4708 τίεωὶ
503 4646 814 4703 consilium
856 4645 1137 4711 inierunt,
1170 4650 1236 4701 ut
1287 4649 1563 4718 caperent
1601 4646 1804 4703 Jesum
1856 4648 1915 4703 in

253 4768 281 4792 α
316 4752 617 4797 sermone.
645 4759 674 4785 n
704 4737 774 4792 Et
806 4735 1033 4807 reliqua
1082 4735 1168 4789 Ab
1199 4751 1264 4790 eo
1296 4738 1557 4807 tempore
1584 4752 1699 4808 quo
1733 4737 1914 4792 totius

253 4827 467 4887 mundi
487 4824 829 4895 monarchia
842 4826 951 4881 sub
967 4822 1143 4879 unius
1161 4823 1420 4879 hominis
1443 4824 1772 4897 principatu
1791 4826 1916 4881 red-

256 4923 393 4975 acta
421 4919 533 4983 est,
565 4916 800 4987 propter
823 4929 1026 4986 pacem
1062 4916 1118 4968 et
1156 4912 1527 4969 concordiam
1569 4914 1913 4971 servandam

256 5008 315 5067 in
342 5002 604 5080 populis,
639 5007 928 5065 statutum
958 5005 1067 5071 est,
1101 5007 1167 5057 ut
1212 5003 1624 5075 unusquisque
1670 5019 1913 5060 censum

257 5094 472 5170 capitis
506 5093 597 5149 sui
629 5093 915 5149 redderet.
933 5092 1114 5163 Cujus
1137 5090 1217 5147 rei
1245 5090 1415 5148 testis
1432 5095 1522 5148 est
1539 5093 1726 5149 Lucas
1748 5108 1915 5149 evan-

258 5183 488 5259 gelista,
505 5182 605 5255 qui
623 5186 884 5254 tempore
905 5198 1021 5255 quo
1042 5180 1328 5239 Dominus
1358 5184 1417 5237 et
1446 5180 1918 5240 Salvatornoster

260 5278 434 5330 natus
465 5276 575 5339 est,
596 5270 749 5327 hanc
778 5270 965 5344 legem
995 5270 1055 5326 in
1086 5269 1369 5343 populum
1400 5271 1737 5328 Iudaeorum
1771 5272 1915 5328 alla-

258 5367 376 5418 tam
429 5360 765 5434 descripsit,
816 5360 1016 5416 dicens
1049 5377 1063 5414 :
1093 5383 1121 5411 ‹‹
1152 5358 1304 5415 Exiit
1345 5358 1601 5415 edictum
1627 5377 1662 5416 a
1692 5361 1915 5418 Caesare

259 5452 625 5527 Augusto,ut
649 5449 1400 5508 describereturuniversus
1430 5448 1590 5503 orbis
1622 5450 1769 5517 (Luc.
1789 5451 1911 5523 11).»

259 5542 447 5614 Super
459 5539 613 5595 hanc
634 5556 756 5595 rem
772 5542 966 5597 autem
983 5539 1173 5594 Caesar
1184 5539 1485 5609 Augustus
1500 5536 1784 5593 Herodem
1803 5541 1913 5595 An-

257 5630 458 5712 tipatri
495 5629 681 5685 filium
712 5626 1306 5710 Judzeis‘praafecilmt
1326 5625 1620 5684 ettributa
1637 5626 1910 5700 exigeret,

2026 4652 2092 4704 ut
2111 4646 2191 4702 ait
2219 4645 2538 4718 Scriptura,
2561 4667 2590 4693 ‹‹
2609 4643 2800 4701 omnis
2833 4643 3030 4713 homo,
3045 4641 3674 4713 mendax(P.sal.cxv),»

2022 4736 2163 4810 quia
2182 4736 2265 4792 ait
2294 4734 2351 4789 in
2380 4733 2691 4807 Evangelia
2720 4748 2734 4788 :
2761 4755 2788 4782 ‹‹
2811 4733 2930 4807 Ego
2957 4748 3089 4787 sum
3118 4729 3459 4798 via,veritas
3488 4732 3545 4785 et
3560 4730 3678 4785 vita

2025 4828 2201 4899 (Joan.
2235 4824 2370 4896 xxv).
2406 4846 2433 4873 η
2467 4846 2496 4874 ‹‹
2525 4821 2694 4879 Viam
2723 4838 2955 4895 quoque
2985 4820 3085 4876 Dei
3118 4819 3175 4875 in
3206 4817 3448 4875 veritate
3480 4817 3680 4874 docuit

2022 4918 2175 4985 (Luc.
2203 4914 2321 4983 xx),
2352 4935 2379 4963 υ
2413 4913 2553 4986 quia
2582 4928 2687 4968 nec
2718 4910 2939 4968 defellit
2971 4909 3249 4983 aliquem,
3280 4924 3387 4964 nec
3432 4906 3554 4963 falli
3604 4908 3676 4964 ab

2026 5004 2221 5077 aliquo
2252 5001 2460 5074 potuit,
2496 5000 2775 5073 quoniam
2807 4997 3178 5055 servantibus
3208 5013 3335 5071 quae
3382 4996 3674 5070 praecepit,

2022 5091 2302 5150 veraciter
2325 5090 2486 5147 dabit
2512 5090 2666 5162 quod
2691 5088 2985 5162 promisit.
3015 5110 3042 5137 «
3066 5087 3192 5143 Non
3234 5085 3397 5143 enim
3441 5086 3681 5160 respicit

2025 5197 2333 5256 personam
2362 5177 2672 5236 hominum
2703 5177 2910 5251 (Matth.
2940 5177 3104 5250 xm),
3141 5199 3169 5227 »
3205 5174 3345 5250 quia
3390 5192 3497 5232 nec
3543 5192 3678 5250 pro—

2024 5274 2154 5345 pter
2214 5270 2619 5342 paupertatem
2690 5266 2948 5340 aliquem
3022 5266 3243 5339 abjicit,
3292 5281 3398 5322 nec
3444 5270 3681 5339 propter

2023 5359 2255 5416 divitias
2287 5358 2543 5430 aliquem
2574 5355 2758 5429 eligit,
2792 5357 2892 5413 sed
2947 5373 3122 5429 quem
3182 5355 3240 5411 in
3283 5372 3391 5412 suo
3442 5354 3677 5411 servitio

2021 5448 2231 5506 viderit
2245 5447 2632 5514 devotionem,
2650 5444 2846 5519 ipsum
2870 5446 3051 5503 efﬁcit
3068 5446 3442 5503 sanctiorem.
3463 5444 3542 5500 De
3561 5459 3676 5514 quo

2019 5537 2392 5595 vcracissime
2433 5536 2637 5592 Petrus
2686 5535 2988 5610 apostolus
3041 5536 3225 5593 dicit:
3262 5559 3291 5586 «
3326 5539 3385 5589 In
3436 5531 3673 5587 veritate

2022 5626 2275 5699 comperi
2328 5626 2609 5699 quoniam
2662 5644 2776 5684 non
2827 5631 2915 5685 est
2966 5640 3347 5700 personarum
3410 5621 3673 5688 acceptor
