3980 6174
243 332 353 404 ’ἱ3ἶ

1478 327 1829 388 ΠΟΜΙΙᾸᾸΞ
1873 325 1976 387 DE
2021 327 2417 387 TEMPURIC.
2481 385 2500 395 ,

3531 331 3650 393 738

237 461 440 518 omnia
468 459 754 522 miracula
783 477 910 534 quis
940 459 1224 520 Dominus
1272 460 1444 518 Jcsus
1487 457 1754 516 Christus
1787 475 1888 533 per
1917 459 1971 530 Α
2004 459 2230 533 Moyses
2260 459 2402 516 dum
2433 460 2609 516 verba
2638 460 2766 516 vita:
2817 460 2947 518 aliis
2998 462 3436 520 minislral-urus
3469 481 3502 521 a
3534 466 3649 521 Deo

232 551 622 627 semetipsum
652 551 908 608 ostendit
934 551 994 608 in
1029 551 1342 618 terris,tres
1363 553 1593 607 tantum
1624 553 1887 613 mortuos

229 640 620 700 resuscitasse
648 639 888 714 leg-itura.
915 639 1301 702 Resuscitavit
1330 638 1512 696 ﬁliam
1557 637 1889 710 archisyna-

223 729 368 805 gogi
400 730 461 785 in
495 729 668 786 domo
690 730 1084 801 jacentem,de
1114 746 1232 802 qua
1263 745 1418 786 nunc
1451 744 1642 788 sermo
1665 727 1886 799 agitur;

221 817 604 880 resuscitavit
634 817 824 876 filium
848 818 1059 887 vidum,
1081 824 1244 881 extra
1271 820 1503 896 portam
1534 816 1784 874 civitatis
1815 815 1887 874 ad

219 904 638 982 sepeliendum
667 906 969 982 delatum;
1003 908 1370 970 resuscitavit
1417 904 1803 966 nihilominus
1835 907 1893 962 et

221 996 516 1062 Lazarum
541 995 999 1069 quatriduanum
1027 995 1493 1067 mortuum,jam
1525 995 1797 1052 fetentem
1828 991 1888 1050 in

222 1086 639 1160 monumento.
669 1083 779 1150 Qui
806 1101 942 1159 ergo
974 1100 1179 1145 omnes
1211 1084 1269 1140 in
1296 1099 1358 1140 se
1389 1083 1690 1148 credentes
1721 1098 1889 1142 vene-

221 1178 322 1236 rat
356 1172 710 1237 resuscitat!)
738 1171 797 1235 in
825 1173 1042 1243 anima,
1077 1189 1196 1232 non
1225 1173 1352 1234 sine
1383 1190 1564 1232 causa
1594 1177 1704 1239 est,
1736 1171 1890 1248 quod

223 1266 358 1320 tres
392 1265 621 1321 tantum
645 1267 910 1322 mortuos
925 1261 1532 1334 resuscitasselegitur
1553 1261 1611 1318 in
1627 1276 1886 1336 corpore.

222 1351 422 1422 Trina
451 1367 706 1423 namque
735 1355 1106 1412 mortuorum
1148 1349 1514 1416 resuscitatio
1553 1349 1890 1408 varietatem

220 1439 533 1514 signiﬁcat
565 1440 954 1512 peccantium,
988 1443 1162 1514 atque
1206 1442 1339 1516 post
1383 1443 1686 1513 peccatum
1718 1438 1892 1512 digne

218 1527 670 1603 pmnjtentium.
708 1528 954 1590 Moritur
981 1529 1136 1588 enim
1170 1527 1367 1592 anima
1415 1545 1518 1602 per
1565 1532 1892 1604 peccatum,

219 1619 396 1694 quia,
429 1618 586 1677 sicut
631 1619 714 1676 ait
761 1619 1080 1692 Scriptura,
1132 1619 1332 1683 anima
1382 1634 1512 1690 quae
1549 1617 1890 1694 peccaverit,

219 1709 366 1782 ipsa
391 1707 676 1770 morientur
707 1707 1104 1779 (Ezech.xvui).
1128 1707 1329 1780 Ipsum
1359 1710 1556 1768 autem
1589 1709 1894 1780 peccatum

216 1797 428 1860 tribus
463 1795 656 1853 modis
681 1795 744 1854 in
775 1799 990 1864 mente,
1024 1795 1215 1854 tribus
1267 1798 1634 1869 perpetretur
1683 1794 1741 1850 in
1772 1811 1893 1852 cor-

215 1902 372 1961 pore
397 1902 411 1940 :
447 1883 511 1942 in
542 1889 735 1944 mente
766 1884 960 1958 agitur
995 1883 1398 1959 suggestione,
1426 1883 1808 1941 delectatione
1838 1887 1896 1940 et

215 1990 533 2034 consensu
562 1990 576 2027 :
610 1972 670 2030 in
704 1989 941 2047 corpore
969 1971 1287 2048 aliquando
1318 1971 1894 2048 occulte,aliquendo

218 2062 458 2138 palam,
496 2041 823 2136 aliquando
845 2041 1286 2122 consuetudine.
1321 2061 1429 2128 Qui
1488 2077 1618 2116 vero
1672 2041 1895 2116 occulte

219 2154 467 2226 peccat,
498 2149 669 2225 quasi
699 2149 852 2208 intra
881 2151 1125 2206 domum
1157 2153 1424 2209 mortuus
1437 2149 1733 2222 jacetzsed
1761 2165 1896 2215 cum

221 2238 442 2296 divina
475 2238 665 2312 gratia
693 2239 820 2310 ejus
853 2255 951 2296 cor
972 2239 1044 2294 ad
1069 2236 1472 2311 pmnitentiam
1501 2237 1785 2308 agendam
1814 2236 1898 2291 in-

221 2326 708 2402 flammat,quasi
740 2326 892 2386 intra
922 2327 1164 2385 domum
1198 2330 1467 2384 mortuus
1490 2324 1896 2384 resuscitatur:

223 2417 391 2474 tales
422 2415 1530 2490 signiﬁcavittiliaarcbisynagogi,quae
1563 2414 1620 2469 in
1651 2414 1898 2486 puellari

221 2510 414 2561 aetate
447 2503 795 2564 resuscitata
823 2508 931 2560 est.
963 2503 1070 2567 Qui
1111 2509 1308 2564 autem
1338 2503 1646 2562 manifeste
1676 2509 1896 2576 peccat,

220 2592 415 2669 quasi
433 2598 598 2652 extra
619 2595 846 2669 portam
869 2592 1117 2654 civitatis
1129 2593 1201 2649 ad
1215 2591 1616 2666 sepeliendum
1630 2597 1898 2648 mortuus

218 2682 594 2756 expellitur;
627 2682 735 2740 sed,
760 2698 894 2742 cum
927 2681 1072 2739 tales
1113 2697 1216 2757 per
1255 2680 1512 2754 divinam
1563 2681 1810 2752 gratiam
1844 2687 1900 2740 et

217 2773 497 2830 aliorum
526 2771 949 2846 correptionem
976 2771 1047 2827 ad
1071 2769 1473 2845 paenitentiam
1505 2786 1902 2844 compungun-

218 2866 353 2928 tur,
393 2860 567 2932 quasi
598 2862 914 2933 antequam
948 2860 1022 2918 ad
1077 2857 1414 2931 sepulcrum
1472 2859 1832 2932 perveniant,
1864 2877 1904 2915 a

215 2949 496 3008 Domino
531 2948 992 3008 resuscitantur:
1029 2947 1138 3004 hos
1180 2946 1530 3021 signiﬁcavit
1559 2947 1900 3005 adolescens

215 3041 400 3100 ﬁlius
430 3038 644 3105 viduae,
676 3053 850 3112 quem
883 3036 1168 3113 Dominus
1198 3041 1362 3092 extra
1389 3040 1615 3108 portam
1648 3036 1900 3093 civitatis

216 3126 617 3201 resuscitavit
648 3127 798 3198 (Luc.
833 3125 954 3197 vn).
990 3126 1139 3184 Sunt
1185 3126 1360 3182 etiam
1407 3125 1610 3199 aliqui,
1641 3125 1742 3197 qui
1784 3143 1900 3182 non

1999 548 2240 621 accepit,
2271 554 2328 604 et
2355 548 2481 622 ipse
2513 549 2883 607 illuminatus
2910 553 2999 606 est
3058 550 3310 622 spiritali
3355 553 3561 624 gratia,
3594 556 3651 611 et

1998 635 2142 694 alios
2173 654 2281 692 sua
2307 638 2574 694 doctrina
2592 637 3003 717 illuminans,F
3009 638 3107 695 ilia
3129 640 3256 710 ejus
3284 641 3648 713 Synagogam

1998 724 2492 800 significat,quam
2524 727 2666 786 dum
2681 726 2908 801 primus
2939 727 3151 784 divinis
3184 728 3485 800 praeceptis
3507 729 3651 802 lega-

1998 815 2156 873 libus
2186 815 2693 882 observationibus
2726 817 3174 890 erudivit,quasi
3207 816 3455 890 spiritali
3488 820 3652 878 uti-ro

1998 905 2222 979 genuit.
2257 906 2392 977 Sed,
2429 905 2677 976 Domino
2705 905 2984 980 loquente
3016 907 3087 963 ad
3122 907 3348 974 turbas,
3370 906 3653 985 principis

1999 995 2121 1054 ﬁlia
2150 995 2428 1058 defuncta
2456 999 2564 1065 est,
2600 996 2739 1068 quia
2786 1000 3048 1070 tempore
3108 1012 3225 1070 quo
3278 995 3564 1054 Dominus
3595 994 3654 1052 in

1999 1100 2172 1142 carne
2216 1086 2506 1158 apparuit.
2553 1086 2864 1160 Synagoga
2911 1103 2946 1142 a
2998 1088 3244 1160 paterna
3291 1084 3569 1162 religione
3599 1088 3656 1143 et

1999 1172 2147 1247 legis
2177 1174 2576 1232 observatione
2618 1174 2925 1236 defecerat.
2961 1173 3120 1232 Unde
3159 1174 3375 1232 etenim
3427 1173 3654 1234 tumul—

2001 1263 2304 1319 tuentibus
2335 1263 2510 1320 rebus
2544 1262 2854 1336 pristinam
2887 1262 3086 1320 amisit
3116 1261 3462 1336 dignitatem
3484 1261 3655 1334 ?q.uia

2002 1367 2106 1409 nec
2137 1352 2514 1410 sacerdotalis
2567 1352 2752 1408 honor
2809 1351 3111 1426 proprium
3161 1353 3431 1412 decorem
3477 1350 3653 1408 habe-

2000 1440 2163 1508 bant,
2195 1444 2250 1496 et
2281 1439 2483 1512 templi
2518 1441 2838 1498 reverentia
2869 1445 2926 1496 et
2956 1441 3284 1497 hostiarum
3329 1438 3652 1500 immolatio

2003 1547 2117 1588 non
2147 1529 2340 1588 solum
2375 1547 2489 1589 non
2523 1529 2992 1602 spiritaliter,sed
3013 1529 3188 1587 etiam
3212 1546 3316 1586 nec
3345 1527 3657 1588 historiali-

2000 1621 2089 1674 ter
2118 1619 2594 1678 observabantur.
2631 1619 2873 1692 Rogavit
2904 1635 3040 1694 ergo
3065 1618 3332 1692 princeps
3377 1635 3480 1692 pro
3512 1616 3652 1686 tilia,

2003 1707 2142 1780 quia
2170 1707 2504 1779 frequenter
2533 1708 2761 1780 Moyses
2792 1725 2893 1782 pro
2951 1708 3270 1782 Synagogee
3314 1706 3657 1766 liberatione

2001 1795 2261 1852 divinam
2301 1795 2556 1852 exoravit
2596 1795 2990 1863 clementiam,
3026 1796 3532 1869 quemadmodum
3596 1795 3656 1859 in

2006 1884 2209 1940 multis
2231 1883 2373 1940 locis
2410 1884 2721 1957 Scriptum
2745 1885 3030 1958 scriptum
3059 1885 3304 1952 invenis,
3338 1884 3658 1958 praesertim

2006 1973 2065 2029 in
2087 1990 2152 2030 eo
2166 1973 2417 2040 loco,ubi
2433 1974 2617 2030 Deum
2636 1991 2822 2046 usque
2840 1973 2982 2030 adeo
3000 1991 3101 2046 pro
3115 1972 3330 2046 populo
3345 1971 3658 2031 Israelitico

2006 2062 2445 2133 deprecabatur,
2484 2062 2746 2120 utetiam
2786 2061 3019 2118 exlibro
3066 2061 3193 2117 vitae
3213 2059 3658 2132 delericuperet,

2009 2151 2178 2206 modo
2211 2155 2408 2223 posset
2440 2151 2542 2206 Dei
2573 2150 2721 2206 iram
2748 2149 3067 2222 deprecari.
3091 2150 3157 2206 Et
3187 2149 3326 2222 quia
3354 2147 3658 2216 intellexit,

2008 2257 2136 2296 eam
2165 2256 2276 2296 non
2312 2239 2482 2294 aliter
2510 2257 2543 2295 a
2575 2244 2760 2295 morte
2795 2239 3003 2294 animae
3046 2255 3218 2311 posse
3258 2237 3515 2304 liberari,
3549 2236 3660 2293 nisi

2009 2346 2111 2400 per
2139 2327 2600 2384 incarnationem
2633 2326 2918 2400 unigenili
2953 2325 3056 2381 filii
3086 2326 3367 2394 Dei,recte
3399 2325 3662 2398 ejusdem

2009 2417 2294 2492 principis
2324 2434 2458 2474 voce
2490 2417 2704 2473 dicitur
2726 2434 2773 2474 ;‹‹
2805 2416 3208 2489 \-'eni,impone
3229 2433 3470 2472 manum
3501 2420 3662 2472 tuam

2011 2523 2188 2580 super
2219 2523 2368 2572 eam,
2402 2509 2458 2562 et
2480 2505 2648 2560 vivet.
2685 2527 2711 2554 ››
2747 2505 2955 2562 Manus
2974 2505 3130 2562 enim
3163 2504 3395 2582 Domini
3419 2505 3478 2560 in
3509 2503 3660 2560 Scri-

2009 2594 2546 2668 pturis,aliquando
2561 2593 3023 2650 incarnationem
3046 2593 3336 2666 significat
3355 2592 3664 2660 lv‘ilii,sicut

2007 2701 2110 2759 per
2139 2682 2484 2756 prophetam
2517 2683 2733 2738 dicitur
2754 2685 2920 2754 (Psal.
2954 2686 3147 2752 Lxxm)
3178 2681 3315 2737 :«Ut
3337 2681 3476 2752 quid
3508 2698 3664 2737 aver-

2011 2773 2086 2830 tis
2118 2788 2360 2848 manum
2390 2774 2575 2836 tuam,
2599 2774 2656 2826 et
2687 2771 2982 2828 dexteram
3006 2773 3178 2828 tuam.
3201 2770 3271 2825 de
3303 2769 3494 2824 medio
3527 2768 3664 2833 sinu

2008 2861 2154 2918 tuo?
2179 2884 2204 2912 ››
2240 2861 2308 2916 Et
2340 2860 2594 2916 iterum:
2630 2883 2657 2909 ι(
2693 2859 2904 2915 Emitte
2951 2875 3188 2914 manum
3227 2862 3390 2914 tuam
3421 2857 3491 2912 de
3519 2857 3662 2923 alto,

2010 2950 2166 3022 eripe
2181 2952 2358 3016 me,et
2373 2947 2558 3004 libera
2577 2964 2668 3004 me
2683 2948 2753 3004 de
2768 2946 2936 3020 aquis
2951 2946 3156 3003 multis
3191 2947 3361 3019 (Psal.
3391 2949 3600 3014 CXLIII).
3630 2965 3659 2993 ››

2011 3039 2082 3094 Ut
2112 3054 2248 3110 ergo
2278 3053 2454 3108 super
2475 3036 2812 3092 defunctam
2839 3035 3019 3092 tiliam
3042 3052 3284 3094 manum
3316 3035 3662 3107 imponeret.

2010 3144 2213 3200 rogare
2245 3125 2378 3190 fuit,
2406 3129 2701 3198 quatenus
2723 3140 2826 3196 per
2846 3123 3268 3182 incarnationis
3285 3121 3520 3180 Domini
3539 3139 3662 3195 my-

215 3197 438 3288 solum
472 3197 704 3289 publiCe
734 3231 973 3288 peccare
1014 3233 1132 3272 non
1181 3197 1553 3282 erubescunt,
1588 3216 1690 3271 sed
1720 3215 1898 3273 etiam
1929 3197 1972 3266 (ἶ
2012 3197 2258 3273 sterium
2291 3197 2513 3270 mundo
2561 3212 2868 3270 visibiliter
2916 3216 3239 3286 appareret.
3273 3210 3449 3276 Quasi
3505 3210 3662 3266 enim

215 3308 440 3382 ipsum
471 3305 850 3378 peccatumin
877 3303 1111 3378 longam
1134 3303 1618 3360 consuetudinem
1639 3308 1896 3366 vertunt:

216 3394 448 3470 quales
475 3393 829 3467 significavit
862 3383 1114 3454 Lazarus
1154 3392 1582 3468 quatriduanus
1607 3397 1896 3461 mortuus,

216 3489 296 3544 de
331 3501 464 3557 quo
496 3483 642 3540 bene
674 3482 958 3557 scriptum
987 3486 1113 3538 est:
1147 3505 1175 3534 ‹‹
1207 3481 1354 3548 Quia
1391 3481 1513 3553 jrm
1552 3481 1692 3540 fetet
1721 3482 1896 3556 (Joan.

214 3576 333 3642 χιι,
375 3572 557 3647 nquia
588 3571 728 3627 dum
759 3570 990 3642 publice
1011 3587 1115 3644 per
1144 3571 1632 3627 consuetudinem
1663 3587 1901 3644 peccare

217 3682 350 3724 non
387 3661 767 3734 erubescunt,
801 3659 917 3733 piis
945 3659 1246 3717 mentibus
1268 3660 1512 3716 fetorem
1543 3659 1709 3716 malae
1733 3661 1900 3718 famas

217 3753 524 3827 ingerunt
547 3749 670 3806 :sed
693 3765 797 3804 nec
818 3749 890 3806 de
913 3747 1132 3805 talibus
1155 3748 1586 3820 desperandum
1620 3753 1728 3817 est,
1763 3750 1901 3822 quia

218 3838 532 3904 Dominus
563 3837 739 3904 etiam
772 3836 1550 3910 Lazarumquatriduanum
1601 3842 1900 3908 mortuum

217 3931 524 3988 fetentem
547 3924 670 3982 solo
679 3926 858 3996 jussu
879 3925 1272 3993 resuscitsvit,
1303 3925 1376 3981 de
1406 3941 1522 4000 quo
1553 3925 1911 3998 lacrymasse

220 4017 463 4092 legitur
491 4015 750 4090 Jesus,et
764 4031 898 4072 voce
923 4031 1140 4088 magna
1157 4013 1446 4071 clamasse
1471 4012 1670 4087 :«Veni
1693 4014 1908 4086 foras,»

220 4107 386 4185 quia
417 4103 570 4161 tales
598 4121 633 4160 a
662 4103 998 4160 doctoribus
1021 4119 1136 4159 non
1160 4102 1354 4162 solum
1376 4101 1901 4174 exhortationibus,

221 4210 446 4254 verum
479 4195 655 4249 etiam
699 4192 1062 4250 orationibus
1112 4196 1252 4250 sunt
1294 4190 1643 4260 instruendi,
1677 4196 1735 4247 et
1765 4209 1899 4249 cum

224 4299 462 4358 magna
477 4280 758 4346 instantia
768 4280 1196 4355 praedicationis
1211 4297 1344 4338 voce
1358 4297 1408 4336 ιι-
1419 4297 1571 4354 agna
1582 4279 1896 4338 clamandi.

222 4375 600 4446 Frequenter
620 4369 776 4426 enim
789 4386 893 4443 per
913 4369 1172 4426 divinam
1196 4369 1447 4442 gratiam
1465 4370 1799 4442 compuncti
1825 4371 1898 4427 ab

225 4461 390 4538 ipsis
420 4459 676 4534 peccatis
708 4457 1084 4531 resipiscunt,
1106 4474 1286 4531 seque
1317 4457 1480 4532 ipsos
1509 4458 1770 4516 assiduis
1802 4460 1900 4517 ile-

2009 3303 2349 3378 spiritaliter
2381 3303 2609 3375 Moyses
2627 3317 2868 3358 manum
2888 3318 3064 3376 super
3091 3299 3300 3364 Filiam.
3330 3299 3664 3359 defunctam

2009 3395 2308 3466 imponere
2338 3390 2823 3468 rogavit,quando
2855 3388 3277 3446 incarnationis
3298 3387 3665 3459 Dominimy—

2009 3483 2254 3541 sterium
2284 3480 2502 3538 Judaeis
2553 3479 2925 3553 praedicabat,
2975 3478 3215 3534 dicens:
3250 3501 3277 3527 ‹‹
3314 3476 3664 3549 Prophetam

2007 3572 2174 3630 vobis
2205 3569 2519 3628 suscitabit
2549 3574 2700 3625 Deus
2730 3568 2801 3623 de
2831 3565 3113 3624 fratribus
3139 3565 3350 3623 vestris
3379 3569 3670 3636 tanquam.

2011 3678 2123 3730 me,
2183 3659 2381 3733 ipsum
2439 3657 2692 3714 audietis
2725 3659 2900 3728 (Deut.
2958 3657 3142 3729 xvm),
3180 3678 3203 3705 ιι
3258 3656 3428 3727 juxta
3466 3652 3668 3718 omnia

2011 3768 2138 3823 quae
2171 3749 2398 3806 locutus
2430 3746 2607 3802 fuerit
2659 3745 2846 3802 vobis.
2880 3745 2949 3800 Et
2992 3745 3130 3818 quia
3181 3742 3522 3800 adveniente
3551 3740 3667 3814 ple-

2010 3837 2278 3896 nitudine
2311 3834 2613 3908 temporis,
2661 3851 2776 3890 non
2827 3833 3020 3889 solum
3065 3833 3135 3888 de
3193 3837 3498 3906 Synagoga
3541 3847 3664 3886 car-

2019 3944 2153 3984 nem
2185 3941 2506 3991 assumere,
2559 3923 2661 3980 sed
2719 3923 2898 3980 etiam
2950 3923 3134 3980 Deum
3190 3922 3342 3978 inter
3395 3919 3664 3977 homines

2013 4013 2321 4073 visibiliter
2351 4030 2413 4069 se
2439 4013 2714 4086 dignatus
2745 4015 2834 4068 est
2881 4012 3314 4080 demonstrare,
3345 4014 3498 4066 recte
3524 4009 3664 4065 sub-

2005 4104 2307 4178 jungitur:

2083 4217 2110 4245 «
2144 4193 2212 4249 Et
2241 4207 2492 4264 surgens
2517 4189 2694 4245 Jesus
2723 4187 3080 4259 sequebatur
3108 4203 3266 4257 eum,
3299 4188 3356 4240 et
3386 4184 3660 4258 discipuli

2009 4307 2036 4335 ‹‹
2071 4283 2120 4355 ej
2130 4281 2293 4339 us.Et
2316 4296 2447 4336 ecce
2459 4277 2821 4349 mulier,quee
2835 4275 3142 4348 sanguinis
3156 4275 3380 4330 fluxum
3394 4274 3660 4346 patieba-

2008 4395 2035 4424 ‹‹
2067 4377 2164 4428 tur
2192 4367 2501 4426 duodecim
2532 4365 2727 4434 annis,
2747 4365 2994 4421 accessit
3017 4368 3190 4431 retro,
3221 4367 3280 4419 et
3309 4361 3498 4434 tetigit
3528 4363 3660 4420 fim-

2007 4484 2034 4510 ‹‹
2069 4459 2258 4516 briam
2280 4453 2613 4514 vestimenti
2634 4455 2784 4526 ejus.
2822 4477 2843 4503 ι
2879 4453 3040 4509 Sicut
3069 4449 3515 4525 arcbisynagogi
3542 4449 3668 4508 (ilia.

223 4553 402 4607 tibus
451 4553 508 4608 et
557 4546 920 4621 longioribus
957 4546 1205 4623 jejuuiis
1261 4551 1581 4616 macerant,
1623 4546 1905 4622 largiores
1935 4567 1990 4632 ι)
2015 4549 2381 4622 Synagogam
2405 4542 2858 4632 signiticet,sic«
2895 4541 3515 4632 mulier,quaetluxum
3532 4556 3664 4632 san-

225 4640 647 4710 eleemosynas
668 4636 1021 4712 tribuunt,et
1051 4657 1079 4688 ι(
1102 4636 1203 4692 ubi
1225 4636 1544 4694 abundavit
1573 4642 1902 4712 peccatum,
1935 4627 1971 4632 ἡ
2013 4637 2210 4711 guinis
2228 4635 2558 4710 patiebatur
2573 4631 2882 4688 duodecim
2898 4632 3123 4700 annis,»
3138 4630 3436 4704 significat
3465 4627 3662 4683 Eccle—

227 4724 746 4805 superabundavit
773 4726 964 4801 gratia
991 4727 1162 4789 (Rom.
1194 4729 1273 4796 v),
1306 4748 1334 4774 »
1366 4730 1423 4781 et
1465 4725 1619 4794 sicut
1647 4727 1901 4801 prompti

227 4814 570 4878 fueruntad
590 4813 1066 4889 peccandum,sic
1083 4814 1473 4887 promptiores
1491 4815 1610 4873 sint
1627 4815 1699 4871 ad
1720 4817 1903 4888 paeni-

228 4906 513 4966 tendum.
547 4902 659 4962 Sed
691 4918 848 4965 nunc
877 4901 1018 4974 quid
1049 4903 1322 4978 princeps
1351 4902 1440 4958 vel
1471 4902 1588 4958 ﬁlia
1619 4904 1768 4975 ejus,
1795 4922 1899 4977 pro

231 5012 362 5068 qua
389 4996 709 5068 rogaturus
738 4991 1304 5070 venerat,allegorice
1327 4991 1684 5065 significent,
1705 4993 1899 5051 videa-

233 5099 401 5140 mus.
432 5080 529 5136 Ait
556 5080 714 5154 enim
743 5079 1111 5154 Evangelista
1138 5097 1152 5134 :

314 5193 345 5222 «ς
381 5173 678 5244 Loqueate
705 5167 843 5228 Jesu
900 5169 972 5226 ad
1023 5169 1252 5235 turbas,
1282 5185 1415 5228 ecce
1444 5169 1716 5244 princeps
1745 5188 1900 5234 unus

237 5283 268 5312 α
304 5257 577 5326 accessit,
610 5261 669 5314 et
697 5257 964 5330 adoravit
993 5273 1153 5328 eum,
1198 5258 1434 5315 dicens:
1465 5257 1612 5316 Filia
1641 5275 1771 5315 mea
1799 5260 1899 5316 de-

237 5372 270 5399 ι‹
299 5348 511 5412 functa
536 5346 709 5404 modo
739 5349 848 5422 est,
884 5368 911 5397 »
944 5349 1002 5404 et
1029 5345 1600 5421 reliqua.Allegorice
1629 5346 1899 5420 princeps

232 5436 352 5495 iste
383 5435 628 5508 Moysen
643 5434 1129 5510 signiﬁcat.Unde
1141 5434 1290 5498 bene
1307 5435 1480 5506 juxta
1496 5435 1712 5492 Lucam
1735 5451 1902 5492 evan-

233 5525 522 5601 gelistam
550 5522 748 5583 Jairus
778 5527 868 5581 est
894 5523 1212 5598 dictus,qui
1241 5523 1659 5598 interpretatur
1679 5522 1897 5581 illumi-

234 5631 420 5689 nens,
453 5614 575 5678 sive
616 5612 984 5677 illuminatus
1012 5632 1026 5686 ;
1057 5614 1336 5690 quoniam
1395 5612 1551 5673 idem
1600 5611 1902 5691 legislator

2010 4728 2160 4784 siam
2183 4743 2251 4781 ex
2278 4721 2798 4798 gentibus.Fluxus
2820 4721 2976 4777 enim
2999 4719 3305 4792 sanguinis
3338 4714 3661 4772 immundi-

2009 4815 2152 4872 tiam
2169 4814 2460 4888 signiﬁcat
2480 4814 2870 4885 peccatorum,
2895 4810 3047 4866 sicut
3073 4826 3173 4880 per
3204 4805 3546 4879 prepbetam
3577 4803 3662 4858 di-

2011 4904 2188 4961 citur:
2209 4899 2920 4968 «Furtum,homicidium,
2944 4901 3000 4953 et
3026 4895 3379 4952 adulterium
3411 4893 3660 4954 inunda-

2009 4996 2299 5060 verunt,et
2321 4990 2564 5064 sanguis
2585 4987 2934 5060 sanguinem
2949 4985 3139 5057 tetigit
3157 4985 3297 5054 (Ose.
3323 4984 3514 5053 1v).»A
3544 4999 3660 5055 quo

2011 5084 2170 5139 ﬂuxu
2189 5077 2494 5153 sanguinis
2524 5094 2585 5134 se
2610 5075 2845 5133 liberari
2875 5075 3114 5148 optabat
3144 5072 3242 5129 ille
3272 5073 3372 5146 qui
3395 5071 3655 5130 dicebat:

2010 5195 2037 5222 ‹‹
2072 5172 2276 5228 Libera
2305 5185 2398 5228 me
2419 5168 2490 5224 de
2515 5163 3270 5238 sanguinibus,Deus,Deus
3293 5162 3502 5220 salutis
3521 5177 3659 5218 mea

2009 5261 2179 5332 (Psal.
2214 5263 2285 5328 ι).
2325 5279 2347 5307 ι
2382 5257 2508 5312 Non
2561 5259 2756 5310 autem
2808 5253 3374 5326 praetermittendum
3429 5252 3661 5308 videtur

2009 5349 2165 5423 quod
2196 5343 2567 5410 ὴωβαωιλΙίεῑι
2588 5342 2896 5398 duodecim
2918 5342 3090 5399 annis
3110 5343 3329 5404 ﬂuxum
3352 5339 3658 5415 sanguinis

2008 5437 2357 5512 patiebatur,
2393 5457 2421 5483 »
2448 5437 2513 5489 ut
2558 5431 2714 5489 enim
2765 5431 3130 5505 evangelista:
3174 5432 3654 5494 commemorant,

2007 5527 2204 5602 puella
2214 5525 2335 5583 hinc
2352 5521 2798 5596 archisynagogi
2823 5520 2944 5578 {ilia
2964 5521 3271 5580 duodecim
3290 5535 3474 5576 annos
3486 5516 3656 5572 habe-

2007 5616 2106 5674 bat
2130 5610 2715 5680 (etatis,considerata
2741 5625 2878 5689 ergo
2903 5612 3150 5689 utraque
3170 5607 3651 5676 lectione,cogno-
