  <div class='ocr_page' id='page_1' title='image "/cluster/home/n/w/nwhite01/storage/ocr_20150623/118/hvd.32044073505158/376.png"; bbox 0 0 4060 6178; ppageno 0'>
   <div class='ocr_carea' id='block_1_1' title="bbox 220 327 337 384">
    <p class='ocr_par' dir='ltr' id='par_1_1' title="bbox 220 327 337 384">
     <span class='ocr_line' id='line_1_1' title="bbox 220 327 337 384; baseline 0.017 -2"><span class='ocrx_word' id='word_1_1' title='bbox 220 327 337 384; x_wconf 71' lang='grc'>741</span> 
     </span>
    </p>
   </div>
   <div class='ocr_carea' id='block_1_2' title="bbox 1479 321 2416 386">
    <p class='ocr_par' dir='ltr' id='par_1_2' title="bbox 1479 321 2416 386">
     <span class='ocr_line' id='line_1_2' title="bbox 1479 321 2416 386; baseline 0.003 -4"><span class='ocrx_word' id='word_1_2' title='bbox 1479 321 1830 384; x_wconf 66' lang='lat' dir='ltr'>HOMlleﬁ</span> <span class='ocrx_word' id='word_1_3' title='bbox 1871 323 1973 384; x_wconf 84' lang='lat' dir='ltr'>DE</span> <span class='ocrx_word' id='word_1_4' title='bbox 2017 321 2416 386; x_wconf 80' lang='lat' dir='ltr'>TEMPORE.</span> 
     </span>
    </p>
   </div>
   <div class='ocr_carea' id='block_1_3' title="bbox 3525 326 3643 385">
    <p class='ocr_par' dir='ltr' id='par_1_3' title="bbox 3525 326 3643 385">
     <span class='ocr_line' id='line_1_3' title="bbox 3525 326 3643 385; baseline 0.025 -3"><span class='ocrx_word' id='word_1_5' title='bbox 3525 326 3643 385; x_wconf 73' lang='grc'>742</span> 
     </span>
    </p>
   </div>
   <div class='ocr_carea' id='block_1_4' title="bbox 221 453 3647 530">
    <p class='ocr_par' dir='ltr' id='par_1_4' title="bbox 221 453 3647 530">
     <span class='ocr_line' id='line_1_4' title="bbox 221 453 3647 530; baseline 0.001 -20"><span class='ocrx_word' id='word_1_6' title='bbox 221 454 596 529; x_wconf 64' lang='grc' dir='ltr'>ρτωᾶίεαὺιιῐ,</span> <span class='ocrx_word' id='word_1_7' title='bbox 617 454 788 509; x_wconf 83' lang='lat' dir='ltr'>fidem</span> <span class='ocrx_word' id='word_1_8' title='bbox 804 454 1066 526; x_wconf 89' lang='lat' dir='ltr'>gentium</span> <span class='ocrx_word' id='word_1_9' title='bbox 1083 453 1766 528; x_wconf 88' lang='lat' dir='ltr'>approbabat,sicutipse</span> <span class='ocrx_word' id='word_1_10' title='bbox 1780 453 1878 511; x_wconf 91' lang='lat' dir='ltr'>ali-</span> <span class='ocrx_word' id='word_1_11' title='bbox 1906 455 1962 523; x_wconf 82' lang='grc' dir='ltr'><strong>Α</strong></span> <span class='ocrx_word' id='word_1_12' title='bbox 1994 456 2196 529; x_wconf 77' lang='lat' dir='ltr'>(Matth.</span> <span class='ocrx_word' id='word_1_13' title='bbox 2227 457 2347 527; x_wconf 84' lang='lat' dir='ltr'>xu).</span> <span class='ocrx_word' id='word_1_14' title='bbox 2387 480 2414 506; x_wconf 83' lang='lat'>»</span> <span class='ocrx_word' id='word_1_15' title='bbox 2448 458 2558 514; x_wconf 88' lang='lat' dir='ltr'>Sed</span> <span class='ocrx_word' id='word_1_16' title='bbox 2591 457 2872 530; x_wconf 84' lang='lat' dir='ltr'>quaeritur</span> <span class='ocrx_word' id='word_1_17' title='bbox 2896 473 3075 530; x_wconf 91' lang='lat' dir='ltr'>quare</span> <span class='ocrx_word' id='word_1_18' title='bbox 3109 457 3230 529; x_wconf 91' lang='lat' dir='ltr'>ipse</span> <span class='ocrx_word' id='word_1_19' title='bbox 3265 457 3543 513; x_wconf 83' lang='lat' dir='ltr'>Dominus</span> <span class='ocrx_word' id='word_1_20' title='bbox 3565 456 3647 515; x_wconf 87' lang='lat' dir='ltr'>di-</span> 
     </span>
    </p>
   </div>
   <div class='ocr_carea' id='block_1_5' title="bbox 221 543 1889 610">
    <p class='ocr_par' dir='ltr' id='par_1_5' title="bbox 221 543 1889 610">
     <span class='ocr_line' id='line_1_5' title="bbox 221 543 1889 610; baseline -0.001 -9"><span class='ocrx_word' id='word_1_21' title='bbox 221 544 362 601; x_wconf 88' lang='lat' dir='ltr'>bide</span> <span class='ocrx_word' id='word_1_22' title='bbox 378 543 1513 610; x_wconf 81' lang='lat' dir='ltr'>centurioneait:«Amendicovobis,non</span> <span class='ocrx_word' id='word_1_23' title='bbox 1542 544 1731 600; x_wconf 86' lang='lat' dir='ltr'>inveni</span> <span class='ocrx_word' id='word_1_24' title='bbox 1768 550 1889 600; x_wconf 88' lang='lat' dir='ltr'>tan-</span> 
     </span>
    </p>
   </div>
   <div class='ocr_carea' id='block_1_6' title="bbox 220 630 1886 706">
    <p class='ocr_par' dir='ltr' id='par_1_6' title="bbox 220 630 1886 706">
     <span class='ocr_line' id='line_1_6' title="bbox 220 630 1886 706; baseline 0.001 -18"><span class='ocrx_word' id='word_1_25' title='bbox 220 639 342 690; x_wconf 89' lang='lat' dir='ltr'>tam</span> <span class='ocrx_word' id='word_1_26' title='bbox 375 634 553 689; x_wconf 78' lang='lat' dir='ltr'>fidem</span> <span class='ocrx_word' id='word_1_27' title='bbox 575 631 633 688; x_wconf 89' lang='lat' dir='ltr'>in</span> <span class='ocrx_word' id='word_1_28' title='bbox 659 630 835 688; x_wconf 86' lang='lat' dir='ltr'>Israel</span> <span class='ocrx_word' id='word_1_29' title='bbox 852 632 1057 704; x_wconf 72' lang='lat' dir='ltr'>(Matth.</span> <span class='ocrx_word' id='word_1_30' title='bbox 1073 633 1216 705; x_wconf 86' lang='lat' dir='ltr'>vm).</span> <span class='ocrx_word' id='word_1_31' title='bbox 1235 656 1262 682; x_wconf 85' lang='lat'>»</span> <span class='ocrx_word' id='word_1_32' title='bbox 1276 632 1438 689; x_wconf 90' lang='lat' dir='ltr'>Unde</span> <span class='ocrx_word' id='word_1_33' title='bbox 1451 633 1764 706; x_wconf 87' lang='lat' dir='ltr'>etapostoli</span> <span class='ocrx_word' id='word_1_34' title='bbox 1783 633 1886 689; x_wconf 91' lang='lat' dir='ltr'>Ju-</span> 
     </span>
    </p>
   </div>
   <div class='ocr_carea' id='block_1_7' title="bbox 221 720 1881 795">
    <p class='ocr_par' dir='ltr' id='par_1_7' title="bbox 221 720 1881 795">
     <span class='ocr_line' id='line_1_7' title="bbox 221 720 1881 795; baseline 0 -17"><span class='ocrx_word' id='word_1_35' title='bbox 221 721 648 779; x_wconf 63' lang='lat' dir='ltr'>dazisdixerunt</span> <span class='ocrx_word' id='word_1_36' title='bbox 664 739 714 777; x_wconf 82' lang='grc'>;‹‹</span> <span class='ocrx_word' id='word_1_37' title='bbox 729 720 906 777; x_wconf 86' lang='lat' dir='ltr'>Vobis</span> <span class='ocrx_word' id='word_1_38' title='bbox 921 720 1158 793; x_wconf 90' lang='lat' dir='ltr'>quidem</span> <span class='ocrx_word' id='word_1_39' title='bbox 1172 726 1509 794; x_wconf 81' lang='lat' dir='ltr'>oportuerat</span> <span class='ocrx_word' id='word_1_40' title='bbox 1520 722 1777 795; x_wconf 89' lang='lat' dir='ltr'>primum</span> <span class='ocrx_word' id='word_1_41' title='bbox 1792 721 1881 778; x_wconf 85' lang='lat' dir='ltr'>lo-</span> 
     </span>
    </p>
   </div>
   <div class='ocr_carea' id='block_1_8' title="bbox 223 809 1885 885">
    <p class='ocr_par' dir='ltr' id='par_1_8' title="bbox 223 809 1885 885">
     <span class='ocr_line' id='line_1_8' title="bbox 223 809 1885 885; baseline 0 -18"><span class='ocrx_word' id='word_1_42' title='bbox 223 811 325 885; x_wconf 88' lang='lat' dir='ltr'>qui</span> <span class='ocrx_word' id='word_1_43' title='bbox 347 811 590 866; x_wconf 81' lang='lat' dir='ltr'>verbum</span> <span class='ocrx_word' id='word_1_44' title='bbox 616 809 739 870; x_wconf 85' lang='lat' dir='ltr'><strong>Dei.</strong></span> <span class='ocrx_word' id='word_1_45' title='bbox 759 811 862 866; x_wconf 93' lang='lat' dir='ltr'>sed</span> <span class='ocrx_word' id='word_1_46' title='bbox 886 811 1025 883; x_wconf 83' lang='lat' dir='ltr'>quia</span> <span class='ocrx_word' id='word_1_47' title='bbox 1047 810 1326 883; x_wconf 88' lang='lat' dir='ltr'>repellitis</span> <span class='ocrx_word' id='word_1_48' title='bbox 1353 809 1518 880; x_wconf 88' lang='lat' dir='ltr'>illud,</span> <span class='ocrx_word' id='word_1_49' title='bbox 1535 814 1592 866; x_wconf 92' lang='lat' dir='ltr'>et</span> <span class='ocrx_word' id='word_1_50' title='bbox 1612 810 1885 884; x_wconf 88' lang='lat' dir='ltr'>indignos</span> 
     </span>
    </p>
   </div>
   <div class='ocr_carea' id='block_1_9' title="bbox 223 897 1886 973">
    <p class='ocr_par' dir='ltr' id='par_1_9' title="bbox 223 897 1886 973">
     <span class='ocr_line' id='line_1_9' title="bbox 223 897 1886 973; baseline 0.001 -19"><span class='ocrx_word' id='word_1_51' title='bbox 223 917 324 956; x_wconf 89' lang='lat' dir='ltr'>vos</span> <span class='ocrx_word' id='word_1_52' title='bbox 328 897 615 972; x_wconf 89' lang='lat' dir='ltr'>judicatis</span> <span class='ocrx_word' id='word_1_53' title='bbox 631 903 857 954; x_wconf 65' lang='lat' dir='ltr'>aeternae</span> <span class='ocrx_word' id='word_1_54' title='bbox 873 898 1019 965; x_wconf 65' lang='lat' dir='ltr'>vitae,</span> <span class='ocrx_word' id='word_1_55' title='bbox 1035 915 1166 954; x_wconf 90' lang='lat' dir='ltr'>ecce</span> <span class='ocrx_word' id='word_1_56' title='bbox 1181 899 1576 955; x_wconf 83' lang='lat' dir='ltr'>convertimur</span> <span class='ocrx_word' id='word_1_57' title='bbox 1588 899 1658 954; x_wconf 90' lang='lat' dir='ltr'>ad</span> <span class='ocrx_word' id='word_1_58' title='bbox 1683 905 1886 973; x_wconf 83' lang='lat' dir='ltr'>gentes</span> 
     </span>
    </p>
   </div>
   <div class='ocr_carea' id='block_1_10' title="bbox 225 987 1888 1062">
    <p class='ocr_par' dir='ltr' id='par_1_10' title="bbox 225 987 1888 1062">
     <span class='ocr_line' id='line_1_10' title="bbox 225 987 1888 1062; baseline 0.002 -21"><span class='ocrx_word' id='word_1_59' title='bbox 225 990 357 1062; x_wconf 78' lang='lat' dir='ltr'>(Act.</span> <span class='ocrx_word' id='word_1_60' title='bbox 373 988 512 1060; x_wconf 88' lang='lat' dir='ltr'>xm).</span> <span class='ocrx_word' id='word_1_61' title='bbox 535 988 877 1044; x_wconf 73' lang='lat' dir='ltr'>nManifeste</span> <span class='ocrx_word' id='word_1_62' title='bbox 891 987 1065 1043; x_wconf 90' lang='lat' dir='ltr'>etiam</span> <span class='ocrx_word' id='word_1_63' title='bbox 1085 989 1274 1060; x_wconf 91' lang='lat' dir='ltr'>major</span> <span class='ocrx_word' id='word_1_64' title='bbox 1297 989 1439 1044; x_wconf 82' lang='lat' dir='ltr'>ﬁdes</span> <span class='ocrx_word' id='word_1_65' title='bbox 1461 987 1722 1044; x_wconf 85' lang='lat' dir='ltr'>mulieris</span> <span class='ocrx_word' id='word_1_66' title='bbox 1736 1006 1888 1044; x_wconf 86' lang='lat' dir='ltr'>com-</span> 
     </span>
    </p>
   </div>
   <div class='ocr_carea' id='block_1_11' title="bbox 225 1076 1884 1152">
    <p class='ocr_par' dir='ltr' id='par_1_11' title="bbox 225 1076 1884 1152">
     <span class='ocr_line' id='line_1_11' title="bbox 225 1076 1884 1152; baseline -0.001 -19"><span class='ocrx_word' id='word_1_67' title='bbox 225 1077 531 1152; x_wconf 77' lang='lat' dir='ltr'>probatur,</span> <span class='ocrx_word' id='word_1_68' title='bbox 550 1093 726 1149; x_wconf 90' lang='lat' dir='ltr'>quam</span> <span class='ocrx_word' id='word_1_69' title='bbox 744 1076 1190 1150; x_wconf 80' lang='lat' dir='ltr'>archisynagogi</span> <span class='ocrx_word' id='word_1_70' title='bbox 1207 1095 1219 1132; x_wconf 90' lang='lat'>:</span> <span class='ocrx_word' id='word_1_71' title='bbox 1239 1077 1519 1150; x_wconf 88' lang='lat' dir='ltr'>quoniam</span> <span class='ocrx_word' id='word_1_72' title='bbox 1533 1094 1665 1133; x_wconf 92' lang='lat' dir='ltr'>cum</span> <span class='ocrx_word' id='word_1_73' title='bbox 1691 1076 1884 1134; x_wconf 89' lang='lat' dir='ltr'>archi-</span> 
     </span>
    </p>
   </div>
   <div class='ocr_carea' id='block_1_12' title="bbox 225 1163 1884 1240">
    <p class='ocr_par' dir='ltr' id='par_1_12' title="bbox 225 1163 1884 1240">
     <span class='ocr_line' id='line_1_12' title="bbox 225 1163 1884 1240; baseline 0 -18"><span class='ocrx_word' id='word_1_74' title='bbox 225 1182 562 1240; x_wconf 74' lang='lat' dir='ltr'>synagogns</span> <span class='ocrx_word' id='word_1_75' title='bbox 575 1163 890 1221; x_wconf 90' lang='lat' dir='ltr'>Dominum</span> <span class='ocrx_word' id='word_1_76' title='bbox 917 1166 987 1221; x_wconf 90' lang='lat' dir='ltr'>ad</span> <span class='ocrx_word' id='word_1_77' title='bbox 1015 1167 1255 1222; x_wconf 89' lang='lat' dir='ltr'>domum</span> <span class='ocrx_word' id='word_1_78' title='bbox 1281 1183 1449 1222; x_wconf 89' lang='lat' dir='ltr'>suam</span> <span class='ocrx_word' id='word_1_79' title='bbox 1470 1166 1664 1223; x_wconf 81' lang='lat' dir='ltr'>venire</span> <span class='ocrx_word' id='word_1_80' title='bbox 1686 1183 1884 1240; x_wconf 87' lang='lat' dir='ltr'>rogas-</span> 
     </span>
    </p>
   </div>
   <div class='ocr_carea' id='block_1_13' title="bbox 227 1254 1884 1322">
    <p class='ocr_par' dir='ltr' id='par_1_13' title="bbox 227 1254 1884 1322">
     <span class='ocr_line' id='line_1_13' title="bbox 227 1254 1884 1322; baseline 0 -11"><span class='ocrx_word' id='word_1_81' title='bbox 227 1261 334 1322; x_wconf 86' lang='lat' dir='ltr'>set,</span> <span class='ocrx_word' id='word_1_82' title='bbox 350 1255 477 1311; x_wconf 88' lang='lat' dir='ltr'>etin</span> <span class='ocrx_word' id='word_1_83' title='bbox 493 1255 696 1310; x_wconf 84' lang='lat' dir='ltr'>itinere</span> <span class='ocrx_word' id='word_1_84' title='bbox 709 1255 902 1311; x_wconf 91' lang='lat' dir='ltr'>eundo</span> <span class='ocrx_word' id='word_1_85' title='bbox 923 1254 1012 1310; x_wconf 88' lang='lat' dir='ltr'>vel</span> <span class='ocrx_word' id='word_1_86' title='bbox 1038 1255 1336 1311; x_wconf 89' lang='lat' dir='ltr'>redeundo</span> <span class='ocrx_word' id='word_1_87' title='bbox 1358 1273 1491 1311; x_wconf 92' lang='lat' dir='ltr'>eum</span> <span class='ocrx_word' id='word_1_88' title='bbox 1517 1255 1780 1313; x_wconf 82' lang='lat' dir='ltr'>laborare</span> <span class='ocrx_word' id='word_1_89' title='bbox 1807 1255 1884 1311; x_wconf 89' lang='lat' dir='ltr'>fe-</span> 
     </span>
    </p>
   </div>
   <div class='ocr_carea' id='block_1_14' title="bbox 227 1343 1886 1416">
    <p class='ocr_par' dir='ltr' id='par_1_14' title="bbox 227 1343 1886 1416">
     <span class='ocr_line' id='line_1_14' title="bbox 227 1343 1886 1416; baseline -0.001 -16"><span class='ocrx_word' id='word_1_90' title='bbox 227 1346 425 1411; x_wconf 85' lang='lat' dir='ltr'>cisset,</span> <span class='ocrx_word' id='word_1_91' title='bbox 444 1343 654 1400; x_wconf 91' lang='lat' dir='ltr'>mulier</span> <span class='ocrx_word' id='word_1_92' title='bbox 665 1345 915 1416; x_wconf 85' lang='lat' dir='ltr'>perfecte</span> <span class='ocrx_word' id='word_1_93' title='bbox 928 1344 1192 1411; x_wconf 84' lang='lat' dir='ltr'>credens,</span> <span class='ocrx_word' id='word_1_94' title='bbox 1211 1343 1356 1399; x_wconf 88' lang='lat' dir='ltr'>nihil</span> <span class='ocrx_word' id='word_1_95' title='bbox 1375 1361 1508 1399; x_wconf 90' lang='lat' dir='ltr'>eum</span> <span class='ocrx_word' id='word_1_96' title='bbox 1523 1344 1786 1400; x_wconf 86' lang='lat' dir='ltr'>laborare</span> <span class='ocrx_word' id='word_1_97' title='bbox 1802 1344 1886 1399; x_wconf 87' lang='lat' dir='ltr'>fe-</span> 
     </span>
    </p>
   </div>
   <div class='ocr_carea' id='block_1_15' title="bbox 228 1431 1884 1506">
    <p class='ocr_par' dir='ltr' id='par_1_15' title="bbox 228 1431 1884 1506">
     <span class='ocr_line' id='line_1_15' title="bbox 228 1431 1884 1506; baseline -0.001 -17"><span class='ocrx_word' id='word_1_98' title='bbox 228 1434 324 1501; x_wconf 90' lang='lat' dir='ltr'>cit,</span> <span class='ocrx_word' id='word_1_99' title='bbox 345 1434 446 1490; x_wconf 92' lang='lat' dir='ltr'>sed</span> <span class='ocrx_word' id='word_1_100' title='bbox 462 1437 691 1488; x_wconf 88' lang='lat' dir='ltr'>tantum</span> <span class='ocrx_word' id='word_1_101' title='bbox 714 1431 1006 1489; x_wconf 82' lang='lat' dir='ltr'>fimbriam</span> <span class='ocrx_word' id='word_1_102' title='bbox 1020 1432 1355 1489; x_wconf 81' lang='lat' dir='ltr'>vestimenti</span> <span class='ocrx_word' id='word_1_103' title='bbox 1371 1433 1580 1506; x_wconf 85' lang='lat' dir='ltr'>tetigit.</span> <span class='ocrx_word' id='word_1_104' title='bbox 1600 1433 1709 1488; x_wconf 89' lang='lat' dir='ltr'>Sed</span> <span class='ocrx_word' id='word_1_105' title='bbox 1727 1436 1884 1506; x_wconf 88' lang='lat' dir='ltr'>post-</span> 
     </span>
    </p>
   </div>
   <div class='ocr_carea' id='block_1_16' title="bbox 229 1519 1885 1595">
    <p class='ocr_par' dir='ltr' id='par_1_16' title="bbox 229 1519 1885 1595">
     <span class='ocr_line' id='line_1_16' title="bbox 229 1519 1885 1595; baseline 0 -19"><span class='ocrx_word' id='word_1_106' title='bbox 229 1539 407 1595; x_wconf 88' lang='lat' dir='ltr'>quam</span> <span class='ocrx_word' id='word_1_107' title='bbox 423 1521 707 1578; x_wconf 86' lang='lat' dir='ltr'>Dominus</span> <span class='ocrx_word' id='word_1_108' title='bbox 722 1521 1026 1577; x_wconf 87' lang='lat' dir='ltr'>mulierem</span> <span class='ocrx_word' id='word_1_109' title='bbox 1044 1520 1102 1576; x_wconf 90' lang='lat' dir='ltr'>in</span> <span class='ocrx_word' id='word_1_110' title='bbox 1120 1519 1326 1578; x_wconf 87' lang='lat' dir='ltr'>itinere</span> <span class='ocrx_word' id='word_1_111' title='bbox 1339 1521 1580 1589; x_wconf 92' lang='lat' dir='ltr'>curavit,</span> <span class='ocrx_word' id='word_1_112' title='bbox 1598 1521 1779 1577; x_wconf 81' lang='lat' dir='ltr'>filiam</span> <span class='ocrx_word' id='word_1_113' title='bbox 1793 1539 1885 1577; x_wconf 88' lang='lat' dir='ltr'>ar-</span> 
     </span>
    </p>
   </div>
   <div class='ocr_carea' id='block_1_17' title="bbox 229 1609 1884 1684">
    <p class='ocr_par' dir='ltr' id='par_1_17' title="bbox 229 1609 1884 1684">
     <span class='ocr_line' id='line_1_17' title="bbox 229 1609 1884 1684; baseline -0.001 -18"><span class='ocrx_word' id='word_1_114' title='bbox 229 1609 608 1684; x_wconf 74' lang='lat' dir='ltr'>chisynagogi</span> <span class='ocrx_word' id='word_1_115' title='bbox 644 1610 700 1666; x_wconf 91' lang='lat' dir='ltr'>in</span> <span class='ocrx_word' id='word_1_116' title='bbox 735 1610 907 1666; x_wconf 91' lang='lat' dir='ltr'>domo</span> <span class='ocrx_word' id='word_1_117' title='bbox 935 1609 1300 1666; x_wconf 90' lang='lat' dir='ltr'>resuscitavit</span> <span class='ocrx_word' id='word_1_118' title='bbox 1326 1611 1496 1682; x_wconf 89' lang='lat' dir='ltr'>:quia</span> <span class='ocrx_word' id='word_1_119' title='bbox 1524 1610 1678 1666; x_wconf 89' lang='lat' dir='ltr'>circa</span> <span class='ocrx_word' id='word_1_120' title='bbox 1710 1610 1884 1665; x_wconf 87' lang='lat' dir='ltr'>finem</span> 
     </span>
    </p>
   </div>
   <div class='ocr_carea' id='block_1_18' title="bbox 229 1697 1885 1773">
    <p class='ocr_par' dir='ltr' id='par_1_18' title="bbox 229 1697 1885 1773">
     <span class='ocr_line' id='line_1_18' title="bbox 229 1697 1885 1773; baseline -0.002 -17"><span class='ocrx_word' id='word_1_121' title='bbox 229 1699 429 1756; x_wconf 69' lang='lat' dir='ltr'>saeculi</span> <span class='ocrx_word' id='word_1_122' title='bbox 463 1700 771 1773; x_wconf 84' lang='lat' dir='ltr'>Synagoga</span> <span class='ocrx_word' id='word_1_123' title='bbox 800 1698 1096 1756; x_wconf 87' lang='lat' dir='ltr'>creditura</span> <span class='ocrx_word' id='word_1_124' title='bbox 1125 1700 1416 1770; x_wconf 89' lang='lat' dir='ltr'>est,juxta</span> <span class='ocrx_word' id='word_1_125' title='bbox 1446 1697 1591 1754; x_wconf 93' lang='lat' dir='ltr'>illud</span> <span class='ocrx_word' id='word_1_126' title='bbox 1625 1697 1885 1770; x_wconf 89' lang='lat' dir='ltr'>Apostoli</span> 
     </span>
    </p>
   </div>
   <div class='ocr_carea' id='block_1_19' title="bbox 229 1787 1964 1892">
    <p class='ocr_par' dir='ltr' id='par_1_19' title="bbox 229 1787 1964 1892">
     <span class='ocr_line' id='line_1_19' title="bbox 229 1787 1964 1892; baseline -0.002 -46"><span class='ocrx_word' id='word_1_127' title='bbox 229 1793 407 1858; x_wconf 82' lang='lat' dir='ltr'>(Rom.</span> <span class='ocrx_word' id='word_1_128' title='bbox 441 1789 552 1859; x_wconf 80' lang='lat' dir='ltr'>xl):</span> <span class='ocrx_word' id='word_1_129' title='bbox 577 1788 722 1844; x_wconf 90' lang='lat' dir='ltr'>Cum</span> <span class='ocrx_word' id='word_1_130' title='bbox 755 1813 780 1833; x_wconf 76' lang='grc' dir='ltr'><em>υ</em></span> <span class='ocrx_word' id='word_1_131' title='bbox 820 1788 1120 1860; x_wconf 81' lang='lat' dir='ltr'>plenitudo</span> <span class='ocrx_word' id='word_1_132' title='bbox 1151 1789 1416 1860; x_wconf 87' lang='lat' dir='ltr'>gentium</span> <span class='ocrx_word' id='word_1_133' title='bbox 1450 1787 1884 1854; x_wconf 84' lang='lat' dir='ltr'>subintraverit,</span> <span class='ocrx_word' id='word_1_134' title='bbox 1917 1827 1964 1892; x_wconf 81' lang='grc' dir='ltr'><strong>Β</strong></span> 
     </span>
    </p>
   </div>
   <div class='ocr_carea' id='block_1_20' title="bbox 232 1876 1885 1934">
    <p class='ocr_par' dir='ltr' id='par_1_20' title="bbox 232 1876 1885 1934">
     <span class='ocr_line' id='line_1_20' title="bbox 232 1876 1885 1934; baseline -0.001 0"><span class='ocrx_word' id='word_1_135' title='bbox 232 1884 367 1934; x_wconf 87' lang='lat' dir='ltr'>tunc</span> <span class='ocrx_word' id='word_1_136' title='bbox 400 1878 594 1934; x_wconf 90' lang='lat' dir='ltr'>omnis</span> <span class='ocrx_word' id='word_1_137' title='bbox 627 1877 800 1933; x_wconf 84' lang='lat' dir='ltr'>Israel</span> <span class='ocrx_word' id='word_1_138' title='bbox 857 1876 1054 1934; x_wconf 86' lang='lat' dir='ltr'>salvus</span> <span class='ocrx_word' id='word_1_139' title='bbox 1091 1877 1206 1932; x_wconf 80' lang='lat' dir='ltr'>fiet.</span> <span class='ocrx_word' id='word_1_140' title='bbox 1247 1901 1272 1924; x_wconf 87' lang='grc'><strong>››</strong></span> <span class='ocrx_word' id='word_1_141' title='bbox 1305 1878 1373 1932; x_wconf 86' lang='lat' dir='ltr'>Et</span> <span class='ocrx_word' id='word_1_142' title='bbox 1403 1877 1616 1933; x_wconf 88' lang='lat' dir='ltr'>iterum</span> <span class='ocrx_word' id='word_1_143' title='bbox 1655 1895 1665 1932; x_wconf 90' lang='lat'>:</span> <span class='ocrx_word' id='word_1_144' title='bbox 1704 1899 1730 1925; x_wconf 87' lang='grc'>‹‹</span> <span class='ocrx_word' id='word_1_145' title='bbox 1760 1877 1885 1932; x_wconf 90' lang='lat' dir='ltr'>Non</span> 
     </span>
    </p>
   </div>
   <div class='ocr_carea' id='block_1_21' title="bbox 233 1963 1886 2038">
    <p class='ocr_par' dir='ltr' id='par_1_21' title="bbox 233 1963 1886 2038">
     <span class='ocr_line' id='line_1_21' title="bbox 233 1963 1886 2038; baseline -0.001 -18"><span class='ocrx_word' id='word_1_146' title='bbox 233 1967 399 2038; x_wconf 91' lang='lat' dir='ltr'>prius</span> <span class='ocrx_word' id='word_1_147' title='bbox 429 1967 582 2037; x_wconf 90' lang='lat' dir='ltr'>quod</span> <span class='ocrx_word' id='word_1_148' title='bbox 608 1963 914 2038; x_wconf 90' lang='lat' dir='ltr'>spirituale</span> <span class='ocrx_word' id='word_1_149' title='bbox 945 1971 1053 2033; x_wconf 88' lang='lat' dir='ltr'>est,</span> <span class='ocrx_word' id='word_1_150' title='bbox 1087 1965 1187 2020; x_wconf 91' lang='lat' dir='ltr'>sed</span> <span class='ocrx_word' id='word_1_151' title='bbox 1219 1965 1374 2037; x_wconf 89' lang='lat' dir='ltr'>quod</span> <span class='ocrx_word' id='word_1_152' title='bbox 1405 1964 1638 2021; x_wconf 88' lang='lat' dir='ltr'>carnale</span> <span class='ocrx_word' id='word_1_153' title='bbox 1677 1963 1886 2020; x_wconf 86' lang='lat' dir='ltr'>deinde</span> 
     </span>
    </p>
   </div>
   <div class='ocr_carea' id='block_1_22' title="bbox 235 2053 1886 2128">
    <p class='ocr_par' dir='ltr' id='par_1_22' title="bbox 235 2053 1886 2128">
     <span class='ocr_line' id='line_1_22' title="bbox 235 2053 1886 2128; baseline -0.002 -18"><span class='ocrx_word' id='word_1_154' title='bbox 235 2056 386 2127; x_wconf 88' lang='lat' dir='ltr'>quod</span> <span class='ocrx_word' id='word_1_155' title='bbox 423 2054 728 2128; x_wconf 85' lang='lat' dir='ltr'>spirituale</span> <span class='ocrx_word' id='word_1_156' title='bbox 760 2053 810 2125; x_wconf 86' lang='grc' dir='ltr'>(Ι</span> <span class='ocrx_word' id='word_1_157' title='bbox 833 2055 953 2110; x_wconf 83' lang='lat' dir='ltr'>Cor.</span> <span class='ocrx_word' id='word_1_158' title='bbox 980 2054 1094 2125; x_wconf 84' lang='lat' dir='ltr'>xv),</span> <span class='ocrx_word' id='word_1_159' title='bbox 1122 2077 1149 2103; x_wconf 90' lang='grc'><strong>››</strong></span> <span class='ocrx_word' id='word_1_160' title='bbox 1182 2054 1238 2109; x_wconf 89' lang='lat' dir='ltr'>id</span> <span class='ocrx_word' id='word_1_161' title='bbox 1271 2058 1509 2122; x_wconf 87' lang='lat' dir='ltr'>est,non</span> <span class='ocrx_word' id='word_1_162' title='bbox 1544 2054 1707 2127; x_wconf 87' lang='lat' dir='ltr'>prius</span> <span class='ocrx_word' id='word_1_163' title='bbox 1741 2055 1886 2126; x_wconf 83' lang='lat' dir='ltr'>Syn-</span> 
     </span>
    </p>
   </div>
   <div class='ocr_carea' id='block_1_23' title="bbox 236 2141 1889 2217">
    <p class='ocr_par' dir='ltr' id='par_1_23' title="bbox 236 2141 1889 2217">
     <span class='ocr_line' id='line_1_23' title="bbox 236 2141 1889 2217; baseline -0.002 -17"><span class='ocrx_word' id='word_1_164' title='bbox 236 2160 419 2217; x_wconf 84' lang='lat' dir='ltr'>agoga</span> <span class='ocrx_word' id='word_1_165' title='bbox 434 2142 701 2214; x_wconf 81' lang='lat' dir='ltr'>credidit,</span> <span class='ocrx_word' id='word_1_166' title='bbox 716 2159 843 2215; x_wconf 71' lang='lat' dir='ltr'>quae</span> <span class='ocrx_word' id='word_1_167' title='bbox 858 2141 1184 2215; x_wconf 86' lang='lat' dir='ltr'>spiritualis</span> <span class='ocrx_word' id='word_1_168' title='bbox 1198 2143 1326 2210; x_wconf 87' lang='lat' dir='ltr'>luit,</span> <span class='ocrx_word' id='word_1_169' title='bbox 1344 2143 1442 2198; x_wconf 89' lang='lat' dir='ltr'>sed</span> <span class='ocrx_word' id='word_1_170' title='bbox 1461 2141 1696 2215; x_wconf 83' lang='lat' dir='ltr'>gentilis</span> <span class='ocrx_word' id='word_1_171' title='bbox 1711 2159 1889 2214; x_wconf 67' lang='lat' dir='ltr'>popu-</span> 
     </span>
    </p>
   </div>
   <div class='ocr_carea' id='block_1_24' title="bbox 237 2230 1889 2305">
    <p class='ocr_par' dir='ltr' id='par_1_24' title="bbox 237 2230 1889 2305">
     <span class='ocr_line' id='line_1_24' title="bbox 237 2230 1889 2305; baseline -0.001 -18"><span class='ocrx_word' id='word_1_172' title='bbox 237 2232 353 2301; x_wconf 91' lang='lat' dir='ltr'>lus,</span> <span class='ocrx_word' id='word_1_173' title='bbox 375 2249 503 2305; x_wconf 68' lang='lat' dir='ltr'>quaa</span> <span class='ocrx_word' id='word_1_174' title='bbox 535 2236 662 2288; x_wconf 85' lang='lat' dir='ltr'>erat</span> <span class='ocrx_word' id='word_1_175' title='bbox 693 2231 966 2289; x_wconf 77' lang='lat' dir='ltr'>animalis</span> <span class='ocrx_word' id='word_1_176' title='bbox 993 2231 1202 2288; x_wconf 90' lang='lat' dir='ltr'>deinde</span> <span class='ocrx_word' id='word_1_177' title='bbox 1234 2233 1561 2305; x_wconf 81' lang='lat' dir='ltr'>Synagoga,</span> <span class='ocrx_word' id='word_1_178' title='bbox 1595 2250 1720 2304; x_wconf 71' lang='lat' dir='ltr'>quae</span> <span class='ocrx_word' id='word_1_179' title='bbox 1783 2230 1889 2286; x_wconf 82' lang='lat' dir='ltr'>fuit</span> 
     </span>
    </p>
   </div>
   <div class='ocr_carea' id='block_1_25' title="bbox 239 2321 583 2394">
    <p class='ocr_par' dir='ltr' id='par_1_25' title="bbox 239 2321 583 2394">
     <span class='ocr_line' id='line_1_25' title="bbox 239 2321 583 2394; baseline -0.003 -17"><span class='ocrx_word' id='word_1_180' title='bbox 239 2321 583 2394; x_wconf 87' lang='lat' dir='ltr'>spiritualis.</span> 
     </span>
    </p>
   </div>
   <div class='ocr_carea' id='block_1_26' title="bbox 810 2462 1308 2519">
    <p class='ocr_par' dir='ltr' id='par_1_26' title="bbox 810 2462 1308 2519">
     <span class='ocr_line' id='line_1_26' title="bbox 810 2462 1308 2519; baseline -0.002 -1"><span class='ocrx_word' id='word_1_181' title='bbox 810 2462 1115 2519; x_wconf 82' lang='lat' dir='ltr'>HOMlLlA</span> <span class='ocrx_word' id='word_1_182' title='bbox 1153 2462 1308 2517; x_wconf 87' lang='lat' dir='ltr'>CXL.</span> 
     </span>
    </p>
   </div>
   <div class='ocr_carea' id='block_1_27' title="bbox 346 2567 1764 2608">
    <p class='ocr_par' dir='ltr' id='par_1_27' title="bbox 346 2567 1764 2608">
     <span class='ocr_line' id='line_1_27' title="bbox 346 2567 1764 2608; baseline 0 -2"><span class='ocrx_word' id='word_1_183' title='bbox 346 2567 625 2608; x_wconf 75' lang='lat' dir='ltr'>DOMINICA</span> <span class='ocrx_word' id='word_1_184' title='bbox 660 2568 930 2607; x_wconf 76' lang='lat' dir='ltr'>VIGESlMA</span> <span class='ocrx_word' id='word_1_185' title='bbox 971 2569 1142 2606; x_wconf 72' lang='lat' dir='ltr'>SEXTA</span> <span class='ocrx_word' id='word_1_186' title='bbox 1176 2568 1313 2606; x_wconf 82' lang='lat' dir='ltr'>POST</span> <span class='ocrx_word' id='word_1_187' title='bbox 1354 2567 1764 2606; x_wconf 78' lang='lat' dir='ltr'>PENTECOSTEN.</span> 
     </span>
    </p>
   </div>
   <div class='ocr_carea' id='block_1_28' title="bbox 310 2675 1892 2750">
    <p class='ocr_par' dir='ltr' id='par_1_28' title="bbox 310 2675 1892 2750">
     <span class='ocr_line' id='line_1_28' title="bbox 310 2675 1892 2750; baseline -0.001 -19"><span class='ocrx_word' id='word_1_188' title='bbox 310 2677 501 2746; x_wconf 74' lang='lat' dir='ltr'>(JOAN.</span> <span class='ocrx_word' id='word_1_189' title='bbox 534 2677 634 2750; x_wconf 82' lang='lat' dir='ltr'>v1.)</span> <span class='ocrx_word' id='word_1_190' title='bbox 667 2701 694 2726; x_wconf 86' lang='lat'>«</span> <span class='ocrx_word' id='word_1_191' title='bbox 729 2681 792 2732; x_wconf 85' lang='lat' dir='ltr'>In</span> <span class='ocrx_word' id='word_1_192' title='bbox 847 2676 944 2732; x_wconf 88' lang='lat' dir='ltr'>illo</span> <span class='ocrx_word' id='word_1_193' title='bbox 995 2682 1254 2750; x_wconf 90' lang='lat' dir='ltr'>tempore</span> <span class='ocrx_word' id='word_1_194' title='bbox 1289 2692 1300 2730; x_wconf 94' lang='lat'>:</span> <span class='ocrx_word' id='word_1_195' title='bbox 1334 2675 1480 2731; x_wconf 89' lang='lat' dir='ltr'>Cum</span> <span class='ocrx_word' id='word_1_196' title='bbox 1531 2675 1892 2731; x_wconf 81' lang='lat' dir='ltr'>sublevasset</span> 
     </span>
    </p>
   </div>
   <div class='ocr_carea' id='block_1_29' title="bbox 247 2763 1892 2837">
    <p class='ocr_par' dir='ltr' id='par_1_29' title="bbox 247 2763 1892 2837">
     <span class='ocr_line' id='line_1_29' title="bbox 247 2763 1892 2837; baseline -0.001 -16"><span class='ocrx_word' id='word_1_197' title='bbox 247 2789 271 2815; x_wconf 87' lang='lat'><strong>«</strong></span> <span class='ocrx_word' id='word_1_198' title='bbox 310 2765 509 2822; x_wconf 90' lang='lat' dir='ltr'>oculos</span> <span class='ocrx_word' id='word_1_199' title='bbox 535 2765 728 2837; x_wconf 85' lang='lat' dir='ltr'>Jesus,</span> <span class='ocrx_word' id='word_1_200' title='bbox 749 2769 805 2821; x_wconf 86' lang='lat' dir='ltr'>et</span> <span class='ocrx_word' id='word_1_201' title='bbox 833 2765 1073 2821; x_wconf 85' lang='lat' dir='ltr'>vidisset</span> <span class='ocrx_word' id='word_1_202' title='bbox 1104 2764 1419 2820; x_wconf 85' lang='lat' dir='ltr'>maximam</span> <span class='ocrx_word' id='word_1_203' title='bbox 1453 2763 1892 2820; x_wconf 88' lang='lat' dir='ltr'>multitudinem</span> 
     </span>
    </p>
   </div>
   <div class='ocr_carea' id='block_1_30' title="bbox 248 2852 1891 2926">
    <p class='ocr_par' dir='ltr' id='par_1_30' title="bbox 248 2852 1891 2926">
     <span class='ocr_line' id='line_1_30' title="bbox 248 2852 1891 2926; baseline 0.002 -21"><span class='ocrx_word' id='word_1_204' title='bbox 248 2879 275 2905; x_wconf 83' lang='lat'><strong>«</strong></span> <span class='ocrx_word' id='word_1_205' title='bbox 309 2854 636 2910; x_wconf 86' lang='lat' dir='ltr'>venientem</span> <span class='ocrx_word' id='word_1_206' title='bbox 671 2856 741 2910; x_wconf 91' lang='lat' dir='ltr'>ad</span> <span class='ocrx_word' id='word_1_207' title='bbox 775 2871 857 2920; x_wconf 92' lang='lat' dir='ltr'>se,</span> <span class='ocrx_word' id='word_1_208' title='bbox 888 2853 1032 2910; x_wconf 90' lang='lat' dir='ltr'>dicit</span> <span class='ocrx_word' id='word_1_209' title='bbox 1053 2853 1122 2909; x_wconf 89' lang='lat' dir='ltr'>ad</span> <span class='ocrx_word' id='word_1_210' title='bbox 1154 2852 1524 2926; x_wconf 87' lang='lat' dir='ltr'>Philippum:</span> <span class='ocrx_word' id='word_1_211' title='bbox 1557 2853 1720 2909; x_wconf 90' lang='lat' dir='ltr'>Unde</span> <span class='ocrx_word' id='word_1_212' title='bbox 1737 2870 1891 2910; x_wconf 85' lang='lat' dir='ltr'>eme-</span> 
     </span>
    </p>
   </div>
   <div class='ocr_carea' id='block_1_31' title="bbox 245 2939 1891 3016">
    <p class='ocr_par' dir='ltr' id='par_1_31' title="bbox 245 2939 1891 3016">
     <span class='ocr_line' id='line_1_31' title="bbox 245 2939 1891 3016; baseline -0.001 -17"><span class='ocrx_word' id='word_1_213' title='bbox 245 2968 271 2992; x_wconf 87' lang='grc'><em>‹‹</em></span> <span class='ocrx_word' id='word_1_214' title='bbox 289 2961 422 3000; x_wconf 89' lang='lat' dir='ltr'>mus</span> <span class='ocrx_word' id='word_1_215' title='bbox 435 2961 617 3016; x_wconf 85' lang='lat' dir='ltr'>panes</span> <span class='ocrx_word' id='word_1_216' title='bbox 631 2944 697 2998; x_wconf 64' lang='grc' dir='ltr'>εἴ»</span> <span class='ocrx_word' id='word_1_217' title='bbox 716 2945 785 2999; x_wconf 89' lang='lat' dir='ltr'>Et</span> <span class='ocrx_word' id='word_1_218' title='bbox 799 2942 1042 3016; x_wconf 91' lang='lat' dir='ltr'>reliqua.</span> <span class='ocrx_word' id='word_1_219' title='bbox 1062 2939 1562 3016; x_wconf 87' lang='lat' dir='ltr'>Quotieslegimus</span> <span class='ocrx_word' id='word_1_220' title='bbox 1577 2942 1891 2998; x_wconf 90' lang='lat' dir='ltr'>Dominum</span> 
     </span>
    </p>
   </div>
   <div class='ocr_carea' id='block_1_32' title="bbox 245 3030 1890 3106">
    <p class='ocr_par' dir='ltr' id='par_1_32' title="bbox 245 3030 1890 3106">
     <span class='ocr_line' id='line_1_32' title="bbox 245 3030 1890 3106; baseline -0.002 -17"><span class='ocrx_word' id='word_1_221' title='bbox 245 3051 310 3089; x_wconf 84' lang='lat' dir='ltr'>ex</span> <span class='ocrx_word' id='word_1_222' title='bbox 342 3033 547 3106; x_wconf 79' lang='lat' dir='ltr'>paucis</span> <span class='ocrx_word' id='word_1_223' title='bbox 578 3033 830 3106; x_wconf 87' lang='lat' dir='ltr'>panibus</span> <span class='ocrx_word' id='word_1_224' title='bbox 853 3031 1072 3088; x_wconf 89' lang='lat' dir='ltr'>multas</span> <span class='ocrx_word' id='word_1_225' title='bbox 1094 3033 1296 3088; x_wconf 87' lang='lat' dir='ltr'>turbas</span> <span class='ocrx_word' id='word_1_226' title='bbox 1315 3031 1622 3086; x_wconf 90' lang='lat' dir='ltr'>hominum</span> <span class='ocrx_word' id='word_1_227' title='bbox 1642 3030 1890 3104; x_wconf 89' lang='lat' dir='ltr'>pavisse,</span> 
     </span>
    </p>
   </div>
   <div class='ocr_carea' id='block_1_33' title="bbox 244 3120 1892 3194">
    <p class='ocr_par' dir='ltr' id='par_1_33' title="bbox 244 3120 1892 3194">
     <span class='ocr_line' id='line_1_33' title="bbox 244 3120 1892 3194; baseline -0.002 -17"><span class='ocrx_word' id='word_1_228' title='bbox 244 3140 359 3177; x_wconf 91' lang='lat' dir='ltr'>non</span> <span class='ocrx_word' id='word_1_229' title='bbox 399 3125 624 3178; x_wconf 87' lang='lat' dir='ltr'>tantum</span> <span class='ocrx_word' id='word_1_230' title='bbox 657 3127 747 3178; x_wconf 91' lang='lat' dir='ltr'>est</span> <span class='ocrx_word' id='word_1_231' title='bbox 787 3122 1121 3177; x_wconf 88' lang='lat' dir='ltr'>mirandum</span> <span class='ocrx_word' id='word_1_232' title='bbox 1154 3125 1444 3194; x_wconf 87' lang='lat' dir='ltr'>quantum</span> <span class='ocrx_word' id='word_1_233' title='bbox 1474 3120 1892 3176; x_wconf 90' lang='lat' dir='ltr'>venerandum.</span> 
     </span>
    </p>
   </div>
   <div class='ocr_carea' id='block_1_34' title="bbox 1997 545 3642 618">
    <p class='ocr_par' dir='ltr' id='par_1_34' title="bbox 1997 545 3642 618">
     <span class='ocr_line' id='line_1_34' title="bbox 1997 545 3642 618; baseline 0 -18"><span class='ocrx_word' id='word_1_234' title='bbox 1997 550 2121 601; x_wconf 89' lang='lat' dir='ltr'>cat:</span> <span class='ocrx_word' id='word_1_235' title='bbox 2159 570 2184 594; x_wconf 92' lang='grc'>‹‹</span> <span class='ocrx_word' id='word_1_236' title='bbox 2220 546 2346 602; x_wconf 85' lang='lat' dir='ltr'>Non</span> <span class='ocrx_word' id='word_1_237' title='bbox 2378 546 2650 602; x_wconf 89' lang='lat' dir='ltr'>estarbor</span> <span class='ocrx_word' id='word_1_238' title='bbox 2666 547 2958 618; x_wconf 67' lang='lat' dir='ltr'>bonaque:</span> <span class='ocrx_word' id='word_1_239' title='bbox 2981 545 3382 602; x_wconf 85' lang='lat' dir='ltr'>facitfructum</span> <span class='ocrx_word' id='word_1_240' title='bbox 3399 545 3642 612; x_wconf 85' lang='lat' dir='ltr'>malum,</span> 
     </span>
    </p>
   </div>
   <div class='ocr_carea' id='block_1_35' title="bbox 1997 635 3646 707">
    <p class='ocr_par' dir='ltr' id='par_1_35' title="bbox 1997 635 3646 707">
     <span class='ocr_line' id='line_1_35' title="bbox 1997 635 3646 707; baseline 0 -17"><span class='ocrx_word' id='word_1_241' title='bbox 1997 651 2184 707; x_wconf 89' lang='lat' dir='ltr'>neque</span> <span class='ocrx_word' id='word_1_242' title='bbox 2217 635 2390 691; x_wconf 90' lang='lat' dir='ltr'>arbor</span> <span class='ocrx_word' id='word_1_243' title='bbox 2421 635 2577 692; x_wconf 91' lang='lat' dir='ltr'>mala</span> <span class='ocrx_word' id='word_1_244' title='bbox 2607 636 2824 693; x_wconf 81' lang='lat' dir='ltr'>faciens</span> <span class='ocrx_word' id='word_1_245' title='bbox 2868 636 3122 691; x_wconf 91' lang='lat' dir='ltr'>fructum</span> <span class='ocrx_word' id='word_1_246' title='bbox 3174 635 3416 706; x_wconf 89' lang='lat' dir='ltr'>bonum,</span> <span class='ocrx_word' id='word_1_247' title='bbox 3455 657 3480 682; x_wconf 82' lang='grc'><strong>››</strong></span> <span class='ocrx_word' id='word_1_248' title='bbox 3513 651 3646 690; x_wconf 90' lang='lat' dir='ltr'>cum</span> 
     </span>
    </p>
   </div>
   <div class='ocr_carea' id='block_1_36' title="bbox 1995 723 3648 798">
    <p class='ocr_par' dir='ltr' id='par_1_36' title="bbox 1995 723 3648 798">
     <span class='ocr_line' id='line_1_36' title="bbox 1995 723 3648 798; baseline -0.001 -19"><span class='ocrx_word' id='word_1_249' title='bbox 1995 724 2247 798; x_wconf 84' lang='lat' dir='ltr'>legimus</span> <span class='ocrx_word' id='word_1_250' title='bbox 2279 724 2513 780; x_wconf 87' lang='lat' dir='ltr'>Petrum</span> <span class='ocrx_word' id='word_1_251' title='bbox 2531 723 2898 797; x_wconf 88' lang='lat' dir='ltr'>Apostolum,</span> <span class='ocrx_word' id='word_1_252' title='bbox 2919 725 3187 782; x_wconf 85' lang='lat' dir='ltr'>arborem</span> <span class='ocrx_word' id='word_1_253' title='bbox 3213 723 3410 795; x_wconf 84' lang='lat' dir='ltr'>utique</span> <span class='ocrx_word' id='word_1_254' title='bbox 3434 724 3648 778; x_wconf 84' lang='lat' dir='ltr'>bonam</span> 
     </span>
    </p>
   </div>
   <div class='ocr_carea' id='block_1_37' title="bbox 1996 811 3650 886">
    <p class='ocr_par' dir='ltr' id='par_1_37' title="bbox 1996 811 3650 886">
     <span class='ocr_line' id='line_1_37' title="bbox 1996 811 3650 886; baseline -0.002 -17"><span class='ocrx_word' id='word_1_255' title='bbox 1996 813 2218 869; x_wconf 89' lang='lat' dir='ltr'>malum</span> <span class='ocrx_word' id='word_1_256' title='bbox 2251 815 2504 878; x_wconf 83' lang='lat' dir='ltr'>fructum</span> <span class='ocrx_word' id='word_1_257' title='bbox 2538 814 2763 880; x_wconf 82' lang='lat' dir='ltr'>fecisse,</span> <span class='ocrx_word' id='word_1_258' title='bbox 2814 814 3048 886; x_wconf 90' lang='lat' dir='ltr'>quando</span> <span class='ocrx_word' id='word_1_259' title='bbox 3099 813 3283 868; x_wconf 88' lang='lat' dir='ltr'>Deum</span> <span class='ocrx_word' id='word_1_260' title='bbox 3334 811 3563 883; x_wconf 83' lang='lat' dir='ltr'>negavit</span> <span class='ocrx_word' id='word_1_261' title='bbox 3594 815 3650 866; x_wconf 92' lang='lat' dir='ltr'>et</span> 
     </span>
    </p>
   </div>
   <div class='ocr_carea' id='block_1_38' title="bbox 1996 899 3649 976">
    <p class='ocr_par' dir='ltr' id='par_1_38' title="bbox 1996 899 3649 976">
     <span class='ocr_line' id='line_1_38' title="bbox 1996 899 3649 976; baseline -0.001 -19"><span class='ocrx_word' id='word_1_262' title='bbox 1996 901 2751 976; x_wconf 85' lang='lat' dir='ltr'>magistrum:et,econtra,J</span> <span class='ocrx_word' id='word_1_263' title='bbox 2759 902 2935 958; x_wconf 91' lang='lat' dir='ltr'>udam</span> <span class='ocrx_word' id='word_1_264' title='bbox 2950 901 3217 958; x_wconf 86' lang='lat' dir='ltr'>arborem</span> <span class='ocrx_word' id='word_1_265' title='bbox 3235 899 3450 956; x_wconf 88' lang='lat' dir='ltr'>malam</span> <span class='ocrx_word' id='word_1_266' title='bbox 3467 899 3649 956; x_wconf 90' lang='lat' dir='ltr'>fuisse</span> 
     </span>
    </p>
   </div>
   <div class='ocr_carea' id='block_1_39' title="bbox 1995 989 3648 1062">
    <p class='ocr_par' dir='ltr' id='par_1_39' title="bbox 1995 989 3648 1062">
     <span class='ocr_line' id='line_1_39' title="bbox 1995 989 3648 1062; baseline -0.001 -16"><span class='ocrx_word' id='word_1_267' title='bbox 1995 1007 2167 1046; x_wconf 89' lang='lat' dir='ltr'>nemo</span> <span class='ocrx_word' id='word_1_268' title='bbox 2198 991 2448 1059; x_wconf 87' lang='lat' dir='ltr'>dubitat,</span> <span class='ocrx_word' id='word_1_269' title='bbox 2483 995 2746 1047; x_wconf 89' lang='lat' dir='ltr'>ettamen</span> <span class='ocrx_word' id='word_1_270' title='bbox 2763 991 3016 1046; x_wconf 88' lang='lat' dir='ltr'>fructum</span> <span class='ocrx_word' id='word_1_271' title='bbox 3032 990 3252 1046; x_wconf 90' lang='lat' dir='ltr'>bonum</span> <span class='ocrx_word' id='word_1_272' title='bbox 3268 989 3648 1062; x_wconf 88' lang='lat' dir='ltr'>fecitquando</span> 
     </span>
    </p>
   </div>
   <div class='ocr_carea' id='block_1_40' title="bbox 1995 1076 3648 1152">
    <p class='ocr_par' dir='ltr' id='par_1_40' title="bbox 1995 1076 3648 1152">
     <span class='ocr_line' id='line_1_40' title="bbox 1995 1076 3648 1152; baseline -0.002 -17"><span class='ocrx_word' id='word_1_273' title='bbox 1995 1096 2128 1135; x_wconf 91' lang='lat' dir='ltr'>cum</span> <span class='ocrx_word' id='word_1_274' title='bbox 2158 1079 2380 1136; x_wconf 84' lang='lat' dir='ltr'>caeteris</span> <span class='ocrx_word' id='word_1_275' title='bbox 2410 1078 2717 1152; x_wconf 88' lang='lat' dir='ltr'>discipulis</span> <span class='ocrx_word' id='word_1_276' title='bbox 2758 1077 3071 1134; x_wconf 90' lang='lat' dir='ltr'>Dominum</span> <span class='ocrx_word' id='word_1_277' title='bbox 3121 1081 3357 1134; x_wconf 87' lang='lat' dir='ltr'>secutus</span> <span class='ocrx_word' id='word_1_278' title='bbox 3405 1076 3532 1132; x_wconf 87' lang='lat' dir='ltr'>est?</span> <span class='ocrx_word' id='word_1_279' title='bbox 3564 1076 3648 1132; x_wconf 76' lang='lat' dir='ltr'>Ad</span> 
     </span>
    </p>
   </div>
   <div class='ocr_carea' id='block_1_41' title="bbox 1996 1165 3651 1242">
    <p class='ocr_par' dir='ltr' id='par_1_41' title="bbox 1996 1165 3651 1242">
     <span class='ocr_line' id='line_1_41' title="bbox 1996 1165 3651 1242; baseline -0.002 -18"><span class='ocrx_word' id='word_1_280' title='bbox 1996 1170 2148 1242; x_wconf 88' lang='lat' dir='ltr'>quod</span> <span class='ocrx_word' id='word_1_281' title='bbox 2183 1169 2674 1242; x_wconf 88' lang='lat' dir='ltr'>respondendum.</span> <span class='ocrx_word' id='word_1_282' title='bbox 2711 1167 2850 1240; x_wconf 88' lang='lat' dir='ltr'>quia</span> <span class='ocrx_word' id='word_1_283' title='bbox 2871 1168 3071 1222; x_wconf 89' lang='lat' dir='ltr'>tandiu</span> <span class='ocrx_word' id='word_1_284' title='bbox 3087 1167 3241 1222; x_wconf 90' lang='lat' dir='ltr'>bona</span> <span class='ocrx_word' id='word_1_285' title='bbox 3269 1165 3460 1233; x_wconf 89' lang='lat' dir='ltr'>arbor,</span> <span class='ocrx_word' id='word_1_286' title='bbox 3484 1165 3541 1219; x_wconf 92' lang='lat' dir='ltr'>id</span> <span class='ocrx_word' id='word_1_287' title='bbox 3563 1167 3651 1220; x_wconf 88' lang='lat' dir='ltr'>est</span> 
     </span>
    </p>
   </div>
   <div class='ocr_carea' id='block_1_42' title="bbox 1995 1254 3647 1327">
    <p class='ocr_par' dir='ltr' id='par_1_42' title="bbox 1995 1254 3647 1327">
     <span class='ocr_line' id='line_1_42' title="bbox 1995 1254 3647 1327; baseline -0.004 -13"><span class='ocrx_word' id='word_1_288' title='bbox 1995 1259 2184 1314; x_wconf 88' lang='lat' dir='ltr'>bonus</span> <span class='ocrx_word' id='word_1_289' title='bbox 2216 1259 2409 1326; x_wconf 90' lang='lat' dir='ltr'>homo,</span> <span class='ocrx_word' id='word_1_290' title='bbox 2445 1258 2628 1314; x_wconf 90' lang='lat' dir='ltr'>bonos</span> <span class='ocrx_word' id='word_1_291' title='bbox 2661 1257 2884 1312; x_wconf 86' lang='lat' dir='ltr'>fructus</span> <span class='ocrx_word' id='word_1_292' title='bbox 2917 1257 3075 1323; x_wconf 82' lang='lat' dir='ltr'>facit,</span> <span class='ocrx_word' id='word_1_293' title='bbox 3109 1254 3370 1327; x_wconf 89' lang='lat' dir='ltr'>quandiu</span> <span class='ocrx_word' id='word_1_294' title='bbox 3405 1255 3462 1309; x_wconf 91' lang='lat' dir='ltr'>in</span> <span class='ocrx_word' id='word_1_295' title='bbox 3493 1254 3647 1309; x_wconf 89' lang='lat' dir='ltr'>bona</span> 
     </span>
    </p>
   </div>
   <div class='ocr_carea' id='block_1_43' title="bbox 1997 1342 3649 1419">
    <p class='ocr_par' dir='ltr' id='par_1_43' title="bbox 1997 1342 3649 1419">
     <span class='ocr_line' id='line_1_43' title="bbox 1997 1342 3649 1419; baseline -0.003 -18"><span class='ocrx_word' id='word_1_296' title='bbox 1997 1346 2317 1404; x_wconf 85' lang='lat' dir='ltr'>intentione</span> <span class='ocrx_word' id='word_1_297' title='bbox 2349 1350 2704 1419; x_wconf 82' lang='lat' dir='ltr'>perseverat:</span> <span class='ocrx_word' id='word_1_298' title='bbox 2740 1350 2795 1402; x_wconf 89' lang='lat' dir='ltr'>et</span> <span class='ocrx_word' id='word_1_299' title='bbox 2828 1345 2982 1401; x_wconf 88' lang='lat' dir='ltr'>mala</span> <span class='ocrx_word' id='word_1_300' title='bbox 3009 1345 3182 1400; x_wconf 89' lang='lat' dir='ltr'>arbor</span> <span class='ocrx_word' id='word_1_301' title='bbox 3213 1343 3415 1399; x_wconf 88' lang='lat' dir='ltr'>tandiu</span> <span class='ocrx_word' id='word_1_302' title='bbox 3463 1342 3649 1397; x_wconf 80' lang='lat' dir='ltr'>malos</span> 
     </span>
    </p>
   </div>
   <div class='ocr_carea' id='block_1_44' title="bbox 1997 1431 3651 1508">
    <p class='ocr_par' dir='ltr' id='par_1_44' title="bbox 1997 1431 3651 1508">
     <span class='ocr_line' id='line_1_44' title="bbox 1997 1431 3651 1508; baseline -0.002 -18"><span class='ocrx_word' id='word_1_303' title='bbox 1997 1438 2222 1493; x_wconf 86' lang='lat' dir='ltr'>fructus</span> <span class='ocrx_word' id='word_1_304' title='bbox 2255 1437 2411 1503; x_wconf 82' lang='lat' dir='ltr'>facit,</span> <span class='ocrx_word' id='word_1_305' title='bbox 2447 1436 2708 1508; x_wconf 88' lang='lat' dir='ltr'>quandiu</span> <span class='ocrx_word' id='word_1_306' title='bbox 2742 1433 3156 1490; x_wconf 87' lang='lat' dir='ltr'>malaintentio</span> <span class='ocrx_word' id='word_1_307' title='bbox 3173 1432 3469 1504; x_wconf 88' lang='lat' dir='ltr'>perdurat.</span> <span class='ocrx_word' id='word_1_308' title='bbox 3489 1431 3651 1486; x_wconf 86' lang='lat' dir='ltr'>Sicut</span> 
     </span>
    </p>
   </div>
   <div class='ocr_carea' id='block_1_45' title="bbox 1996 1519 3650 1596">
    <p class='ocr_par' dir='ltr' id='par_1_45' title="bbox 1996 1519 3650 1596">
     <span class='ocr_line' id='line_1_45' title="bbox 1996 1519 3650 1596; baseline -0.005 -15"><span class='ocrx_word' id='word_1_309' title='bbox 1996 1525 2151 1581; x_wconf 91' lang='lat' dir='ltr'>enim</span> <span class='ocrx_word' id='word_1_310' title='bbox 2189 1543 2254 1580; x_wconf 91' lang='lat' dir='ltr'>ex</span> <span class='ocrx_word' id='word_1_311' title='bbox 2288 1524 2477 1580; x_wconf 88' lang='lat' dir='ltr'>radice</span> <span class='ocrx_word' id='word_1_312' title='bbox 2493 1523 2716 1580; x_wconf 85' lang='lat' dir='ltr'>arboris</span> <span class='ocrx_word' id='word_1_313' title='bbox 2733 1521 3254 1596; x_wconf 88' lang='lat' dir='ltr'>proceditfructus,</span> <span class='ocrx_word' id='word_1_314' title='bbox 3275 1521 3355 1575; x_wconf 90' lang='lat' dir='ltr'>ita</span> <span class='ocrx_word' id='word_1_315' title='bbox 3376 1536 3443 1574; x_wconf 88' lang='lat' dir='ltr'>ex</span> <span class='ocrx_word' id='word_1_316' title='bbox 3457 1519 3650 1574; x_wconf 88' lang='lat' dir='ltr'>radice</span> 
     </span>
    </p>
   </div>
   <div class='ocr_carea' id='block_1_46' title="bbox 1999 1610 3647 1684">
    <p class='ocr_par' dir='ltr' id='par_1_46' title="bbox 1999 1610 3647 1684">
     <span class='ocr_line' id='line_1_46' title="bbox 1999 1610 3647 1684; baseline -0.004 -16"><span class='ocrx_word' id='word_1_317' title='bbox 1999 1613 2359 1679; x_wconf 86' lang='lat' dir='ltr'>intentionis,</span> <span class='ocrx_word' id='word_1_318' title='bbox 2396 1615 2620 1668; x_wconf 87' lang='lat' dir='ltr'>fruetus</span> <span class='ocrx_word' id='word_1_319' title='bbox 2651 1612 3028 1684; x_wconf 89' lang='lat' dir='ltr'>operationis,</span> <span class='ocrx_word' id='word_1_320' title='bbox 3063 1615 3118 1666; x_wconf 89' lang='lat' dir='ltr'>et</span> <span class='ocrx_word' id='word_1_321' title='bbox 3149 1610 3276 1665; x_wconf 91' lang='lat' dir='ltr'>ideo</span> <span class='ocrx_word' id='word_1_322' title='bbox 3299 1625 3535 1664; x_wconf 90' lang='lat' dir='ltr'>necesse</span> <span class='ocrx_word' id='word_1_323' title='bbox 3558 1613 3647 1664; x_wconf 89' lang='lat' dir='ltr'>est</span> 
     </span>
    </p>
   </div>
   <div class='ocr_carea' id='block_1_47' title="bbox 1999 1699 3646 1775">
    <p class='ocr_par' dir='ltr' id='par_1_47' title="bbox 1999 1699 3646 1775">
     <span class='ocr_line' id='line_1_47' title="bbox 1999 1699 3646 1775; baseline -0.004 -17"><span class='ocrx_word' id='word_1_324' title='bbox 1999 1707 2062 1758; x_wconf 91' lang='lat' dir='ltr'>ut</span> <span class='ocrx_word' id='word_1_325' title='bbox 2092 1703 2285 1775; x_wconf 85' lang='lat' dir='ltr'>qualis</span> <span class='ocrx_word' id='word_1_326' title='bbox 2313 1702 2484 1758; x_wconf 89' lang='lat' dir='ltr'>fuerit</span> <span class='ocrx_word' id='word_1_327' title='bbox 2522 1701 2789 1768; x_wconf 90' lang='lat' dir='ltr'>intentio,</span> <span class='ocrx_word' id='word_1_328' title='bbox 2843 1700 3017 1756; x_wconf 88' lang='lat' dir='ltr'>talem</span> <span class='ocrx_word' id='word_1_329' title='bbox 3068 1699 3322 1772; x_wconf 86' lang='lat' dir='ltr'>proferat</span> <span class='ocrx_word' id='word_1_330' title='bbox 3367 1699 3646 1764; x_wconf 88' lang='lat' dir='ltr'>fructum,</span> 
     </span>
    </p>
   </div>
   <div class='ocr_carea' id='block_1_48' title="bbox 1998 1785 3652 1857">
    <p class='ocr_par' dir='ltr' id='par_1_48' title="bbox 1998 1785 3652 1857">
     <span class='ocr_line' id='line_1_48' title="bbox 1998 1785 3652 1857; baseline -0.005 -9"><span class='ocrx_word' id='word_1_331' title='bbox 1998 1793 2244 1848; x_wconf 90' lang='lat' dir='ltr'>Domino</span> <span class='ocrx_word' id='word_1_332' title='bbox 2276 1792 2530 1847; x_wconf 85' lang='lat' dir='ltr'>dicente:</span> <span class='ocrx_word' id='word_1_333' title='bbox 2563 1788 2760 1857; x_wconf 87' lang='lat' dir='ltr'>Qualis</span> <span class='ocrx_word' id='word_1_334' title='bbox 2792 1789 2964 1845; x_wconf 90' lang='lat' dir='ltr'>fuerit</span> <span class='ocrx_word' id='word_1_335' title='bbox 2996 1789 3240 1844; x_wconf 85' lang='lat' dir='ltr'>intentio</span> <span class='ocrx_word' id='word_1_336' title='bbox 3262 1793 3379 1855; x_wconf 91' lang='lat' dir='ltr'>tua,</span> <span class='ocrx_word' id='word_1_337' title='bbox 3413 1785 3652 1842; x_wconf 88' lang='lat' dir='ltr'>taleerit</span> 
     </span>
    </p>
   </div>
   <div class='ocr_carea' id='block_1_49' title="bbox 1996 1876 3649 1954">
    <p class='ocr_par' dir='ltr' id='par_1_49' title="bbox 1996 1876 3649 1954">
     <span class='ocr_line' id='line_1_49' title="bbox 1996 1876 3649 1954; baseline -0.005 -16"><span class='ocrx_word' id='word_1_338' title='bbox 1996 1887 2052 1938; x_wconf 88' lang='lat' dir='ltr'>et</span> <span class='ocrx_word' id='word_1_339' title='bbox 2084 1899 2230 1954; x_wconf 89' lang='lat' dir='ltr'>opus</span> <span class='ocrx_word' id='word_1_340' title='bbox 2260 1885 2447 1936; x_wconf 88' lang='lat' dir='ltr'>tuum.</span> <span class='ocrx_word' id='word_1_341' title='bbox 2473 1880 2757 1936; x_wconf 70' lang='lat' dir='ltr'>Caeterum</span> <span class='ocrx_word' id='word_1_342' title='bbox 2789 1882 2845 1933; x_wconf 91' lang='lat' dir='ltr'>et</span> <span class='ocrx_word' id='word_1_343' title='bbox 2874 1878 3419 1949; x_wconf 84' lang='lat' dir='ltr'>isquivideturesse</span> <span class='ocrx_word' id='word_1_344' title='bbox 3437 1876 3649 1938; x_wconf 88' lang='lat' dir='ltr'>bonus,</span> 
     </span>
    </p>
   </div>
   <div class='ocr_carea' id='block_1_50' title="bbox 1997 1964 3652 2037">
    <p class='ocr_par' dir='ltr' id='par_1_50' title="bbox 1997 1964 3652 2037">
     <span class='ocr_line' id='line_1_50' title="bbox 1997 1964 3652 2037; baseline -0.006 -11"><span class='ocrx_word' id='word_1_345' title='bbox 1997 1971 2045 2026; x_wconf 91' lang='lat' dir='ltr'>si</span> <span class='ocrx_word' id='word_1_346' title='bbox 2079 1989 2111 2026; x_wconf 91' lang='lat' dir='ltr'>a</span> <span class='ocrx_word' id='word_1_347' title='bbox 2142 1972 2295 2026; x_wconf 89' lang='lat' dir='ltr'>bona</span> <span class='ocrx_word' id='word_1_348' title='bbox 2325 1969 2645 2026; x_wconf 88' lang='lat' dir='ltr'>intentione</span> <span class='ocrx_word' id='word_1_349' title='bbox 2675 1965 3210 2037; x_wconf 88' lang='lat' dir='ltr'>cessaverit,malos</span> <span class='ocrx_word' id='word_1_350' title='bbox 3225 1965 3448 2020; x_wconf 89' lang='lat' dir='ltr'>fructus</span> <span class='ocrx_word' id='word_1_351' title='bbox 3465 1964 3652 2019; x_wconf 90' lang='lat' dir='ltr'>facere</span> 
     </span>
    </p>
   </div>
   <div class='ocr_carea' id='block_1_51' title="bbox 1998 2051 3696 2133">
    <p class='ocr_par' dir='ltr' id='par_1_51' title="bbox 1998 2051 3696 2133">
     <span class='ocr_line' id='line_1_51' title="bbox 1998 2051 3696 2133; baseline -0.006 -17"><span class='ocrx_word' id='word_1_352' title='bbox 1998 2064 2213 2133; x_wconf 87' lang='lat' dir='ltr'>potest:</span> <span class='ocrx_word' id='word_1_353' title='bbox 2244 2064 2300 2115; x_wconf 89' lang='lat' dir='ltr'>et</span> <span class='ocrx_word' id='word_1_354' title='bbox 2331 2058 2380 2114; x_wconf 90' lang='lat' dir='ltr'>is</span> <span class='ocrx_word' id='word_1_355' title='bbox 2403 2059 2502 2131; x_wconf 88' lang='lat' dir='ltr'>qui</span> <span class='ocrx_word' id='word_1_356' title='bbox 2535 2060 2774 2131; x_wconf 88' lang='lat' dir='ltr'>putatur</span> <span class='ocrx_word' id='word_1_357' title='bbox 2805 2055 3018 2124; x_wconf 90' lang='lat' dir='ltr'>malus,</span> <span class='ocrx_word' id='word_1_358' title='bbox 3056 2055 3102 2110; x_wconf 91' lang='lat' dir='ltr'>si</span> <span class='ocrx_word' id='word_1_359' title='bbox 3137 2071 3240 2127; x_wconf 91' lang='lat' dir='ltr'>per</span> <span class='ocrx_word' id='word_1_360' title='bbox 3254 2051 3653 2125; x_wconf 67' lang='lat' dir='ltr'>pmnitentiam</span> <span class='ocrx_word' id='word_1_361' title='bbox 3684 2059 3696 2073; x_wconf 80' lang='lat'><strong><em>‘</em></strong></span> 
     </span>
    </p>
   </div>
   <div class='ocr_carea' id='block_1_52' title="bbox 1998 2142 3652 2221">
    <p class='ocr_par' dir='ltr' id='par_1_52' title="bbox 1998 2142 3652 2221">
     <span class='ocr_line' id='line_1_52' title="bbox 1998 2142 3652 2221; baseline -0.005 -18"><span class='ocrx_word' id='word_1_362' title='bbox 1998 2147 2289 2221; x_wconf 62' lang='lat' dir='ltr'>praeterita</span> <span class='ocrx_word' id='word_1_363' title='bbox 2319 2147 2473 2202; x_wconf 87' lang='lat' dir='ltr'>mala</span> <span class='ocrx_word' id='word_1_364' title='bbox 2501 2144 2832 2212; x_wconf 79' lang='lat' dir='ltr'>correxerit,</span> <span class='ocrx_word' id='word_1_365' title='bbox 2867 2145 3051 2200; x_wconf 88' lang='lat' dir='ltr'>bonos</span> <span class='ocrx_word' id='word_1_366' title='bbox 3084 2143 3310 2198; x_wconf 89' lang='lat' dir='ltr'>fruetus</span> <span class='ocrx_word' id='word_1_367' title='bbox 3339 2142 3527 2196; x_wconf 90' lang='lat' dir='ltr'>facere</span> <span class='ocrx_word' id='word_1_368' title='bbox 3556 2157 3652 2213; x_wconf 87' lang='lat' dir='ltr'>po-</span> 
     </span>
    </p>
   </div>
   <div class='ocr_carea' id='block_1_53' title="bbox 1999 2229 3656 2308">
    <p class='ocr_par' dir='ltr' id='par_1_53' title="bbox 1999 2229 3656 2308">
     <span class='ocr_line' id='line_1_53' title="bbox 1999 2229 3656 2308; baseline -0.006 -16"><span class='ocrx_word' id='word_1_369' title='bbox 1999 2241 2130 2292; x_wconf 86' lang='lat' dir='ltr'>test.</span> <span class='ocrx_word' id='word_1_370' title='bbox 2164 2237 2338 2292; x_wconf 86' lang='lat' dir='ltr'>Juxta</span> <span class='ocrx_word' id='word_1_371' title='bbox 2369 2253 2543 2308; x_wconf 89' lang='lat' dir='ltr'>quem</span> <span class='ocrx_word' id='word_1_372' title='bbox 2579 2251 2818 2291; x_wconf 87' lang='lat' dir='ltr'>sensum</span> <span class='ocrx_word' id='word_1_373' title='bbox 2852 2237 2907 2289; x_wconf 91' lang='lat' dir='ltr'>et</span> <span class='ocrx_word' id='word_1_374' title='bbox 2937 2231 3136 2288; x_wconf 86' lang='lat' dir='ltr'>David.</span> <span class='ocrx_word' id='word_1_375' title='bbox 3167 2231 3433 2286; x_wconf 89' lang='lat' dir='ltr'>arborem</span> <span class='ocrx_word' id='word_1_376' title='bbox 3451 2229 3656 2301; x_wconf 87' lang='lat' dir='ltr'>utique</span> 
     </span>
    </p>
   </div>
   <div class='ocr_carea' id='block_1_54' title="bbox 1999 2317 3658 2394">
    <p class='ocr_par' dir='ltr' id='par_1_54' title="bbox 1999 2317 3658 2394">
     <span class='ocr_line' id='line_1_54' title="bbox 1999 2317 3658 2394; baseline -0.006 -12"><span class='ocrx_word' id='word_1_377' title='bbox 1999 2327 2213 2381; x_wconf 91' lang='lat' dir='ltr'>bonam</span> <span class='ocrx_word' id='word_1_378' title='bbox 2245 2325 2466 2380; x_wconf 89' lang='lat' dir='ltr'>malum</span> <span class='ocrx_word' id='word_1_379' title='bbox 2502 2325 2754 2380; x_wconf 85' lang='lat' dir='ltr'>fructum</span> <span class='ocrx_word' id='word_1_380' title='bbox 2772 2322 2978 2378; x_wconf 85' lang='lat' dir='ltr'>fecisse</span> <span class='ocrx_word' id='word_1_381' title='bbox 3001 2321 3277 2394; x_wconf 84' lang='lat' dir='ltr'>legimus,</span> <span class='ocrx_word' id='word_1_382' title='bbox 3309 2320 3544 2392; x_wconf 89' lang='lat' dir='ltr'>quando</span> <span class='ocrx_word' id='word_1_383' title='bbox 3559 2317 3658 2372; x_wconf 90' lang='lat' dir='ltr'>ho-</span> 
     </span>
    </p>
   </div>
   <div class='ocr_carea' id='block_1_55' title="bbox 2000 2408 3654 2486">
    <p class='ocr_par' dir='ltr' id='par_1_55' title="bbox 2000 2408 3654 2486">
     <span class='ocr_line' id='line_1_55' title="bbox 2000 2408 3654 2486; baseline -0.005 -16"><span class='ocrx_word' id='word_1_384' title='bbox 2000 2415 2301 2470; x_wconf 87' lang='lat' dir='ltr'>micidium</span> <span class='ocrx_word' id='word_1_385' title='bbox 2334 2414 2556 2486; x_wconf 89' lang='lat' dir='ltr'>pariter</span> <span class='ocrx_word' id='word_1_386' title='bbox 2578 2409 3000 2468; x_wconf 88' lang='lat' dir='ltr'>etadulterium</span> <span class='ocrx_word' id='word_1_387' title='bbox 3016 2408 3387 2483; x_wconf 84' lang='lat' dir='ltr'>perpetravit:</span> <span class='ocrx_word' id='word_1_388' title='bbox 3404 2425 3434 2463; x_wconf 91' lang='lat' dir='ltr'>e</span> <span class='ocrx_word' id='word_1_389' title='bbox 3451 2409 3654 2463; x_wconf 89' lang='lat' dir='ltr'>contra</span> 
     </span>
    </p>
   </div>
   <div class='ocr_carea' id='block_1_56' title="bbox 1999 2496 3649 2567">
    <p class='ocr_par' dir='ltr' id='par_1_56' title="bbox 1999 2496 3649 2567">
     <span class='ocr_line' id='line_1_56' title="bbox 1999 2496 3649 2567; baseline -0.005 -8"><span class='ocrx_word' id='word_1_390' title='bbox 1999 2503 2555 2567; x_wconf 78' lang='lat' dir='ltr'>Nabuchodonosor,</span> <span class='ocrx_word' id='word_1_391' title='bbox 2590 2519 2721 2556; x_wconf 90' lang='lat' dir='ltr'>cum</span> <span class='ocrx_word' id='word_1_392' title='bbox 2755 2505 2908 2556; x_wconf 90' lang='lat' dir='ltr'>esset</span> <span class='ocrx_word' id='word_1_393' title='bbox 2939 2500 3112 2554; x_wconf 91' lang='lat' dir='ltr'>arbor</span> <span class='ocrx_word' id='word_1_394' title='bbox 3162 2496 3336 2565; x_wconf 89' lang='lat' dir='ltr'>mala,</span> <span class='ocrx_word' id='word_1_395' title='bbox 3393 2497 3649 2552; x_wconf 90' lang='lat' dir='ltr'>fructum</span> 
     </span>
    </p>
   </div>
   <div class='ocr_carea' id='block_1_57' title="bbox 1999 2584 3652 2662">
    <p class='ocr_par' dir='ltr' id='par_1_57' title="bbox 1999 2584 3652 2662">
     <span class='ocr_line' id='line_1_57' title="bbox 1999 2584 3652 2662; baseline -0.006 -14"><span class='ocrx_word' id='word_1_396' title='bbox 1999 2595 2219 2648; x_wconf 89' lang='lat' dir='ltr'>bonum</span> <span class='ocrx_word' id='word_1_397' title='bbox 2254 2592 2407 2658; x_wconf 85' lang='lat' dir='ltr'>fecit,</span> <span class='ocrx_word' id='word_1_398' title='bbox 2441 2591 2677 2662; x_wconf 89' lang='lat' dir='ltr'>quando</span> <span class='ocrx_word' id='word_1_399' title='bbox 2700 2591 2878 2645; x_wconf 88' lang='lat' dir='ltr'>Deum</span> <span class='ocrx_word' id='word_1_400' title='bbox 2902 2587 3235 2643; x_wconf 88' lang='lat' dir='ltr'>Danielisin</span> <span class='ocrx_word' id='word_1_401' title='bbox 3272 2584 3541 2640; x_wconf 87' lang='lat' dir='ltr'>universo</span> <span class='ocrx_word' id='word_1_402' title='bbox 3565 2602 3652 2639; x_wconf 87' lang='lat' dir='ltr'>re-</span> 
     </span>
    </p>
   </div>
   <div class='ocr_carea' id='block_1_58' title="bbox 2000 2673 3650 2756">
    <p class='ocr_par' dir='ltr' id='par_1_58' title="bbox 2000 2673 3650 2756">
     <span class='ocr_line' id='line_1_58' title="bbox 2000 2673 3650 2756; baseline -0.007 -19"><span class='ocrx_word' id='word_1_403' title='bbox 2000 2699 2113 2756; x_wconf 90' lang='lat' dir='ltr'>gno</span> <span class='ocrx_word' id='word_1_404' title='bbox 2148 2698 2254 2736; x_wconf 90' lang='lat' dir='ltr'>suo</span> <span class='ocrx_word' id='word_1_405' title='bbox 2273 2678 2719 2750; x_wconf 87' lang='lat' dir='ltr'>adorarijussit.</span> <span class='ocrx_word' id='word_1_406' title='bbox 2736 2675 3019 2733; x_wconf 86' lang='lat' dir='ltr'>Similiter</span> <span class='ocrx_word' id='word_1_407' title='bbox 3034 2680 3088 2731; x_wconf 89' lang='lat' dir='ltr'>et</span> <span class='ocrx_word' id='word_1_408' title='bbox 3103 2676 3468 2742; x_wconf 87' lang='lat' dir='ltr'>Jethro,cum</span> <span class='ocrx_word' id='word_1_409' title='bbox 3487 2673 3650 2744; x_wconf 89' lang='lat' dir='ltr'>prius</span> 
     </span>
    </p>
   </div>
   <div class='ocr_carea' id='block_1_59' title="bbox 2001 2760 3650 2834">
    <p class='ocr_par' dir='ltr' id='par_1_59' title="bbox 2001 2760 3650 2834">
     <span class='ocr_line' id='line_1_59' title="bbox 2001 2760 3650 2834; baseline -0.007 -9"><span class='ocrx_word' id='word_1_410' title='bbox 2001 2769 2158 2826; x_wconf 89' lang='lat' dir='ltr'>mala</span> <span class='ocrx_word' id='word_1_411' title='bbox 2186 2773 2338 2824; x_wconf 89' lang='lat' dir='ltr'>esset</span> <span class='ocrx_word' id='word_1_412' title='bbox 2367 2768 2559 2834; x_wconf 88' lang='lat' dir='ltr'>arbor,</span> <span class='ocrx_word' id='word_1_413' title='bbox 2612 2767 2833 2821; x_wconf 89' lang='lat' dir='ltr'>bonum</span> <span class='ocrx_word' id='word_1_414' title='bbox 2893 2766 3150 2820; x_wconf 84' lang='lat' dir='ltr'>fructum</span> <span class='ocrx_word' id='word_1_415' title='bbox 3199 2761 3354 2830; x_wconf 85' lang='lat' dir='ltr'>fecit,</span> <span class='ocrx_word' id='word_1_416' title='bbox 3413 2760 3650 2834; x_wconf 90' lang='lat' dir='ltr'>quando</span> 
     </span>
    </p>
   </div>
   <div class='ocr_carea' id='block_1_60' title="bbox 2002 2851 3656 2931">
    <p class='ocr_par' dir='ltr' id='par_1_60' title="bbox 2002 2851 3656 2931">
     <span class='ocr_line' id='line_1_60' title="bbox 2002 2851 3656 2931; baseline -0.007 -17"><span class='ocrx_word' id='word_1_417' title='bbox 2002 2858 2180 2931; x_wconf 76' lang='lat' dir='ltr'>Moysi</span> <span class='ocrx_word' id='word_1_418' title='bbox 2217 2857 2358 2912; x_wconf 89' lang='lat' dir='ltr'>utile</span> <span class='ocrx_word' id='word_1_419' title='bbox 2387 2854 2700 2912; x_wconf 89' lang='lat' dir='ltr'>consilium</span> <span class='ocrx_word' id='word_1_420' title='bbox 2741 2854 2918 2909; x_wconf 89' lang='lat' dir='ltr'>dedit.</span> <span class='ocrx_word' id='word_1_421' title='bbox 2974 2851 3190 2908; x_wconf 90' lang='lat' dir='ltr'>Paulus</span> <span class='ocrx_word' id='word_1_422' title='bbox 3239 2866 3471 2922; x_wconf 91' lang='lat' dir='ltr'>quoque</span> <span class='ocrx_word' id='word_1_423' title='bbox 3515 2864 3656 2904; x_wconf 88' lang='lat' dir='ltr'>cum</span> 
     </span>
    </p>
   </div>
   <div class='ocr_carea' id='block_1_61' title="bbox 2003 2936 3656 3015">
    <p class='ocr_par' dir='ltr' id='par_1_61' title="bbox 2003 2936 3656 3015">
     <span class='ocr_line' id='line_1_61' title="bbox 2003 2936 3656 3015; baseline -0.007 -12"><span class='ocrx_word' id='word_1_424' title='bbox 2003 2949 2156 3003; x_wconf 87' lang='lat' dir='ltr'>bona</span> <span class='ocrx_word' id='word_1_425' title='bbox 2187 2950 2340 3002; x_wconf 89' lang='lat' dir='ltr'>esset</span> <span class='ocrx_word' id='word_1_426' title='bbox 2370 2945 2561 3015; x_wconf 90' lang='lat' dir='ltr'>arbor,</span> <span class='ocrx_word' id='word_1_427' title='bbox 2596 2942 2781 2999; x_wconf 89' lang='lat' dir='ltr'>malos</span> <span class='ocrx_word' id='word_1_428' title='bbox 2810 2943 3031 2997; x_wconf 87' lang='lat' dir='ltr'>fructus</span> <span class='ocrx_word' id='word_1_429' title='bbox 3046 2940 3199 3008; x_wconf 90' lang='lat' dir='ltr'>fecit,</span> <span class='ocrx_word' id='word_1_430' title='bbox 3216 2938 3450 3012; x_wconf 89' lang='lat' dir='ltr'>quando</span> <span class='ocrx_word' id='word_1_431' title='bbox 3464 2936 3656 2993; x_wconf 89' lang='lat' dir='ltr'>Eccle-</span> 
     </span>
    </p>
   </div>
   <div class='ocr_carea' id='block_1_62' title="bbox 2004 3025 3660 3106">
    <p class='ocr_par' dir='ltr' id='par_1_62' title="bbox 2004 3025 3660 3106">
     <span class='ocr_line' id='line_1_62' title="bbox 2004 3025 3660 3106; baseline -0.007 -15"><span class='ocrx_word' id='word_1_432' title='bbox 2004 3037 2152 3091; x_wconf 88' lang='lat' dir='ltr'>siam</span> <span class='ocrx_word' id='word_1_433' title='bbox 2188 3034 2284 3091; x_wconf 91' lang='lat' dir='ltr'>Dei</span> <span class='ocrx_word' id='word_1_434' title='bbox 2319 3037 2407 3090; x_wconf 87' lang='lat' dir='ltr'>est</span> <span class='ocrx_word' id='word_1_435' title='bbox 2438 3035 2797 3106; x_wconf 89' lang='lat' dir='ltr'>persecutus.</span> <span class='ocrx_word' id='word_1_436' title='bbox 2833 3032 2902 3086; x_wconf 82' lang='lat' dir='ltr'>Et</span> <span class='ocrx_word' id='word_1_437' title='bbox 2935 3029 3073 3102; x_wconf 90' lang='lat' dir='ltr'>quia</span> <span class='ocrx_word' id='word_1_438' title='bbox 3113 3046 3200 3097; x_wconf 89' lang='lat' dir='ltr'>ea,</span> <span class='ocrx_word' id='word_1_439' title='bbox 3253 3045 3379 3100; x_wconf 65' lang='lat' dir='ltr'>quae</span> <span class='ocrx_word' id='word_1_440' title='bbox 3429 3025 3660 3083; x_wconf 89' lang='lat' dir='ltr'>occulta</span> 
     </span>
    </p>
   </div>
   <div class='ocr_carea' id='block_1_63' title="bbox 2005 3115 3656 3193">
    <p class='ocr_par' dir='ltr' id='par_1_63' title="bbox 2005 3115 3656 3193">
     <span class='ocr_line' id='line_1_63' title="bbox 2005 3115 3656 3193; baseline -0.007 -13"><span class='ocrx_word' id='word_1_441' title='bbox 2005 3130 2145 3180; x_wconf 88' lang='lat' dir='ltr'>sunt</span> <span class='ocrx_word' id='word_1_442' title='bbox 2165 3123 2528 3189; x_wconf 90' lang='lat' dir='ltr'>hominibus,</span> <span class='ocrx_word' id='word_1_443' title='bbox 2563 3122 2677 3177; x_wconf 92' lang='lat' dir='ltr'>Deo</span> <span class='ocrx_word' id='word_1_444' title='bbox 2703 3120 2959 3193; x_wconf 90' lang='lat' dir='ltr'>placent,</span> <span class='ocrx_word' id='word_1_445' title='bbox 2977 3115 3656 3190; x_wconf 82' lang='lat' dir='ltr'>quomodohominesin-</span> 
     </span>
    </p>
   </div>
   <div class='ocr_carea' id='block_1_64' title="bbox 243 3195 3664 3284">
    <p class='ocr_par' dir='ltr' id='par_1_64' title="bbox 243 3195 3664 3284">
     <span class='ocr_line' id='line_1_64' title="bbox 243 3195 3664 3284; baseline -0.002 -18"><span class='ocrx_word' id='word_1_446' title='bbox 243 3213 366 3268; x_wconf 77' lang='lat' dir='ltr'>Non</span> <span class='ocrx_word' id='word_1_447' title='bbox 380 3213 641 3268; x_wconf 89' lang='lat' dir='ltr'>estenim</span> <span class='ocrx_word' id='word_1_448' title='bbox 656 3212 892 3276; x_wconf 91' lang='lat' dir='ltr'>mirum,</span> <span class='ocrx_word' id='word_1_449' title='bbox 912 3211 1049 3284; x_wconf 89' lang='lat' dir='ltr'>quia</span> <span class='ocrx_word' id='word_1_450' title='bbox 1063 3210 1278 3282; x_wconf 89' lang='lat' dir='ltr'>potuit:</span> <span class='ocrx_word' id='word_1_451' title='bbox 1297 3211 1394 3266; x_wconf 90' lang='lat' dir='ltr'>sed</span> <span class='ocrx_word' id='word_1_452' title='bbox 1410 3208 1893 3283; x_wconf 82' lang='lat' dir='ltr'>potiusveneran-</span> <span class='ocrx_word' id='word_1_453' title='bbox 1924 3195 1968 3263; x_wconf 79' lang='lat' dir='ltr'>C</span> <span class='ocrx_word' id='word_1_454' title='bbox 2007 3220 2093 3271; x_wconf 86' lang='lat' dir='ltr'>ter</span> <span class='ocrx_word' id='word_1_455' title='bbox 2123 3215 2305 3269; x_wconf 90' lang='lat' dir='ltr'>bonas</span> <span class='ocrx_word' id='word_1_456' title='bbox 2335 3211 2590 3267; x_wconf 87' lang='lat' dir='ltr'>etmalas</span> <span class='ocrx_word' id='word_1_457' title='bbox 2605 3210 2841 3265; x_wconf 90' lang='lat' dir='ltr'>arbores</span> <span class='ocrx_word' id='word_1_458' title='bbox 2857 3208 3186 3263; x_wconf 88' lang='lat' dir='ltr'>discernere</span> <span class='ocrx_word' id='word_1_459' title='bbox 3200 3205 3450 3272; x_wconf 82' lang='lat' dir='ltr'>valeant,</span> <span class='ocrx_word' id='word_1_460' title='bbox 3469 3204 3664 3260; x_wconf 90' lang='lat' dir='ltr'>Domi-</span> 
     </span>
    </p>
   </div>
   <div class='ocr_carea' id='block_1_65' title="bbox 242 3298 1898 3373">
    <p class='ocr_par' dir='ltr' id='par_1_65' title="bbox 242 3298 1898 3373">
     <span class='ocr_line' id='line_1_65' title="bbox 242 3298 1898 3373; baseline -0.001 -18"><span class='ocrx_word' id='word_1_461' title='bbox 242 3302 406 3367; x_wconf 89' lang='lat' dir='ltr'>dum,</span> <span class='ocrx_word' id='word_1_462' title='bbox 443 3301 580 3373; x_wconf 90' lang='lat' dir='ltr'>quia</span> <span class='ocrx_word' id='word_1_463' title='bbox 601 3303 786 3357; x_wconf 88' lang='lat' dir='ltr'>facere</span> <span class='ocrx_word' id='word_1_464' title='bbox 815 3300 1014 3358; x_wconf 90' lang='lat' dir='ltr'>voluit.</span> <span class='ocrx_word' id='word_1_465' title='bbox 1053 3300 1160 3367; x_wconf 88' lang='lat' dir='ltr'>Qui</span> <span class='ocrx_word' id='word_1_466' title='bbox 1193 3301 1349 3355; x_wconf 90' lang='lat' dir='ltr'>enim</span> <span class='ocrx_word' id='word_1_467' title='bbox 1377 3316 1445 3355; x_wconf 87' lang='lat' dir='ltr'>ex</span> <span class='ocrx_word' id='word_1_468' title='bbox 1476 3298 1656 3354; x_wconf 86' lang='lat' dir='ltr'>nihilo</span> <span class='ocrx_word' id='word_1_469' title='bbox 1689 3302 1898 3354; x_wconf 88' lang='lat' dir='ltr'>cuncta</span> 
     </span>
    </p>
   </div>
   <div class='ocr_carea' id='block_1_66' title="bbox 241 3387 1897 3462">
    <p class='ocr_par' dir='ltr' id='par_1_66' title="bbox 241 3387 1897 3462">
     <span class='ocr_line' id='line_1_66' title="bbox 241 3387 1897 3462; baseline -0.001 -16"><span class='ocrx_word' id='word_1_470' title='bbox 241 3391 612 3458; x_wconf 89' lang='lat' dir='ltr'>creavit,non</span> <span class='ocrx_word' id='word_1_471' title='bbox 645 3395 730 3453; x_wconf 87' lang='lat' dir='ltr'>est</span> <span class='ocrx_word' id='word_1_472' title='bbox 763 3391 980 3446; x_wconf 90' lang='lat' dir='ltr'>mirum</span> <span class='ocrx_word' id='word_1_473' title='bbox 1015 3390 1063 3444; x_wconf 92' lang='lat' dir='ltr'>si</span> <span class='ocrx_word' id='word_1_474' title='bbox 1095 3407 1161 3445; x_wconf 88' lang='lat' dir='ltr'>ex</span> <span class='ocrx_word' id='word_1_475' title='bbox 1191 3389 1394 3462; x_wconf 91' lang='lat' dir='ltr'>paucis</span> <span class='ocrx_word' id='word_1_476' title='bbox 1417 3387 1897 3460; x_wconf 87' lang='lat' dir='ltr'>panibusmultas</span> 
     </span>
    </p>
   </div>
   <div class='ocr_carea' id='block_1_67' title="bbox 243 3477 1896 3552">
    <p class='ocr_par' dir='ltr' id='par_1_67' title="bbox 243 3477 1896 3552">
     <span class='ocr_line' id='line_1_67' title="bbox 243 3477 1896 3552; baseline -0.002 -17"><span class='ocrx_word' id='word_1_477' title='bbox 243 3479 450 3536; x_wconf 87' lang='lat' dir='ltr'>turbas</span> <span class='ocrx_word' id='word_1_478' title='bbox 470 3481 646 3552; x_wconf 89' lang='lat' dir='ltr'>pavit.</span> <span class='ocrx_word' id='word_1_479' title='bbox 665 3479 778 3534; x_wconf 85' lang='lat' dir='ltr'>Sed</span> <span class='ocrx_word' id='word_1_480' title='bbox 810 3478 953 3534; x_wconf 91' lang='lat' dir='ltr'>illud</span> <span class='ocrx_word' id='word_1_481' title='bbox 975 3478 1468 3534; x_wconf 87' lang='lat' dir='ltr'>considerandum</span> <span class='ocrx_word' id='word_1_482' title='bbox 1491 3481 1598 3543; x_wconf 89' lang='lat' dir='ltr'>est,</span> <span class='ocrx_word' id='word_1_483' title='bbox 1615 3477 1767 3550; x_wconf 90' lang='lat' dir='ltr'>quod</span> <span class='ocrx_word' id='word_1_484' title='bbox 1790 3478 1896 3532; x_wconf 85' lang='lat' dir='ltr'>Do-</span> 
     </span>
    </p>
   </div>
   <div class='ocr_carea' id='block_1_68' title="bbox 241 3565 1896 3640">
    <p class='ocr_par' dir='ltr' id='par_1_68' title="bbox 241 3565 1896 3640">
     <span class='ocr_line' id='line_1_68' title="bbox 241 3565 1896 3640; baseline -0.002 -16"><span class='ocrx_word' id='word_1_485' title='bbox 241 3570 443 3624; x_wconf 89' lang='lat' dir='ltr'>minus</span> <span class='ocrx_word' id='word_1_486' title='bbox 475 3569 799 3625; x_wconf 88' lang='lat' dir='ltr'>refecturus</span> <span class='ocrx_word' id='word_1_487' title='bbox 830 3569 1053 3636; x_wconf 88' lang='lat' dir='ltr'>turbas,</span> <span class='ocrx_word' id='word_1_488' title='bbox 1090 3567 1252 3640; x_wconf 91' lang='lat' dir='ltr'>prius</span> <span class='ocrx_word' id='word_1_489' title='bbox 1285 3567 1603 3623; x_wconf 87' lang='lat' dir='ltr'>sublevatis</span> <span class='ocrx_word' id='word_1_490' title='bbox 1635 3565 1896 3622; x_wconf 85' lang='lat' dir='ltr'>oculisin</span> 
     </span>
    </p>
   </div>
   <div class='ocr_carea' id='block_1_69' title="bbox 244 3655 1897 3732">
    <p class='ocr_par' dir='ltr' id='par_1_69' title="bbox 244 3655 1897 3732">
     <span class='ocr_line' id='line_1_69' title="bbox 244 3655 1897 3732; baseline -0.001 -18"><span class='ocrx_word' id='word_1_491' title='bbox 244 3658 462 3715; x_wconf 74' lang='lat' dir='ltr'>ccelum</span> <span class='ocrx_word' id='word_1_492' title='bbox 507 3657 831 3732; x_wconf 83' lang='lat' dir='ltr'>respexisse</span> <span class='ocrx_word' id='word_1_493' title='bbox 869 3657 1101 3712; x_wconf 90' lang='lat' dir='ltr'>dicitur.</span> <span class='ocrx_word' id='word_1_494' title='bbox 1149 3657 1311 3713; x_wconf 89' lang='lat' dir='ltr'>Oculi</span> <span class='ocrx_word' id='word_1_495' title='bbox 1358 3657 1515 3712; x_wconf 90' lang='lat' dir='ltr'>enim</span> <span class='ocrx_word' id='word_1_496' title='bbox 1567 3656 1796 3713; x_wconf 91' lang='lat' dir='ltr'>Domini</span> <span class='ocrx_word' id='word_1_497' title='bbox 1838 3655 1897 3712; x_wconf 89' lang='lat' dir='ltr'>in</span> 
     </span>
    </p>
   </div>
   <div class='ocr_carea' id='block_1_70' title="bbox 250 3746 1825 3821">
    <p class='ocr_par' dir='ltr' id='par_1_70' title="bbox 250 3746 1825 3821">
     <span class='ocr_line' id='line_1_70' title="bbox 250 3746 1825 3821; baseline -0.001 -17"><span class='ocrx_word' id='word_1_498' title='bbox 250 3748 575 3820; x_wconf 89' lang='lat' dir='ltr'>Scripturis</span> <span class='ocrx_word' id='word_1_499' title='bbox 608 3747 901 3821; x_wconf 90' lang='lat' dir='ltr'>duplicem</span> <span class='ocrx_word' id='word_1_500' title='bbox 933 3746 1151 3802; x_wconf 85' lang='lat' dir='ltr'>habent</span> <span class='ocrx_word' id='word_1_501' title='bbox 1175 3746 1684 3818; x_wconf 82' lang='lat' dir='ltr'>signiﬁcationem,</span> <span class='ocrx_word' id='word_1_502' title='bbox 1716 3750 1825 3802; x_wconf 90' lang='lat' dir='ltr'>etc.</span> 
     </span>
    </p>
   </div>
   <div class='ocr_carea' id='block_1_71' title="bbox 321 3834 1656 3904">
    <p class='ocr_par' dir='ltr' id='par_1_71' title="bbox 321 3834 1656 3904">
     <span class='ocr_line' id='line_1_71' title="bbox 321 3834 1656 3904; baseline -0.002 -12"><span class='ocrx_word' id='word_1_503' title='bbox 321 3837 450 3892; x_wconf 68' lang='lat' dir='ltr'>Vide</span> <span class='ocrx_word' id='word_1_504' title='bbox 480 3837 828 3893; x_wconf 81' lang='lat' dir='ltr'>Dominicam</span> <span class='ocrx_word' id='word_1_505' title='bbox 861 3837 1079 3892; x_wconf 77' lang='lat' dir='ltr'>Laetare</span> <span class='ocrx_word' id='word_1_506' title='bbox 1111 3837 1167 3892; x_wconf 78' lang='lat' dir='ltr'>in</span> <span class='ocrx_word' id='word_1_507' title='bbox 1205 3834 1656 3904; x_wconf 76' lang='lat' dir='ltr'>Quadragcsima.</span> 
     </span>
    </p>
   </div>
   <div class='ocr_carea' id='block_1_72' title="bbox 809 3977 1330 4033">
    <p class='ocr_par' dir='ltr' id='par_1_72' title="bbox 809 3977 1330 4033">
     <span class='ocr_line' id='line_1_72' title="bbox 809 3977 1330 4033; baseline -0.004 0"><span class='ocrx_word' id='word_1_508' title='bbox 809 3977 1109 4033; x_wconf 72' lang='lat' dir='ltr'>HOM&#39;LIA</span> <span class='ocrx_word' id='word_1_509' title='bbox 1148 3977 1330 4032; x_wconf 86' lang='lat' dir='ltr'>CXLI.</span> 
     </span>
    </p>
   </div>
   <div class='ocr_carea' id='block_1_73' title="bbox 655 4081 1469 4124">
    <p class='ocr_par' dir='ltr' id='par_1_73' title="bbox 655 4081 1469 4124">
     <span class='ocr_line' id='line_1_73' title="bbox 655 4081 1469 4124; baseline -0.002 -1"><span class='ocrx_word' id='word_1_510' title='bbox 655 4085 715 4123; x_wconf 78' lang='lat' dir='ltr'>IN</span> <span class='ocrx_word' id='word_1_511' title='bbox 755 4084 1128 4124; x_wconf 76' lang='lat' dir='ltr'>DEDICATIONB</span> <span class='ocrx_word' id='word_1_512' title='bbox 1167 4081 1469 4123; x_wconf 73' lang='grc' dir='ltr'>εραιεευε.</span> 
     </span>
    </p>
   </div>
   <div class='ocr_carea' id='block_1_74' title="bbox 315 4189 1900 4265">
    <p class='ocr_par' dir='ltr' id='par_1_74' title="bbox 315 4189 1900 4265">
     <span class='ocr_line' id='line_1_74' title="bbox 315 4189 1900 4265; baseline -0.001 -19"><span class='ocrx_word' id='word_1_513' title='bbox 315 4195 479 4264; x_wconf 86' lang='lat' dir='ltr'>(Luc.</span> <span class='ocrx_word' id='word_1_514' title='bbox 503 4195 605 4262; x_wconf 72' lang='lat' dir='ltr'>vn.)</span> <span class='ocrx_word' id='word_1_515' title='bbox 641 4213 667 4243; x_wconf 77' lang='grc' dir='ltr'>α</span> <span class='ocrx_word' id='word_1_516' title='bbox 703 4191 763 4247; x_wconf 90' lang='lat' dir='ltr'>In</span> <span class='ocrx_word' id='word_1_517' title='bbox 797 4190 897 4248; x_wconf 91' lang='lat' dir='ltr'>illo</span> <span class='ocrx_word' id='word_1_518' title='bbox 931 4195 1188 4265; x_wconf 90' lang='lat' dir='ltr'>tempore</span> <span class='ocrx_word' id='word_1_519' title='bbox 1219 4191 1365 4247; x_wconf 90' lang='lat' dir='ltr'>dixit</span> <span class='ocrx_word' id='word_1_520' title='bbox 1393 4190 1566 4247; x_wconf 86' lang='lat' dir='ltr'>Jesus</span> <span class='ocrx_word' id='word_1_521' title='bbox 1597 4189 1900 4262; x_wconf 89' lang='lat' dir='ltr'>discipulis</span> 
     </span>
    </p>
   </div>
   <div class='ocr_carea' id='block_1_75' title="bbox 242 4279 1902 4354">
    <p class='ocr_par' dir='ltr' id='par_1_75' title="bbox 242 4279 1902 4354">
     <span class='ocr_line' id='line_1_75' title="bbox 242 4279 1902 4354; baseline -0.003 -16"><span class='ocrx_word' id='word_1_522' title='bbox 242 4308 268 4332; x_wconf 85' lang='grc'>‹‹</span> <span class='ocrx_word' id='word_1_523' title='bbox 310 4282 470 4338; x_wconf 88' lang='lat' dir='ltr'>suis:</span> <span class='ocrx_word' id='word_1_524' title='bbox 504 4281 629 4338; x_wconf 85' lang='lat' dir='ltr'>Non</span> <span class='ocrx_word' id='word_1_525' title='bbox 661 4285 751 4337; x_wconf 89' lang='lat' dir='ltr'>est</span> <span class='ocrx_word' id='word_1_526' title='bbox 781 4281 922 4336; x_wconf 87' lang='lat' dir='ltr'>abor</span> <span class='ocrx_word' id='word_1_527' title='bbox 950 4281 1106 4337; x_wconf 89' lang='lat' dir='ltr'>bona</span> <span class='ocrx_word' id='word_1_528' title='bbox 1137 4297 1264 4354; x_wconf 63' lang='lat' dir='ltr'>quae</span> <span class='ocrx_word' id='word_1_529' title='bbox 1305 4280 1442 4336; x_wconf 82' lang='lat' dir='ltr'>facit</span> <span class='ocrx_word' id='word_1_530' title='bbox 1483 4279 1741 4335; x_wconf 89' lang='lat' dir='ltr'>fructum</span> <span class='ocrx_word' id='word_1_531' title='bbox 1772 4296 1902 4334; x_wconf 86' lang='lat' dir='ltr'>ma-</span> 
     </span>
    </p>
   </div>
   <div class='ocr_carea' id='block_1_76' title="bbox 245 4367 1900 4442">
    <p class='ocr_par' dir='ltr' id='par_1_76' title="bbox 245 4367 1900 4442">
     <span class='ocr_line' id='line_1_76' title="bbox 245 4367 1900 4442; baseline -0.002 -16"><span class='ocrx_word' id='word_1_532' title='bbox 245 4397 266 4419; x_wconf 74' lang='grc' dir='ltr'><strong>ε</strong></span> <span class='ocrx_word' id='word_1_533' title='bbox 304 4371 453 4426; x_wconf 92' lang='lat' dir='ltr'>lum.</span> <span class='ocrx_word' id='word_1_534' title='bbox 489 4393 517 4420; x_wconf 85' lang='lat'><em>»</em></span> <span class='ocrx_word' id='word_1_535' title='bbox 550 4371 620 4426; x_wconf 86' lang='lat' dir='ltr'>Et</span> <span class='ocrx_word' id='word_1_536' title='bbox 651 4368 895 4442; x_wconf 90' lang='lat' dir='ltr'>reliqua.</span> <span class='ocrx_word' id='word_1_537' title='bbox 915 4369 1199 4425; x_wconf 88' lang='lat' dir='ltr'>Dominus</span> <span class='ocrx_word' id='word_1_538' title='bbox 1229 4370 1402 4426; x_wconf 85' lang='lat' dir='ltr'>Jesus</span> <span class='ocrx_word' id='word_1_539' title='bbox 1433 4368 1704 4425; x_wconf 86' lang='lat' dir='ltr'>Christus</span> <span class='ocrx_word' id='word_1_540' title='bbox 1722 4367 1900 4422; x_wconf 62' lang='lat' dir='ltr'>aedifi-</span> 
     </span>
    </p>
   </div>
   <div class='ocr_carea' id='block_1_77' title="bbox 241 4457 1902 4531">
    <p class='ocr_par' dir='ltr' id='par_1_77' title="bbox 241 4457 1902 4531">
     <span class='ocr_line' id='line_1_77' title="bbox 241 4457 1902 4531; baseline -0.002 -16"><span class='ocrx_word' id='word_1_541' title='bbox 241 4464 408 4515; x_wconf 90' lang='lat' dir='ltr'>cator</span> <span class='ocrx_word' id='word_1_542' title='bbox 436 4464 492 4515; x_wconf 89' lang='lat' dir='ltr'>et</span> <span class='ocrx_word' id='word_1_543' title='bbox 521 4464 896 4516; x_wconf 91' lang='lat' dir='ltr'>conservator</span> <span class='ocrx_word' id='word_1_544' title='bbox 926 4477 1043 4515; x_wconf 67' lang='lat' dir='ltr'>sua:</span> <span class='ocrx_word' id='word_1_545' title='bbox 1070 4457 1586 4531; x_wconf 70' lang='lat' dir='ltr'>Ecclesiae,quales</span> <span class='ocrx_word' id='word_1_546' title='bbox 1617 4458 1689 4514; x_wconf 90' lang='lat' dir='ltr'>ad</span> <span class='ocrx_word' id='word_1_547' title='bbox 1722 4457 1902 4512; x_wconf 78' lang='lat' dir='ltr'>aedifi-</span> 
     </span>
    </p>
   </div>
   <div class='ocr_carea' id='block_1_78' title="bbox 2008 3297 3004 3370">
    <p class='ocr_par' dir='ltr' id='par_1_78' title="bbox 2008 3297 3004 3370">
     <span class='ocr_line' id='line_1_78' title="bbox 2008 3297 3004 3370; baseline -0.008 -11"><span class='ocrx_word' id='word_1_548' title='bbox 2008 3322 2118 3360; x_wconf 91' lang='lat' dir='ltr'>nus</span> <span class='ocrx_word' id='word_1_549' title='bbox 2154 3301 2504 3367; x_wconf 71' lang='lat' dir='ltr'>manifestat,</span> <span class='ocrx_word' id='word_1_550' title='bbox 2537 3317 2672 3355; x_wconf 90' lang='lat' dir='ltr'>cum</span> <span class='ocrx_word' id='word_1_551' title='bbox 2705 3297 3004 3370; x_wconf 86' lang='lat' dir='ltr'>adjungit:</span> 
     </span>
    </p>
   </div>
   <div class='ocr_carea' id='block_1_79' title="bbox 2083 3381 3652 3463">
    <p class='ocr_par' dir='ltr' id='par_1_79' title="bbox 2083 3381 3652 3463">
     <span class='ocr_line' id='line_1_79' title="bbox 2083 3381 3652 3463; baseline -0.005 -19"><span class='ocrx_word' id='word_1_552' title='bbox 2083 3417 2108 3444; x_wconf 87' lang='grc'><em>‹‹</em></span> <span class='ocrx_word' id='word_1_553' title='bbox 2145 3392 2518 3463; x_wconf 67' lang='lat' dir='ltr'>Unaquaeque</span> <span class='ocrx_word' id='word_1_554' title='bbox 2562 3387 2718 3444; x_wconf 90' lang='lat' dir='ltr'>enim</span> <span class='ocrx_word' id='word_1_555' title='bbox 2773 3387 2947 3442; x_wconf 90' lang='lat' dir='ltr'>arbor</span> <span class='ocrx_word' id='word_1_556' title='bbox 2974 3403 3042 3441; x_wconf 87' lang='lat' dir='ltr'>ex</span> <span class='ocrx_word' id='word_1_557' title='bbox 3099 3383 3293 3440; x_wconf 89' lang='lat' dir='ltr'>fructu</span> <span class='ocrx_word' id='word_1_558' title='bbox 3343 3381 3652 3456; x_wconf 81' lang='lat' dir='ltr'>cognosci-</span> 
     </span>
    </p>
   </div>
   <div class='ocr_carea' id='block_1_80' title="bbox 2010 3471 3660 3538">
    <p class='ocr_par' dir='ltr' id='par_1_80' title="bbox 2010 3471 3660 3538">
     <span class='ocr_line' id='line_1_80' title="bbox 2010 3471 3660 3538; baseline -0.008 0"><span class='ocrx_word' id='word_1_559' title='bbox 2010 3507 2035 3533; x_wconf 87' lang='grc'><strong>‹‹</strong></span> <span class='ocrx_word' id='word_1_560' title='bbox 2071 3487 2184 3538; x_wconf 91' lang='lat' dir='ltr'>tur.</span> <span class='ocrx_word' id='word_1_561' title='bbox 2217 3503 2244 3528; x_wconf 85' lang='grc'><strong>››</strong></span> <span class='ocrx_word' id='word_1_562' title='bbox 2276 3479 2438 3534; x_wconf 90' lang='lat' dir='ltr'>Sicut</span> <span class='ocrx_word' id='word_1_563' title='bbox 2470 3478 2627 3533; x_wconf 89' lang='lat' dir='ltr'>enim</span> <span class='ocrx_word' id='word_1_564' title='bbox 2657 3474 2917 3532; x_wconf 87' lang='lat' dir='ltr'>visibiles</span> <span class='ocrx_word' id='word_1_565' title='bbox 2949 3474 3186 3529; x_wconf 88' lang='lat' dir='ltr'>arbores</span> <span class='ocrx_word' id='word_1_566' title='bbox 3216 3490 3286 3528; x_wconf 82' lang='lat' dir='ltr'>ex</span> <span class='ocrx_word' id='word_1_567' title='bbox 3313 3472 3506 3527; x_wconf 89' lang='lat' dir='ltr'>fructu</span> <span class='ocrx_word' id='word_1_568' title='bbox 3541 3471 3660 3525; x_wconf 83' lang='lat' dir='ltr'>dis-</span> 
     </span>
    </p>
   </div>
   <div class='ocr_carea' id='block_1_81' title="bbox 2009 3557 3658 3639">
    <p class='ocr_par' dir='ltr' id='par_1_81' title="bbox 2009 3557 3658 3639">
     <span class='ocr_line' id='line_1_81' title="bbox 2009 3557 3658 3639; baseline -0.009 -12"><span class='ocrx_word' id='word_1_569' title='bbox 2009 3571 2323 3638; x_wconf 91' lang='lat' dir='ltr'>cernimus,</span> <span class='ocrx_word' id='word_1_570' title='bbox 2355 3569 2523 3639; x_wconf 86' lang='lat' dir='ltr'>cujus</span> <span class='ocrx_word' id='word_1_571' title='bbox 2553 3565 2786 3638; x_wconf 88' lang='lat' dir='ltr'>generis</span> <span class='ocrx_word' id='word_1_572' title='bbox 2814 3563 2901 3620; x_wconf 78' lang='lat' dir='ltr'>vel</span> <span class='ocrx_word' id='word_1_573' title='bbox 2933 3561 3160 3635; x_wconf 88' lang='lat' dir='ltr'>saporis</span> <span class='ocrx_word' id='word_1_574' title='bbox 3193 3565 3350 3629; x_wconf 91' lang='lat' dir='ltr'>sunt,</span> <span class='ocrx_word' id='word_1_575' title='bbox 3385 3561 3468 3615; x_wconf 90' lang='lat' dir='ltr'>ita</span> <span class='ocrx_word' id='word_1_576' title='bbox 3483 3557 3658 3630; x_wconf 92' lang='lat' dir='ltr'>spiri-</span> 
     </span>
    </p>
   </div>
   <div class='ocr_carea' id='block_1_82' title="bbox 2009 3648 3658 3724">
    <p class='ocr_par' dir='ltr' id='par_1_82' title="bbox 2009 3648 3658 3724">
     <span class='ocr_line' id='line_1_82' title="bbox 2009 3648 3658 3724; baseline -0.008 -9"><span class='ocrx_word' id='word_1_577' title='bbox 2009 3659 2153 3715; x_wconf 88' lang='lat' dir='ltr'>tales</span> <span class='ocrx_word' id='word_1_578' title='bbox 2185 3659 2441 3723; x_wconf 80' lang='lat' dir='ltr'>arbores,</span> <span class='ocrx_word' id='word_1_579' title='bbox 2475 3656 2532 3711; x_wconf 89' lang='lat' dir='ltr'>id</span> <span class='ocrx_word' id='word_1_580' title='bbox 2555 3648 3658 3724; x_wconf 85' lang='lat' dir='ltr'>esthomines,exoperibusdiscernere</span> 
     </span>
    </p>
   </div>
   <div class='ocr_carea' id='block_1_83' title="bbox 2009 3734 3666 3821">
    <p class='ocr_par' dir='ltr' id='par_1_83' title="bbox 2009 3734 3666 3821">
     <span class='ocr_line' id='line_1_83' title="bbox 2009 3734 3666 3821; baseline -0.009 -16"><span class='ocrx_word' id='word_1_581' title='bbox 2009 3764 2349 3821; x_wconf 89' lang='lat' dir='ltr'>possumus,</span> <span class='ocrx_word' id='word_1_582' title='bbox 2363 3741 2887 3816; x_wconf 88' lang='lat' dir='ltr'>cujusintentionis</span> <span class='ocrx_word' id='word_1_583' title='bbox 2901 3741 3039 3797; x_wconf 90' lang='lat' dir='ltr'>sint.</span> <span class='ocrx_word' id='word_1_584' title='bbox 3053 3739 3200 3795; x_wconf 89' lang='lat' dir='ltr'>Nam</span> <span class='ocrx_word' id='word_1_585' title='bbox 3216 3739 3262 3794; x_wconf 88' lang='lat' dir='ltr'>si</span> <span class='ocrx_word' id='word_1_586' title='bbox 3280 3736 3484 3810; x_wconf 89' lang='lat' dir='ltr'>quales</span> <span class='ocrx_word' id='word_1_587' title='bbox 3511 3734 3666 3791; x_wconf 87' lang='lat' dir='ltr'>mala</span> 
     </span>
    </p>
   </div>
   <div class='ocr_carea' id='block_1_84' title="bbox 2009 3826 3660 3907">
    <p class='ocr_par' dir='ltr' id='par_1_84' title="bbox 2009 3826 3660 3907">
     <span class='ocr_line' id='line_1_84' title="bbox 2009 3826 3660 3907; baseline -0.007 -15"><span class='ocrx_word' id='word_1_588' title='bbox 2009 3837 2182 3893; x_wconf 90' lang='lat' dir='ltr'>arbor</span> <span class='ocrx_word' id='word_1_589' title='bbox 2211 3835 2464 3907; x_wconf 88' lang='lat' dir='ltr'>proferat</span> <span class='ocrx_word' id='word_1_590' title='bbox 2494 3833 2740 3897; x_wconf 90' lang='lat' dir='ltr'>fructus,</span> <span class='ocrx_word' id='word_1_591' title='bbox 2771 3829 2859 3886; x_wconf 89' lang='lat' dir='ltr'>vel</span> <span class='ocrx_word' id='word_1_592' title='bbox 2892 3847 2959 3884; x_wconf 87' lang='lat' dir='ltr'>ex</span> <span class='ocrx_word' id='word_1_593' title='bbox 2993 3829 3210 3901; x_wconf 90' lang='lat' dir='ltr'>quibus</span> <span class='ocrx_word' id='word_1_594' title='bbox 3240 3826 3660 3900; x_wconf 88' lang='lat' dir='ltr'>cognoscipos-</span> 
     </span>
    </p>
   </div>
   <div class='ocr_carea' id='block_1_85' title="bbox 2009 3914 3666 3994">
    <p class='ocr_par' dir='ltr' id='par_1_85' title="bbox 2009 3914 3666 3994">
     <span class='ocr_line' id='line_1_85' title="bbox 2009 3914 3666 3994; baseline -0.008 -13"><span class='ocrx_word' id='word_1_595' title='bbox 2009 3927 2105 3993; x_wconf 88' lang='lat' dir='ltr'>sit,</span> <span class='ocrx_word' id='word_1_596' title='bbox 2142 3923 2356 3980; x_wconf 87' lang='lat' dir='ltr'>Paulus</span> <span class='ocrx_word' id='word_1_597' title='bbox 2381 3919 2683 3994; x_wconf 87' lang='lat' dir='ltr'>apostolus</span> <span class='ocrx_word' id='word_1_598' title='bbox 2697 3918 3154 3975; x_wconf 88' lang='lat' dir='ltr'>denuntiatcum</span> <span class='ocrx_word' id='word_1_599' title='bbox 3170 3916 3279 3972; x_wconf 88' lang='lat' dir='ltr'>ait:</span> <span class='ocrx_word' id='word_1_600' title='bbox 3301 3939 3328 3966; x_wconf 86' lang='grc'><em>‹‹</em></span> <span class='ocrx_word' id='word_1_601' title='bbox 3358 3914 3666 3971; x_wconf 87' lang='lat' dir='ltr'>Manifesta</span> 
     </span>
    </p>
   </div>
   <div class='ocr_carea' id='block_1_86' title="bbox 2009 4002 3662 4082">
    <p class='ocr_par' dir='ltr' id='par_1_86' title="bbox 2009 4002 3662 4082">
     <span class='ocr_line' id='line_1_86' title="bbox 2009 4002 3662 4082; baseline -0.007 -14"><span class='ocrx_word' id='word_1_602' title='bbox 2009 4017 2204 4068; x_wconf 90' lang='lat' dir='ltr'>autem</span> <span class='ocrx_word' id='word_1_603' title='bbox 2237 4014 2375 4067; x_wconf 92' lang='lat' dir='ltr'>sunt</span> <span class='ocrx_word' id='word_1_604' title='bbox 2404 4025 2580 4082; x_wconf 89' lang='lat' dir='ltr'>opera</span> <span class='ocrx_word' id='word_1_605' title='bbox 2609 4008 2825 4073; x_wconf 90' lang='lat' dir='ltr'>carnis,</span> <span class='ocrx_word' id='word_1_606' title='bbox 2859 4023 2987 4078; x_wconf 64' lang='lat' dir='ltr'>quas</span> <span class='ocrx_word' id='word_1_607' title='bbox 3019 4010 3158 4060; x_wconf 91' lang='lat' dir='ltr'>sunt</span> <span class='ocrx_word' id='word_1_608' title='bbox 3187 4003 3513 4069; x_wconf 89' lang='lat' dir='ltr'>fornicatio,</span> <span class='ocrx_word' id='word_1_609' title='bbox 3552 4002 3662 4056; x_wconf 90' lang='lat' dir='ltr'>im-</span> 
     </span>
    </p>
   </div>
   <div class='ocr_carea' id='block_1_87' title="bbox 2009 4090 3659 4168">
    <p class='ocr_par' dir='ltr' id='par_1_87' title="bbox 2009 4090 3659 4168">
     <span class='ocr_line' id='line_1_87' title="bbox 2009 4090 3659 4168; baseline -0.009 -11"><span class='ocrx_word' id='word_1_610' title='bbox 2009 4099 2322 4168; x_wconf 87' lang='lat' dir='ltr'>munditia,</span> <span class='ocrx_word' id='word_1_611' title='bbox 2375 4097 2637 4163; x_wconf 89' lang='lat' dir='ltr'>averitia,</span> <span class='ocrx_word' id='word_1_612' title='bbox 2689 4095 2981 4150; x_wconf 87' lang='lat' dir='ltr'>idolorum</span> <span class='ocrx_word' id='word_1_613' title='bbox 3035 4093 3309 4157; x_wconf 86' lang='lat' dir='ltr'>servitus,</span> <span class='ocrx_word' id='word_1_614' title='bbox 3359 4090 3659 4154; x_wconf 82' lang='lat' dir='ltr'>veneficia,</span> 
     </span>
    </p>
   </div>
   <div class='ocr_carea' id='block_1_88' title="bbox 2009 4175 3662 4256">
    <p class='ocr_par' dir='ltr' id='par_1_88' title="bbox 2009 4175 3662 4256">
     <span class='ocr_line' id='line_1_88' title="bbox 2009 4175 3662 4256; baseline -0.01 -11"><span class='ocrx_word' id='word_1_615' title='bbox 2009 4189 2351 4256; x_wconf 66' lang='lat' dir='ltr'>inimicitiae,</span> <span class='ocrx_word' id='word_1_616' title='bbox 2385 4185 2786 4242; x_wconf 88' lang='lat' dir='ltr'>contentiones</span> <span class='ocrx_word' id='word_1_617' title='bbox 2817 4188 2874 4238; x_wconf 90' lang='lat' dir='ltr'>et</span> <span class='ocrx_word' id='word_1_618' title='bbox 2902 4179 3327 4248; x_wconf 68' lang='lat' dir='ltr'>mmulationes,</span> <span class='ocrx_word' id='word_1_619' title='bbox 3363 4178 3478 4244; x_wconf 68' lang='lat' dir='ltr'>irae,</span> <span class='ocrx_word' id='word_1_620' title='bbox 3507 4175 3662 4243; x_wconf 72' lang='lat' dir='ltr'>rixae,</span> 
     </span>
    </p>
   </div>
   <div class='ocr_carea' id='block_1_89' title="bbox 2009 4264 3666 4340">
    <p class='ocr_par' dir='ltr' id='par_1_89' title="bbox 2009 4264 3666 4340">
     <span class='ocr_line' id='line_1_89' title="bbox 2009 4264 3666 4340; baseline -0.011 -4"><span class='ocrx_word' id='word_1_621' title='bbox 2009 4278 2428 4340; x_wconf 89' lang='lat' dir='ltr'>dissensiones,</span> <span class='ocrx_word' id='word_1_622' title='bbox 2455 4278 2643 4337; x_wconf 63' lang='lat' dir='ltr'>sectae,</span> <span class='ocrx_word' id='word_1_623' title='bbox 2671 4271 2921 4337; x_wconf 63' lang='lat' dir='ltr'>invidiae,</span> <span class='ocrx_word' id='word_1_624' title='bbox 2941 4264 3666 4334; x_wconf 88' lang='lat' dir='ltr'>ebrietates,comessatio-</span> 
     </span>
    </p>
   </div>
   <div class='ocr_carea' id='block_1_90' title="bbox 2009 4351 3714 4439">
    <p class='ocr_par' dir='ltr' id='par_1_90' title="bbox 2009 4351 3714 4439">
     <span class='ocr_line' id='line_1_90' title="bbox 2009 4351 3714 4439; baseline -0.012 -14"><span class='ocrx_word' id='word_1_625' title='bbox 2009 4386 2133 4437; x_wconf 88' lang='lat' dir='ltr'>nes,</span> <span class='ocrx_word' id='word_1_626' title='bbox 2169 4384 2295 4439; x_wconf 80' lang='lat' dir='ltr'>qua:</span> <span class='ocrx_word' id='word_1_627' title='bbox 2327 4363 2577 4438; x_wconf 59' lang='lat' dir='ltr'>pradico</span> <span class='ocrx_word' id='word_1_628' title='bbox 2608 4361 2772 4416; x_wconf 91' lang='lat' dir='ltr'>vobis</span> <span class='ocrx_word' id='word_1_629' title='bbox 2788 4355 3216 4432; x_wconf 68' lang='lat' dir='ltr'>sicutpraedixi,</span> <span class='ocrx_word' id='word_1_630' title='bbox 3239 4355 3392 4426; x_wconf 90' lang='lat' dir='ltr'>quod</span> <span class='ocrx_word' id='word_1_631' title='bbox 3409 4351 3668 4425; x_wconf 90' lang='lat' dir='ltr'>quitalia</span> <span class='ocrx_word' id='word_1_632' title='bbox 3711 4369 3714 4372; x_wconf 93' lang='grc'><strong>·</strong></span> 
     </span>
    </p>
   </div>
   <div class='ocr_carea' id='block_1_91' title="bbox 2009 4441 3669 4530">
    <p class='ocr_par' dir='ltr' id='par_1_91' title="bbox 2009 4441 3669 4530">
     <span class='ocr_line' id='line_1_91' title="bbox 2009 4441 3669 4530; baseline -0.011 -16"><span class='ocrx_word' id='word_1_633' title='bbox 2009 4461 2212 4530; x_wconf 86' lang='lat' dir='ltr'>agunt,</span> <span class='ocrx_word' id='word_1_634' title='bbox 2246 4471 2492 4527; x_wconf 90' lang='lat' dir='ltr'>regnum</span> <span class='ocrx_word' id='word_1_635' title='bbox 2521 4451 2620 4507; x_wconf 91' lang='lat' dir='ltr'>Dei</span> <span class='ocrx_word' id='word_1_636' title='bbox 2655 4467 2770 4505; x_wconf 91' lang='lat' dir='ltr'>non</span> <span class='ocrx_word' id='word_1_637' title='bbox 2804 4449 3241 4518; x_wconf 89' lang='lat' dir='ltr'>consequentur</span> <span class='ocrx_word' id='word_1_638' title='bbox 3271 4443 3412 4516; x_wconf 85' lang='lat' dir='ltr'>(Gal.</span> <span class='ocrx_word' id='word_1_639' title='bbox 3449 4441 3578 4530; x_wconf 65' lang='lat' dir='ltr'>v)._»</span> <span class='ocrx_word' id='word_1_640' title='bbox 3597 4442 3669 4496; x_wconf 83' lang='lat' dir='ltr'>At</span> 
     </span>
    </p>
   </div>
   <div class='ocr_carea' id='block_1_92' title="bbox 242 4526 3668 4630">
    <p class='ocr_par' dir='ltr' id='par_1_92' title="bbox 242 4526 3668 4630">
     <span class='ocr_line' id='line_1_92' title="bbox 242 4526 3668 4630; baseline -0.006 -27"><span class='ocrx_word' id='word_1_641' title='bbox 242 4549 535 4604; x_wconf 72' lang='lat' dir='ltr'>cntionem</span> <span class='ocrx_word' id='word_1_642' title='bbox 569 4549 805 4605; x_wconf 88' lang='lat' dir='ltr'>arbores</span> <span class='ocrx_word' id='word_1_643' title='bbox 837 4549 1152 4620; x_wconf 74' lang='lat' dir='ltr'>quaerat,in</span> <span class='ocrx_word' id='word_1_644' title='bbox 1175 4547 1410 4604; x_wconf 85' lang='lat' dir='ltr'>exordio</span> <span class='ocrx_word' id='word_1_645' title='bbox 1436 4547 1616 4619; x_wconf 89' lang='lat' dir='ltr'>hujus</span> <span class='ocrx_word' id='word_1_646' title='bbox 1637 4545 1902 4603; x_wconf 83' lang='lat' dir='ltr'>lectionis</span> <span class='ocrx_word' id='word_1_647' title='bbox 1931 4565 1978 4630; x_wconf 83' lang='lat' dir='ltr'><strong>D</strong></span> <span class='ocrx_word' id='word_1_648' title='bbox 2007 4564 2140 4603; x_wconf 90' lang='lat' dir='ltr'>vero</span> <span class='ocrx_word' id='word_1_649' title='bbox 2173 4526 2378 4617; x_wconf 89' lang='lat' dir='ltr'>quales</span> <span class='ocrx_word' id='word_1_650' title='bbox 2409 4544 2562 4598; x_wconf 90' lang='lat' dir='ltr'>bona</span> <span class='ocrx_word' id='word_1_651' title='bbox 2592 4541 2766 4596; x_wconf 90' lang='lat' dir='ltr'>arbor</span> <span class='ocrx_word' id='word_1_652' title='bbox 2795 4538 3048 4611; x_wconf 88' lang='lat' dir='ltr'>proferat</span> <span class='ocrx_word' id='word_1_653' title='bbox 3074 4535 3320 4598; x_wconf 88' lang='lat' dir='ltr'>fructus,</span> <span class='ocrx_word' id='word_1_654' title='bbox 3351 4532 3506 4630; x_wconf 79' lang='lat' dir='ltr'>idem</span> <span class='ocrx_word' id='word_1_655' title='bbox 3542 4526 3668 4601; x_wconf 89' lang='lat' dir='ltr'>ipse</span> 
     </span>
    </p>
   </div>
   <div class='ocr_carea' id='block_1_93' title="bbox 245 4620 3670 4708">
    <p class='ocr_par' dir='ltr' id='par_1_93' title="bbox 245 4620 3670 4708">
     <span class='ocr_line' id='line_1_93' title="bbox 245 4620 3670 4708; baseline -0.006 -16"><span class='ocrx_word' id='word_1_656' title='bbox 245 4636 497 4704; x_wconf 76' lang='lat' dir='ltr'>delerat,</span> <span class='ocrx_word' id='word_1_657' title='bbox 524 4636 724 4694; x_wconf 90' lang='lat' dir='ltr'>dicens</span> <span class='ocrx_word' id='word_1_658' title='bbox 759 4654 772 4692; x_wconf 92' lang='lat'>:</span> <span class='ocrx_word' id='word_1_659' title='bbox 811 4660 838 4687; x_wconf 86' lang='grc'>‹‹</span> <span class='ocrx_word' id='word_1_660' title='bbox 864 4637 990 4692; x_wconf 91' lang='lat' dir='ltr'>Non</span> <span class='ocrx_word' id='word_1_661' title='bbox 1022 4642 1111 4693; x_wconf 91' lang='lat' dir='ltr'>est</span> <span class='ocrx_word' id='word_1_662' title='bbox 1146 4637 1304 4693; x_wconf 91' lang='lat' dir='ltr'>enim</span> <span class='ocrx_word' id='word_1_663' title='bbox 1355 4637 1530 4693; x_wconf 88' lang='lat' dir='ltr'>arbor</span> <span class='ocrx_word' id='word_1_664' title='bbox 1575 4636 1727 4692; x_wconf 90' lang='lat' dir='ltr'>bona</span> <span class='ocrx_word' id='word_1_665' title='bbox 1773 4653 1901 4708; x_wconf 64' lang='lat' dir='ltr'>quae</span> <span class='ocrx_word' id='word_1_666' title='bbox 1931 4620 1972 4630; x_wconf 65' lang='grc'><em>’</em></span> <span class='ocrx_word' id='word_1_667' title='bbox 2011 4634 2268 4693; x_wconf 87' lang='lat' dir='ltr'>ostendit</span> <span class='ocrx_word' id='word_1_668' title='bbox 2299 4649 2432 4688; x_wconf 91' lang='lat' dir='ltr'>cum</span> <span class='ocrx_word' id='word_1_669' title='bbox 2465 4629 2760 4702; x_wconf 88' lang='lat' dir='ltr'>adjungit:</span> <span class='ocrx_word' id='word_1_670' title='bbox 2803 4650 2829 4674; x_wconf 84' lang='grc'><strong>››</strong></span> <span class='ocrx_word' id='word_1_671' title='bbox 2867 4622 3280 4681; x_wconf 88' lang='lat' dir='ltr'>Fructusenim</span> <span class='ocrx_word' id='word_1_672' title='bbox 3306 4620 3550 4708; x_wconf 86' lang='lat' dir='ltr'>spiritus</span> <span class='ocrx_word' id='word_1_673' title='bbox 3580 4623 3670 4673; x_wconf 89' lang='lat' dir='ltr'>est</span> 
     </span>
    </p>
   </div>
   <div class='ocr_carea' id='block_1_94' title="bbox 242 4725 1009 4782">
    <p class='ocr_par' dir='ltr' id='par_1_94' title="bbox 242 4725 1009 4782">
     <span class='ocr_line' id='line_1_94' title="bbox 242 4725 1009 4782; baseline 0.001 -2"><span class='ocrx_word' id='word_1_674' title='bbox 242 4725 383 4780; x_wconf 88' lang='lat' dir='ltr'>facit</span> <span class='ocrx_word' id='word_1_675' title='bbox 413 4725 669 4781; x_wconf 84' lang='lat' dir='ltr'>fructum</span> <span class='ocrx_word' id='word_1_676' title='bbox 701 4725 944 4782; x_wconf 90' lang='lat' dir='ltr'>malum.</span> <span class='ocrx_word' id='word_1_677' title='bbox 982 4749 1009 4776; x_wconf 83' lang='lat'>»</span> 
     </span>
    </p>
   </div>
   <div class='ocr_carea' id='block_1_95' title="bbox 315 4813 1896 4886">
    <p class='ocr_par' dir='ltr' id='par_1_95' title="bbox 315 4813 1896 4886">
     <span class='ocr_line' id='line_1_95' title="bbox 315 4813 1896 4886; baseline -0.001 -18"><span class='ocrx_word' id='word_1_678' title='bbox 315 4838 342 4862; x_wconf 76' lang='grc' dir='ltr'><strong><em>ιι</em></strong></span> <span class='ocrx_word' id='word_1_679' title='bbox 378 4813 578 4886; x_wconf 88' lang='lat' dir='ltr'>Neque</span> <span class='ocrx_word' id='word_1_680' title='bbox 609 4815 782 4870; x_wconf 86' lang='lat' dir='ltr'>arbor</span> <span class='ocrx_word' id='word_1_681' title='bbox 821 4814 977 4870; x_wconf 88' lang='lat' dir='ltr'>mala</span> <span class='ocrx_word' id='word_1_682' title='bbox 1025 4814 1243 4870; x_wconf 87' lang='lat' dir='ltr'>faciens</span> <span class='ocrx_word' id='word_1_683' title='bbox 1293 4814 1549 4870; x_wconf 85' lang='lat' dir='ltr'>fructum</span> <span class='ocrx_word' id='word_1_684' title='bbox 1591 4814 1831 4868; x_wconf 90' lang='lat' dir='ltr'>bonum.</span> <span class='ocrx_word' id='word_1_685' title='bbox 1870 4836 1896 4862; x_wconf 89' lang='grc'><strong>››</strong></span> 
     </span>
    </p>
   </div>
   <div class='ocr_carea' id='block_1_96' title="bbox 236 4901 1896 4976">
    <p class='ocr_par' dir='ltr' id='par_1_96' title="bbox 236 4901 1896 4976">
     <span class='ocr_line' id='line_1_96' title="bbox 236 4901 1896 4976; baseline -0.002 -17"><span class='ocrx_word' id='word_1_686' title='bbox 236 4903 494 4959; x_wconf 84' lang='lat' dir='ltr'>Arbores</span> <span class='ocrx_word' id='word_1_687' title='bbox 507 4903 915 4976; x_wconf 88' lang='lat' dir='ltr'>spiritaliterin</span> <span class='ocrx_word' id='word_1_688' title='bbox 930 4903 1250 4976; x_wconf 88' lang='lat' dir='ltr'>Scripturis</span> <span class='ocrx_word' id='word_1_689' title='bbox 1262 4902 1530 4958; x_wconf 91' lang='lat' dir='ltr'>homines</span> <span class='ocrx_word' id='word_1_690' title='bbox 1541 4901 1896 4975; x_wconf 81' lang='lat' dir='ltr'>significant,</span> 
     </span>
    </p>
   </div>
   <div class='ocr_carea' id='block_1_97' title="bbox 240 4990 1896 5065">
    <p class='ocr_par' dir='ltr' id='par_1_97' title="bbox 240 4990 1896 5065">
     <span class='ocr_line' id='line_1_97' title="bbox 240 4990 1896 5065; baseline 0.001 -20"><span class='ocrx_word' id='word_1_691' title='bbox 240 4991 398 5046; x_wconf 87' lang='lat' dir='ltr'>sicut</span> <span class='ocrx_word' id='word_1_692' title='bbox 430 4991 526 5047; x_wconf 91' lang='lat' dir='ltr'>ille</span> <span class='ocrx_word' id='word_1_693' title='bbox 560 5008 768 5061; x_wconf 66' lang='lat' dir='ltr'>caecus,</span> <span class='ocrx_word' id='word_1_694' title='bbox 803 4993 903 5065; x_wconf 91' lang='lat' dir='ltr'>qui</span> <span class='ocrx_word' id='word_1_695' title='bbox 935 5011 971 5048; x_wconf 86' lang='lat' dir='ltr'>a</span> <span class='ocrx_word' id='word_1_696' title='bbox 999 4992 1245 5049; x_wconf 91' lang='lat' dir='ltr'>Domino</span> <span class='ocrx_word' id='word_1_697' title='bbox 1275 4991 1648 5047; x_wconf 88' lang='lat' dir='ltr'>illuminatus</span> <span class='ocrx_word' id='word_1_698' title='bbox 1686 4990 1896 5057; x_wconf 86' lang='lat' dir='ltr'>fuerat,</span> 
     </span>
    </p>
   </div>
   <div class='ocr_carea' id='block_1_98' title="bbox 239 5080 1894 5154">
    <p class='ocr_par' dir='ltr' id='par_1_98' title="bbox 239 5080 1894 5154">
     <span class='ocr_line' id='line_1_98' title="bbox 239 5080 1894 5154; baseline -0.001 -19"><span class='ocrx_word' id='word_1_699' title='bbox 239 5080 475 5136; x_wconf 86' lang='lat' dir='ltr'>dicebat</span> <span class='ocrx_word' id='word_1_700' title='bbox 491 5098 502 5135; x_wconf 95' lang='lat'>:</span> <span class='ocrx_word' id='word_1_701' title='bbox 521 5104 548 5130; x_wconf 84' lang='lat'><strong>«</strong></span> <span class='ocrx_word' id='word_1_702' title='bbox 567 5081 746 5137; x_wconf 84' lang='lat' dir='ltr'>Video</span> <span class='ocrx_word' id='word_1_703' title='bbox 778 5081 1048 5138; x_wconf 89' lang='lat' dir='ltr'>homines</span> <span class='ocrx_word' id='word_1_704' title='bbox 1061 5081 1229 5154; x_wconf 88' lang='lat' dir='ltr'>quasi</span> <span class='ocrx_word' id='word_1_705' title='bbox 1248 5081 1482 5137; x_wconf 90' lang='lat' dir='ltr'>arbores</span> <span class='ocrx_word' id='word_1_706' title='bbox 1497 5082 1693 5152; x_wconf 81' lang='lat' dir='ltr'>(Marc.</span> <span class='ocrx_word' id='word_1_707' title='bbox 1706 5086 1850 5148; x_wconf 79' lang='lat' dir='ltr'>vui).</span> <span class='ocrx_word' id='word_1_708' title='bbox 1867 5103 1894 5130; x_wconf 85' lang='lat'>»</span> 
     </span>
    </p>
   </div>
   <div class='ocr_carea' id='block_1_99' title="bbox 238 5168 1896 5242">
    <p class='ocr_par' dir='ltr' id='par_1_99' title="bbox 238 5168 1896 5242">
     <span class='ocr_line' id='line_1_99' title="bbox 238 5168 1896 5242; baseline -0.002 -16"><span class='ocrx_word' id='word_1_709' title='bbox 238 5169 313 5226; x_wconf 85' lang='lat' dir='ltr'>Et</span> <span class='ocrx_word' id='word_1_710' title='bbox 343 5168 544 5225; x_wconf 87' lang='lat' dir='ltr'>Daniel</span> <span class='ocrx_word' id='word_1_711' title='bbox 568 5169 624 5225; x_wconf 93' lang='lat' dir='ltr'>in</span> <span class='ocrx_word' id='word_1_712' title='bbox 648 5170 870 5228; x_wconf 88' lang='lat' dir='ltr'>visione</span> <span class='ocrx_word' id='word_1_713' title='bbox 883 5170 1420 5230; x_wconf 84' lang='lat' dir='ltr'>Nabuchodonosor</span> <span class='ocrx_word' id='word_1_714' title='bbox 1440 5169 1613 5242; x_wconf 85' lang='lat' dir='ltr'>regis,</span> <span class='ocrx_word' id='word_1_715' title='bbox 1629 5169 1896 5224; x_wconf 88' lang='lat' dir='ltr'>arborem</span> 
     </span>
    </p>
   </div>
   <div class='ocr_carea' id='block_1_100' title="bbox 239 5258 1892 5334">
    <p class='ocr_par' dir='ltr' id='par_1_100' title="bbox 239 5258 1892 5334">
     <span class='ocr_line' id='line_1_100' title="bbox 239 5258 1892 5334; baseline 0 -22"><span class='ocrx_word' id='word_1_716' title='bbox 239 5274 524 5331; x_wconf 85' lang='lat' dir='ltr'>magnam</span> <span class='ocrx_word' id='word_1_717' title='bbox 555 5259 749 5332; x_wconf 87' lang='lat' dir='ltr'>ipsum</span> <span class='ocrx_word' id='word_1_718' title='bbox 781 5276 979 5334; x_wconf 86' lang='lat' dir='ltr'>regem</span> <span class='ocrx_word' id='word_1_719' title='bbox 1022 5260 1441 5333; x_wconf 88' lang='lat' dir='ltr'>interpretatus</span> <span class='ocrx_word' id='word_1_720' title='bbox 1490 5262 1577 5314; x_wconf 90' lang='lat' dir='ltr'>est</span> <span class='ocrx_word' id='word_1_721' title='bbox 1607 5258 1766 5329; x_wconf 83' lang='lat' dir='ltr'>(Dan.</span> <span class='ocrx_word' id='word_1_722' title='bbox 1796 5264 1892 5324; x_wconf 82' lang='lat' dir='ltr'>IV).</span> 
     </span>
    </p>
   </div>
   <div class='ocr_carea' id='block_1_101' title="bbox 241 5345 1893 5422">
    <p class='ocr_par' dir='ltr' id='par_1_101' title="bbox 241 5345 1893 5422">
     <span class='ocr_line' id='line_1_101' title="bbox 241 5345 1893 5422; baseline -0.001 -20"><span class='ocrx_word' id='word_1_723' title='bbox 241 5347 499 5402; x_wconf 86' lang='lat' dir='ltr'>Fructus</span> <span class='ocrx_word' id='word_1_724' title='bbox 529 5353 723 5404; x_wconf 87' lang='lat' dir='ltr'>autem</span> <span class='ocrx_word' id='word_1_725' title='bbox 758 5349 984 5406; x_wconf 87' lang='lat' dir='ltr'>arboris</span> <span class='ocrx_word' id='word_1_726' title='bbox 1007 5366 1183 5422; x_wconf 88' lang='lat' dir='ltr'>opera</span> <span class='ocrx_word' id='word_1_727' title='bbox 1197 5351 1337 5405; x_wconf 90' lang='lat' dir='ltr'>sunt</span> <span class='ocrx_word' id='word_1_728' title='bbox 1351 5345 1708 5405; x_wconf 87' lang='lat' dir='ltr'>hominisvel</span> <span class='ocrx_word' id='word_1_729' title='bbox 1722 5347 1893 5417; x_wconf 87' lang='lat' dir='ltr'>bona,</span> 
     </span>
    </p>
   </div>
   <div class='ocr_carea' id='block_1_102' title="bbox 240 5433 1896 5507">
    <p class='ocr_par' dir='ltr' id='par_1_102' title="bbox 240 5433 1896 5507">
     <span class='ocr_line' id='line_1_102' title="bbox 240 5433 1896 5507; baseline -0.001 -18"><span class='ocrx_word' id='word_1_730' title='bbox 240 5433 332 5492; x_wconf 88' lang='lat' dir='ltr'>vel</span> <span class='ocrx_word' id='word_1_731' title='bbox 364 5434 547 5505; x_wconf 89' lang='lat' dir='ltr'>mala,</span> <span class='ocrx_word' id='word_1_732' title='bbox 577 5437 730 5494; x_wconf 87' lang='lat' dir='ltr'>sicut</span> <span class='ocrx_word' id='word_1_733' title='bbox 761 5438 1046 5494; x_wconf 91' lang='lat' dir='ltr'>Dominus</span> <span class='ocrx_word' id='word_1_734' title='bbox 1077 5435 1157 5493; x_wconf 89' lang='lat' dir='ltr'>ait</span> <span class='ocrx_word' id='word_1_735' title='bbox 1186 5437 1244 5492; x_wconf 91' lang='lat' dir='ltr'>in</span> <span class='ocrx_word' id='word_1_736' title='bbox 1275 5433 1584 5507; x_wconf 86' lang='lat' dir='ltr'>Evangelio</span> <span class='ocrx_word' id='word_1_737' title='bbox 1613 5451 1626 5490; x_wconf 87' lang='lat'>:</span> <span class='ocrx_word' id='word_1_738' title='bbox 1659 5434 1773 5488; x_wconf 90' lang='lat' dir='ltr'>Aut</span> <span class='ocrx_word' id='word_1_739' title='bbox 1813 5433 1896 5488; x_wconf 89' lang='lat' dir='ltr'>fa-</span> 
     </span>
    </p>
   </div>
   <div class='ocr_carea' id='block_1_103' title="bbox 240 5523 1897 5597">
    <p class='ocr_par' dir='ltr' id='par_1_103' title="bbox 240 5523 1897 5597">
     <span class='ocr_line' id='line_1_103' title="bbox 240 5523 1897 5597; baseline -0.002 -18"><span class='ocrx_word' id='word_1_740' title='bbox 240 5523 354 5580; x_wconf 87' lang='lat' dir='ltr'>cite</span> <span class='ocrx_word' id='word_1_741' title='bbox 389 5524 657 5582; x_wconf 82' lang='lat' dir='ltr'>arborem</span> <span class='ocrx_word' id='word_1_742' title='bbox 686 5528 918 5596; x_wconf 84' lang='lat' dir='ltr'>bonam,</span> <span class='ocrx_word' id='word_1_743' title='bbox 951 5533 1006 5585; x_wconf 89' lang='lat' dir='ltr'>et</span> <span class='ocrx_word' id='word_1_744' title='bbox 1039 5527 1292 5583; x_wconf 88' lang='lat' dir='ltr'>fructum</span> <span class='ocrx_word' id='word_1_745' title='bbox 1345 5526 1472 5597; x_wconf 91' lang='lat' dir='ltr'>ejus</span> <span class='ocrx_word' id='word_1_746' title='bbox 1505 5523 1722 5579; x_wconf 89' lang='lat' dir='ltr'>bonum</span> <span class='ocrx_word' id='word_1_747' title='bbox 1749 5539 1764 5591; x_wconf 89' lang='lat'><strong>;</strong></span> <span class='ocrx_word' id='word_1_748' title='bbox 1796 5527 1897 5577; x_wconf 90' lang='lat' dir='ltr'>aut</span> 
     </span>
    </p>
   </div>
   <div class='ocr_carea' id='block_1_104' title="bbox 241 5609 1894 5689">
    <p class='ocr_par' dir='ltr' id='par_1_104' title="bbox 241 5609 1894 5689">
     <span class='ocr_line' id='line_1_104' title="bbox 241 5609 1894 5689; baseline -0.001 -13"><span class='ocrx_word' id='word_1_749' title='bbox 241 5613 419 5676; x_wconf 84' lang='lat' dir='ltr'>facite</span> <span class='ocrx_word' id='word_1_750' title='bbox 462 5616 730 5676; x_wconf 77' lang='lat' dir='ltr'>arborem</span> <span class='ocrx_word' id='word_1_751' title='bbox 780 5616 1020 5689; x_wconf 81' lang='lat' dir='ltr'>malam,</span> <span class='ocrx_word' id='word_1_752' title='bbox 1070 5620 1127 5676; x_wconf 86' lang='lat' dir='ltr'>et</span> <span class='ocrx_word' id='word_1_753' title='bbox 1171 5615 1428 5676; x_wconf 83' lang='lat' dir='ltr'>fructum</span> <span class='ocrx_word' id='word_1_754' title='bbox 1475 5612 1604 5689; x_wconf 86' lang='lat' dir='ltr'>ejus</span> <span class='ocrx_word' id='word_1_755' title='bbox 1672 5609 1894 5675; x_wconf 83' lang='lat' dir='ltr'>malum</span> 
     </span>
    </p>
   </div>
   <div class='ocr_carea' id='block_1_105' title="bbox 2008 4706 3666 4793">
    <p class='ocr_par' dir='ltr' id='par_1_105' title="bbox 2008 4706 3666 4793">
     <span class='ocr_line' id='line_1_105' title="bbox 2008 4706 3666 4793; baseline -0.013 -13"><span class='ocrx_word' id='word_1_756' title='bbox 2008 4723 2284 4789; x_wconf 87' lang='lat' dir='ltr'>charitas,</span> <span class='ocrx_word' id='word_1_757' title='bbox 2327 4717 2631 4793; x_wconf 83' lang='lat' dir='ltr'>gaudium,</span> <span class='ocrx_word' id='word_1_758' title='bbox 2684 4733 2814 4790; x_wconf 89' lang='lat' dir='ltr'>pax,</span> <span class='ocrx_word' id='word_1_759' title='bbox 2868 4711 3171 4788; x_wconf 89' lang='lat' dir='ltr'>patientia,</span> <span class='ocrx_word' id='word_1_760' title='bbox 3221 4706 3666 4783; x_wconf 87' lang='lat' dir='ltr'>longanimitas,</span> 
     </span>
    </p>
   </div>
   <div class='ocr_carea' id='block_1_106' title="bbox 2008 4795 3664 4877">
    <p class='ocr_par' dir='ltr' id='par_1_106' title="bbox 2008 4795 3664 4877">
     <span class='ocr_line' id='line_1_106' title="bbox 2008 4795 3664 4877; baseline -0.012 -7"><span class='ocrx_word' id='word_1_761' title='bbox 2008 4810 2420 4877; x_wconf 89' lang='lat' dir='ltr'>mansuetudo,</span> <span class='ocrx_word' id='word_1_762' title='bbox 2457 4808 2621 4875; x_wconf 82' lang='lat' dir='ltr'>fides,</span> <span class='ocrx_word' id='word_1_763' title='bbox 2656 4805 2964 4870; x_wconf 88' lang='lat' dir='ltr'>modestia,</span> <span class='ocrx_word' id='word_1_764' title='bbox 2997 4799 3378 4867; x_wconf 89' lang='lat' dir='ltr'>continentia,</span> <span class='ocrx_word' id='word_1_765' title='bbox 3404 4795 3664 4863; x_wconf 89' lang='lat' dir='ltr'>castitas,</span> 
     </span>
    </p>
   </div>
   <div class='ocr_carea' id='block_1_107' title="bbox 2008 4885 3668 4970">
    <p class='ocr_par' dir='ltr' id='par_1_107' title="bbox 2008 4885 3668 4970">
     <span class='ocr_line' id='line_1_107' title="bbox 2008 4885 3668 4970; baseline -0.013 -11"><span class='ocrx_word' id='word_1_766' title='bbox 2008 4903 2285 4958; x_wconf 89' lang='lat' dir='ltr'>adversus</span> <span class='ocrx_word' id='word_1_767' title='bbox 2317 4896 2658 4970; x_wconf 88' lang='lat' dir='ltr'>hujusmodi</span> <span class='ocrx_word' id='word_1_768' title='bbox 2692 4912 2808 4950; x_wconf 91' lang='lat' dir='ltr'>non</span> <span class='ocrx_word' id='word_1_769' title='bbox 2826 4889 3239 4962; x_wconf 76' lang='lat' dir='ltr'>estlex(lbz’d.).</span> <span class='ocrx_word' id='word_1_770' title='bbox 3263 4911 3290 4936; x_wconf 87' lang='lat'>»</span> <span class='ocrx_word' id='word_1_771' title='bbox 3311 4886 3428 4942; x_wconf 84' lang='lat' dir='ltr'>Hos</span> <span class='ocrx_word' id='word_1_772' title='bbox 3443 4885 3668 4939; x_wconf 87' lang='lat' dir='ltr'>fructus</span> 
     </span>
    </p>
   </div>
   <div class='ocr_carea' id='block_1_108' title="bbox 2007 4973 3663 5065">
    <p class='ocr_par' dir='ltr' id='par_1_108' title="bbox 2007 4973 3663 5065">
     <span class='ocr_line' id='line_1_108' title="bbox 2007 4973 3663 5065; baseline -0.013 -17"><span class='ocrx_word' id='word_1_773' title='bbox 2007 4988 2417 5065; x_wconf 89' lang='lat' dir='ltr'>gratulabatur</span> <span class='ocrx_word' id='word_1_774' title='bbox 2447 5003 2508 5042; x_wconf 90' lang='lat' dir='ltr'>se</span> <span class='ocrx_word' id='word_1_775' title='bbox 2539 4982 2854 5056; x_wconf 90' lang='lat' dir='ltr'>protulisse</span> <span class='ocrx_word' id='word_1_776' title='bbox 2886 4978 3193 5052; x_wconf 87' lang='lat' dir='ltr'>Propheta,</span> <span class='ocrx_word' id='word_1_777' title='bbox 3229 4993 3364 5042; x_wconf 89' lang='lat' dir='ltr'>cum</span> <span class='ocrx_word' id='word_1_778' title='bbox 3396 4973 3663 5065; x_wconf 80' lang='lat' dir='ltr'>dicebat:</span> 
     </span>
    </p>
   </div>
   <div class='ocr_carea' id='block_1_109' title="bbox 2012 5063 3668 5152">
    <p class='ocr_par' dir='ltr' id='par_1_109' title="bbox 2012 5063 3668 5152">
     <span class='ocr_line' id='line_1_109' title="bbox 2012 5063 3668 5152; baseline -0.008 -22"><span class='ocrx_word' id='word_1_779' title='bbox 2012 5063 2038 5130; x_wconf 63' lang='lat'>;.</span> <span class='ocrx_word' id='word_1_780' title='bbox 2072 5081 2190 5152; x_wconf 88' lang='lat' dir='ltr'>Ego</span> <span class='ocrx_word' id='word_1_781' title='bbox 2221 5081 2418 5134; x_wconf 90' lang='lat' dir='ltr'>autem</span> <span class='ocrx_word' id='word_1_782' title='bbox 2450 5074 2602 5130; x_wconf 92' lang='lat' dir='ltr'>sicut</span> <span class='ocrx_word' id='word_1_783' title='bbox 2631 5070 2781 5126; x_wconf 81' lang='lat' dir='ltr'>oliva</span> <span class='ocrx_word' id='word_1_784' title='bbox 2813 5068 3108 5125; x_wconf 84' lang='lat' dir='ltr'>fructifera</span> <span class='ocrx_word' id='word_1_785' title='bbox 3137 5067 3194 5121; x_wconf 92' lang='lat' dir='ltr'>in</span> <span class='ocrx_word' id='word_1_786' title='bbox 3215 5066 3397 5122; x_wconf 92' lang='lat' dir='ltr'>Domo</span> <span class='ocrx_word' id='word_1_787' title='bbox 3416 5063 3517 5119; x_wconf 90' lang='lat' dir='ltr'>Dei</span> <span class='ocrx_word' id='word_1_788' title='bbox 3538 5079 3668 5152; x_wconf 83' lang='lat' dir='ltr'>spe-</span> 
     </span>
    </p>
   </div>
   <div class='ocr_carea' id='block_1_110' title="bbox 2009 5150 3662 5224">
    <p class='ocr_par' dir='ltr' id='par_1_110' title="bbox 2009 5150 3662 5224">
     <span class='ocr_line' id='line_1_110' title="bbox 2009 5150 3662 5224; baseline -0.011 0"><span class='ocrx_word' id='word_1_789' title='bbox 2009 5150 2219 5224; x_wconf 66' lang='lat' dir='ltr'>raviin</span> <span class='ocrx_word' id='word_1_790' title='bbox 2253 5161 2656 5220; x_wconf 90' lang='lat' dir='ltr'>misericordia</span> <span class='ocrx_word' id='word_1_791' title='bbox 2688 5158 2788 5216; x_wconf 92' lang='lat' dir='ltr'>Dei</span> <span class='ocrx_word' id='word_1_792' title='bbox 2819 5159 2877 5213; x_wconf 90' lang='lat' dir='ltr'>in</span> <span class='ocrx_word' id='word_1_793' title='bbox 2911 5162 3192 5214; x_wconf 72' lang='lat' dir='ltr'>aeternum</span> <span class='ocrx_word' id='word_1_794' title='bbox 3212 5153 3344 5210; x_wconf 89' lang='lat' dir='ltr'>etin</span> <span class='ocrx_word' id='word_1_795' title='bbox 3379 5150 3662 5208; x_wconf 64' lang='lat' dir='ltr'>seculum</span> 
     </span>
    </p>
   </div>
   <div class='ocr_carea' id='block_1_111' title="bbox 2007 5239 3666 5328">
    <p class='ocr_par' dir='ltr' id='par_1_111' title="bbox 2007 5239 3666 5328">
     <span class='ocr_line' id='line_1_111' title="bbox 2007 5239 3666 5328; baseline -0.011 -15"><span class='ocrx_word' id='word_1_796' title='bbox 2007 5255 2206 5312; x_wconf 63' lang='lat' dir='ltr'>saeculi</span> <span class='ocrx_word' id='word_1_797' title='bbox 2238 5255 2408 5328; x_wconf 82' lang='lat' dir='ltr'>(Psal.</span> <span class='ocrx_word' id='word_1_798' title='bbox 2444 5253 2536 5322; x_wconf 84' lang='lat' dir='ltr'>LI).</span> <span class='ocrx_word' id='word_1_799' title='bbox 2573 5271 2599 5300; x_wconf 71' lang='grc' dir='ltr'>ι)</span> <span class='ocrx_word' id='word_1_800' title='bbox 2634 5247 2873 5314; x_wconf 89' lang='lat' dir='ltr'>Qualem</span> <span class='ocrx_word' id='word_1_801' title='bbox 2911 5247 3178 5303; x_wconf 89' lang='lat' dir='ltr'>arborem</span> <span class='ocrx_word' id='word_1_802' title='bbox 3203 5243 3378 5300; x_wconf 88' lang='lat' dir='ltr'>etiam</span> <span class='ocrx_word' id='word_1_803' title='bbox 3403 5239 3544 5297; x_wconf 91' lang='lat' dir='ltr'>alibi</span> <span class='ocrx_word' id='word_1_804' title='bbox 3566 5240 3666 5296; x_wconf 85' lang='lat' dir='ltr'>de-</span> 
     </span>
    </p>
   </div>
   <div class='ocr_carea' id='block_1_112' title="bbox 2008 5329 3667 5417">
    <p class='ocr_par' dir='ltr' id='par_1_112' title="bbox 2008 5329 3667 5417">
     <span class='ocr_line' id='line_1_112' title="bbox 2008 5329 3667 5417; baseline -0.01 -17"><span class='ocrx_word' id='word_1_805' title='bbox 2008 5343 2262 5417; x_wconf 87' lang='lat' dir='ltr'>scripsit,</span> <span class='ocrx_word' id='word_1_806' title='bbox 2298 5341 2526 5397; x_wconf 89' lang='lat' dir='ltr'>dicens:</span> <span class='ocrx_word' id='word_1_807' title='bbox 2563 5362 2590 5388; x_wconf 85' lang='lat'><strong><em>«</em></strong></span> <span class='ocrx_word' id='word_1_808' title='bbox 2626 5339 2835 5394; x_wconf 88' lang='lat' dir='ltr'>Beatus</span> <span class='ocrx_word' id='word_1_809' title='bbox 2866 5336 2954 5393; x_wconf 89' lang='lat' dir='ltr'>vir</span> <span class='ocrx_word' id='word_1_810' title='bbox 2970 5335 3068 5408; x_wconf 86' lang='lat' dir='ltr'>qui</span> <span class='ocrx_word' id='word_1_811' title='bbox 3103 5351 3218 5390; x_wconf 92' lang='lat' dir='ltr'>non</span> <span class='ocrx_word' id='word_1_812' title='bbox 3235 5331 3379 5390; x_wconf 81' lang='lat' dir='ltr'>abiit</span> <span class='ocrx_word' id='word_1_813' title='bbox 3400 5331 3460 5386; x_wconf 91' lang='lat' dir='ltr'>in</span> <span class='ocrx_word' id='word_1_814' title='bbox 3475 5329 3667 5386; x_wconf 87' lang='lat' dir='ltr'>consi-</span> 
     </span>
    </p>
   </div>
   <div class='ocr_carea' id='block_1_113' title="bbox 2005 5419 3670 5506">
    <p class='ocr_par' dir='ltr' id='par_1_113' title="bbox 2005 5419 3670 5506">
     <span class='ocr_line' id='line_1_113' title="bbox 2005 5419 3670 5506; baseline -0.011 -16"><span class='ocrx_word' id='word_1_815' title='bbox 2005 5433 2084 5490; x_wconf 94' lang='lat' dir='ltr'>lio</span> <span class='ocrx_word' id='word_1_816' title='bbox 2142 5431 2478 5506; x_wconf 91' lang='lat' dir='ltr'>impiorum.</span> <span class='ocrx_word' id='word_1_817' title='bbox 2537 5432 2594 5484; x_wconf 91' lang='lat' dir='ltr'>et</span> <span class='ocrx_word' id='word_1_818' title='bbox 2635 5427 2693 5481; x_wconf 91' lang='lat' dir='ltr'>in</span> <span class='ocrx_word' id='word_1_819' title='bbox 2753 5427 2846 5483; x_wconf 86' lang='lat' dir='ltr'>via</span> <span class='ocrx_word' id='word_1_820' title='bbox 2902 5429 3271 5502; x_wconf 88' lang='lat' dir='ltr'>peccatorum</span> <span class='ocrx_word' id='word_1_821' title='bbox 3334 5438 3449 5476; x_wconf 87' lang='lat' dir='ltr'>non</span> <span class='ocrx_word' id='word_1_822' title='bbox 3508 5419 3670 5474; x_wconf 88' lang='lat' dir='ltr'>stetit</span> 
     </span>
    </p>
   </div>
   <div class='ocr_carea' id='block_1_114' title="bbox 2007 5505 3664 5593">
    <p class='ocr_par' dir='ltr' id='par_1_114' title="bbox 2007 5505 3664 5593">
     <span class='ocr_line' id='line_1_114' title="bbox 2007 5505 3664 5593; baseline -0.012 -13"><span class='ocrx_word' id='word_1_823' title='bbox 2007 5524 2177 5593; x_wconf 75' lang='lat' dir='ltr'>(Psal.</span> <span class='ocrx_word' id='word_1_824' title='bbox 2215 5523 2272 5592; x_wconf 82' lang='grc' dir='ltr'>ι).</span> <span class='ocrx_word' id='word_1_825' title='bbox 2308 5544 2333 5570; x_wconf 90' lang='grc'><strong>››</strong></span> <span class='ocrx_word' id='word_1_826' title='bbox 2359 5517 2731 5590; x_wconf 77' lang='lat' dir='ltr'>Adjicicnszu</span> <span class='ocrx_word' id='word_1_827' title='bbox 2761 5512 3488 5588; x_wconf 84' lang='lat' dir='ltr'>Eterittanquamlignum</span> <span class='ocrx_word' id='word_1_828' title='bbox 3510 5505 3664 5578; x_wconf 89' lang='lat' dir='ltr'>quod</span> 
     </span>
    </p>
   </div>
   <div class='ocr_carea' id='block_1_115' title="bbox 2005 5597 3665 5690">
    <p class='ocr_par' dir='ltr' id='par_1_115' title="bbox 2005 5597 3665 5690">
     <span class='ocr_line' id='line_1_115' title="bbox 2005 5597 3665 5690; baseline -0.014 -19"><span class='ocrx_word' id='word_1_829' title='bbox 2005 5612 2336 5690; x_wconf 87' lang='lat' dir='ltr'>plantatum</span> <span class='ocrx_word' id='word_1_830' title='bbox 2350 5612 2437 5667; x_wconf 83' lang='lat' dir='ltr'>est</span> <span class='ocrx_word' id='word_1_831' title='bbox 2452 5623 2621 5666; x_wconf 85' lang='lat' dir='ltr'>secus</span> <span class='ocrx_word' id='word_1_832' title='bbox 2635 5605 2920 5666; x_wconf 85' lang='lat' dir='ltr'>decursus</span> <span class='ocrx_word' id='word_1_833' title='bbox 2935 5619 3225 5679; x_wconf 87' lang='lat' dir='ltr'>aquarum</span> <span class='ocrx_word' id='word_1_834' title='bbox 3239 5598 3394 5676; x_wconf 87' lang='lat' dir='ltr'>quod</span> <span class='ocrx_word' id='word_1_835' title='bbox 3411 5597 3665 5653; x_wconf 84' lang='lat' dir='ltr'>fructum</span> 
     </span>
    </p>
   </div>
  </div>
