4060 6178
408 266 520 325 7-13

963 262 1375 323 HAYMONIS
1421 260 1967 322 HALBERSTAT.
2008 256 2256 321 EPISC.
2304 260 2476 320 OPP.
2521 260 2722 322 PARS
2769 261 2842 321 ll.
2874 293 2949 305 --
2983 262 3249 323 HOMIL.

3670 265 3770 322 ἨΑ

408 412 581 457 suum
615 392 779 455 dabit
816 393 873 448 in
906 396 1168 469 tempore
1200 410 1326 450 suo.
1362 395 1429 449 Et
1460 393 1662 451 folium
1676 394 1805 465 ejus
1834 409 1948 450 non
1968 392 2060 448 de-
2086 392 2144 469 Α
2172 391 2724 467 .digypto,praecepit
2752 392 2913 450 eisut
2935 392 3775 459 mutuarentavicinissuisvasa

408 481 551 538 ﬂuet
581 483 753 555 (Psal;
788 486 851 552 ι).
877 481 2056 555 »Etiterum:«Justusutpalmaflorebit,

406 577 463 627 rt
494 572 648 628 sicut
687 570 897 633 cedrus
930 571 1134 628 Libani
1169 570 1655 645 multiplicabitur
1684 571 1855 645 (Psal.
1888 569 2056 642 xor)»

401 663 476 718 At
503 677 634 716 vero
664 659 823 717 mala
853 662 1025 717 arbor
1053 660 1289 733 qualem
1313 659 2057 732 ﬁnem;habeat,,Dominus

408 749 468 806 in
501 748 813 824 Evangelio
844 749 1118 817 ostendit,
1169 765 1305 806 cum
1358 748 1526 807 dicit:
1563 772 1590 800 α
1627 748 1831 806 Omnis
1883 750 2057 810 arbor

405 856 535 921 quae
568 855 684 897 non
718 837 1124 897 facitfructum
1138 836 1692 902 bonum,excidetur
1721 836 2054 911 etinignem

404 926 672 990 mittetur
703 925 907 996 (Matth.
948 927 1069 998 vn),
1107 948 1134 975 ››
1185 925 1418 1001 qualem
1463 927 1730 985 arborem
1780 924 2057 983 describit

400 1015 685 1079 Jeremias
716 1015 1023 1091 propheta,
1054 1014 1188 1072 cum
1223 1012 1397 1073 dicit:
1432 1039 1459 1067 «
1493 1015 1836 1077 Maledictus
1874 1015 2050 1071 homo

400 1105 498 1180 qui
531 1103 771 1183 confidit
797 1104 856 1160 in
888 1103 1147 1176 homine,
1182 1109 1238 1161 et
1269 1106 1432 1178 ponit
1462 1122 1695 1163 carnem
1743 1104 2049 1161 brachium

398 1210 598 1262 suum,
630 1197 686 1248 et
710 1209 743 1247 a
772 1191 1020 1249 Domino
1050 1193 1265 1251 recedit
1288 1210 1387 1249 cor
1406 1194 1694 1265 ejus.Erit
1708 1193 1865 1251 enim
1880 1192 2050 1266 quasi

398 1282 629 1356 myricae
651 1282 711 1339 in
742 1282 992 1349 deserto,
1020 1285 1078 1338 et
1107 1299 1223 1340 non
1256 1282 1475 1343 videbit
1504 1300 1638 1339 cum
1676 1282 1899 1339 venerit
1947 1282 2046 1340 bo-

395 1387 539 1435 num
571 1370 701 1444 (Jer.
728 1370 883 1426 xvnl.
916 1392 944 1421 »
961 1370 1038 1427 De
1064 1388 1181 1444 qua
1195 1370 1385 1427 adhuc
1399 1371 1690 1428 subditur:
1712 1393 1739 1422 ‹‹
1752 1369 1877 1427 Νοιι
1891 1368 2048 1426 enim

395 1483 421 1510 ‹‹
457 1461 526 1517 de
544 1459 731 1537 Spinis
744 1459 1029 1534 colligunt
1044 1460 1208 1528 ﬁcus,
1227 1477 1414 1533 neque
1440 1461 1509 1517 de
1523 1460 1669 1516 rubo
1685 1459 2048 1516 vindemiant

393 1574 420 1599 ‹‹
460 1566 650 1606 uvam.
689 1572 716 1598 ››
740 1548 922 1621 Spina
950 1554 1006 1605 et
1035 1548 1219 1607 rubus
1251 1549 1487 1605 arbores
1521 1552 1662 1605 sunt
1690 1547 1873 1621 plenae
1907 1565 2045 1611 acu-

391 1636 524 1705 leis,
555 1637 636 1694 ita
665 1642 730 1694 ut
756 1638 847 1692 vix
878 1640 980 1695 aut
1009 1636 1171 1694 nullo
1205 1639 1379 1694 modo
1410 1639 1633 1711 absque
1661 1637 1897 1694 laesione
1930 1640 2043 1693 tra-

391 1728 534 1784 ctari
568 1727 824 1800 possint:
859 1727 1077 1800 quibus
1108 1727 1411 1785 contraria
1443 1731 1583 1784 sunt
1610 1727 1747 1783 vitis
1777 1731 1835 1783 et
1873 1727 2040 1793 ﬁcus,

388 1834 517 1889 qua:
549 1820 604 1872 et
632 1819 875 1889 gustum
889 1814 1079 1872 dulcis
1096 1816 1419 1889 saporis,et
1431 1815 1810 1889 fragrantiam
1822 1816 2042 1877 habent

386 1905 584 1962 suavis
615 1904 833 1962 odoris.
858 1905 1007 1979 Ergo
1038 1921 1140 1978 per
1183 1905 1416 1977 spinam
1465 1910 1521 1960 et
1550 1906 1765 1961 rubum
1816 1904 1958 1963 vitia
1983 1909 2040 1963 et

384 1997 622 2066 peccata
634 1992 1138 2066 signiﬁcantur.de
1151 1992 1367 2065 quibus
1378 1993 1566 2065 primo
1577 1992 1801 2052 homini
1816 1991 2035 2049 dictum

384 2086 493 2149 est,
526 2104 554 2131 «
589 2080 767 2138 Terra
796 2085 899 2136 tua
928 2080 1131 2154 spinas
1161 2086 1217 2137 et
1248 2080 1498 2137 tribulos
1546 2081 1900 2155 geminabit
1929 2081 2035 2139 tibi

384 2166 536 2243 (Gen.
570 2170 674 2241 ιιι).
707 2192 735 2222 ››
769 2170 917 2233 Sunt
946 2169 1101 2225 enim
1134 2168 2035 2242 nonnulli,inquibusitaaculei

383 2264 758 2332 peccatorum
798 2259 1117 2327 abundant,
1157 2260 1222 2315 ut
1264 2275 1467 2315 eorum
1516 2258 1761 2317 societas
1813 2259 2034 2333 absque

382 2346 618 2404 laesione
649 2347 849 2404 haberi
883 2365 996 2402 non
1030 2347 1237 2421 possit,
1279 2349 1559 2420 quoniam
1610 2365 1743 2405 cum
1795 2348 1947 2405 male
1971 2348 2032 2408 in

382 2436 464 2492 sei
472 2437 595 2510 psis
609 2435 822 2505 vivant,
842 2435 1122 2508 proximis
1134 2436 1338 2504 amari,
1355 2437 1545 2510 asperi
1559 2442 1615 2492 et
1630 2437 1900 2493 insuaves
1912 2438 2031 2497 exi-

382 2529 548 2581 stunt
575 2523 663 2580 vel
695 2523 848 2582 male
876 2525 1139 2593 vivendo,
1162 2525 1251 2581 vel
1274 2524 1866 2599 injuriasirrogando.
1886 2531 2033 2583 Sunt

379 2631 512 2671 vero
543 2613 662 2681 alii,
697 2614 798 2687 qui
826 2613 984 2673 velut
1013 2614 1682 2681 vitis,dulcemcmlestis
1701 2617 1898 2688 patriae
1914 2634 2031 2673 me-

381 2702 626 2760 moriam
658 2703 718 2758 in
750 2703 2028 2783 suisoPeribusostendentes,etfragrantiam

380 2794 544 2848 bonae
566 2791 855 2867 opinionis
876 2790 1205 2861 reddentes,
1221 2792 1292 2849 ad
1306 2809 1563 2850 amorem
1580 2793 1869 2851 caelestem
1883 2793 2029 2852 alios

379 2882 746 2955 pertrahunt,
783 2899 898 2937 non
919 2880 1442 2939 soluminterrenis
1455 2883 1803 2939 substantiis
1830 2901 2028 2941 neces—

378 2972 613 3028 sitatem
643 2970 1035 3043 indigentium
1068 2972 1593 3039 sustentando,sed
1617 2972 1792 3028 etiam
1828 2973 1887 3029 in
1907 2973 2025 3046 spi-

376 3058 686 3117 ritualibus
708 3058 1138 3117 eruditionibus
1158 3061 1400 3117 verbum
1422 3060 1549 3116 vitae
1576 3060 1832 3117 suaviter
1852 3062 2024 3120 mini-

2172 498 2350 538 aurea
2381 485 2438 538 et
2461 485 2733 554 argentea
2762 500 2877 539 non
2908 501 3114 556 pauca,
3147 488 3204 541 et
3230 481 3609 557 exspoliarent
3631 478 3773 557 Ᾱίεγο

2166 572 2356 642 ptum.
2390 571 2497 627 Pcr
2525 588 2735 629 aurum
2776 571 2933 631 enim
2984 571 3137 628 nitor
3182 571 3403 646 eloquii
3446 570 3778 645 designatur,

2164 650 2475 716 Salomone
2523 660 2787 719 dicente:
2822 683 2849 711 ‹‹
2882 661 3221 721 Thesaurus
3266 659 3658 719 desiderabilis
3698 680 3773 718 re-

2165 747 2416 822 quiescit
2446 748 2506 811 in
2536 766 2634 805 ore
2664 747 3293 822 sapientis(Prov.xvr).
3312 750 3459 809 »Ρθι-
3473 754 3772 825 argentum.

2163 838 2318 912 quod
2351 839 2522 893 sonat
2541 841 2598 895 et
2624 835 2799 906 lucet,
2835 837 3135 894 subtilitas
3162 836 3589 910 praedicationis
3607 839 3774 912 expri-

2164 926 2365 994 mitur,
2384 924 2699 982 Psalmista
2725 929 2920 982 teste:
2954 950 2982 976 «
3016 925 3261 999 Eloquia
3298 925 3550 993 Domini,
3575 925 3776 1000 eloquia

2162 1020 2343 1083 casta,
2358 1019 2667 1089 argentum
2694 1014 2830 1087 igne
2859 1014 3255 1071 examinatum
3286 1015 3455 1087 (Psal.
3470 1017 3546 1071 xui
3557 1058 3571 1079 η
3585 1039 3611 1065 ›ο
3624 1015 3773 1080 Quasi

2159 1096 2315 1159 enim
2346 1120 2486 1159 vasa
2504 1119 2677 1169 aurea
2690 1106 2746 1158 et
2770 1106 3048 1177 argentea
3062 1103 3132 1162 ab
3147 1103 3425 1177 zEgyptiis
3438 1106 3773 1175 mutuamus,

2159 1193 2396 1265 quando
2426 1192 2498 1248 ab
2530 1191 2817 1261 haereticis
2849 1186 2947 1249 vel
2969 1191 3223 1266 paganis
3260 1186 3586 1257 sententias
3628 1192 3775 1253 utiles

2158 1286 2369 1338 nostra:
2402 1281 2531 1353 ﬁdei
2564 1281 2923 1338 necessarias
2951 1280 3237 1339 discimus
3270 1299 3284 1336 :
3318 1283 3470 1359 quod
3502 1281 3586 1337 illi
3617 1282 3750 1345 facer

2157 1371 2388 1438 debent,
2423 1370 2524 1444 qui
2563 1370 2623 1426 in
2674 1370 2787 1427 ﬁde
2816 1369 3104 1428 catholica
3141 1370 3221 1426 ita
3262 1360 3508 1427 radicati
3551 1376 3697 1441 sunt,
3724 1378 3778 1429 ut

2156 1454 2456 1515 subtititas
2487 1458 2765 1519 haeretica:
2797 1458 3098 1532 pravitatis
3116 1457 3275 1515 nullo
3299 1460 3472 1516 modo
3489 1458 3577 1516 eis
3599 1478 3773 1521 nocere

2153 1549 2360 1620 possit.
2376 1548 2539 1605 Unde
2554 1547 2837 1604 Dominus
2849 1547 2984 1604 alibi
3018 1546 3076 1602 in
3096 1546 3221 1623 lege
3244 1548 3491 1623 ﬁgurate
3509 1550 3773 1625 praecepit,

2154 1637 2356 1694 dicens
2374 1654 2387 1692 :
2405 1660 2432 1690 ‹‹
2449 1636 2597 1693 Cum
2616 1653 2890 1713 egressus
2922 1635 3102 1692 fueris
3122 1637 3194 1694 ad
3214 1654 3471 1713 pugnam
3490 1638 3775 1705 contrahe-

2154 1729 2275 1784 stes
2304 1731 2457 1796 tuos,
2490 1730 2546 1784 et
2577 1725 2882 1783 tradiderit
2918 1742 3016 1783 eos
3052 1726 3330 1783 Dominus
3374 1727 3533 1787 Deus
3572 1733 3698 1787 tuus
3726 1727 3779 1785 in

2142 1833 2365 1874 manus
2392 1819 2551 1887 tuas,
2584 1815 2960 1890 captivosque
2989 1831 3088 1872 eos
3119 1814 3374 1884 duxeris,
3407 1816 3455 1872 si
3491 1816 3698 1874 videris
3724 1818 3774 1873 in

2147 1921 2392 1962 numero
2426 1904 2779 1961 feminarum
2798 1902 3063 1977 puellam
3075 1921 3201 1977 quae
3218 1903 3404 1962 oculis
3419 1904 3543 1967 tuis
3556 1903 3773 1979 placeat,

2144 1992 2514 2066 volucrisque
2544 2010 2673 2049 eam
2695 1992 2909 2049 habere
2942 2009 3202 2061 uxorem,
3219 1992 3561 2055 introducas
3579 2011 3698 2055 eam
3724 1996 3774 2052 in

2145 2083 2387 2138 domum
2417 2086 2603 2150 tuam,
2636 2081 2717 2137 ita
2744 2086 2962 2147 tamen,
2996 2084 3061 2136 ut
3090 2080 3253 2153 prius
3286 2082 3458 2145 radas
3498 2084 3775 2145 caesariem

2143 2172 2350 2244 capitis
2382 2172 2605 2243 ejus,et
2634 2169 2925 2243 prmcidas.
2946 2170 3316 2226 summitates
3345 2173 3776 2246 unguiunmna-

2144 2265 2392 2333 neatque
2424 2259 2481 2314 in
2499 2260 2671 2315 domo
2688 2252 2789 2315 tua
2804 2258 3014 2332 lugens
3031 2264 3253 2331 patrem
3272 2277 3445 2316 suum
3466 2266 3527 2317 et
3550 2267 3776 2320 matrem

2143 2366 2259 2405 uno
2292 2364 2513 2404 mense.
2542 2349 2742 2404 Postea
2768 2363 2904 2403 vero
2936 2346 3281 2420 ingrediaris
3312 2350 3384 2404 ad
3415 2346 3573 2421 eam,
3602 2356 3657 2408 et
3681 2350 3776 2408 erit

2140 2436 2246 2494 tibi
2274 2453 2418 2493 uxor
2444 2441 2628 2507 (Deut.
2656 2454 2751 2492 xxx
2775 2454 2790 2504 ;
2816 2435 2942 2495 Iud.
2969 2440 3076 2506 ιιι)’
3102 2456 3131 2489 ›»
3165 2437 3341 2501 Quasi
3365 2440 3527 2495 enim
3561 2440 3773 2514 spirita-

2140 2525 2273 2581 liter
2297 2526 2370 2586 ad
2414 2524 2635 2585 bellum
2686 2528 2890 2583 contra
2938 2524 3134 2582 hostes
3182 2530 3415 2584 nostros
3464 2529 3771 2603 pangimus,

2140 2615 2374 2687 quando
2405 2631 2540 2672 cum
2560 2613 2847 2670 haereticns
2868 2614 2939 2669 de
2960 2615 3073 2670 ﬁde
3094 2618 3150 2670 et
3167 2614 3442 2697 religione
3456 2616 3773 2679 Christiana

2140 2703 2483 2760 conﬂictum
2512 2703 2821 2772 habemus,
2854 2720 3107 2775 cumque
3139 2702 3333 2767 divina
3380 2707 3720 2769 auctoritate
3745 2725 3775 2763 a

2139 2793 2307 2849 nobis
2339 2792 2594 2866 superati
2626 2791 2864 2860 fuerint,
2878 2792 2928 2848 si
2945 2791 3263 2875 viderimus
3283 2791 3345 2849 in
3364 2786 3573 2856 eorum
3590 2796 3773 2871 dispu-

2137 2879 2457 2939 tationibus
2488 2880 2809 2938 sententias
2843 2884 3050 2936 nostra:
3085 2882 3217 2937 fidei
3240 2881 3413 2939 utiles
3441 2887 3499 2940 et
3531 2902 3777 2953 necessa-

2136 2971 2275 3041 rias,
2311 2969 2593 3027 debemus
2623 2986 2721 3025 eas
2753 2969 3013 3042 accipere
3044 2970 3213 3026 nobis
3242 2970 3302 3026 in
3354 2989 3619 3039 uxorem,
3650 2973 3775 3047 quia

2134 3078 2281 3117 uxor
2307 3057 2414 3116 viri
2445 3058 2732 3132 sapientia
2763 3060 3018 3126 vocatur,
3052 3058 3133 3114 ita
3161 3062 3378 3127 tamen,
3404 3065 3468 3116 ut
3497 3063 3665 3134 prius
3693 3080 3774 3120 ra-

378 3149 639 3207 strando.
675 3148 787 3204 Sed
837 3148 978 3221 quia
1027 3148 1134 3218 illi,
1170 3150 1229 3206 in
1280 3149 1495 3223 quibus
1543 3130 2095 3231 compunctiones‘c
2122 3130 2655 3211 (damusczesariem
2678 3144 2884 3221 capitis
2906 3130 3774 3220 ejus,etpraacidamussummi-

376 3239 702 3296 facinorum
736 3238 1057 3307 abundant,
1092 3237 1305 3296 habere
1336 3256 1451 3294 non
1483 3243 1751 3311 possunt,
1792 3240 2024 3296 Domini

375 3345 511 3384 voce
540 3328 888 3395 declaratur,
923 3344 1058 3383 cum
1091 3328 1331 3383 dicitur:
1359 3328 1519 3383 «Non
1549 3327 1704 3384 enim
1736 3329 1807 3384 de
1838 3329 2025 3401 spinis

378 3416 661 3490 colligunt
691 3417 858 3483 ficus,
885 3432 1073 3488 neque
1091 3416 1162 3471 de
1196 3416 1341 3473 rubo
1371 3416 1733 3473 vindemiant
1765 3434 1957 3486 uvam,
1994 3442 2022 3468 ››

376 3522 694 3578 possumus
706 3522 809 3577 per
820 3505 1051 3577 spinam
1070 3513 1123 3560 et
1143 3505 1354 3561 rubum
1371 3502 1771 3560 haereticorum
1786 3521 2023 3576 pravam

378 3592 711 3651 doctrinam.
733 3592 1011 3664 accipere,
1045 3608 1171 3665 quae
1191 3593 1420 3650 animas
1432 3593 1798 3652 audientium
1818 3615 2023 3653 cruen—

377 3685 462 3737 tat
489 3685 547 3736 et
575 3678 778 3735 laniat.
813 3680 883 3736 Hi
914 3684 1111 3736 autem
1142 3681 1196 3735 in
1220 3685 1451 3737 tantum
1471 3682 1732 3755 fugiendi
1754 3688 1910 3754 sunt,
1938 3692 2021 3759 ut,

378 3769 436 3824 in
469 3774 754 3841 quantum
786 3768 910 3824 fieri
922 3771 1133 3842 potest,
1149 3767 1311 3825 nulla
1327 3770 1528 3842 partici
1537 3771 1717 3843 patio,
1735 3791 1839 3830 nec
1854 3774 2027 3831 collo-

379 3858 535 3914 cutio
568 3873 703 3914 cum
734 3856 819 3913 eis
848 3856 1162 3917 habeatur:
1198 3858 1356 3931 quia,
1391 3859 1544 3915 sicut
1592 3860 1674 3917 ait
1703 3862 2023 3936 Scriptura,

378 3970 405 3997 α
441 3944 1530 4020 quitetigeritpicem,inquinahiturab
1544 3965 1606 4005 ea
1642 3949 1828 4023 (Eccli.
1841 3953 2022 4025 x110,»

377 4026 435 4091 et
459 4058 487 4086 «
520 4034 622 4108 qui
671 4033 919 4106 dissipat
974 4050 1194 4108 sepem,
1258 4036 1547 4095 mordebit
1601 4055 1736 4096 eum
1793 4040 2029 4098 coluber

375 4125 569 4195 (Eccle.
601 4126 680 4195 χ).
716 4146 746 4175 ››
777 4122 942 4179 Unde
975 4140 1081 4179 nos
1108 4125 1420 4197 Apostolus
1451 4126 1746 4198 admonet,
1794 4130 2021 4187 dicens:

376 4236 405 4264 «
435 4212 782 4270 Haereticum
812 4212 1120 4270 hominum
1143 4221 1465 4286 postumam
1496 4219 1882 4274 etsecundam
1901 4236 2025 4275 cor-

376 4302 701 4375 reptionem
731 4301 943 4370 devita,
977 4295 1168 4359 sciens
1199 4303 1335 4376 quia
1359 4321 1668 4377 perversus
1698 4311 1787 4363 est
1817 4307 2025 4379 hujus-

377 4391 535 4448 modi
567 4392 689 4463 (Tit.
724 4391 828 4464 ιιι).
866 4413 894 4440 ι)
926 4392 1037 4447 Sed
1068 4392 1337 4464 quamvis
1368 4392 1539 4466 spina
1553 4394 1784 4451 botrum
1801 4412 1915 4452 non
1937 4396 2024 4471 gi-

2134 3243 2286 3297 tatos
2311 3237 2616 3312 unguium,
2635 3232 2692 3292 id
2706 3236 3095 3310 estquidquid
3110 3237 3475 3307 haereticum,
3489 3238 3769 3313 quidquid

2134 3328 2444 3385 distortum
2479 3330 2538 3382 et
2566 3342 2809 3400 pravum
2842 3325 2901 3381 in
2932 3342 3135 3382 eorum
3165 3324 3432 3387 doctrina
3464 3327 3766 3394 invenitur,

2135 3415 2483 3495 adjipi'amus
2512 3419 2569 3471 et
2593 3431 2964 3488 respuamus.
2989 3415 3100 3472 Sed
3134 3417 3191 3471 et
3215 3414 3265 3472 si
3296 3415 3479 3489 aliqui
3511 3435 3584 3474 ex
3612 3417 3775 3477 haere-

2134 3506 2267 3563 ticis
2299 3506 2370 3561 ad
2402 3502 2748 3561 catholicam
2777 3504 2952 3559 fidem
3003 3504 3257 3560 converti
3295 3505 3609 3577 voluerint,
3640 3507 3771 3564 reci-

2136 3593 2333 3667 piendi
2365 3597 2523 3661 sunt,
2558 3591 2641 3648 ita
2668 3596 2887 3664 tamen,
2921 3596 2987 3648 ut
3015 3591 3330 3665 pristinum
3361 3611 3623 3652 errorem
3640 3612 3773 3657 ana-

2134 3682 2854 3753 thematizent.Exponens
2885 3685 3081 3737 autem
3113 3680 3395 3739 Dominus
3416 3684 3562 3756 quid
3581 3685 3775 3751 dixerit

2136 3774 2193 3829 in
2225 3789 2291 3828 eo
2322 3771 2477 3844 quod
2509 3771 2665 3827 ait:«
2682 3769 2806 3826 Non
2826 3770 2981 3826 enim
3015 3771 3085 3825 de
3108 3770 3295 3843 spinis
3317 3771 3770 3849 colliguntﬁcus,

2136 3884 2166 3913 «
2198 3877 2385 3934 neque
2416 3860 2487 3916 de
2517 3860 2661 3917 rubo
2691 3858 3051 3916 vindemiant
3091 3875 3284 3927 uvam,
3322 3883 3351 3910 »
3381 3861 3651 3933 adjunxit
3695 3861 3774 3917 di-

2136 3968 2274 4008 cens
2301 3966 2314 4006 ἶ

2209 4063 2238 4091 ‹‹
2271 4040 2468 4095 Bonus
2498 4037 2675 4099 homo
2700 4037 2773 4094 de
2800 4037 2951 4097 bono
2983 4036 3260 4097 thesauro
3288 4038 3482 4096 cordis
3523 4041 3620 4098 sui
3651 4056 3771 4114 pro-

2137 4153 2166 4179 ‹‹
2199 4128 2309 4185 fert
2337 4128 2581 4195 bonum,
2614 4131 2675 4182 et
2693 4125 2885 4183 malus
2914 4127 2986 4182 de
3015 4126 3171 4187 malo
3209 4128 3428 4200 profert
3470 4129 3714 4195 malum.
3745 4152 3769 4178 ν

2136 4215 2477 4274 Thesaurus
2508 4215 2722 4272 dicitur
2746 4214 2931 4283 locus
2979 4214 3078 4270 ubi
3108 4215 3357 4291 ponitur
3397 4234 3634 4288 aurum,
3665 4234 3772 4291 qua

2136 4232 2477 4274 '1‘nesaurus
2508 4232 2722 4272 dicitur
2746 4232 2931 4283 {locus
2979 4232 3078 4270 um
3108 4288 3113 4291 η
3158 4232 3357 4273 onltur
3397 4234 3634 4288 aurum,
3665 4234 3769 4291 qua

2135 4315 2257 4371 θέσις
2288 4305 2500 4372 Graece,
2535 4304 2736 4361 Latine
2768 4303 2977 4378 positio
2999 4232 3231 4361 dicifur.
3263 4294 3602 4365 Thesaurus
3643 4322 3769 4380 ergo

2137 4395 2196 4451 in
2227 4395 2336 4451 hoc
2367 4394 2490 4450 loco
2508 4392 2890 4449 intentionem
2913 4392 3204 4467 significat
3224 4394 3619 4467 cordis,juxta
3635 4394 3770 4453 illud

373 4485 533 4553 gnat,
567 4479 716 4536 solet
746 4485 939 4538 tamen
971 4480 1145 4536 vitem
1179 4497 1310 4536 cum
1328 4482 1491 4538 botro
1504 4482 1813 4540 sustinere.
1830 4484 2026 4541 Cerni-
2053 4499 2101 4566 Ι)
2135 4483 2291 4557 quod
2322 4480 2459 4539 alibi
2489 4481 2571 4537 ait
2595 4499 2608 4537 :
2630 4504 2657 4532 κ
2686 4480 2794 4538 Ubi
2825 4486 2914 4538 est
2941 4481 3254 4538 thesaurus
3276 4484 3534 4553 tuus,ibi
3564 4490 3654 4542 est
3679 4500 3770 4541 cor

376 4585 512 4626 mus
523 4568 678 4625 enim
693 4567 1000 4641 aliquoties
1028 4570 1085 4624 in
1105 4569 1290 4627 vineis
1303 4569 1552 4627 caricem
1565 4589 1633 4628 ex
1648 4573 2022 4645 spinisvitem

376 4675 509 4714 cum
542 4657 708 4714 botro
739 4657 1046 4715 sustinere.
1084 4659 1154 4714 Et
1182 4676 1315 4715 cum
1346 4676 1415 4716 ex
1444 4660 1562 4717 alta
1588 4661 1782 4718 radice
1819 4663 2023 4721 botrus

374 4748 671 4819 procedat,
705 4746 1040 4819 frequenter
1066 4752 1260 4804 tamen
1294 4749 1463 4821 spina
1491 4750 1667 4806 vitem
1698 4768 1832 4808 cum
1854 4753 2020 4810 botro

375 4840 687 4894 sustentat.
721 4835 867 4900 Quid
900 4852 1036 4909 ergo
1070 4835 1443 4893 faciendum?
1471 4838 1747 4912 Nunquid
1787 4846 2023 4914 pr0pter

374 4926 607 4997 spinam
648 4925 1037 4998 relinquenda
1064 4929 1152 4980 est
1164 4925 1313 4981 uva?
1330 4925 1475 4982 Non.
1490 4927 1625 4995 Sed,
1640 4927 1790 4984 sicut
1808 4926 2024 5002 aitqui-

376 5012 511 5068 dam
542 5014 612 5069 de
643 5013 1030 5086 sapientibus,
1061 5014 1147 5070 sic
1178 5012 1543 5087 colligendus
1572 5019 1661 5072 est
1699 5016 1925 5086 botrus,
1957 5021 2023 5074 ut

374 5104 570 5156 tamen
599 5106 870 5157 caveatur
901 5102 1091 5177 spina.
1121 5103 1295 5159 Juxta
1323 5119 1460 5176 ergo
1491 5103 1643 5160 hanc
1681 5104 2021 5162 similitudi-

375 5205 532 5257 nem,
565 5188 705 5261 quia
736 5190 793 5245 in
826 5190 949 5246 suis
989 5192 1417 5249 assertionibus
1467 5194 1736 5264 quaedam
1782 5195 1936 5252 bona
1967 5200 2025 5251 et

374 5276 543 5334 utilia
566 5279 797 5347 docent,
818 5279 890 5334 ab
905 5278 1313 5337 ecclesiasticis
1325 5281 1464 5337 viris
1476 5282 1640 5354 prius
1654 5280 2022 5340 discernendi

374 5370 599 5437 sunt,et
610 5367 985 5440 postmodum
1000 5368 1154 5424 bona
1164 5371 1473 5443 carpenda,
1490 5375 1546 5427 et
1558 5369 1713 5427 mala
1727 5372 2020 5446 fugienda.

375 5456 540 5523 Quod
563 5455 622 5512 in
636 5455 955 5529 Scripturis
966 5455 1550 5517 VeterisTestamenti
1567 5460 1814 5534 figurate
1827 5466 2024 5519 osten-

374 5546 459 5606 dit
485 5546 675 5623 (Exod.
708 5550 807 5618 xx),
841 5545 1075 5627 quando
1106 5546 1537 5620 egredientibus
1568 5547 1706 5608 filiis
1748 5550 1923 5611 Israel
1955 5568 2025 5611 ex

2134 4577 2305 4629 tuum
2337 4570 2539 4644 (Matth.
2572 4574 2759 4631 v1).»«
2790 4571 2986 4627 Bonus
3015 4588 3150 4645 ergo
3183 4570 3356 4628 homo
3387 4573 3457 4629 de
3488 4573 3643 4631 bono
3659 4573 3770 4630 the-

2135 4676 2312 4718 sauro
2344 4659 2537 4716 cordis
2569 4658 2661 4714 sui
2693 4659 2911 4731 profert
2939 4659 3158 4716 bonum
3188 4657 3398 4730 (Matth.
3422 4663 3544 4729 xu),
3576 4685 3606 4711 ››
3638 4660 3770 4735 quia

2131 4752 2202 4808 de
2232 4750 2383 4805 bono
2417 4747 2705 4804 desiderio
2727 4747 2920 4805 cordis
2939 4748 3200 4821 procedit
3228 4748 3457 4822 loquela
3485 4749 3622 4809 boni
3654 4765 3769 4806 ser-

2132 4838 2352 4897 monis:
2373 4835 2646 4894 similitcr
2672 4840 2729 4892 et
2757 4860 2784 4887 «
2820 4836 3013 4892 malus
3045 4836 3217 4893 homo
3230 4837 3301 4893 de
3324 4837 3480 4895 malo
3502 4837 3768 4895 thesauro

2131 4928 2350 5002 profert
2399 4924 2623 4982 malum
2657 4925 2862 4996 (Ibid),
2896 4948 2924 4975 »
2952 4925 3092 4998 quia
3138 4943 3205 4981 ex
3247 4926 3405 4983 mala
3452 4926 3768 4983 intentione

2131 5016 2323 5072 cordis
2336 5012 2597 5088 procedit
2611 5014 2837 5069 fruetus
2850 5031 3036 5086 pravae
3060 5013 3436 5086 operationis,
3444 5015 3471 5087 j
3481 5019 3615 5073 uxta
3623 5011 3767 5071 illud

2132 5106 2288 5179 quod
2320 5102 2606 5161 Dominus
2632 5103 2747 5161 ait:
2771 5126 2798 5154 «
2818 5103 2900 5159 Ex
2929 5104 3100 5158 corde
3128 5101 3286 5160 enim
3317 5108 3529 5160 exeunt
3553 5101 3767 5175 cogita-

2132 5194 2320 5250 tiones
2347 5192 2534 5262 malaa,
2568 5191 2874 5262 adulteria,
2908 5190 3574 5261 ebrietates,homicidia,
3590 5190 3766 5256 furta,

2132 5280 2507 5355 blasphemiae
2537 5279 2852 5350 (Matth.xv)
2872 5302 2900 5329 »
2924 5285 2981 5336 et
2996 5280 3089 5337 his
3119 5280 3357 5338 similia.
3390 5279 3549 5337 Unde
3575 5277 3767 5335 adhuc

2133 5370 2457 5445 subjungit,
2474 5368 2673 5426 dicens
2694 5386 2706 5424 :
2729 5392 2757 5420 ‹‹
2774 5371 2853 5428 Ex
2878 5369 3241 5427 abundantia
3268 5369 3462 5429 cordis
3491 5385 3550 5426 os
3577 5365 3770 5441 loqui-

2136 5482 2165 5514 «
2196 5463 2311 5518 tur.
2342 5481 2371 5509 »
2402 5457 2510 5519 Ubi
2543 5458 2687 5515 forte
2719 5457 2926 5535 quaerit
2963 5457 3176 5533 aliquis
3213 5475 3393 5532 quare
3422 5458 3588 5526 dicat,
3618 5478 3652 5507 ι»
3693 5456 3771 5510 Ex

2133 5547 2496 5609 abundantia
2522 5545 2713 5607 cordis
2730 5565 2795 5607 os
2826 5546 3104 5625 loquitur,
3121 5563 3292 5606 "cum
3313 5564 3463 5624 saepe
3483 5542 3769 5615 homines,
