4060 6178
346 292 461 350 ’147

912 288 1319 353 HAYMONIS
1366 286 1911 371 HALBERSTAT.
1957 283 2200 346 EPISC.
2246 284 2417 347 OPP.
2465 286 2662 346 PARS
2706 283 2785 347 II.
2818 282 3192 348 —HOMIL.

3636 284 3757 345 "HS

1125 673 1648 762 HOMILUE
1711 668 2247 785 ALIQUOT
2305 672 2450 758 DE
2512 672 2973 760 SANCTIS

1263 879 1408 941 Tum
1428 880 1696 961 propriae
1735 877 2008 957 singulis,
2044 887 2166 939 tum
2205 897 2535 939 communes
2563 877 2850 939 omnibus.

1845 1073 2242 1085 a—_——

882 1226 1181 1283 HOMILIA
1219 1226 1460 1282 PRIMA.

514 1360 575 1402 IN
617 1361 708 1400 DIE
748 1359 981 1400 CELEBRI
1022 1361 1217 1400 SANCTI
1256 1360 1501 1399 ΑΝῙΠὶΕίΕ
1537 1359 1826 1399 APOS’I‘OLI.

420 1497 665 1565 (MA'I'I‘H.
698 1500 796 1565 Iv.)
840 1519 867 1547 «
904 1500 965 1552 In
999 1495 1096 1551 illo
1137 1499 1395 1567 tempore
1430 1513 1441 1550 :
1475 1494 1799 1550 Ambulans
1827 1493 1999 1549 Jesus

348 1609 378 1638 «
402 1586 574 1658 juxta
598 1601 759 1642 mare
790 1585 1055 1653 Galilaeae,
1076 1585 1222 1639 vidit
1252 1585 1399 1639 duos
1430 1585 1658 1651 fratres,
1679 1585 1998 1647 Simonem,

350 1698 380 1727 «
414 1675 515 1748 qui
545 1680 788 1731 vocatur
834 1673 1058 1740 Petrus,
1093 1677 1151 1729 et
1193 1673 1483 1728 Andream
1516 1673 1752 1727 fratrem
1785 1672 1934 1743 ejus.
1972 1692 1999 1720 ››

351 1764 423 1821 Et
451 1763 696 1837 reliqua.
716 1768 780 1818 In
802 1763 1078 1819 omnibus
1103 1762 1379 1833 operibus
1399 1761 1544 1827 suis,
1568 1778 1695 1832 quae
1718 1760 2005 1815 Dominus

352 1852 527 1910 Jeéus
558 1852 824 1907 Christus
868 1851 1038 1906 nobis
1084 1851 1156 1905 ad
1202 1850 1555 1904 imitandum
1586 1849 1861 1915 ostendit,
1894 1848 2005 1903 hoc

354 1940 649 1997 declarare
679 1940 956 2011 dignatus
986 1942 1094 2006 est,
1116 1938 1255 2009 quia
1274 1938 1323 1992 si
1355 1938 1598 1993 virtutes
1620 1938 1828 1992 animae
1850 1936 2009 1992 volu-

354 2044 490 2086 mus
521 2028 800 2099 accipere,
824 2026 988 2099 prius
1010 2026 1396 2081 tentationum
1420 2026 1693 2082 stimulos
1723 2026 2006 2082 debemus

358 2131 656 2189 superare.
674 2115 935 2187 Denique
953 2115 1375 2187 praedicaturus
1393 2115 1612 2170 mundo
1628 2114 2008 2187 Evangelium

357 2206 523 2278 prius
555 2222 589 2260 a
611 2205 832 2259 Joanne
855 2204 1204 2276 baptizatus,
1224 2205 1465 2260 secessit
1490 2205 1549 2259 in
1572 2204 1891 2270 desertum,
1908 2204 2012 2257 ibi-

359 2310 473 2367 que
504 2293 892 2367 quadraginta
913 2293 1121 2348 diebus
1152 2298 1209 2349 et
1237 2294 1625 2365 quadraginta
1648 2294 1916 2348 noctibus
1929 2292 2013 2363 je-

352 2385 597 2456 junans,
630 2382 846 2438 trinam
896 2382 1277 2437 tentationem
1323 2381 1539 2438 diaboli
1570 2382 1869 2454 superavit
1902 2400 1914 2437 :
1948 2398 2014 2437 ac

360 2472 497 2528 inde
516 2486 809 2543 egressus,
825 2468 1135 2525 ambulans
1151 2470 1320 2540 juxta
1341 2486 1500 2526 mare
1518 2469 1857 2539 Galilaaze,ut
1876 2486 2017 2543 prae-

362 2576 500 2617 sens
521 2557 694 2615 lectio
716 2563 932 2625 narrat,
953 2558 1276 2631 discipulos
1298 2559 1501 2632 elegit:
1527 2576 1633 2615 nos
1652 2560 1930 2615 nimirum
1956 2559 2014 2613 in

364 2650 472 2704 hoc
499 2648 648 2704 facto
671 2649 988 2715 instruens,
1019 2648 1158 2720 quia
1176 2648 1225 2702 si
1246 2647 1519 2704 volumus
1543 2648 1760 2703 bonum
1791 2648 2015 2720 accipe-

366 2754 448 2806 re,
482 2736 646 2811 prius
679 2754 713 2792 a
742 2736 896 2793 malo
927 2736 1210 2793 debemus
1238 2737 1547 2793 declinare.
1567 2737 1669 2792 Est
1689 2737 1846 2792 enim
1877 2736 2017 2791 ordo

366 2830 521 2882 recte
547 2826 799 2894 vivendi,
831 2828 896 2880 ut
938 2826 1103 2897 prius
1153 2826 1294 2881 vitia
1341 2829 1595 2897 superet,
1630 2825 1729 2896 qui
1772 2826 2019 2880 virtutes

370 2914 495 2970 vult
526 2915 786 2987 accipere
819 2932 832 2970 :
866 2915 1004 2987 quia
1034 2918 1308 2986 superato
1346 2912 1577 2969 diabolo
1616 2914 1901 2971 Dominus
1931 2913 2019 2969 di-

370 3003 630 3076 scipulos
661 3003 872 3075 eligere
900 3002 1102 3071 voluit,
1123 3008 1187 3059 ut
1207 3004 1538 3059 ostenderet
1558 3004 1727 3058 nobis
1750 3007 1887 3058 tunc
1912 3002 2022 3057 vir-

366 3095 562 3149 tutum
596 3090 829 3148 culmen
853 3108 1024 3165 posse
1055 3093 1388 3159 ascendere,
1412 3092 1646 3164 quando
1668 3092 2017 3148 tentationes

369 3179 587 3238 diaboli
636 3181 863 3237 fortiter
911 3182 1406 3253 superat-"erimus,
1439 3181 1719 3254 quoniam
1750 3182 1902 3237 sicut
1939 3179 2022 3235 ait

365 3269 699 3343 Apostolus,
716 3292 743 3320 «
774 3269 1096 3326 Tribulatio
1117 3271 1460 3344 patientiam
1479 3275 1773 3344 operatur,
1795 3270 2020 3343 patien-

367 3360 451 3415 tia
477 3377 612 3416 vero
663 3360 1089 3432 probationem,
1122 3359 1387 3431 probatio
1418 3364 1613 3415 autem
1665 3376 1853 3432 spem,
1886 3375 2021 3431 spes

366 3464 502 3505 vero
533 3465 649 3504 non
679 3447 1004 3504 confundit.
1024 3446 1171 3510 Quia
1200 3447 1455 3503 charitas
1487 3449 1582 3503 Dei
1614 3448 1828 3504 ditl‘usa
1850 3451 1941 3503 est
1961 3448 2017 3503 in

369 3536 644 3593 cordibus
676 3534 893 3591 nostris
923 3552 1027 3607 per
1073 3535 1356 3605 Spiritum
1390 3540 1680 3601 sanctum,
1717 3536 1817 3607 qui
1847 3536 2020 3591 datus

369 3627 458 3679 est
487 3624 656 3679 nobis
688 3624 861 3695 (Rom.
885 3623 964 3694 v).
1000 3645 1029 3672 »
1055 3623 1164 3678 Sed
1195 3625 1265 3678 de
1294 3624 1593 3679 vocatione
1624 3623 2018 3696 apostolorum

369 3713 644 3776 locuturi,
668 3713 927 3784 primum
949 3712 1020 3766 de
1038 3712 1151 3766 situ
1175 3712 1306 3781 loci,
1326 3712 1384 3765 in
1405 3728 1519 3783 quo
1537 3713 1657 3767 haec
1675 3712 1824 3768 facta
1841 3713 2022 3770 fuisse

373 3803 794 3867 memorantur,
815 3798 1013 3871 aliqua
1033 3801 1543 3856 commemoranda
1565 3800 1845 3857 sunt.Hoc
1864 3802 2020 3857 enim

373 3904 557 3958 mare,
574 3888 730 3961 quod
753 3906 909 3944 nunc
931 3887 1430 3957 Galilznae-dicitur,
1452 3892 1688 3962 propter
1713 3890 2020 3946 varietates

2028 1241 2082 1307 Α
2109 1226 2267 1281 enim
2289 1225 2467 1281 motio
2488 1224 2770 1281 Dominici
2793 1223 3072 1297 corporis,
3091 1240 3125 1279 a
3147 1224 3422 1298 mysterio
3444 1241 3627 1281 vacua
3644 1243 3764 1282 non

2108 1318 2199 1369 est
2218 1313 2499 1386 putanda.
2524 1313 2680 1369 Mare
2700 1329 2837 1386 ergo
2859 1314 2919 1369 in
2938 1312 3047 1368 hoc
3067 1313 3215 1379 loco,
3235 1314 3524 1369 mundum
3543 1314 3767 1387 signiﬁ-

2107 1406 2218 1458 cat.
2246 1402 2315 1456 Et
2346 1401 2607 1475 pulchre,
2632 1402 2770 1474 quia
2797 1402 2949 1457 sicut
2980 1418 3141 1457 mare
3172 1401 3472 1458 immobile
3496 1418 3625 1459 esse
3646 1420 3763 1458 non

2109 1494 2318 1563 potest,
2339 1491 2439 1546 sed
2464 1507 2585 1546 sem
2595 1508 2698 1563 per
2717 1491 2939 1546 accedit
2959 1495 3017 1546 et
3038 1491 3273 1559 recedit,
3293 1491 3377 1545 sic
3400 1491 3659 1547 mundus
3680 1492 3771 1547 di-

2109 1580 2294 1635 versis
2312 1579 2853 1652 perturbationibus
2870 1583 2928 1635 et
2945 1579 3427 1636 ﬂuctuationibus
3442 1596 3769 1636 commove—

2110 1672 2229 1724 tur.
2261 1668 2406 1724 Hinc
2437 1685 2539 1740 per
2586 1667 2961 1725 Psalmistam
3010 1669 3225 1724 dicitur
3257 1686 3271 1725 :
3305 1692 3334 1719 «
3365 1670 3766 1737 Commovisti,

2110 1758 2372 1823 Domine,
2405 1762 2619 1814 terram
2652 1757 2823 1830 (Psal.
2850 1757 2982 1829 LIX).
3013 1779 3041 1808 »
3068 1757 3231 1814 Unde
3261 1774 3422 1814 mare
3451 1775 3486 1813 a
3516 1759 3767 1815 meando

2113 1847 2347 1914 dicitur,
2382 1863 2447 1902 eo
2480 1848 2635 1918 quod
2688 1863 2921 1919 semper
2948 1846 3183 1903 accedat
3212 1851 3269 1903 et
3298 1847 3550 1916 recedat,
3582 1848 3775 1921 signi-

2115 1935 2269 2000 ficat,
2292 1940 2359 1990 ut
2379 1936 2602 1991 dictum
2626 1939 2736 2001 est,
2762 1936 3074 2003 mundum,
3100 1934 3200 2008 qui
3226 1935 3434 1992 crescit
3453 1937 3779 2003 nascendo,

2116 2024 2401 2080 decrescit
2430 2023 2754 2089 moriendo,
2787 2022 3048 2079 elevatur
3076 2024 3134 2079 in
3160 2024 3478 2097 prosperis,
3501 2024 3781 2096 dejicitur

2118 2112 2177 2167 in
2195 2111 2567 2168 adversis.Ad
2584 2112 2692 2169 hoc
2710 2128 2846 2185 ergo
2867 2129 3029 2168 mare
3049 2113 3330 2169 Dominus
3348 2114 3523 2181 venit,
3540 2114 3789 2187 quando

2119 2218 2222 2274 per
2236 2201 2658 2257 incarnationis
2677 2218 2794 2256 sua:
2817 2201 3159 2275 mysterium
3180 2202 3401 2259 mundo
3417 2202 3666 2259 visibilis
3682 2219 3793 2275 ap-

2121 2289 2338 2361 paruit,
2354 2290 2608 2361 quando,
2623 2293 2690 2344 ut
2704 2290 2788 2346 ait
2800 2290 3169 2362 Apostolus,«
3190 2291 3573 2364 semetipsum
3590 2292 3797 2347 exina-

2121 2378 2287 2445 nivit,
2314 2378 2562 2432 formam
2594 2378 2741 2433 servi
2778 2379 3091 2451 accipiens,
3112 2379 3172 2434 in
3202 2379 3653 2435 similitudinem
3680 2378 3797 2436 bo-

2123 2466 2351 2521 minum
2383 2466 2597 2534 factus,
2630 2470 2686 2521 et
2715 2466 2919 2522 habitu
2961 2466 3232 2523 inventus
3262 2471 3327 2522 ut
3356 2467 3551 2536 homo,
3582 2467 3791 2524 humi-

2123 2554 2286 2610 liavit
2316 2554 2699 2627 semetipsum
2732 2555 2903 2627 (Phil.
2940 2556 3025 2627 ιι).
3064 2579 3084 2605 ιι
3121 2556 3247 2612 Non
3298 2562 3497 2613 autem
3548 2556 3799 2613 stetisse

2126 2644 2216 2699 vel
2248 2644 2492 2710 sedisse,
2514 2644 2614 2700 sed
2639 2643 3080 2716 perambulasse
3108 2645 3342 2712 dicitur,
3359 2647 3495 2718 quia
3520 2663 3653 2712 non,
3674 2645 3794 2702 sic-

2126 2737 2194 2787 ut
2222 2733 2411 2788 caeteri
2443 2732 2720 2788 mortales
2769 2733 2829 2788 in
2880 2733 3101 2789 mundo
3133 2750 3267 2790 cum
3299 2739 3455 2791 esset
3484 2739 3677 2801 natus,
3711 2739 3791 2789 ut

2127 2822 2316 2877 caeteri
2340 2820 2610 2876 homines
2633 2822 3084 2894 permansit,sed
3103 2827 3235 2895 post
3249 2824 3577 2897 doctrinam
3596 2825 3792 2879 sancti

2127 2909 2443 2983 Evangelii,
2457 2914 2590 2983 post
2606 2911 3003 2966 ostensionem
3024 2910 3601 2986 miraculorum,post
3611 2929 3790 2969 suam

2129 3015 2355 3055 sacram
2388 2999 2721 3070 passionem
2780 3015 3095 3073 resurgens
3125 3016 3159 3055 a
3189 3002 3458 3069 mortuis,
3494 3001 3675 3057 victor
3704 3001 3789 3057 ad

2129 3087 2339 3143 ccelum
2370 3088 2562 3153 rediit,
2597 3088 2751 3143 sicut
2782 3087 2906 3160 ipse
2938 3089 3055 3145 ait:
3087 3110 3116 3139 ‹‹
3149 3089 3310 3144 Exivi
3342 3106 3377 3145 a
3404 3090 3572 3145 Patre
3603 3091 3789 3162 (Iona.

2130 3176 2268 3248 xw),
2296 3199 2323 3226 »
2346 3180 2403 3232 et
2425 3176 2669 3248 reliqua,
2689 3176 2798 3232 hoc
2823 3175 3176 3250 signiﬁcavit
3206 3178 3601 3235 deambulatio
3630 3180 3785 3250 ejus.

2130 3271 2206 3321 De
2232 3267 2403 3338 cujus
2434 3266 2690 3321 motione
2719 3264 2806 3322 vel
2839 3266 3092 3322 transitu
3121 3283 3226 3340 per
3252 3269 3488 3323 Petrum
3521 3267 3735 3324 dicitur
3770 3286 3790 3325 :

2130 3378 2159 3405 «
2175 3354 2280 3418 Qui
2301 3353 2674 3427 pertransivit
2689 3354 3101 3411 benefaciendo
3117 3359 3173 3411 et
3189 3342 3452 3413 sanando
3469 3373 3672 3413 omnes
3687 3373 3797 3430 ope

2130 3461 2363 3516 pressos
2389 3460 2423 3499 a
2451 3442 2703 3499 diabolo.
2741 3466 2769 3493 ››
2800 3444 2998 3517 Neque
3024 3445 3165 3501 illud
3198 3446 3421 3519 absque
3451 3445 3787 3502 considera-

2128 3533 2284 3589 tione
2305 3533 2867 3605 praatermittendum
2897 3538 3003 3601 est,
3024 3535 3181 3607 quod
3212 3534 3497 3592 Dominus
3530 3535 3792 3608 discipu-

2130 3620 2221 3677 los
2249 3620 2562 3687 electurus,
2578 3623 2752 3694 juxta
2772 3640 2931 3679 mare
2960 3624 3302 3693 ambulavit,
3336 3626 3433 3698 qui
3469 3628 3673 3697 postea
3704 3641 3796 3681 co-

2130 3728 2255 3766 ram
2304 3710 2420 3765 illis
2453 3728 2629 3784 super
2660 3711 2874 3768 ﬂuctus
2908 3713 3089 3769 maris
3119 3713 3456 3771 ambulasse
3489 3719 3789 3770 narratur.

2131 3798 2203 3854 Ut
2230 3799 2387 3855 enim
2421 3798 2697 3869 diximus,
2733 3817 2892 3856 mare
2923 3802 3212 3858 mundum
3256 3802 3571 3876 signiﬁcat.
3603 3802 3788 3859 Disci-

2130 3888 2285 3960 pulis
2316 3904 2451 3962 ergo
2473 3889 2532 3944 in
2557 3889 2701 3944 mari
2725 3890 3112 3961 piscantibus,
3133 3892 3414 3948 Dominus
3434 3908 3607 3947 secus
3629 3908 3790 3948 mare

373 3978 766 4051 adjacentium
812 3976 1095 4045 locorum,
1126 3977 1302 4033 variis
1350 3982 1621 4034 censetur
1656 3979 2015 4037 nominibus.
2050 3980 2092 4048 C
2132 3978 2474 4046 ambulavit,
2499 3978 2639 4050 quia
2658 3979 2765 4034 etsi
2787 3980 2942 4035 venit
2963 3980 3020 4035 in
3047 3981 3333 4037 mundum
3356 3998 3462 4054 per
3489 3986 3782 4047 naturam,

371 4068 596 4124 Dicitur
640 4068 798 4124 enim
848 4083 1008 4123 mare
1055 4066 1323 4133 Galilaeas,
1374 4072 1608 4141 prapter
1656 4070 2021 4141 adjacentem

371 4157 730 4231 provinciam
761 4154 1078 4212 Galilaeam.
1102 4156 1327 4211 Dicitur
1355 4159 1411 4211 et
1441 4173 1601 4213 mare
1629 4156 2023 4224 Tiberiadis,a

372 4247 679 4304 Tiberiade
710 4245 962 4302 civitate.
998 4245 1220 4301 Dicitur
1248 4251 1304 4301 et
1333 4248 1608 4318 stagnum
1641 4246 2020 4316 Genezareth,

369 4354 436 4394 eo
468 4336 622 4410 quod
652 4334 931 4392 ﬂantibus
950 4334 1159 4403 ventis,
1178 4333 1573 4407 crispantibus
1598 4335 1792 4404 undis,
1813 4352 2014 4391 auram

369 4441 438 4482 ex
468 4443 530 4483 se
559 4440 838 4499 generare
866 4423 1151 4480 videatur.
1186 4423 1407 4479 Dicitur
1453 4428 1509 4479 et
1560 4422 1722 4480 lacus
1767 4428 2018 4481 Geneza-

371 4516 520 4584 reth,
554 4518 790 4588 propter
836 4512 1103 4568 eamdem
1152 4511 1444 4568 civitatem
1489 4512 1601 4568 sibi
1634 4513 2016 4585 adjacentem.

370 4605 437 4662 Et
458 4622 492 4660 a
517 4602 868 4675 quibusdam
889 4618 1048 4657 mare
1065 4600 1422 4673 asphaltum,
1438 4602 2018 4675 propterinopportu-

370 4694 612 4750 nitatem
643 4694 849 4764 portus
880 4693 1137 4746 vocatur.
1152 4690 1495 4745 Extenditur
1515 4694 1710 4746 autem
1741 4691 1800 4746 in
1831 4691 2018 4765 longi-

369 4782 573 4838 tudine
594 4783 828 4837 centum
852 4779 1241 4852 quadraginta
1255 4778 1532 4846 stadia,in
1548 4778 1860 4837 latitudine
1883 4798 2016 4854 qua-

370 4872 659 4945 draginta.
674 4870 789 4925 Nec
807 4872 1110 4941 propterea
1126 4884 1286 4923 mare
1303 4868 1609 4933 dicitur,eo
1631 4869 1783 4940 quod
1807 4886 2018 4926 amarae

369 4963 489 5017 sint
510 4978 671 5033 aqua:
694 4960 844 5030 ejus,
866 4961 1005 5012 sunt
1037 4956 1193 5012 enim
1222 4955 1421 5011 dulces
1452 4956 1522 5011 ad
1547 4957 1890 5028 potandum,
1914 4958 2016 5014 ba-

368 5048 631 5120 bilesque
661 5047 731 5103 ad
761 5046 999 5120 piscand
1012 5061 1106 5101 um
1131 5063 1143 5113 ;
1171 5044 1271 5099 sed
1296 5045 1512 5099 idioma
1538 5045 1744 5116 lingua:
1768 5046 2017 5103 Hebraeae

368 5141 458 5193 est
487 5152 690 5192 omnes
721 5135 1201 5207 congregationes
1245 5149 1531 5204 aquarum
1578 5150 1785 5190 vocare
1832 5151 2014 5203 mare,

367 5223 519 5280 sicut
551 5223 609 5277 in
640 5222 847 5277 Genesi
881 5221 1163 5293 scriptum
1196 5223 1286 5275 est
1334 5220 1473 5292 (cap.
1511 5221 1549 5291 ι)
1585 5239 1598 5276 :
1632 5243 1660 5270 «
1691 5220 2015 5297 Congrega-

364 5313 553 5369 tiones
583 5325 869 5382 aquarum
902 5308 1213 5381 appellavit
1245 5310 1449 5364 maria.
1487 5331 1513 5358 »
1535 5311 1643 5365 Sed
1669 5315 1731 5366 ut
1753 5310 1872 5367 haec
1895 5313 2014 5384 spi-

363 5399 607 5457 ritaliter
623 5396 1206 5464 consideremus,non
1225 5398 1298 5453 ab
1317 5415 1376 5454 re
1394 5398 1716 5469 putandum
1741 5405 1931 5473 est,qu
1941 5402 2012 5457 od

362 5487 719 5563 evangelista
747 5486 1063 5542 Dominum
1094 5503 1211 5542 non
1243 5487 1484 5554 sedisse,
1514 5504 1617 5544 nec
1649 5489 2011 5557 stetisse,sed

362 5576 772 5644 deambulasse
812 5576 984 5654 juxta
1030 5591 1191 5633 mare
1238 5574 1485 5634 Galilaeae
1516 5576 1846 5652 descripsit.
1880 5580 2012 5657 Ipsa

2129 4065 2356 4123 alienus
2388 4067 2497 4123 fuit
2525 4073 2721 4123 tamen
2753 4085 2787 4124 a
2815 4070 3038 4125 mundo
3070 4087 3173 4142 per
3210 4069 3465 4143 culpam.
3500 4071 3782 4135 Quoniam

2129 4156 2282 4212 sicut
2312 4155 2516 4212 Petrus
2542 4157 2917 4213 veracissime
2946 4162 3231 4215 testatur:
3269 4182 3296 4210 ‹‹
3330 4159 3640 4216 Peccatum
3671 4174 3781 4215 ncn

2128 4244 2685 4308 fecit,necinventus
2709 4249 2798 4301 est
2818 4246 2989 4303 dolus
3019 4248 3077 4302 in
3109 4264 3210 4304 ore
3238 4248 3367 4319 ejus
3394 4248 3445 4319 (I
3464 4252 3615 4303 Petr.
3639 4250 3723 4317 ιι).
3755 4268 3781 4295 υ

2127 4333 2237 4388 Sed
2268 4333 2414 4388 forte
2446 4332 2655 4405 quaarit
2683 4332 2919 4406 aliquis,
2948 4351 3128 4407 quare
3157 4336 3441 4392 Dominus
3470 4335 3783 4410 discipulos

2128 4420 2387 4494 primum
2407 4438 2443 4477 a
2465 4420 2700 4477 Galilzea
2722 4422 2934 4495 eligere
2963 4423 3168 4493 voluit,
3187 4429 3247 4481 et
3267 4441 3383 4481 non
3407 4442 3441 4481 a
3470 4422 3778 4494 Judzea,vel

2129 4510 2350 4566 cazteris
2383 4509 2745 4582 regionibus,
2779 4528 2907 4583 quae
2938 4512 3259 4570 nobiliores
3288 4514 3669 4587 putabantur.
3699 4512 3777 4568 Ad

2127 4598 2409 4672 quod,qui
2432 4597 2701 4654 curiosus
2720 4603 2831 4666 est,
2846 4602 3197 4674 respondere
3214 4603 3576 4676 potest,quia
3590 4615 3779 4675 quam-

2126 4690 2214 4744 vis
2245 4687 2498 4762 gloriosa
2527 4687 2757 4743 Domini
2786 4689 3058 4747 nativitas
3080 4692 3244 4764 prius
3274 4693 3334 4747 in
3361 4692 3567 4748 Judaea
3595 4689 3671 4746 sit
3698 4704 3779 4745 ce-

2125 4777 2571 4844 ]ebrata,tamen
2585 4777 2713 4848 ejus
2726 4782 2931 4835 saneta
2950 4781 3253 4853 conceptio
3275 4780 3535 4852 primum
3557 4778 3617 4834 in
3636 4775 3775 4835 Gali-

2126 4866 2232 4922 lzea
2249 4866 2320 4922 ab
2344 4865 2550 4938 angelo
2577 4865 2788 4938 virgini
2810 4872 2900 4923 est
2920 4869 3451 4936 annuntiata,Luea
3471 4865 3777 4942 evangelis-

2124 4959 2185 5010 ta
2201 4958 2364 5022 teste,
2385 4953 2485 5027 qui
2504 4954 2585 5008 ait
2608 4971 2620 5009 :
2644 4954 2860 5010 Eodem
2880 4959 3143 5029 tempore
3161 4981 3189 5008 «
3211 4957 3433 5012 missus
3448 4961 3540 5013 est
3554 4952 3770 5012 Gabriel

2127 5042 2370 5116 angelus
2391 5059 2425 5097 a
2446 5042 2563 5097 Deo
2584 5042 2644 5097 in
2668 5043 2961 5099 civitatem
2986 5044 3352 5114 Galilaeae,cui
3372 5062 3587 5102 nomen
3608 5043 3770 5099 Naza-

2125 5132 2274 5203 reth,
2296 5132 2365 5185 ad
2388 5131 2673 5204 virginem
2707 5132 3120 5205 desponsatam
3135 5135 3281 5201 viro,
3304 5134 3399 5191 cui
3424 5150 3633 5190 nomen
3653 5134 3766 5187 erat

2121 5219 2676 5292 Joseph(Luc.I).»Et
2695 5225 2826 5292 post
2848 5220 3134 5294 pusillum
3158 5223 3425 5296 adjecitm
3453 5223 3534 5279 Ne
3551 5221 3763 5283 timeas.

2125 5308 2328 5379 Maria,
2352 5308 2625 5364 invenisti
2637 5311 2888 5382 gratiam
2903 5312 3056 5384 apud
3077 5313 3555 5382 Dominum,ecce
3582 5308 3759 5367 conci-

2126 5399 2251 5472 pies
2281 5402 2337 5454 et
2365 5397 2555 5470 paries
2588 5396 2775 5453 ﬁlium
2797 5399 3002 5472 (Ibid.).
3026 5424 3055 5451 »
3069 5401 3323 5475 Dignum
3355 5403 3513 5458 enim
3543 5402 3676 5466 erat,
3705 5399 3766 5451 ut

2123 5488 2221 5544 ubi
2245 5490 2423 5560 caput
2443 5486 2720 5542 nascendi
2744 5494 3079 5562 sumpserat
3097 5492 3423 5557 exordium,
3448 5490 3581 5547 inde
3601 5501 3765 5544 mem-

2123 5578 2226 5635 bra
2264 5576 2477 5634 horum
2518 5576 2845 5653 acciperent
2879 5577 3303 5641 incrementum
3331 5599 3344 5641 :
3369 5585 3427 5639 et
3456 5580 3557 5639 ubi
3587 5582 3760 5638 ortum
