4060 6178
353 379 474 442 755

919 378 1329 444 HAYMONIS
1373 373 1921 440 HALBEBSTAT.
1966 370 2211 433 EPISG.
2259 371 2431 433 OPP.
2478 369 2679 432 PARS
2724 368 2902 430 lI.—
2931 363 3202 427 HOMIL.

3647 352 3768 415 756

358 516 543 572 tutem
575 513 829 571 habebat
861 514 957 570 ille
989 513 1088 588 qui
1115 513 1346 569 dicebat
1373 529 1418 566 ει
1445 507 1701 580 Angelus
1731 511 1929 563 noster
1951 523 2012 562 es
2041 507 2098 573 Α
2126 510 2361 579 tempus
2380 503 2662 578 pariendi.
2685 503 2754 558 Et
2791 499 3064 556 Salomon
3103 487 3772 588 implevitaediﬁcaredo-

359 623 435 662 an
458 604 922 660 adversariorum
955 605 1138 676 (Joan.
1172 601 1276 673 v)?
1313 622 1338 648 ››
1373 599 1444 655 Ut
1485 597 1640 654 enim
1673 597 1846 652 homo
1871 613 2013 668 pru-

359 697 525 762 dens,
562 693 726 749 fortis
755 698 812 748 et
839 697 1201 765 temperatus
1234 690 1329 757 sit,
1365 705 1479 743 non
1531 705 1564 742 a
1595 703 1656 742 se
1686 686 1880 757 habet,
1914 687 2012 740 sed

361 801 464 857 per
481 782 736 838 divinam
764 781 1014 854 gratiam
1049 779 1278 851 accipit.
1311 779 1455 833 Cum
1479 793 1615 847 ergo
1647 775 1930 831 Dominus
1953 773 2012 827 in

363 872 555 945 prima
576 888 682 926 sua
712 869 1013 925 vocatione
1035 873 1284 940 quatuor
1311 865 1628 938 discipulos
1653 881 1790 920 suos
1820 862 2012 936 elegit,

363 961 424 1016 in
451 960 581 1033 ipso
611 975 854 1015 numero
881 957 1051 1013 nobis
1071 954 1491 1026 innotuit,quia
1521 953 1571 1008 si
1600 955 1727 1025 ejus
1743 951 2015 1024 discipuli

370 1067 502 1106 esse
531 1049 824 1114 volumus,
861 1047 968 1102 has
1014 1057 1267 1117 quatuor
1309 1044 1553 1100 virtutes
1600 1043 1813 1098 habere
1843 1043 2016 1098 debe-

372 1156 543 1194 mus:
569 1141 633 1192 ut
663 1136 850 1191 simus
883 1136 1108 1201 Petrus,
1144 1135 1364 1189 bonum
1408 1132 1794 1205 agnoscendo,
1844 1134 1907 1184 ut
1933 1130 2017 1184 vi-

368 1227 610 1283 deamus
642 1223 1266 1297 presterita,praasentia
1297 1227 1354 1277 et
1375 1222 1592 1285 futura,
1615 1225 1848 1292 propter
1872 1218 2017 1274 illud

370 1315 525 1388 quod
557 1313 841 1369 Dominus
873 1314 1164 1378 admonet,
1182 1311 1380 1366 dicens
1406 1329 1457 1366 ;‹‹
1492 1311 1682 1364 Estote
1703 1309 2020 1380 prudentes

371 1403 524 1459 sicut
549 1405 849 1473 serpentes
882 1401 1091 1472 (Matth.
1117 1401 1193 1471 x).
1233 1401 1334 1454 »Εἰ
1365 1399 1487 1470 ipse
1508 1399 1734 1466 Petrus,
1775 1420 1801 1447 «
1829 1399 2022 1452 Estote

372 1492 689 1564 prudentes
719 1495 778 1546 et
805 1489 1044 1563 vigilate
1088 1489 1146 1543 in
1192 1488 1556 1544 orationibus
1604 1490 1651 1558 (1
1679 1489 1825 1541 Petr.
1861 1491 1957 1554 ιν).
1995 1509 2022 1535 ››

372 1581 653 1648 Andreas,
685 1578 950 1645 viriliter,
985 1578 1139 1650 quod
1190 1578 1408 1632 bonum
1463 1574 1889 1649 cognoscimus,
1925 1592 2026 1647 per

374 1669 780 1724 fortitudinem
813 1665 1246 1735 tenendo,sicut
1275 1665 1520 1738 angelus
1549 1665 1825 1720 admonet
1851 1665 2023 1720 Joan-

375 1774 510 1813 nem
541 1757 600 1812 in
630 1755 996 1828 Apocalypsi,
1031 1755 1229 1810 dicens
1256 1771 1305 1808 :«
1335 1755 1532 1808 Estote
1565 1753 1740 1808 fortes
1770 1753 1827 1806 in
1850 1751 2025 1818 bello,

2122 612 2282 650 mum
2307 586 3437 660 Domin(lIIReg.1x).Mortuusestautem
3451 579 3768 644 Abraham,

2121 683 2208 738 vel
2239 683 2388 739 alius
2420 680 2633 754 aliquis
2665 684 2917 752 patrum,
2954 691 3129 731 senex
3160 676 3216 727 et
3266 669 3474 744 plenus
3518 667 3771 722 dierum.

2124 773 2328 828 Merito
2361 770 2516 826 enim
2541 771 2596 824 in
2631 767 2904 840 operibus
2935 767 3272 820 sanetorhm
3306 757 3569 830 impletio
3617 772 3776 810 com-

2125 865 2502 926 memoratur,
2537 858 2674 930 quia
2704 857 2882 912 etiam
2913 855 2972 908 in
3005 851 3164 908 brevi
3197 855 3459 921 tempore
3480 846 3552 900 ad
3574 861 3778 900 cumu-

2124 951 2247 1006 lum
2281 948 2650 1022 perfectionis
2698 943 3059 1018 perveniunt,
3094 941 3249 996 sicut
3289 938 3358 992 de
3390 952 3506 991 uno
3538 934 3776 989 illorum

2129 1021 2412 1112 scriptum
2445 1043 2568 1093 est:
2605 1059 2630 1087 ‹‹
2679 1035 3134 1091 Consummatus
3193 1028 3252 1082 in
3311 1025 3469 1081 brevi
3529 1021 3782 1094 explevit

2128 1111 2393 1201 tempora
2425 1125 2609 1182 multa
2641 1125 2788 1196 (Sap.
2823 1121 2917 1194 IV),
2950 1141 2976 1172 ι
3029 1117 3168 1190 quia
3207 1114 3421 1188 placita
3463 1117 3628 1168 erant
3658 1111 3781 1166 Deo

2130 1235 2306 1291 opera
2335 1217 2515 1273 illius.
2550 1216 2621 1271 Ut
2650 1229 2786 1285 ergo
2809 1210 3140 1266 ostenderet
3160 1201 3517 1276 evangelista
3547 1203 3782 1291 quantae

2131 1288 2502 1378 perfectionis
2521 1316 2846 1375 prmcursor
2866 1295 3090 1353 Domini
3113 1295 3346 1349 futurus
3373 1293 3544 1356 esset,
3573 1289 3630 1343 in
3651 1288 3783 1359 ipso

2133 1400 2262 1451 ortu
2297 1391 2614 1448 nativitatis
2667 1391 2818 1461 ejus,
2875 1385 3115 1442 verbum
3174 1379 3536 1453 impletionis
3567 1392 3786 1450 ponere

2132 1490 2325 1540 ratum
2375 1480 2558 1537 duxit.
2614 1482 2684 1534 At
2743 1481 2947 1532 contra
3017 1473 3142 1529 dies
3204 1470 3516 1542 impiorum
3575 1467 3786 1520 inanes

2135 1578 2191 1629 et
2222 1571 2408 1634 vacui,
2445 1569 2544 1642 qui
2574 1569 2711 1623 licet
2754 1567 2926 1638 longo
2976 1567 3238 1634 tempore
3291 1557 3532 1614 feliciter
3558 1556 3788 1618 vivunt,

2137 1677 2441 1733 nunquam
2493 1663 2690 1713 tamen
2749 1655 2820 1710 ad
2881 1650 3187 1709 cumulum
3244 1643 3612 1721 perfectionis
3662 1658 3794 1714 per-

2135 1732 2395 1806 veniunt.
2451 1749 2529 1804 De
2586 1745 2802 1817 quibus
2859 1739 3173 1797 Psalmista
3231 1738 3350 1792 ait:
3390 1757 3420 1786 «
3476 1732 3594 1786 Viri
3652 1747 3793 1786 san—

375 1851 431 1902 et
462 1820 718 1918 pugnate
749 1820 905 1900 cum-
935 1820 1174 1914 antiquo
1235 1846 1499 1913 serpente
1558 1843 1683 1911 (Tit.
1734 1842 1819 1912 ιι),
1851 1863 1880 1892 ››
1915 1845 2023 1895 etc.
2058 1878 2106 1942 B
2139 1840 2382 1912 guinum
2417 1843 2473 1892 et
2501 1834 2683 1892 dolosi
2711 1850 2823 1888 non
2855 1828 3248 1885 dimidiabunt
3290 1824 3413 1880 dies
3447 1838 3583 1878 suos
3609 1820 3789 1891 (Paul.

383 1934 405 1942 -
516 1935 528 1942 .
702 1932 760 1942 ...
995 1932 1004 1942 .
1093 1930 1174 1942 ...ο
1402 1929 1415 1942 ι
1508 1933 1516 1942 .
1627 1930 1639 1942 1
1782 1934 1789 1942 .
1826 1929 1836 1938 -
2236 1929 2247 1942 κ
2370 1928 2428 1942 n.
2509 1926 2520 1936 ο
2606 1929 2618 1942 ι
2691 1923 2747 1942 J-
2817 1935 3008 1942 --____._
3076 1915 3338 1942 ..-ε-Αζηη
3399 1927 3501 1942 nnn
3551 1911 3789 1942 lanuuinum

374 1932 802 2001 Jacobus,vitia
824 1948 957 1987 cum
981 1930 1216 2002 justitia
1248 1929 1702 2002 supplantando,
1735 1934 1798 1983 ut
1824 1929 1882 1984 in
1913 1946 2032 1985 om-

375 2022 549 2079 nibus
563 2020 1094 2091 actibusjustitiam
1108 2017 2026 2089 teneamus,sicutaitApostolus:

379 2111 580 2166 «Juste
601 2109 1048 2181 etpievivamus
1068 2109 1197 2180 (Tit.
1231 2108 1317 2176 Ii).
1346 2128 1373 2155 n
1399 2107 1467 2161 Et
1487 2105 1761 2161 Salomon
1788 2124 1800 2162 :
1836 2129 1863 2155 «
1898 2105 2033 2162 Dili-

379 2199 497 2273 gitc
520 2197 815 2270 justitiam
847 2198 947 2269 qui
971 2195 1253 2269 judicatis
1283 2201 1496 2250 terram
1531 2195 1680 2266 (Sap.
1705 2195 1766 2264 1).
1805 2217 1832 2245 ››
1863 2195 2036 2250 Joan-

382 2305 487 2344 nes
516 2287 766 2360 gratiam
798 2286 898 2342 Dei
921 2285 1395 2358 adipiscendo.Et
1423 2300 1558 2339 cum
1579 2283 1707 2356 ipso
1739 2283 2035 2338 discretio-

383 2393 520 2432 nem
549 2377 890 2442 habeamus,
925 2379 990 2430 ut
1019 2374 1170 2429 inter
1199 2373 1420 2428 bonum
1453 2372 1792 2444 malumque
1824 2373 2036 2428 discer-

389 2470 614 2533 nentes,
649 2465 867 2520 bonum
902 2469 1206 2520 teneamus
1245 2466 1300 2518 et
1339 2461 1560 2516 malum
1609 2460 2033 2532 relinquamus,

387 2553 778 2628 propterillud
795 2551 1052 2625 Aposloli
1073 2569 1120 2606 :u
1147 2552 1356 2607 Omnia
1372 2555 1568 2607 autem
1588 2551 1846 2621 probate,
1881 2550 2036 2622 quod

390 2643 610 2698 bonum
641 2646 731 2698 est
787 2647 976 2698 tenete
1008 2643 1024 2713 (
1059 2643 1082 2696 I
1112 2642 1281 2696 Thess.
1318 2639 1400 2710 ιι).
1439 2663 1460 2688 ι»
1495 2639 1656 2702 Quod
1697 2655 1831 2694 cum
1862 2639 2036 2694 fueri-

390 2731 898 2802 mus,habebimus
912 2730 969 2785 in
988 2729 1276 2802 quadriga
1296 2727 1610 2784 Cherubim
1635 2727 1839 2783 faciem
1857 2727 2044 2784 homi-

389 2819 482 2876 nis
508 2836 610 2891 per
638 2818 1030 2891 prudentiam,
1063 2818 1244 2873 leonis
1277 2834 1378 2888 per
1417 2815 1841 2881 fortitudinem,
1873 2814 2039 2870 vituli

390 2925 494 2982 per
516 2908 832 2979 justitiam,
857 2907 1064 2980 aquila:
1096 2923 1198 2979 per
1247 2905 1678 2962 discretionem.
1723 2904 2042 2977 Allegorice

392 3001 586 3053 autem
612 3013 713 3066 per
731 2995 838 3050 hos
861 2999 1110 3068 quatuor
1131 2992 1797 3067 discipulos,utquidam
1815 2993 2038 3060 dicunt,

396 3085 511 3140 duo
541 3083 738 3156 populi
764 3085 1112 3157 figurantur.
1141 3084 1346 3139 Petrus
1363 3084 1539 3150 enim,
1566 3083 1666 3154 qui
1697 3083 2042 3154 interpreta-

395 3177 492 3228 tur
521 3173 1125 3246 agnoscens,populum
1147 3174 1483 3228 Judaeorum
1514 3171 1823 3244 signiﬁcat,
1850 3171 1950 3243 qui
1981 3171 2041 3226 in

397 3262 759 3319 caeremoniis
789 3245 1168 3318 observandis
1198 3262 1381 3317 Deum
1413 3261 1768 3332 cognovit.ld
1792 3260 1946 3316 idem
1971 3261 2040 3315 si-
2073 3245 2116 3311 C

399 3352 638 3425 gniﬁcat
667 3352 942 3419 Jacubus,
967 3351 1066 3423 qui
1100 3350 1375 3423 gentilem
1407 3350 1645 3405 fratrem
1678 3367 1852 3405 suum
1885 3349 2047 3420 prius

401 3441 688 3497 credendo
718 3439 1136 3513 supplantavit.
1168 3439 1448 3504 Andreas,
1481 3437 1581 3509 qui
1632 3437 2051 3509 interpretatur

399 3530 602 3594 virilis,
631 3529 912 3601 populum
945 3529 1208 3600 gentium
1259 3527 1572 3600 signiﬁcat,
1605 3526 1704 3598 qui
1737 3530 2047 3597 postquam

399 3621 581 3671 Deum
615 3616 878 3682 credidit,
912 3616 1156 3670 viriliter
1187 3617 1244 3670 in
1277 3617 1388 3670 ﬁde
1415 3605 2046 3686 permansitEdmdem

399 3703 695 3776 signiﬁcat
723 3703 1107 3774 Joannes,qui
1138 3703 1551 3775 interpretatur
1578 3704 1758 3770 gratia
1788 3703 2049 3773 Dei,quia

399 3791 632 3866 gentilis
683 3791 956 3863 populus,
1006 3791 1192 3864 gratia
1240 3790 1341 3846 Dei
1397 3790 1798 3858 subveniente,
1834 3792 2046 3847 salvari

401 3879 634 3947 meruit,
669 3897 783 3935 non
816 3880 941 3936 suis
994 3879 1240 3947 meritis,
1276 3880 1377 3935 sed
1411 3879 1564 3934 sicut
1593 3880 1808 3936 Paulus
1856 3880 1999 3936 dicit
2033 3898 2045 3935 :

403 3992 431 4019 ‹‹
466 3969 665 4025 Gratia
695 3969 794 4024 Dei
827 3969 998 4025 salve
1030 3969 1189 4025 faetze
1235 3972 1374 4025 sunt
1414 3973 1616 4041 gentes
1647 3970 1859 4040 (Ephcs.
1895 3971 1982 4036 ιι).
2023 3993 2049 4019 ››

401 4057 710 4114 Imitemur
740 4075 876 4132 ergo
908 4058 1014 4114 hos
1045 4058 1146 4114 Dei
1197 4058 1510 4130 apostolos,
1545 4063 1608 4112 ut
1651 4076 1754 4130 per
1800 4060 2050 4132 gratiam

403 4147 590 4221 ipsius
623 4165 951 4204 mereamur
999 4147 1235 4216 salvari,
1284 4148 1780 4220 quemadmodum
1839 4153 1895 4204 et
1945 4147 2048 4203 illi.

405 4237 568 4303 Quod
600 4237 1027 4322 ipseﬁpraestare
1057 4236 1347 4309 dignetur,
1382 4236 1482 4309 qui
1527 4236 1654 4292 sine
1685 4237 1800 4293 ﬁne
1828 4238 1967 4292 vivit
1998 4243 2055 4294 et

406 4329 634 4398 regnat,
665 4329 774 4382 etc.

1026 4414 1332 4470 HOMILIA
1361 4414 1428 4470 ΙΙ.

587 4519 645 4558 ΙΝ
688 4521 1013 4560 ΝΑΤινιΤΑΤΕ
1051 4520 1246 4559 ΒΛΝΟΤΙ
1293 4520 1531 4558 JOANNIS
1570 4519 1872 4558 BAPTISTJ-J.

2144 1911 2272 1999 inv).
2310 1951 2337 1978 ››
2370 1928 2439 1982 Et
2475 1926 2626 1980 sicut
2683 1923 2754 1977 de
2811 1935 3011 1976 eorum
3076 1915 3340 1988 principe
3399 1927 3501 1983 per
3551 1911 3794 1999 beatum

2139 1995 2248 2076 Job
2281 2017 2494 2071 dicitur
2521 2031 2569 2068 :«
2604 2017 2930 2082 Antequam
2951 2007 3074 2061 dies
3097 2006 3226 2076 ejus
3242 2000 3612 2074 impleantur,
3635 1995 3797 2068 peri-

2143 2110 2262 2164 bit:
2293 2111 2349 2162 et
2379 2099 2777 2174 utincaluerit
2808 2097 2914 2164 sol,
2951 2094 3208 2151 solvetur
3263 2092 3334 2146 de
3378 2089 3503 2144 loco
3533 2103 3638 2142 suo
3672 2086 3802 2156 (Job

2141 2200 2244 2268 vn).
2279 2218 2305 2244 ››
2337 2196 2557 2249 Horum
2588 2188 2975 2245 umbraticam
3035 2182 3365 2239 felicitatem
3412 2177 3539 2232 sine
3570 2175 3800 2248 perfec-

2143 2263 2299 2342 tione
2322 2281 2643 2338 transitura
2662 2279 3006 2349 despexerat
3029 2269 3496 2334 Psalmista,cum
3521 2263 3754 2320 dicebat
3783 2280 3799 2316 :

2149 2399 2176 2427 ‹‹
2203 2374 2332 2429 Vidi
2351 2371 2597 2443 impium
2625 2384 2801 2440 super
2827 2363 3144 2420 exaltatum
3167 2359 3339 2430 (Psat.
3373 2354 3584 2425 xxxw),
3609 2374 3644 2443 ξ)
3676 2356 3797 2443 etc.

2219 2487 2246 2514 ‹‹
2269 2464 2340 2518 Et
2359 2461 2674 2516 audierunt
2693 2438 2865 2511 vicini
2889 2453 3016 2524 ejus
3039 2449 3176 2522 quia
3197 2438 3806 2519 magniﬁcavitDomi-

2149 2577 2176 2603 «
2213 2569 2323 2607 nus
2357 2546 2816 2604 misericordium
2849 2557 3017 2598 suam
3049 2555 3182 2595 cum
3217 2534 3399 2605 illa,et
3422 2528 3806 2603 congratula-

2150 2642 2425 2696 «bantur
2453 2637 2524 2694 ei.
2572 2659 2596 2683 η
2643 2632 2964 2690 Coneordet
3013 2633 3208 2683 autem
3261 2625 3382 2680 haac
3429 2618 3809 2692 evangelista:

2152 2729 2408 2786 narratio
2429 2744 2560 2782 cum
2578 2723 2876 2796 praemissa
2890 2715 3280 2792 promissione
3293 2707 3807 2783 evangelica.Cum

2152 2820 2309 2876 enim
2342 2815 2584 2888 angelus
2615 2810 2896 2868 Zacharize
2929 2807 3298 2864 nasciturum
3349 2803 3632 2858 Joannem
3665 2811 3810 2868 pro-

2153 2884 2610 2975 mitteretIinter
2640 2904 2846 2956 caetera
2903 2896 3020 2951 ait:
3057 2917 3085 2944 «
3121 2894 3189 2948 Et
3234 2891 3345 2946 erit
3379 2888 3484 2943 tibi
3516 2884 3812 2975 gaudium

2152 3002 2210 3054 et
2239 2974 2528 3059 exaltatio,
2561 2994 2618 3046 et
2647 2987 2816 3043 multi
2862 2987 2920 3040 in
2971 2981 3273 3038 nativitate
3304 2979 3432 3050 ejus
3465 2974 3818 3049 gaudebunt

2155 3089 2306 3158 (Luc.
2342 3089 2399 3150 ι).
2445 3105 2472 3131 ››
2526 3082 2688 3136 Nunc
2746 3081 2939 3130 autem
3003 3077 3139 3128 nato
3191 3084 3390 3141 puero,
3451 3059 3817 3134 evangelista

2155 3150 2442 3246 adjungit,
2473 3169 2708 3224 dicens:
2745 3188 2772 3215 ‹‹
2794 3162 2874 3218 Et
2923 3161 3236 3217 audierunt
3281 3154 3454 3211 vieini
3485 3155 3540 3207 et
3574 3150 3815 3222 cognati

2156 3238 2304 3332 ejus,
2342 3238 2456 3314 Set
2485 3257 2726 3328 reliqua.
2778 3251 2978 3309 Merito
3036 3248 3192 3304 enim
3238 3243 3412 3301 vicini
3465 3246 3523 3297 et
3576 3238 3814 3310 cognati

2156 3327 2448 3408 Elizabeth
2478 3327 3179 3417 congratulabanturmon
3203 3333 3394 3390 solum
3416 3328 3573 3401 quod
3593 3327 3651 3417 in
3675 3342 3813 3417 pro-

2155 3444 2318 3496 vecta
2338 3443 2501 3492 aetate
2526 3412 2709 3489 ﬁlium
2730 3425 3159 3504 genuisset,sed
3182 3422 3357 3479 etiam
3381 3418 3521 3490 quia
3549 3416 3621 3472 ad
3644 3412 3817 3471 simi-

2157 3527 2463 3584 litudinem
2496 3525 2649 3578 Sara:
2683 3525 2740 3575 et
2776 3521 2953 3572 Anne
2987 3531 3088 3588 per
3117 3507 3630 3582 repromissionem
3664 3519 3807 3558 eum

2157 3615 2494 3687 accepisset.
2526 3610 2687 3676 Quod
2719 3605 2991 3678 superius
3023 3598 3378 3672 evangelista
3420 3596 3493 3650 de
3536 3591 3818 3649 Zacharia

2159 3711 2215 3762 et
2242 3682 2536 3760 El-izabeth
2567 3695 2905 3771 protulerat.
2939 3692 3047 3756 Qui
3087 3693 3254 3746 erant
3299 3685 3472 3741 ambo
3495 3682 3644 3754 justi
3680 3683 3816 3735 ante

2160 3791 2706 3858 Deum,incedentes
2738 3787 2796 3840 in
2829 3784 3104 3841 omnibus
3135 3775 3430 3834 mandatis
3451 3772 3816 3844 etjustiﬁca-

2159 3883 2420 3940 tionibus
2451 3874 2679 3934 Domini
2714 3876 2841 3930 sine
2873 3870 3129 3944 querela,
3161 3869 3270 3923 hoc
3305 3879 3459 3919 nunc
3490 3862 3550 3917 in
3583 3860 3814 3915 illorum

2163 3972 2436 4044 operibus
2467 3967 2847 4028 demonstrat,
2881 3976 3017 4016 cum
3049 3958 3168 4015 ait:

2236 4082 2263 4111 «
2296 4061 2364 4114 Et
2396 4059 2612 4111 factum
2643 4053 2808 4109 estin
2839 4051 2932 4105 die
2955 4053 3177 4111 octavo,
3199 4043 3484 4100 venerunt
3512 4036 3812 4094 circumci-

2165 4175 2189 4199 α
2225 4149 2359 4203 dere
2388 4160 2654 4217 puerum,
2688 4145 2746 4196 et
2777 4139 3059 4193 vocabant
3087 4149 3221 4190 eum
3254 4130 3492 4187 nomine
3524 4127 3707 4199 patris
3724 4123 3810 4178 sui

2168 4261 2196 4288 ‹‹
2228 4211 2584 4293 Zachariam.
2622 4253 2650 4280 ››
2685 4230 3041 4298 Praeceptum
3075 4226 3200 4278 erat
3243 4221 3302 4274 in
3350 4217 3498 4288 lege,
3531 4220 3599 4270 ut
3626 4211 3812 4267 infans

2165 4343 2366 4383 recens
2390 4322 2789 4388 natus,octavo
2812 4315 2906 4370 die
2928 4310 3466 4372 circumcideretur,
3492 4303 3591 4359 ubi
3623 4299 3812 4356 decla-

2165 4418 2349 4478 ratur,
2383 4427 2516 4466 cum
2549 4387 2768 4480 quanto
2800 4402 2993 4459 studio
3026 4399 3141 4456 alia
3173 4399 3458 4470 praecepta
3495 4389 3701 4480 legalia
3720 4387 3818 4443 ob-

2166 4502 2494 4564 servabant,
2520 4478 2618 4568 qui
2641 4495 2816 4550 etiam
2840 4493 2898 4546 in
2921 4491 3101 4562 hujus
3124 4483 3387 4542 mandati
3411 4478 3674 4537 custodia
3692 4481 3811 4531 tam

480 4593 638 4662 (LUC-
674 4592 738 4663 ιο)
772 4615 798 4642 ‹‹
828 4593 890 4648 In
909 4592 1006 4647 illo
1031 4597 1287 4665 tempore
1316 4608 1328 4647 :
1391 4591 1684 4647 Elizabeth
1743 4591 2052 4663 impletum
2087 4613 2133 4676 D
2167 4588 2415 4646 studiosi
2444 4564 2628 4643 erant.
2666 4583 2729 4638 lli
2763 4584 2957 4636 autem
3006 4578 3117 4675 qui.
3139 4573 3532 4676 convenerant
3558 4564 3815 4676 vinciuiet

411 4703 438 4731 ‹‹
470 4684 559 4736 est
588 4683 820 4752 tempus
852 4681 1136 4753 pariendi,
1172 4685 1228 4735 et
1259 4679 1480 4752 peperit
1512 4678 1718 4734 ﬁlium.
1755 4681 1821 4735 Et
1851 4682 2054 4736 audie-

410 4794 436 4820 ‹‹
475 4774 611 4825 runt
641 4769 815 4824 vicini
845 4775 902 4826 et
931 4770 1160 4843 cognati
1193 4770 1340 4840 ejus.
1377 4791 1405 4817 »
1437 4769 1506 4823 Et
1546 4767 1790 4841 reliqua.
1824 4770 1947 4825 Non
1970 4788 2058 4825 so-

411 4858 532 4914 lum
565 4876 742 4932 Opera
760 4863 817 4915 et
836 4859 1080 4914 virtutes
1103 4863 1438 4914 sanctorum
1451 4857 1632 4930 plenae
1657 4862 1795 4912 sunt
1811 4858 2059 4916 admira-

411 4947 800 5014 tionibus,sed
832 4949 1006 5003 etiam
1026 4949 1155 5020 ipsa
1175 4947 1368 5012 verba,
1393 4946 1608 5017 quibus
1625 4946 1696 5000 ad
1711 4947 2056 5002 memoriam

412 5041 778 5108 posterorum
812 5038 1167 5104 scriburtur,
1201 5036 1514 5108 aliquando
1545 5053 1579 5089 a
1628 5035 1922 5108 mysteriis
1960 5053 2058 5091 va-

414 5141 523 5178 cua
555 5142 666 5179 non
691 5129 847 5180 sunt.
873 5127 1032 5189 Quod
1063 5127 1118 5180 in
1137 5125 1370 5181 exordio
1402 5124 1580 5195 hujus
1611 5123 2056 5181 lectionisevan-

414 5211 620 5284 gelista
651 5214 953 5269 ostendere
984 5214 1182 5283 voluit,
1216 5231 1347 5269 cum
1400 5213 1774 5284 przecursoris
1824 5214 2058 5268 Domini

417 5300 779 5355 nativitatem
807 5302 1228 5373 descripturus,
1262 5303 1342 5356 ait
1367 5319 1379 5356 :
1406 5301 1733 5356 «Elizabeth
1751 5301 2056 5374 impletum

413 5393 502 5442 est
525 5393 755 5458 tempus
778 5390 1124 5459 pariendi,et
1155 5391 1378 5461 peperit
1406 5389 1614 5445 (ilium.
1635 5391 1923 5446 nVerbum
1949 5392 2058 5446 im-

412 5473 681 5546 pletionis
707 5475 1008 5548 Scriptura
1039 5495 1203 5533 sacra
1232 5479 1288 5532 in
1334 5479 1616 5533 bonorum
1653 5484 1875 5534 tantum
1906 5484 2058 5550 ortu,

413 5569 545 5618 actu
565 5564 650 5619 vel
666 5565 823 5620 obitu
841 5583 1054 5637 ponere
1068 5566 1654 5637 consuevit.Denique
1689 5568 1908 5638 impleti
1923 5574 2061 5622 sunt

411 5653 536 5712 dies
569 5653 760 5711 Maria)
791 5671 991 5728 parere
1023 5652 1616 5709 ﬁlium.EtElizabeth
1642 5655 1948 5727 impletum
1973 5662 2062 5713 est

2167 4677 2419 4752 cognati,
2451 4672 2734 4730 vocabant
2781 4687 2915 4726 eum
2963 4666 3198 4723 nomine
3249 4659 3432 4735 patris
3483 4655 3574 4712 sui
3603 4651 3811 4752 Zacha-

2167 4739 2339 4831 rialm,
2369 4768 2432 4818 ut
2462 4761 2721 4834 dignitas
2751 4775 2878 4830 quae
2912 4759 2969 4812 in
3002 4758 3164 4828 patre
3199 4766 3337 4807 sene
3383 4753 3443 4803 et
3472 4748 3628 4800 muto
3654 4739 3809 4834 vide-

2168 4857 2341 4913 batur
2373 4849 2675 4916 amissa,in
2712 4847 2830 4901 ﬁlio
2861 4835 3489 4916 recuperaretur.0uod
3513 4835 3699 4888 autem
3716 4825 3811 4880 die

2167 4938 2630 5001 circumcisionis
2661 4936 2902 4992 nomina
2934 4932 3132 5006 pueris
3162 4925 3711 5006 imponebantur,ea
3739 4929 3809 4968 eo

2167 5034 2223 5089 in
2245 5029 2646 5088 auctoritatem
2673 5005 2967 5080 credimus
2986 5014 3397 5088 venisse,quod
3419 5013 3620 5068 beatus
3636 5005 3812 5060 Abra-

2167 5123 2305 5178 ham
2339 5115 2668 5191 patriarcha
2693 5131 2824 5169 cum
2861 5108 3160 5186 signaculo
3187 5097 3806 5191 circumcisionisaug-

2167 5216 2430 5267 mentum
2461 5204 2550 5261 vel
2573 5203 3042 5260 immutationem
3057 5193 3378 5271 promeruit
3398 5181 3804 5250 nominis(Ge-n.

2167 5298 2324 5369 xvu).

2242 5412 2266 5436 «
2306 5388 2370 5441 Et
2399 5383 2757 5456 respondens
2791 5384 2975 5435 mater
3008 5378 3156 5447 ejus,
3193 5373 3374 5427 dixit:
3409 5369 3804 5456 Nequaquam.

2171 5499 2199 5526 «
2233 5475 2332 5531 sed
2365 5473 2665 5528 vocabitur
2694 5470 2967 5525 Joannes.
3004 5466 3178 5520 ιιΗωο
3211 5462 3365 5516 enim
3401 5476 3436 5512 a
3466 5451 3665 5510 marito
3693 5460 3806 5539 nou

2170 5565 2471 5630 didicerat,
2507 5559 2720 5632 quippe
2753 5558 2849 5630 qui
2883 5574 2950 5612 ex
2983 5572 3070 5619 eo,
3101 5552 3253 5625 quod
3302 5547 3408 5603 sibi
3446 5542 3806 5632 ﬁlium-nasci!

2171 5619 2288 5709 non
2314 5619 2862 5714 credideratmutus
2885 5619 3302 5717 permanebat:
3337 5635 3434 5692 sed
3461 5629 3596 5704 quia
3615 5623 3705 5682 ille
3728 5619 3826 5674 ab"
