1990 3087
114 178 170 209 75⁵1

692 155 695 157 -
742 181 920 214 HOMILl/E
941 179 992 212 DE
1014 181 1187 214 SANCTIS.

1761 183 1820 216 738

111 245 226 284 angelo,
239 246 295 275 ista
306 246 446 276 didicerat
454 257 470 276 a
478 247 587 285 Spiritu
597 250 709 278 sancto.
726 249 850 278 Decebat
860 247 937 277 enim
952 248 980 283 Α
996 249 1177 283 nedicebant,
1185 249 1235 278 sed
1249 249 1336 278 etiam
1346 251 1510 279 creaturam
1518 249 1627 280 adeum
1640 250 1819 281 laudandum

112 295 144 319 ut
171 300 251 319 novre
267 292 365 328 gratim
387 301 489 329 praeco,
507 302 581 322 novo
609 296 763 322 vocaretur
791 293 941 328 vocabulo,

111 336 189 373 quod
206 336 232 364 ei
248 336 419 372 imponebat
433 337 531 365 divina
557 337 668 371 electio,
686 347 743 366 non
768 340 865 366 autem
881 347 943 366 car-

112 381 189 409 nalis
204 381 349 417 cognatio.

147 437 161 451 ι(
178 426 213 453 Et
229 425 364 453 dixerunt
392 426 428 454 ad
458 426 557 455 illam:
574 427 647 460 Quia
663 435 748 455 nemo
765 429 809 455 est
836 427 865 455 in
891 436 943 455 co-

111 481 124 494 ι(
139 470 280 506 gnatione
295 472 355 504 tua,
374 471 423 507 qui
439 473 557 499 vocetur
567 471 621 499 hoc
634 472 760 500 nomine.
775 472 942 499 Innuebant

109 526 122 540 «ι
140 516 240 542 autem
250 515 325 550 patri
334 515 397 550 ejus
409 523 496 551 quem
506 515 592 544 vellet
603 517 698 544 vocari
710 525 787 544 eum.
800 517 834 544 Et
842 519 943 552 postu-

109 571 123 583 «
140 558 208 587 lans
224 558 409 595 pugillarem,
421 560 539 596 scripsit
550 560 666 589 dicens:
688 561 816 588 Joannes
828 563 872 589 est
888 569 937 588 no-

109 615 122 629 ι(
141 611 209 631 men
221 604 296 639 ejus.
309 614 323 628 »
340 603 373 631 lli
390 604 440 640 qui
456 608 650 633 convenerant
665 605 751 632 vicini
766 608 795 633 et
810 605 937 641 cognati.

110 648 181 684 quia
191 656 298 675 nomen
310 648 402 684 patris
409 648 622 685 ﬁlioimponere
630 650 774 683 volebant,
783 658 834 678 nec
846 652 940 677 mater

110 693 144 720 ad
157 692 212 720 hoc
219 700 372 721 assensum
381 694 648 730 praebebatquibus
658 695 779 722 nutibus
790 694 937 728 valebant,

109 739 224 773 patrem
241 738 357 764 mutum
374 737 551 773 interrogare
575 739 754 774 satagebant.
771 740 806 766 At
826 738 874 766 ille
889 747 940 774 po-

110 781 226 809 stulans
240 780 426 817 pugillarem,
444 782 471 808 id
483 784 525 809 est
537 782 644 818 stylum
661 783 848 819 scriptorium
859 783 937 819 quod

109 825 207 853 verbis
224 834 280 853 non
297 827 419 861 poterat,
431 825 535 854 litteris
546 827 686 863 expressit
696 827 811 855 dicens:
825 838 838 852 ‹‹
855 827 940 854 Joan-

109 878 161 898 nes
173 872 334 897 estnomen
346 870 419 905 ejus.
431 881 445 894 ι)
462 870 514 898 Ubi
528 872 688 898 notandum
701 872 770 907 quia
784 880 840 899 non
852 871 938 899 dixit:

107 914 238 945 Joannes
249 914 303 942 erit
314 922 419 942 nomen
431 915 505 950 ejus,
520 922 586 942 cum
601 915 731 943 futurum
744 915 863 950 videret,
875 915 936 948 sed,

107 958 240 986 Joannes
253 960 298 986 est
312 967 417 986 nomen
434 959 507 994 ejus.
520 960 559 987 Ac
574 960 599 987 si
617 960 740 988 diceret:
763 959 825 987 Non
843 968 896 988 nos
912 960 937 987 ei

105 1003 298 1039 imponimus,
310 1003 651 1038 quiahabetvocabulum
663 1004 740 1040 quod
750 1004 936 1040 agnovimus,

107 1056 167 1075 non
184 1048 262 1084 quod
278 1047 424 1084 eligimus.
443 1047 501 1075 Hoc
518 1057 585 1084 ergo
602 1056 707 1076 nomen
724 1057 782 1076 non
798 1051 867 1075 tunc
878 1048 937 1084 pri-

108 1100 193 1120 mum
218 1092 389 1127 impositum
417 1094 470 1125 est,
502 1093 551 1121 sed
576 1095 734 1129 antequam
758 1096 937 1127 nasceretur,

107 1136 228 1173 quando
238 1145 255 1164 a
267 1136 398 1164 Gabriele
411 1136 514 1173 angelo
535 1137 678 1167 Zacharize
692 1138 803 1165 dictum
821 1139 880 1165 est:
897 1137 938 1166 Ne

107 1180 377 1214 timeas,Zacharia,
390 1181 525 1209 exaudita
537 1182 678 1210 estoratio
686 1184 778 1216 tua,et
790 1181 938 1210 Elizabeth

106 1233 182 1253 uxor
190 1227 238 1252 tua
247 1225 339 1261 pariet
346 1225 398 1253 tibi
405 1225 663 1261 filium,etvocabis
671 1235 775 1255 nomen
783 1227 807 1262 ej
813 1236 847 1254 us
853 1227 940 1255 Joan-

107 1278 176 1297 nem
191 1270 267 1305 (Luc.
282 1269 313 1305 1).
330 1269 383 1298 Ubi
399 1278 524 1306 magnus
546 1279 708 1306 praecursor
724 1271 840 1299 Domini
859 1271 938 1298 futu-

107 1323 159 1342 rus
177 1316 419 1350 przemonstratus
435 1317 488 1347 est,
506 1315 621 1351 quando
644 1315 707 1350 ejus
732 1324 838 1342 nomen
855 1317 937 1343 ante-

107 1367 199 1395 quam
215 1361 392 1391 nasceretur,
409 1359 579 1395 praedictum
594 1362 647 1387 est.
663 1359 775 1387 Novum
793 1360 871 1387 enim
886 1359 937 1387 ali-

108 1403 181 1439 quid
196 1404 225 1430 in
237 1411 337 1431 eorum
346 1404 460 1431 aclibus
473 1404 603 1431 futurum
611 1405 862 1439 pramonstratur,
876 1404 940 1440 qui-

107 1448 165 1476 bus
178 1447 299 1475 nomina
312 1449 396 1475 antea
407 1447 489 1475 aDeo
499 1448 793 1484 imponuntur,quam
807 1457 939 1484 corpora-

108 1492 176 1520 liter
192 1493 369 1519 nascantur:
396 1492 472 1528 quod
489 1492 524 1520 de
541 1493 621 1520 Isaac
637 1495 664 1520 et
680 1492 784 1520 Ismael
800 1492 937 1529 legimus,

108 1537 144 1565 de
161 1536 316 1564 Salomone
331 1539 359 1564 et
373 1537 501 1569 Josia,de
514 1537 625 1565 Joanne
639 1538 778 1573 Baptista,
791 1539 819 1565 et
835 1538 869 1565 de
886 1537 938 1565 Do-

108 1582 191 1609 mino
206 1580 360 1609 salvatore.
378 1581 500 1617 Magnus
526 1590 592 1618 ergo
609 1582 662 1609 iste
677 1581 805 1609 Joannes
822 1581 938 1608 futurus

108 1626 288 1658 ostenditur,
305 1626 375 1661 quia
390 1628 474 1653 antea
490 1626 658 1653 nominatus
671 1628 715 1653 est
728 1634 817 1661 quam
839 1628 936 1653 natus.
953 1618 974 1652 C

108 1670 161 1698 Cui
178 1669 251 1697 illud
277 1670 431 1698 convenire
447 1672 550 1706 potest,
568 1670 644 1706 quod
661 1670 760 1697 divina
775 1678 844 1697 voce
859 1670 938 1697 Jere-

109 1716 175 1742 miae
199 1715 328 1742 dicitur:
357 1715 558 1751 «Priusquam
575 1717 602 1742 te
627 1714 782 1742 formarem
800 1715 827 1742 in
846 1717 939 1749 utero,

108 1760 176 1787 novi
204 1761 232 1786 te
246 1768 252 1786 :
270 1761 297 1786 et
313 1761 471 1795 antequam
487 1760 579 1787 exires
595 1759 629 1787 de
645 1759 739 1794 vulva,
757 1759 938 1787 sanctificavi

107 1806 147 1837 te,
164 1806 193 1837 et
210 1803 382 1840 prophetam
407 1804 436 1831 in
452 1804 588 1840 gentibus
607 1804 672 1831 dcdi
688 1806 716 1831 te
738 1806 807 1839 (αρν.
826 1804 857 1838 ι).
876 1816 889 1828 ιι
905 1804 940 1831 Et

107 1848 183 1875 illud
199 1857 205 1875 :
223 1860 237 1873 ‹‹
252 1847 394 1879 Dominus
410 1848 445 1875 ab
470 1851 551 1876 utero
578 1849 690 1876 vocavit
713 1857 768 1882 me,
790 1849 826 1877 de
841 1850 940 1876 ventre

108 1891 214 1919 matris
230 1900 300 1919 mea:
317 1892 484 1919 recordatus
498 1894 541 1919 est
556 1892 685 1919 nominis
702 1892 758 1919 mei
774 1901 779 1919 :
798 1895 826 1920 et
842 1893 941 1928 posuit

107 1944 140 1964 os
160 1944 260 1963 meum
276 1935 418 1963 Dominus
434 1938 467 1963 ut
481 1936 613 1972 gladium
629 1938 746 1964 acutum
763 1936 818 1964 sub
835 1937 939 1964 umbra

108 1987 218 2007 manus
236 1987 295 2007 sum
311 1979 374 2014 (lsa.
386 1979 472 2013 χιιι).
486 1991 499 2003 ››
514 1992 527 2004 ι(
542 1980 576 2007 Et
589 1980 685 2007 mirati
700 1982 769 2007 sunt
780 1981 938 2014 universi,»

107 2024 143 2052 de
159 2023 210 2051 tali
221 2023 332 2051 scilicet
345 2024 508 2056 concordia,
523 2024 600 2060 quod
617 2026 709 2052 mater
724 2025 830 2057 verbis,
847 2027 875 2052 et
888 2033 939 2061 pa-

108 2070 154 2096 ter
169 2068 288 2104 scriptis
299 2068 328 2095 in
344 2076 451 2096 nomen
462 2068 513 2096 ﬁlii
525 2069 744 2096 concordarent.
759 2069 853 2096 Mirati
869 2072 939 2097 sunt

106 2115 207 2140 tamen
224 2113 361 2145 maxime,
377 2121 444 2140 cum
456 2113 484 2140 in
501 2121 602 2140 eorum
616 2113 787 2149 cognatione
797 2122 881 2141 neruo
893 2122 939 2142 vo-

108 2159 227 2185 caretur
242 2156 297 2184 hoc
311 2157 438 2184 nomine.

143 2214 157 2226 «
176 2203 318 2237 Apertum
330 2204 374 2229 est
385 2203 481 2229 autem
500 2201 576 2229 illico
585 2209 617 2229 os
630 2202 694 2238 ejus
710 2203 738 2230 et
751 2202 851 2238 lingua
862 2203 936 2238 ejus,

110 2255 122 2270 ι
138 2249 168 2274 et
183 2245 367 2281 loquebatur.
386 2256 399 2270 υ
424 2245 524 2273 Merito
547 2246 648 2283 lingua
675 2255 764 2282 quam
781 2246 938 2275 inﬁdelitas

106 2291 251 2322 vinxerat,
267 2290 339 2317 fides
352 2289 486 2323 absolvit,
503 2293 535 2317 ut
552 2290 723 2327 impleretur
739 2291 815 2327 quod
832 2291 867 2318 ab
883 2300 935 2319 an-

107 2334 173 2370 gelo
189 2334 213 2361 ei
230 2334 342 2362 dictum
358 2334 470 2362 fuerat:
488 2335 542 2363 Pro
558 2343 591 2363 eo
610 2336 686 2371 quod
711 2344 769 2363 non
790 2336 938 2363 credidisti

110 2379 209 2406 verbis
227 2379 311 2411 meis,
323 2379 381 2407 eris
396 2382 506 2411 mutus,
520 2388 572 2407 nec
584 2380 691 2416 poteris
704 2379 784 2415 loqui
801 2389 893 2416 usque
908 2381 938 2408 in

109 2424 188 2451 diem
206 2431 264 2459 quo
281 2423 341 2451 hac
357 2424 437 2451 fiant.
463 2424 535 2455 Quia
558 2424 635 2451 enim
652 2433 704 2452 vox
729 2424 883 2452 clamantis
908 2425 937 2452 in

111 2468 230 2496 deserto
242 2468 427 2502 nascebatur,
442 2469 545 2496 merito
561 2469 589 2495 in
603 2468 666 2504 ejus
677 2469 827 2496 nativitate
838 2468 939 2505 lingua

112 2513 216 2549 patris,
225 2512 275 2548 qui
285 2512 366 2548 prius
375 2513 571 2545 obmutuerat,
579 2513 940 2550 absolvitur.Loqucbatur

112 2559 213 2585 autem
238 2565 296 2584 non
318 2557 405 2584 verba
420 2557 513 2585 otiosa
527 2557 572 2584 vel
587 2557 729 2591 labulosa,
748 2558 798 2585 sed
826 2558 942 2586 benedi-

112 2609 183 2629 cens
191 2601 295 2628 Deum.
309 2602 382 2634 Quia
392 2601 571 2629 consuetudo
583 2604 750 2629 sanctorum
765 2604 820 2635 est,
832 2604 864 2629 ut
874 2611 940 2630 cum

114 2654 232 2682 semper
248 2646 421 2673 benedicant
433 2646 599 2679 Dominum,
613 2646 737 2673 maxime
754 2648 822 2673 tunc
839 2646 866 2673 in
878 2647 942 2682 ejus

114 2690 316 2718 benedictione
332 2699 382 2717 ora
398 2690 537 2722 relaxant,
555 2691 671 2726 quando
687 2691 723 2717 ab
740 2691 838 2726 aliqua
851 2692 942 2718 tribu-

115 2735 225 2762 latione
242 2734 356 2762 liberati
374 2735 490 2762 fuerint.
505 2735 584 2767 Quod
600 2735 725 2771 hymnus
740 2735 828 2762 trium
844 2744 945 2771 puero-

115 2788 182 2807 rum
199 2779 324 2815 pleniter
337 2779 465 2806 declarat
477 2780 556 2814 (Dan.
571 2780 623 2814 in),
637 2780 685 2815 qui
704 2779 732 2807 in
743 2780 858 2807 camino
868 2781 944 2816 ignis

116 2824 248 2852 ardentis
264 2823 353 2851 soluti
370 2823 602 2857 deambulantes,
615 2832 672 2852 non
684 2824 778 2852 solum
794 2825 884 2852 Deum
900 2825 945 2852 be-

999 295 1203 331 provocabunt.

1034 351 1047 364 ‹‹
1064 339 1098 366 Et
1112 339 1205 368 factus
1219 342 1262 367 est
1273 340 1360 367 timor
1371 348 1460 376 super
1473 348 1576 368 omnes
1587 340 1698 369 vicinos
1712 348 1824 376 eorum,

998 395 1011 408 ‹‹
1028 386 1055 411 et
1071 392 1158 420 super
1171 384 1270 412 omnia
1295 386 1434 412 montana
1463 385 1570 413 Judaete
1597 384 1827 421 divulgabantur

998 440 1011 453 ‹‹
1027 429 1125 456 omnia
1144 429 1232 456 verba
1248 428 1316 456 haec.
1335 440 1347 453 ι›
1371 429 1443 461 Quia
1472 438 1565 465 praeco
1590 429 1701 465 judicia
1726 437 1827 458 nasce-

996 472 1093 506 batur,
1110 481 1168 500 non
1185 472 1281 500 solum
1295 473 1409 506 vicinis,
1427 473 1476 500 sed
1493 473 1582 500 etiam
1599 473 1725 501 aliorum
1740 474 1828 501 corda

997 517 1101 544 timore
1125 517 1404 545 commovebantur:
1422 519 1450 544 et
1466 517 1535 553 quia
1562 517 1715 545 audierant
1741 517 1827 546 illum

997 569 1047 597 per
1060 561 1319 597 repromissionem
1330 561 1490 597 angelicam
1503 562 1538 589 de
1554 569 1623 589 sene
1633 564 1714 598 patre
1725 564 1754 589 et
1769 564 1825 590 ste-

996 605 1041 632 rili
1051 608 1143 633 matre
1158 607 1269 638 natum,
1283 608 1310 633 et
1321 606 1390 641 quia
1402 605 1540 633 videbant
1551 606 1580 633 in
1592 606 1656 641 ejus
1670 606 1824 634 nativitate

995 649 1126 685 linguam
1137 650 1297 689 patrisesse
1304 650 1443 683 solutam,
1451 659 1508 677 non
1517 649 1612 678 solum
1621 650 1823 685 admiratione}

995 703 1095 721 verum
1123 695 1211 722 etiam
1226 695 1331 722 timore
1347 695 1434 722 corda
1454 703 1555 722 eorum
1571 696 1716 723 commota
1743 697 1822 723 sunt.

995 738 1077 766 Unde
1092 741 1119 766 et
1135 739 1254 766 dicunt:

1032 794 1046 808 «
1063 783 1132 815 Quis
1150 785 1234 819 putas
1250 792 1322 819 puer
1338 783 1391 811 iste
1407 783 1485 811 erit?
1512 783 1618 815 «Quod
1635 785 1678 811 est
1704 783 1798 811 dicere
1812 793 1818 812 :

996 827 1092 864 qualis
1110 829 1174 855 est?
1189 828 1244 855 Sed
1262 836 1296 855 ne
1314 830 1432 864 putares
1447 828 1589 856 Joannem
1606 828 1681 856 hanc
1697 829 1821 865 gratiam

996 881 1050 900 sua
1065 872 1171 900 virtute
1187 873 1324 908 adeptum
1337 881 1413 905 esse,
1427 875 1456 899 et
1469 881 1524 900 non
1539 881 1588 908 per
1599 872 1731 900 divinum
1745 873 1824 900 auxi-

996 915 1080 950 lium,
1098 918 1175 944 recte
1191 917 1381 952 subjungitur
1395 926 1401 944 :

1032 972 1045 984 «
1063 960 1177 987 Etenim
1194 968 1299 987 manus
1315 960 1431 988 Domini
1447 962 1510 988 erat
1525 968 1591 988 curn
1608 960 1667 988 illo.
1686 972 1699 985 »
1719 961 1822 989 Manus

993 1004 1109 1032 Domini
1136 1005 1165 1032 in
1182 1004 1341 1041 Scripturis
1359 1005 1477 1041 aliquod
1504 1004 1608 1032 divina:
1634 1005 1822 1041 protectionis

993 1048 1137 1076 auxilium
1160 1048 1317 1084 significat,
1340 1049 1416 1075 sicut
1430 1049 1459 1076 in
1476 1048 1600 1076 Psalmis
1616 1047 1740 1084 legitur:
1758 1060 1772 1073 ‹‹
1789 1050 1821 1075 In

994 1101 1100 1121 manus
1123 1095 1199 1126 tuas,
1225 1093 1356 1126 Domine,
1374 1093 1547 1120 commendo
1568 1092 1705 1129 spiritum
1722 1100 1821 1121 meum

994 1138 1080 1173 (Psal.
1097 1137 1174 1173 xxx).
1195 1149 1209 1162 »

1030 1193 1043 1206 ‹‹
1061 1182 1095 1209 Et
1119 1181 1273 1209 Zacharias
1299 1184 1381 1218 pater
1396 1181 1459 1217 ejus
1483 1181 1624 1217 impletus
1640 1183 1684 1210 est
1709 1181 1819 1218 Spiritu

997 1236 1007 1250 α
1025 1228 1136 1260 sancto,
1153 1228 1182 1253 et
1194 1226 1386 1262 prophetavit.
1398 1237 1411 1250 ››
1426 1226 1516 1262 Igitur
1529 1226 1597 1262 quia
1608 1225 1656 1253 ille
1670 1228 1756 1254 natus
1764 1227 1819 1261 est,

994 1271 1043 1307 qui
1060 1279 1117 1297 non
1135 1270 1230 1297 solum
1244 1270 1394 1306 propheta,
1409 1271 1459 1297 sed
1475 1271 1563 1297 etiam
1580 1270 1646 1306 plus
1658 1279 1747 1306 quam
1759 1275 1822 1307 pro:

994 1315 1081 1351 pheta
1094 1314 1210 1342 futurus
1231 1316 1301 1348 erat,
1320 1315 1355 1341 de
1367 1323 1423 1350 quo
1440 1316 1468 1341 et
1483 1314 1615 1342 Salvator
1630 1315 1670 1341 ait
1684 1315 1712 1342 in
1727 1315 1820 1343 Evan-

993 1357 1088 1394 gelio:
1106 1370 1120 1383 ‹‹
1139 1359 1217 1386 [nter
1232 1361 1315 1386 natos
1339 1358 1495 1386 mulierum
1513 1366 1570 1386 non
1586 1358 1712 1386 surrexit
1727 1359 1822 1395 major

992 1403 1103 1431 Joanne
1117 1403 1280 1438 (.ilatth.x1),
1294 1414 1306 1427 »
1318 1411 1376 1430 non
1386 1403 1482 1430 solum
1494 1402 1623 1430 ofﬁcium
1638 1402 1777 1438 loquendi
1791 1403 1821 1431 in

993 1447 1057 1483 ejus
1071 1447 1222 1475 nativitate
1237 1449 1321 1484 pater
1336 1447 1454 1483 recepit,
1472 1447 1522 1475 sed
1537 1447 1624 1475 etiam
1639 1447 1744 1483 spiritu
1758 1456 1822 1484 pro-

994 1492 1098 1528 phetiae
1114 1491 1255 1528 repletus,
1273 1492 1430 1519 adventum
1439 1491 1598 1519 Salvatoris
1610 1492 1819 1529 pronuntiavit.

994 1537 1074 1569 Quod
1091 1536 1159 1572 quia
1176 1536 1305 1563 vicinum
1322 1536 1453 1563 futurum
1468 1537 1635 1572 prospexit:
1653 1536 1821 1573 prophetico

995 1589 1074 1608 more
1090 1580 1173 1616 quasi
1185 1581 1249 1615 jam
1265 1580 1374 1607 factum
1389 1581 1527 1614 narravit,
1543 1580 1644 1608 dicens
1658 1589 1664 1609 :

1030 1637 1043 1649 «ι
1058 1625 1232 1652 Benedictus
1248 1624 1390 1652 Dominus
1403 1625 1480 1652 Deus
1497 1624 1594 1658 Israel,
1610 1625 1679 1661 quia
1691 1625 1821 1653 visitavit

995 1680 1007 1693 α
1025 1671 1052 1697 et
1070 1669 1135 1696 fecit
1152 1669 1382 1705 redemptionem
1397 1668 1489 1706 plebis
1506 1678 1576 1697 SUIB.
1595 1681 1608 1694 ν
1621 1669 1674 1697 Ubi
1689 1670 1820 1697 conside-

994 1714 1118 1741 randum
1135 1714 1212 1749 quod
1231 1714 1287 1741 duo
1304 1716 1373 1741 sunt
1391 1722 1453 1750 quae
1471 1714 1589 1750 posuit:
1607 1725 1620 1739 (ι
1636 1713 1820 1749 Visitavit,et

993 1757 1061 1785 fecit
1087 1758 1315 1794 redemptionem
1333 1757 1427 1794 plebis
1442 1766 1512 1785 suae.
1532 1770 1544 1782 n
1561 1758 1695 1786 Visitatio
1711 1758 1819 1795 quippe

994 1803 1030 1830 ad
1048 1802 1180 1830 infirmos
1198 1803 1321 1839 pertinet
1335 1811 1340 1830 :
1358 1803 1531 1838 redemptio,
1546 1803 1581 1830 ad
1594 1803 1732 1839 captivos.
1746 1802 1822 1830 Visi-

994 1847 1067 1875 tavit
1091 1855 1158 1884 ergo
1174 1850 1202 1874 et
1218 1847 1285 1874 fecit
1302 1846 1534 1882 redemptionem
1565 1847 1658 1883 plebis
1674 1856 1743 1880 suae,
1771 1856 1822 1884 per

994 1892 1150 1920 adventum
1165 1900 1252 1919 suum
1269 1891 1411 1919 Dominus
1424 1891 1511 1919 Jesus
1527 1890 1669 1926 Christus,
1680 1892 1729 1928 qui
1746 1892 1774 1919 in
1791 1900 1823 1920 se

993 1936 1144 1963 credentes
1156 1938 1184 1963 et
1198 1944 1214 1962 a
1227 1935 1367 1971 languore
1383 1936 1487 1963 animae
1499 1935 1644 1969 liberavit,
1662 1938 1690 1963 et
1702 1945 1719 1964 a
1734 1936 1824 1972 capti-

994 1980 1081 2007 vitate
1108 1979 1252 2006 diabolica
1280 1980 1405 2015 pretioso
1426 1980 1569 2016 sanguine
1585 1980 1717 2008 redemit.
1741 1980 1823 2008 Unde

994 2024 1061 2051 ﬁnis
1072 2024 1161 2059 hujus
1178 2024 1284 2051 cantici
1301 2024 1342 2051 ita
1358 2024 1543 2051 concluditur
1558 2033 1564 2051 :
1584 2036 1596 2049 ‹‹
1614 2024 1751 2052 Visitavit
1767 2033 1820 2052 nos

994 2080 1007 2093 ι(
1025 2068 1121 2096 oriens
1144 2077 1177 2096 ex
1193 2068 1262 2096 alto.
1282 2067 1449 2095 illuminare
1470 2068 1526 2101 his,
1558 2069 1607 2104 qui
1636 2068 1666 2095 in
1691 2068 1820 2096 tenebris

993 2125 1007 2138 ‹‹
1025 2113 1096 2141 etin
1128 2113 1232 2140 umbra
1262 2112 1363 2139 mortis
1394 2112 1505 2139 sedent.
1523 2123 1537 2137 ››
1568 2112 1624 2139 Etc.
1652 2112 1730 2140 Plebi
1760 2121 1819 2140 sua:

993 2158 1073 2191 dicit,
1090 2166 1147 2184 non
1164 2157 1241 2193 quod
1267 2156 1341 2183 hanc
1356 2156 1476 2184 veniens
1497 2164 1581 2183 suam
1598 2156 1750 2190 invenerit,
1768 2157 1818 2185 sed

993 2202 1062 2238 quia
1072 2210 1135 2229 eam
1147 2201 1291 2228 visitaudo
1305 2203 1332 2228 et
1346 2200 1514 2228 redimendo
1526 2209 1610 2228 suam
1622 2201 1729 2235 fecerit,
1742 2201 1820 2229 sicut

992 2246 1054 2282 ipse
1071 2255 1120 2282 per
1140 2246 1212 2273 Osee
1229 2245 1401 2281 prophetam
1417 2245 1506 2273 dicit:
1524 2257 1537 2270 ι‹
1554 2245 1669 2272 Vocabo
1682 2254 1738 2273 nou
1756 2245 1817 2282 ple-

955 2303 975 2334 D
993 2291 1057 2318 bem
1075 2299 1168 2317 meam
1184 2290 1254 2325 (Ose.
1273 2290 1314 2325 ιι),
1328 2301 1342 2314 ››
1359 2291 1387 2317 et
1403 2289 1524 2326 reliqua.
1538 2290 1602 2318 llaec
1617 2290 1652 2318 de
1668 2290 1818 2317 nativitate

994 2335 1181 2371 pP-IO‘JI‘SOI‘lS
1195 2335 1309 2362 Domini
1324 2334 1359 2361 ad
1374 2334 1499 2362 litteram
1513 2335 1638 2362 breviter
1650 2335 1727 2362 dicta
1738 2336 1816 2362 sunt.

994 2378 1170 2415 Spiritaliler
1185 2387 1251 2406 cum
1267 2379 1388 2407 Joannis
1405 2378 1567 2406 celebratur
1584 2379 1729 2412 nativitas,
1746 2379 1818 2406 Novi

994 2424 1173 2452 Testamenti
1189 2423 1343 2451 inchoatur
1358 2423 1536 2450 sublimitas.
1554 2435 1567 2447 (ι
1584 2424 1606 2450 Α
1621 2423 1724 2451 diebus
1740 2423 1818 2450 enim

995 2468 1127 2500 Joannis,
1143 2468 1184 2495 ait
1200 2468 1340 2500 Salvator,
1366 2476 1488 2504 regnum
1505 2467 1642 2495 ccclorum
1658 2467 1717 2494 vim
1744 2467 1821 2503 pati-

996 2515 1089 2546 tur,et
1106 2513 1156 2548 qui
1170 2513 1229 2540 vim
1243 2513 1364 2544 faciunt,
1376 2512 1518 2548 diripiunt
1530 2511 1601 2539 illud
1615 2511 1721 2547 (Matth.
1738 2512 1788 2547 xu).
1806 2523 1820 2537 »ι

996 2557 1283 2594 Congratulabantur
1296 2557 1382 2584 vicini
1398 2559 1425 2583 et
1441 2556 1554 2593 cognati
1567 2554 1713 2583 Elizabeth
1730 2556 1759 2583 in
1775 2565 1825 2584 na-

996 2603 1108 2629 tivitate
1123 2602 1256 2634 Joannis,
1273 2601 1342 2637 quia
1356 2601 1496 2637 gaudium
1522 2602 1624 2628 natum
1646 2602 1691 2628 est
1707 2601 1735 2628 in
1752 2600 1823 2628 caelo

998 2647 1110 2682 angelis
1130 2646 1164 2673 de
1190 2646 1338 2673 ablutione
1360 2646 1521 2681 justorum,
1538 2645 1663 2673 Domino
1690 2646 1822 2673 dicente:

999 2703 1011 2716 μ
1030 2691 1176 2718 Gaudium
1201 2691 1255 2718 erit
1280 2699 1375 2717 coram
1406 2690 1516 2726 angelis
1533 2690 1581 2717 Dei
1593 2690 1628 2727 in
1655 2690 1726 2718 coelo
1749 2690 1823 2727 (Luc.

998 2736 1055 2767 xv),
1076 2747 1088 2760 n
1104 2737 1157 2763 etc.
1175 2736 1240 2762 Sive
1256 2734 1535 2770 congratulabantur
1559 2735 1644 2761 vicini
1662 2738 1688 2762 et
1709 2736 1823 2771 cognati

999 2780 1131 2817 genitrici
1150 2780 1176 2806 in
1195 2782 1258 2806 ortu
1273 2780 1339 2806 novi
1355 2780 1447 2815 pueri,
1470 2780 1538 2815 quia
1554 2780 1681 2806 Ecclesia
1696 2778 1825 2815 spiritale

1000 2825 1141 2861 gaudium
1159 2824 1272 2859 habuit,
1290 2833 1357 2852 cum
1374 2824 1490 2852 ﬁdelem
1509 2824 1647 2860 populum
1664 2831 1714 2860 per
1730 2821 1824 2858 bapti-

1762 2921 1938 3004 ψ
