4060 6178
404 322 523 385 759

965 325 1370 390 HAYMONIS
1414 326 1953 389 HALBERSTAT.
2004 324 2252 387 EPISC.
2300 328 2471 390 OPP.
2519 329 2719 392 PARS
2764 329 2842 392 ΙΙ.
2870 363 2943 374 -
2975 328 3245 393 HOMIL.

3657 333 3789 399 760'

404 475 602 517 smum
652 458 873 533 genuit.
907 458 1176 515 Concinit
1222 464 1415 514 autem
1461 460 1648 532 gratia
1686 461 1824 515 Novi
1853 461 2051 517 Testa-
2081 460 2134 527 Α
2166 461 2382 517 montis
2405 462 2609 519 Libani
2635 462 3203 521 aediﬁcavitzethane
3220 462 3526 521 Caesaream
3541 464 3755 543 Philippi

405 548 610 615 menti,
647 550 799 621 quod
831 548 1095 620 ejusdem
1128 548 1408 620 praeconis
1440 549 1807 604 circumcisio
1857 554 2057 604 octava

405 639 498 695 die
529 637 870 694 celebratur.
899 637 1245 694 Octonarius
1273 638 1430 692 enim
1462 655 1743 693 numerus
1776 639 1846 693 ad
1878 638 2051 694 ﬁdem

403 728 846 787 resurrectionis
890 727 1156 800 pertinet,
1216 726 1442 782 dicente
1499 727 1850 782 Salomone:
1912 750 1941 777 «
1974 728 2056 782 Da

404 822 600 892 partes
630 821 872 889 septem,
915 833 1138 871 necnon
1160 820 1218 871 et
1246 821 1373 870 octo
1399 817 1600 885 (Eccle.
1633 817 1729 889 x1).
1767 839 1794 865 »
1825 818 1894 872 Et
1940 817 2052 872 Do-

404 908 606 964 minus
643 907 814 962 Jesus
843 904 1111 961 Christus
1141 909 1342 960 octava
1372 905 1464 961 die
1494 922 1806 978 resurgens
1837 924 1871 961 a
1899 924 2053 962 mor-

403 997 547 1067 tuis,
570 1000 830 1052 nostram
848 995 1334 1050 resurrectionem
1360 994 1419 1049 in
1438 998 1638 1051 octava
1658 1000 1823 1051 aetate
1856 996 2055 1051 saeculi

405 1085 663 1142 futuram
692 1084 1130 1138 demonstravit.
1165 1084 1341 1139 Recte
1397 1100 1530 1137 cum
1580 1088 1803 1139 Novum
1852 1087 2053 1140 Testa-

405 1175 669 1228 mentum
700 1169 1025 1235 inchoatur,
1057 1169 1311 1225 Joannes
1338 1174 1538 1225 octava
1568 1170 1659 1225 die
1689 1169 2055 1226 circumcidi-

403 1264 519 1329 tur,
549 1258 791 1333 pulchre
823 1258 999 1314 etiam
1049 1258 1350 1314 nativitate
1379 1258 1511 1313 novi
1560 1260 1841 1331 praeconis
1873 1262 2054 1333 patris

403 1346 995 1423 linguaabsolvitur,
1039 1346 1176 1419 quia
1205 1352 1262 1402 et
1316 1347 1698 1419 spiritualiter
1746 1350 2055 1406 sacerdotii

404 1438 684 1513 dignitas,
717 1441 774 1492 et
815 1436 1040 1492 Veteris
1086 1436 1439 1492 Testamenti
1490 1437 1854 1510 mysterium,
1897 1440 2053 1511 quod

403 1526 812 1585 absconditum
834 1530 892 1582 et
910 1525 1156 1597 ligatum
1187 1531 1329 1592 erat,
1363 1530 1494 1598 post
1513 1526 1738 1581 Domini
1770 1545 2057 1584 resurrec-

402 1618 621 1675 tionem
654 1615 1093 1672 manifestatum
1120 1618 1179 1669 et
1208 1614 1567 1670 declaratum
1591 1618 1697 1670 est.
1723 1616 1827 1672 Hic
1856 1621 2053 1673 autem

403 1707 503 1781 qui
535 1707 720 1780 patris
752 1722 965 1761 nomen
996 1722 1174 1777 puero
1206 1703 1392 1777 magis
1424 1721 1600 1776 quam
1631 1705 1916 1761 Joannem
1949 1707 2055 1762 im-

2163 552 2614 624 cognominavit.
2638 552 2736 607 ubi
2754 553 2869 608 duo
2885 553 3073 608 fontes
3094 552 3381 619 oriuntur,
3399 570 3540 610 unus
3558 557 3758 614 nomine

2162 640 2282 706 Jor,
2308 639 2453 695 alter
2467 656 2599 695 vero
2623 641 2766 707 Dan,
2792 640 2911 713 qui,
2937 641 3115 697 simul
3131 641 3630 713 juncti,Jordanem
3655 645 3756 700 efﬁ-

2162 729 2598 785 ciuntﬂuvium.
2617 731 2675 784 In
2696 729 2874 800 hujus
2888 748 3023 803 ergo
3038 735 3230 802 partes
3241 730 3634 787 veniensJesus
3649 749 3760 790 cum

2162 816 2473 889 discipulis
2499 819 2623 874 suis
2649 819 3043 893 interrogabat
3062 835 3161 874 eos
3187 819 3385 874 dicens
3410 835 3422 874 :
3449 839 3476 869 «
3503 821 3662 885 Quem
3688 823 3760 877 di-

2164 929 2192 957 ‹‹
2226 911 2367 962 eunt
2416 908 2685 963 homines
2714 925 2843 964 esse
2890 908 3079 963 ﬁlium
3120 907 3424 962 hominis?
3468 907 3536 964 Ut
3577 909 3762 969 scilicet

2164 996 2263 1051 ubi
2295 996 2485 1051 Czesar
2532 1014 2842 1051 nummum
2885 997 3152 1069 exigebat
3182 996 3408 1065 tributi,
3440 997 3515 1052 ibi
3540 998 3764 1055 Salvator

2164 1102 2474 1141 nummum
2507 1085 2792 1158 acciperet
2824 1086 2979 1142 ﬁdei.
3022 1086 3355 1141 Notandum
3408 1090 3609 1154 autem,
3651 1089 3765 1160 quia

2164 1192 2279 1231 non
2311 1174 2427 1230 ait:
2488 1175 2668 1238 Quem
2719 1192 2813 1230 me
2866 1174 3068 1229 dicunt
3098 1174 3367 1231 homines
3422 1192 3564 1244 esse,
3610 1193 3671 1233 ne
3690 1178 3762 1248 ja-

2164 1268 2388 1320 ctanter
2408 1264 2480 1320 de
2501 1280 2562 1319 se
2584 1281 2839 1336 quaerere
2860 1264 3175 1329 videretur,
3210 1264 3309 1319 sed
3344 1287 3372 1314 ‹‹
3406 1280 3568 1336 quem
3599 1265 3767 1321 dicunt

2163 1354 2432 1409 homines
2452 1370 2581 1410 esse
2605 1352 2791 1408 ﬁlium
2814 1352 3094 1408 hominis.
3120 1376 3146 1401 ››
3179 1353 3247 1408 Et
3276 1369 3410 1408 cum
3443 1354 3664 1424 majoris
3685 1353 3767 1408 ho-

2164 1443 2323 1499 noris
2348 1442 2642 1497 videretur
2671 1442 2881 1498 Filium
2912 1442 3011 1498 Dei
3045 1459 3113 1497 se
3145 1441 3361 1509 vocari,
3406 1441 3584 1497 ﬁlium
3612 1441 3768 1497 homi-

2164 1532 2256 1586 nis
2288 1548 2349 1587 se
2377 1530 2561 1585 voluit
2582 1531 2979 1598 nominare,ut
2996 1531 3328 1586 ostenderet
3348 1530 3409 1585 in
3431 1531 3685 1586 omnibus
3700 1548 3772 1585 ac-

2163 1620 2324 1676 tibus
2353 1619 2742 1675 humilitatem
2774 1636 2902 1675 esse
2933 1619 3320 1675 servandam:
3369 1620 3489 1674 sive
3535 1623 3688 1683 certe,
3715 1636 3772 1674 ne

2164 1707 2380 1782 aliquis
2407 1710 2477 1764 de
2505 1708 2744 1764 veritate
2775 1713 3093 1781 assumpta:
3131 1709 3327 1764 carnis
3360 1707 3655 1776 dubitaret,
3683 1708 3773 1764 fre-

402 1814 617 1871 ponere
635 1794 927 1894 volebant,
948 1794 1118 1898 illam.
1131 1797 1354 1865 partem
1378 1792 2051 1898 populi‘signil‘icantqui
2086 1833 2132 1898 Β
2164 1798 2442 1871 quentius
2463 1797 2651 1853 ﬁlium
2675 1798 2955 1864 hominis,
2982 1815 3159 1870 quam
3182 1797 3397 1854 Filium
3416 1797 3511 1854 Dei
3530 1814 3588 1853 se
3605 1813 3773 1853 vocare

404 1887 595 1960 magis
623 1901 692 1940 ex
717 1882 988 1956 operibus
1010 1882 1155 1955 legis
1185 1900 1361 1954 quam
1396 1898 1497 1954 per
1518 1882 1692 1939 ﬁdem
1715 1883 1928 1940 Christi
1950 1884 2056 1941 ho-

405 1976 624 2033 minem
654 1991 827 2048 posse
848 1972 1161 2045 justiﬁcari
1204 1972 1536 2028 credebant.
1572 1973 1681 2028 Sed
1715 1976 1903 2029 mater
1933 1974 2055 2031 haec

405 2064 744 2140 prophetico
776 2063 983 2136 spiritu
1016 2061 1306 2134 prohibet.
1340 2061 1569 2116 dicens:
1598 2083 1626 2110 α
1648 2062 2054 2136 Nequaquam,

403 2156 505 2217 sed
535 2154 837 2211 vocabitur
860 2153 1134 2214 Joannes.
1171 2174 1197 2200 »
1229 2151 1368 2223 quia
1397 2150 1652 2207 Ecclesia
1680 2169 1877 2208 eorum
1898 2154 2057 2210 ablu-

403 2245 645 2309 tionem,
678 2260 825 2315 quos
856 2259 957 2314 per
984 2241 1345 2313 baptismum
1379 2246 1701 2314 regenerat,
1736 2243 1923 2316 magis
1955 2260 2075 2316 per,

404 2334 579 2391 ﬁdem
611 2337 668 2389 et
695 2330 965 2405 gratiam,
999 2347 1176 2402 quam
1209 2347 1312 2403 per
1340 2347 1516 2402 opera
1542 2330 1690 2403 legis
1721 2348 1893 2405 posse
1940 2333 2054 2388 im-

402 2422 560 2496 plere
590 2421 789 2477 credit.
822 2421 983 2484 Quod
1017 2437 1229 2475 nomen
1258 2420 1502 2475 Joannis
1534 2420 1591 2474 in
1625 2424 1824 2477 nostra
1854 2420 2055 2496 lingua

403 2529 611 2569 sonare
665 2511 912 2574 videtur,
973 2509 1113 2582 quia
1140 2511 1324 2580 gratia
1383 2512 1507 2576 Dei,
1566 2510 1685 2565 sive
1716 2512 1775 2565 in
1832 2528 1937 2584 quo
1978 2522 2055 2568 est

402 2604 603 2676 gratia,
624 2600 1059 2673 interpretatur.
1087 2620 1114 2649 «
1128 2598 1328 2653 Gratia
1348 2597 1505 2654 enim
1521 2599 1642 2666 Dei,
1661 2622 1686 2648 η
1714 2600 1796 2655 ait
1815 2601 2055 2672 Aposto-

404 2691 519 2760 lus,
565 2716 592 2742 «
617 2690 788 2747 salva:
820 2690 981 2745 facta:
1004 2692 1142 2746 sunt
1164 2692 1367 2762 gentes
1390 2688 1600 2761 (Ephes.
1633 2691 1714 2758 η).
1742 2712 1770 2740 ››
1807 2691 1875 2745 Et
1902 2691 2056 2746 sicut

405 2780 546 2839 alibi
578 2781 659 2837 ait
686 2798 698 2836 :
734 2779 983 2852 «Neque
1014 2777 1379 2835 circumcisio
1411 2777 1630 2850 aliquid
1664 2778 1834 2847 valet,
1867 2797 2056 2852 neque

408 2870 785 2945 praeputium,
820 2870 919 2925 sed
969 2868 1115 2924 ﬁdes
1146 2885 1272 2940 qua:
1322 2885 1425 2940 per
1456 2866 1822 2923 dilectionem
1855 2886 2055 2942 opera-

404 2963 502 3015 tur
535 2960 673 3025 (Gal.
696 2958 770 3028 v).
804 2980 832 3008 »
866 2958 1029 3014 Unde
1061 2955 1400 3030 spiritaliter
1421 2957 1602 3028 patris
1632 2973 1845 3013 nomen
1876 2974 2055 3030 puero

405 3045 706 3118 imponere
756 3043 1105 3110 volentibus,
1139 3044 1341 3100 Petrus
1371 3043 1671 3116 apostolus
1702 3062 1835 3100 cum
1870 3045 2054 3102 Eliza-

402 3134 539 3191 beth
573 3133 936 3201 contradicit,
969 3152 1102 3190 cum
1135 3133 1249 3189 ait:
1305 3156 1333 3183 «
1367 3133 1513 3197 Quid
1547 3131 1725 3190 vultis
1755 3134 2055 3208 imponere

2167 1886 2554 1954 maluit,sieut
2577 1891 2667 1941 est
2688 1886 2831 1942 illud
2862 1905 2875 1942 :
2898 1909 2926 1935 «
2951 1886 3202 1942 Veniens
3223 1886 3386 1942 ﬁlius
3412 1886 3671 1954 hominis,
3695 1903 3778 1958 pu-

2162 1980 2254 2033 tas
2284 1975 2539 2032 inveniet
2564 1976 2736 2031 ﬁdem
2766 1975 2826 2030 in
2858 1977 3053 2031 terra?
3082 1999 3109 2026 »
3136 1977 3287 2049 (Luc.
3309 1976 3601 2045 xvm.)Et:
3624 1975 3776 2031 Filius

2165 2064 2422 2123 hominis
2455 2070 2736 2121 venturus
2761 2069 2851 2121 est
2878 2064 2937 2120 in
2962 2064 3145 2138 gloria
3168 2066 3359 2120 Patris
3380 2066 3470 2121 sui
3492 2082 3617 2121 cum
3637 2081 3779 2138 ange-

2164 2155 2238 2210 lis
2282 2155 2406 2209 suis
2456 2154 2661 2225 (Mazth.
2695 2154 2832 2223 va).
2864 2176 2891 2202 »
2922 2154 3030 2209 Et:
3064 2176 3091 2203 ‹‹
3126 2152 3346 2225 Vulpes
3378 2154 3567 2208 foveas
3595 2153 3780 2208 habent

2166 2245 2373 2317 (Matth.
2402 2243 2546 2311 vni),
2581 2266 2601 2291 ι
2629 2247 2684 2299 et
2709 2242 2801 2297 his
2832 2241 3071 2298 similia.
3096 2241 3446 2315 Ubicunque
3467 2242 3613 2297 enim
3635 2241 3780 2296 inLa-

2163 2333 2285 2388 tino
2316 2331 2474 2387 ﬁlius
2522 2331 2779 2386 hominis
2818 2330 3052 2404 legitur,
3086 2331 3147 2385 in
3176 2330 3417 2386 Hebraeo
3447 2330 3599 2386 ﬁlius
3624 2330 3778 2385 Adam

2164 2420 2592 2489 habetur,sicut
2610 2419 2753 2475 illud
2783 2421 2841 2474 in
2866 2419 3130 2479 Psalmo;
3155 2443 3181 2469 (ι
3218 2419 3351 2475 Filii
3380 2419 3782 2485 hominum,us—

2164 2527 2393 2583 queque
2419 2509 2576 2583 gravi
2611 2511 2821 2565 corde?
2847 2532 2872 2557 n
2898 2510 3070 2582 (Psal.
3101 2509 3199 2581 ιν).
3224 2525 3331 2580 pro
3360 2524 3478 2582 quo
3503 2508 3558 2563 in
3579 2508 3782 2564 Hebraeo

2162 2600 2411 2656 habetur
2443 2598 2548 2654 ﬁlii
2582 2600 2788 2654 Adam.
2814 2599 2925 2654 Sed
2949 2598 3287 2671 interrogati
3318 2597 3591 2669 discipuli
3619 2597 3780 2651 diver-

2165 2705 2365 2745 sorum
2397 2688 2732 2761 Opinionem
2766 2687 3088 2760 proferunt,
3123 2688 3426 2743 dicentes:

2236 2801 2264 2830 «
2296 2777 2408 2834 Alii
2436 2778 2723 2834 Joannem
2756 2777 3097 2849 Baptistam,
3149 2775 3247 2831 alii
3291 2792 3432 2831 vero
3482 2774 3673 2839 Eliam,
3701 2772 3779 2828 alii

2169 2890 2197 2919 α
2229 2884 2363 2923 vero
2383 2865 2718 2933 Jeremiam,
2749 2869 2851 2920 aut
2871 2882 3054 2920 unum
3078 2881 3145 2920 ex
3167 2863 3489 2937 prophetis.
3507 2886 3534 2914 ››
3550 2862 3684 2930 Quid
3702 2880 3783 2918 au-

2162 2959 2283 3012 tem
2314 2955 2583 3012 homines
2603 2953 2787 3010 Eliam
2815 2958 2915 3010 aut
2934 2954 3250 3010 Jeremiam
3266 2952 3566 3009 Christum
3587 2955 3784 3025 putave-

2165 3045 2301 3112 rint,
2334 3062 2467 3100 cum
2501 3048 2632 3099 ante
2664 3043 2851 3099 multa
2876 3042 3169 3099 curricula
3197 3059 3491 3099 annorum
3520 3042 3689 3097 fuisse
3713 3039 3783 3095 le-

2166 3134 2527 3207 guntur.Sed
2550 3132 2644 3188 hic
2662 3149 2821 3187 error
2843 3131 2897 3186 in
2916 3131 3128 3203 populo
3149 3148 3218 3187 ex
3238 3130 3493 3187 stultitia
3511 3128 3780 3205 gentilium

395 3226 610 3299 jugum
638 3240 813 3298 super
834 3223 1082 3280 cervices
1102 3220 1707 3294 discipulorum,quod
1731 3240 1920 3296 neque
1947 3242 2053 3281 nos
2084 3199 2126 3267 (ἶ
2164 3224 2564 3288 descenderat,
2599 3226 2663 3277 ut
2692 3226 2965 3294 putarent
3008 3220 3267 3293 aliquem
3311 3236 3593 3294 magnum
3622 3218 3780 3274 virum

403 3330 593 3387 neque
619 3318 811 3387 patres
843 3313 1023 3369 nostri
1058 3316 1286 3384 portare
1317 3310 1654 3383 potuimus?
1675 3313 1776 3367 sed
1800 3330 1901 3385 per
1919 3330 2049 3386 gra-

399 3403 542 3459 tiam
571 3402 800 3459 Domini
823 3403 961 3458 Jesu
981 3400 1274 3458 credimus
1290 3400 1528 3466 salvari,
1549 3402 2049 3472 quemadmodum

402 3496 459 3548 et
488 3491 571 3547 illi
601 3492 734 3562 (Act.
754 3493 866 3560 xv).
890 3513 919 3541 η

1004 3665 1309 3722 HOMILIA
1348 3666 1443 3721 III.

509 3801 567 3839 IN
607 3800 700 3838 DIE
739 3799 950 3838 SANCTO
986 3797 1402 3838 APOSTOLORUM
1445 3798 1605 3839 PETRI
1645 3801 1712 3840 ET
1751 3801 1938 3842 PAULI.

474 3935 715 4007 (Manu.
747 3932 886 4004 xvr.)
935 3934 1049 3988 «In
1080 3931 1176 3989 illo
1224 3937 1484 4006 tempore
1513 3953 1525 3990 :
1559 3935 1730 3991 Venit
1771 3937 1944 3993 Jesus
1988 3938 2048 3993 in

402 4046 432 4075 «
466 4027 663 4097 partes
693 4023 961 4079 Caesareae
1002 4021 1273 4095 Philippi.
1313 4046 1339 4072 n
1371 4024 1442 4079 Et
1472 4023 1711 4097 reliqua.
1760 4026 2048 4082 Caesareas

399 4117 521 4171 tres
551 4111 823 4187 legimus,
855 4112 1002 4167 duas
1026 4112 1084 4167 in
1116 4116 1271 4168 terra
1300 4112 1794 4185 repromissionis,
1814 4116 2048 4171 tertiam

397 4219 535 4260 vero
566 4203 626 4259 in
683 4200 1064 4275 Cappadocia.
1108 4205 1206 4257 Est
1233 4201 1389 4258 enim
1434 4202 1694 4258 Caesarea
1747 4203 2047 4260 Palestina:

397 4292 673 4368 regionis,
708 4292 767 4347 in
798 4291 992 4347 littore
1023 4291 1203 4345 maris
1242 4290 1457 4364 Magni,
1508 4309 1634 4363 qua:
1676 4291 1838 4363 prius
1868 4293 2048 4349 turris

395 4381 663 4439 stationis
707 4381 1043 4447 vocabatur,
1068 4379 1168 4435 sed
1197 4383 1397 4451 postea
1427 4380 1498 4435 ab
1518 4380 1740 4435 Herode
1774 4381 1832 4435 in
1864 4381 2046 4437 hono-

395 4486 517 4526 rem
531 4469 774 4525 Caasaris
788 4468 1042 4524 nobilius
1055 4467 1222 4523 rezedi
1234 4469 1686 4533 ticata,Caasarea
1699 4474 1785 4524 est
1797 4469 2048 4542 appella-

2162 3316 2292 3385 post
2321 3317 2569 3367 mortem
2601 3328 2774 3365 suum
2805 3310 3079 3381 spiritum
3124 3310 3263 3365 dare
3293 3327 3471 3382 posse
3501 3310 3589 3365 cui
3617 3305 3777 3363 vellet.

2159 3403 2284 3468 Quo
2304 3418 2498 3457 errore
2529 3400 2808 3455 seductus
2828 3399 3017 3454 fuerat
3048 3398 3327 3465 Herodes,
3364 3398 3595 3471 quando
3614 3395 3783 3452 audita

2159 3491 2316 3546 fama
2336 3490 2405 3544 de
2427 3488 2589 3557 Jesu,
2618 3488 2765 3544 dixit
2792 3506 2803 3544 :
2834 3512 2861 3537 ‹‹
2885 3488 3141 3544 Joannes
3173 3504 3350 3560 quem
3384 3504 3491 3561 ego
3513 3483 3779 3548 decollavi,

2159 3577 2410 3635 surrexit
2439 3595 2472 3632 a
2502 3577 2772 3645 mortuis,
2805 3580 2861 3632 et
2901 3578 3147 3633 virtutes
3178 3575 3383 3631 multae
3414 3577 3708 3648 operantur
3734 3571 3780 3625 in

2157 3684 2223 3723 eo
2256 3668 2441 3739 (Marc.
2474 3666 2575 3738 vx).
2613 3688 2639 3715 ››
2671 3666 3045 3723 Diversarum
3078 3669 3272 3721 autem
3305 3664 3674 3737 opinionibus
3698 3677 3782 3715 au-

2157 3756 2316 3824 ditis,
2351 3754 2616 3812 Salvator
2645 3756 2717 3810 ad
2749 3754 3072 3827 discipulos
3123 3752 3461 3828 specialiter
3488 3763 3779 3809 sermonem

2157 3845 2466 3912 convertit,
2490 3849 2548 3901 et
2574 3845 2745 3901 dicit:

2230 3960 2256 3985 ‹‹
2290 3935 2405 3991 Vos
2427 3939 2622 3990 autem
2641 3950 2814 4006 quem
2840 3950 2931 3989 me
2949 3950 3078 3989 esse
3100 3931 3333 3988 dicitis?
3351 3955 3380 3982 ››
3402 3934 3482 3988 Ac
3499 3930 3545 3986 si
3569 3928 3778 3985 diceret:

2158 4024 2280 4080 Illis
2297 4024 2638 4081 hominibus
2660 4022 2922 4079 humana
2944 4026 3175 4078 tantum
3201 4022 3272 4077 de
3294 4038 3394 4077 me
3416 4018 3781 4093 opinantibus,

2155 4131 2279 4182 vos,
2305 4113 2405 4186 qui
2420 4131 2488 4168 ex
2500 4112 2616 4169 illis
2632 4129 2745 4168 non
2761 4111 2922 4176 estis,
2938 4111 3077 4183 quia
3090 4126 3194 4183 ego
3207 4108 3360 4183 elegi
3372 4126 3476 4165 vos
3488 4109 3557 4164 de
3571 4104 3780 4166 mundo,

2157 4220 2333 4275 quem
2366 4219 2458 4257 me
2488 4218 2615 4257 esse
2641 4200 2876 4257 dicitis?
2896 4202 2953 4255 In
2974 4199 3186 4273 quibus
3216 4199 3416 4255 verbis
3438 4194 3783 4260 ostendit,eos

2158 4292 2217 4347 in
2230 4291 2490 4346 humana
2505 4288 2817 4362 fragilitate
2831 4289 3100 4345 humanae
3115 4292 3339 4344 naturae
3355 4287 3627 4344 meritum
3656 4287 3786 4337 tran-

2157 4378 2477 4445 scendisse,
2511 4382 2569 4433 et
2599 4379 2669 4432 ad
2694 4377 3081 4433 imitationem
3116 4376 3232 4432 veri
3254 4377 3355 4431 Dei
3382 4367 3782 4448 quodammodo

2158 4468 2297 4523 deos
2328 4465 2518 4521 vocari
2550 4483 2740 4537 posse,
2768 4466 2938 4536 juxta
2963 4465 3109 4520 illud
3135 4461 3606 4538 Psalmographi:
3645 4481 3662 4507 ι
3685 4459 3781 4529 Ego

391 4560 467 4613 ta.
496 4558 555 4612 In
576 4574 692 4629 qua
721 4557 874 4613 idem
910 4557 1161 4612 Herodes
1192 4556 1250 4610 in
1275 4555 1491 4612 honore
1511 4557 1755 4614 Caesaris
1776 4558 2045 4631 magniﬁ-
2081 4572 2123 4637 D
2157 4555 2295 4621 dixi,
2329 4554 2409 4608 dii
2440 4555 2581 4610 estis
2611 4558 2666 4610 et
2696 4553 2801 4608 lilii
2849 4554 3057 4610 εχαξὶεὶ
3098 4570 3302 4611 omnes
3333 4554 3511 4625 (Psal.
3545 4547 3729 4617 Lxxxl).
3756 4566 3779 4592 ι»

390 4662 519 4702 cam
541 4647 784 4702 domum
807 4645 938 4701 albo
965 4662 1255 4701 marmore
1285 4646 1631 4701 construxit:
1667 4647 1765 4702 ubi
1789 4646 2043 4703 Herodes

2229 4665 2255 4693 «
2292 4643 2674 4715 Respondens
2706 4648 2899 4698 autem
2934 4643 3133 4699 Simon
3162 4643 3390 4709 Petrus,
3424 4641 3599 4697 dixit:
3630 4637 3704 4692 Tu
3729 4648 3781 4688 es

2153 4757 2179 4784 ‹‹
2214 4731 2479 4787 Christus
2512 4730 2693 4787 Filius
2711 4731 2811 4787 Dei
2843 4730 3028 4787 vivi.»
3074 4732 3195 4787 Non
3221 4730 3416 4786 solum
3432 4731 3633 4786 Petrus
3650 4721 3781 4781 ordi-

2151 4837 2287 4877 nem
2315 4819 2405 4876 sui
2430 4820 2720 4892 prioratus
2751 4825 2958 4887 servat,
2989 4837 3123 4875 cum
3153 4820 3550 4892 interrogatus
3580 4814 3778 4889 primus

2151 4908 2470 4981 respondit,
2487 4908 2584 4963 sed
2603 4909 2778 4964 etiam
2796 4908 3261 4982 magnitudinem
3283 4902 3503 4964 amoris
3525 4900 3774 4962 ostendit.

2151 4998 2357 5053 Merito
2376 5014 2512 5069 ergo
2532 4997 2758 5069 primus
2780 4996 3255 5069 respondet,quia
3275 4996 3411 5068 plus
3423 4993 3641 5052 caeteris
3658 5004 3773 5045 eum

2150 5085 2363 5159 diligit.
2398 5087 2459 5140 In
2493 5085 2695 5140 multis
2726 5102 2981 5156 namque
3024 5084 3319 5158 Evangelii
3349 5084 3498 5140 locis
3529 5080 3774 5154 legimus.

2150 5174 2386 5229 Petrum
2422 5191 2535 5245 pra;
2566 5173 2786 5229 eteteris
2819 5174 3129 5229 Dominum
3163 5171 3476 5245 discipulis
3506 5168 3772 5227 dilexisse.

2149 5262 2277 5335 ipso
2312 5263 2554 5317 Domino
2587 5263 2848 5318 dicente:
2881 5287 2907 5312 ‹‹
2939 5263 3140 5318 Simon
3178 5261 3446 5325 J‘oannis,
3482 5257 3670 5329 diligis
3697 5267 3774 5306 me

2150 5351 2282 5423 plus
2302 5351 2393 5406 liis
2420 5352 2519 5405 PEt
2541 5349 2667 5406 ille:
2692 5353 2779 5406 'l‘u
2813 5352 2926 5407 scis
2945 5348 3354 5422 Domine,quia
3378 5365 3513 5402 amo
3536 5351 3589 5400 te
3618 5345 3772 5415 (Joan.

389 4736 463 4791 ab
476 4733 679 4807 angelo
701 4750 1038 4807 percussus,
1062 4750 1126 4789 eo
1142 4733 1294 4805 quod
1330 4750 1443 4787 non
1476 4734 1735 4790 dedisset
1760 4735 2040 4792 honorem

389 4824 525 4890 Deo,
551 4828 937 4896 consumptus
960 4822 1305 4878 avermibus
1330 4823 1797 4895 exspiravit(Act:
1825 4827 1948 4893 ΧΠ).
1978 4826 2041 4881 In

387 4912 496 4968 hac
510 4914 683 4969 etiam
705 4912 1008 4969 Cornelius
1021 4910 1288 4967 centurio
1301 4928 1334 4965 a
1353 4910 1589 4967 Simone
1602 4912 1769 4968 Petro
1790 4913 2043 4985 baptiza-

387 5002 486 5054 tus
510 5002 600 5054 est
629 5002 765 5069 (Act.
798 5000 882 5067 x):
909 4999 964 5052 in
985 5015 1051 5052 ea
1077 5015 1209 5053 vero
1229 5002 1479 5069 quatuor
1504 4997 1757 5053 ﬁliarum
1780 4999 2033 5072 Philippi

386 5083 681 5156 virginum
696 5084 962 5155 sepulcra
974 5083 1333 5156 usquchodie
1345 5085 2043 5141 ostenduntur.Estetalia

385 5172 645 5228 Caesarea
662 5173 929 5243 quaedam
948 5177 1005 5227 in
1024 5174 1406 5244 Cappadocia,
1431 5174 1501 5227 de
1523 5191 1639 5244 qua
1657 5175 1841 5230 Lucas
1870 5192 2040 5231 evan-

384 5259 593 5331 gelista
608 5260 664 5315 in
682 5260 922 5316 Actibus
941 5260 1337 5332 apostolorum
1363 5262 1658 5318 meminit:
1681 5264 2041 5320 «Descendit

383 5349 727 5413 Carsaream,
759 5353 814 5403 et
835 5349 1110 5404 salutavit
1131 5350 1435 5405 ecclesiam
1458 5352 1591 5421 (Act.
1619 5354 1770 5406 xxvi.
1800 5377 1826 5402 »
1849 5352 2041 5408 Tertia

382 5444 577 5493 autem
612 5438 871 5493 Caesarea
892 5444 981 5495 est
1001 5437 1275 5509 Philippi,
1306 5439 1477 5509 cujus
1503 5440 1561 5495 in
1586 5440 1695 5495 hoc
1726 5441 1851 5495 loco
1873 5459 2040 5496 evan-
2146 5440 2283 5503 xxii,
2312 5463 2331 5490 ι
2364 5440 2484 5493 sive
2497 5437 2697 5511 diligo.
2722 5439 2791 5493 Et
2816 5456 2947 5493 cum
2971 5439 3275 5494 duodecim
3300 5433 3608 5507 discipulis
3627 5443 3771 5486 suam

382 5526 591 5599 gelista
606 5526 893 5593 meminit,
912 5526 2035 5601 etipsainterrarepromissionis,quam
2148 5527 2481 5599 passionem
2514 5527 2866 5598 praediceret,
2897 5527 3003 5581 hoc
3025 5526 3231 5582 Petrus
3256 5541 3368 5599 prae
3390 5516 3776 5595 magnitudine

382 5614 689 5688 Philippus
709 5615 952 5673 Herodis
975 5614 1133 5671 titius
1152 5613 1210 5670 in
1227 5614 1445 5672 honore
1461 5615 1701 5674 Cazsaris
1721 5619 1793 5674 ad
1814 5619 2037 5676 radices
2147 5618 2364 5673 amoris
2385 5618 2529 5671 ferre
2560 5632 2673 5671 non
2708 5616 2927 5684 valens,
2953 5616 3273 5689 assumpsit
3300 5628 3439 5669 eum
3467 5612 3699 5675 secreto,
3726 5608 3776 5659 et
