4060 6178
240 351 352 418 761

1498 347 1852 415 ΗΟΜΠᾸᾹΞ
1893 345 1998 409 DE
2041 344 2385 410 SANC'I‘IS.

3521 348 3645 413 762

243 487 390 552 dixit
416 487 472 545 ei
510 505 523 545 :
555 485 847 561 Propitius
876 487 982 546 tibi
1016 490 1160 557 esto,
1193 484 1456 556 Domine,
1473 501 1544 543 ne
1571 486 1675 543 ﬁat
1701 484 1882 542 istud.
1913 479 1970 548 Α
1998 482 2153 547 ﬁcat,
2187 481 2390 538 dicens
2421 497 2434 536 :
2471 504 2498 532 ‹‹
2531 479 2822 538 Conﬁteor
2849 478 2980 550 tibi,
3015 479 3204 550 Pater,
3232 479 3477 540 Domine
3515 484 3643 542 ccsli

243 578 367 636 Non
399 578 559 635 enim
591 578 755 635 decet
782 583 850 635 ut
880 579 1061 635 Filius
1073 578 1173 635 Dei
1191 581 1390 653 gustet
1414 580 1660 633 mortem
1680 576 1887 650 (Matth.

243 667 381 739 XVI).
416 668 483 723 Et
511 685 644 724 cum
675 667 1020 724 imminente
1052 668 1296 724 articulo
1328 666 1887 739 passionisdiceret:

244 757 499 815 «Omnes
508 774 612 813 vos
624 757 967 814 scandalum
980 757 1281 830 patiemini
1299 756 1356 812 in
1374 772 1466 812 me
1478 756 1535 811 in
1549 756 1852 811 istanocte.
1863 776 1890 802 »

243 845 344 902 Ille
374 846 677 918 respondit
709 864 721 903 :
757 846 875 902 Etsi
906 863 1112 902 omnes
1161 844 1539 903 scandalizati
1587 844 1803 900 fuerint
1833 844 1890 899 in

244 939 319 1001 te,
332 951 441 1007 ego
474 950 778 1006 nunquam
811 934 1271 991 soandalizabor.
1291 960 1314 988 ι
1343 934 1607 1007 Cumque
1629 934 1783 1006 quod
1802 933 1891 988 fu-

248 1028 449 1079 turum
480 1026 603 1078 erat
634 1023 985 1094 praediceret,
1013 1023 1215 1079 dicens
1249 1040 1263 1079 :
1302 1045 1324 1073 ‹ι
1355 1024 1538 1079 Amen
1590 1022 1719 1078 dico
1763 1021 1891 1088 tibi,

244 1116 566 1185 antequam
594 1111 788 1184 gallus
821 1115 1035 1174 cantet,
1061 1114 1150 1167 ter
1195 1128 1287 1167 me
1330 1110 1593 1184 negabis,
1629 1130 1658 1161 »
1688 1111 1895 1167 Petrus

244 1202 316 1256 de
346 1217 413 1256 se
435 1217 799 1273 praesumens
830 1201 914 1255 ait
937 1216 985 1254 ;‹‹
999 1200 1243 1256 Etiamsi
1274 1201 1594 1273 oportuerit
1624 1217 1717 1257 me
1745 1200 1893 1256 mori

243 1295 463 1355 tecum,
497 1305 611 1344 non
644 1293 702 1344 te
731 1289 954 1362 negabo
978 1289 1186 1360 (Matth.
1218 1289 1391 1361 xxvr).
1430 1310 1458 1338 »
1489 1290 1559 1344 Et
1588 1306 1721 1345 cum
1763 1292 1897 1361 post

244 1377 734 1436 resurrectionem
767 1378 1023 1436 stansin
1053 1377 1592 1451 littore,discipulis
1611 1378 1893 1451 piscanti-

244 1468 358 1524 bus
389 1466 781 1539 apparuisset,
797 1467 1044 1523 audiens
1075 1467 1281 1523 Petrus
1304 1469 1456 1540 quod
1481 1468 1768 1524 Dominus
1784 1472 1894 1533 est,

243 1557 451 1613 tunica
481 1556 770 1612 succinxit
801 1572 882 1623 se,
916 1561 975 1612 et
1006 1557 1169 1612 misit
1188 1573 1251 1612 se
1273 1557 1332 1612 in
1366 1560 1619 1625 mare,et
1646 1556 1801 1613 venit
1824 1558 1895 1612 ad

245 1645 473 1705 Jesum.
489 1644 689 1701 Caeteri
709 1660 844 1701 vero
862 1644 1135 1716 discipuli
1156 1646 1387 1718 navigio
1417 1650 1719 1702 venerunt.
1734 1646 1900 1718 Ejus-

248 1736 382 1792 dem
399 1750 539 1807 ergo
555 1734 773 1790 amoris
791 1733 1031 1789 ﬂamma
1047 1734 1254 1789 Petrus
1266 1751 1608 1804 succensus,
1623 1735 1899 1791 omnibus

1998 576 2055 627 et
2084 575 2247 627 terra
2281 570 2490 638 (Matth.
2523 571 2627 641 χι).
2662 592 2691 621 ιι

2071 662 2185 716 «Et
2204 677 2310 734 ego
2340 660 2468 715 dico
2500 660 2782 733 tibi,quia
2799 665 2859 716 tu
2879 677 2940 715 es
2971 664 3273 729 Petrus,et
3302 678 3482 734 super
3495 662 3647 719 hanc

2004 771 2030 800 ‹‹
2047 753 2273 821 petram
2305 749 2602 805 aediﬁcabo
2633 748 2951 805 Ecclesiam
2977 767 3237 806 meam.»
3255 748 3391 806 Acsi
3412 749 3647 808 diceret:

1999 838 2145 906 Quia
2172 843 2232 894 tu
2265 854 2358 894 me
2391 837 2694 893 confessus
2725 854 2788 893 es
2817 837 3115 893 Christum
3147 837 3359 895 Filium
3383 839 3481 895 Dei
3511 839 3647 909 vivi,

2001 932 2059 985 et
2086 945 2191 1000 ego
2224 928 2354 983 dico
2384 927 2512 991 tibi,
2534 943 2650 981 non
2683 944 2849 983 casso
2876 926 2965 983 vel
2991 926 3330 983 transitorio
3359 945 3650 997 sermone,

2003 1018 2280 1091 quoniam
2322 1033 2521 1072 meum
2562 1016 2798 1084 dixisse,
2833 1015 3040 1072 fecisse
3086 1020 3193 1082 est,
3227 1017 3375 1083 dico,
3410 1018 3651 1090 inquam

2001 1108 2129 1177 tibi,
2153 1106 2293 1181 quia
2326 1109 2387 1162 tu
2420 1122 2482 1162 es
2514 1106 2736 1171 Petrus,
2760 1109 2868 1161 etc.
2893 1105 2999 1162 Ubi
3033 1122 3148 1161 non
3180 1109 3269 1161 est
3298 1107 3649 1178 putandum,

2003 1196 2159 1268 quod
2174 1212 2328 1251 nunc
2342 1195 2390 1251 ei
2406 1194 2661 1268 primum
2675 1195 2827 1250 Petri
2842 1210 3159 1267 cognomen
3172 1194 3535 1265 imposuerit,
3552 1198 3650 1251 sed

2003 1285 2237 1357 quando
2249 1282 2809 1357 evangelizanteAnd
2820 1299 2914 1340 rea
2925 1283 2996 1339 ad
3011 1284 3465 1348 eumvenit,cum
3478 1284 3655 1340 intui-

2004 1378 2100 1430 tus
2114 1373 2453 1438 eum,dixit:
2472 1396 2498 1422 «
2516 1374 2602 1428 Tu
2618 1389 2679 1428 es
2694 1372 2896 1428 Simon
2910 1371 3067 1427 ﬁlius
3083 1371 3115 1427 J
3120 1388 3227 1427 oan
3237 1389 3331 1439 na,
3346 1376 3407 1429 tu
3422 1374 3656 1429 vocabe-

2004 1463 2087 1519 ris
2105 1463 2351 1536 Cephas,
2365 1463 2519 1535 quod
2544 1461 2960 1532 interpretatur
2975 1461 3179 1517 Petrus
3191 1462 3356 1533 (Joan
3372 1461 3430 1533 ι),
3454 1482 3481 1511 ››
3498 1464 3651 1535 quod

2005 1552 2162 1608 enim
2191 1552 2423 1624 Cyr-iace
2455 1549 2678 1622 Cephas,
2712 1549 2914 1605 Latine
2933 1551 3125 1605 Petrus
3155 1548 3389 1605 dicitur.
3423 1549 3657 1607 Utrum-

2009 1658 2122 1715 que
2152 1645 2348 1696 autem
2379 1656 2591 1695 nomen
2627 1639 2699 1695 ab
2718 1637 2821 1694 illa
2836 1642 3003 1710 petra
3023 1638 3337 1706 derivatur,
3354 1639 3423 1695 de
3442 1656 3559 1713 qua
3573 1641 3658 1697 ait

2006 1729 2351 1803 Apostolus:
2380 1750 2407 1779 «
2438 1730 2606 1784 Petra
2635 1730 2832 1783 autem
2864 1730 2987 1783 erat
3016 1726 3283 1784 Christus
3315 1728 3364 1801 (Ι
3390 1729 3584 1799 Cor.x)
3604 1748 3655 1796 ;››

249 1822 559 1896 discipulis
587 1822 984 1895 interrogatis,
1016 1823 1247 1894 primus
1294 1825 1615 1896 respondit,
1648 1824 1849 1880 dicens
1884 1843 1897 1880 :
1932 1853 1982 1919 Β
2013 1820 2165 1919 quod
2185 1822 2379 1874 autem
2399 1817 2498 1884 ait,
2519 1817 2629 1919 «Et
2650 1815 3660 1919 superhanc'petramsediﬁcaboEc-

257 1931 280 1963 σ
311 1913 399 1968 Tu
432 1929 497 1969 es
527 1911 793 1968 Christns
824 1910 1004 1966 Filius
1026 1911 1128 1967 Dei
1162 1911 1345 1967 vivi.»
1374 1915 1437 1973 In
1463 1914 1679 1985 quibus
1711 1914 1903 1970 verbis
1932 1903 1982 1919 υ
2015 1908 2253 1966 clcsiam
2286 1922 2499 1966 meam.
2533 1926 2562 1954 «
2594 1903 2707 1959 tale
2737 1908 2827 1960 est
2857 1920 2923 1959 ac
2953 1903 3004 1959 si
3032 1903 3267 1973 diceret,
3302 1921 3478 1978 super
3508 1906 3659 1963 hanc

252 2004 704 2061 fundamentum
733 2017 881 2055 verae
932 2000 1065 2056 ﬁdei
1107 2001 1521 2057 decentissime
1565 2002 1903 2058 declaravit.

252 2092 522 2149 Christus
552 2088 707 2145 enim
731 2089 921 2144 Graece
948 2089 1021 2143 ab
1041 2090 1317 2145 unctione
1336 2090 1672 2147 chrismatis
1688 2108 1902 2148 nomen

256 2180 498 2252 accepit.
532 2180 600 2235 Et
627 2195 761 2235 cum
793 2178 1091 2234 Christum
1123 2178 1449 2246 conﬁtetur,
1481 2196 1681 2235 verum
1713 2179 1901 2235 homi-

255 2287 389 2327 nem
418 2269 652 2325 credere
682 2268 866 2338 docet,
885 2268 986 2340 qui
1016 2284 1129 2322 non
1161 2267 1449 2323 materiali
1483 2268 1747 2334 oleo,sed
1781 2270 1907 2340 Spi-

256 2359 404 2416 ritus
436 2357 621 2414 sancti
653 2357 805 2411 dono
838 2361 1050 2412 unctus
1079 2360 1187 2412 est.
1223 2356 1386 2412 Unde
1425 2356 1737 2413 Psalmista
1780 2359 1857 2413 ait
1888 2377 1901 2414 :

258 2471 287 2501 α
332 2447 511 2503 Unxit
578 2450 635 2502 te
694 2451 846 2501 Deus
895 2448 1034 2501 tuus
1096 2446 1271 2516 (Psal.
1314 2447 1489 2517 xmv,)
1526 2469 1553 2495 »
1600 2452 1707 2502 etc.
1758 2447 1903 2503 Cum

256 2553 390 2593 vero
421 2535 712 2606 adjunxit,
733 2556 753 2581 ιι
790 2533 973 2590 Filius
1004 2534 1104 2589 Dei
1134 2534 1247 2589 vivi
1267 2551 1508 2591 nverum
1543 2536 1905 2592 Deumillum

256 2642 385 2682 esse
416 2624 698 2690 insinuat,
713 2623 853 2695 quia
882 2623 1036 2694 quod
1059 2626 1150 2677 est
1179 2623 1490 2689 Pater,hoc
1511 2626 1731 2698 genuit,
1746 2626 1909 2682 idest

257 2715 413 2773 Deus
442 2713 647 2769 Deum.
665 2712 847 2768 Deum
868 2716 1061 2767 autem
1080 2712 1277 2767 vivum
1298 2712 1571 2785 appellat,
1589 2714 1660 2768 ad
1679 2731 1907 2787 compa-

256 2804 545 2862 rationem
572 2801 851 2858 falsorum
886 2803 1150 2865 deorum,
1184 2801 1281 2873 qui
1317 2804 1389 2857 ab
1446 2801 1787 2860 hominibus
1824 2805 1907 2860 dii

257 2893 636 2967 putabantur.
669 2891 770 2949 sed
806 2891 1022 2946 mortui
1054 2894 1238 2957 erant,
1272 2895 1338 2946 ut
1385 2891 1623 2960 scilicet,
1654 2892 1903 2965 Jupiter,

258 2983 569 3045 Saturnus,
595 2980 771 3047 Mars,
802 2979 1145 3048 Mercurius,
1175 2978 1392 3046 Venus,
1411 2984 1467 3034 et
1498 2984 1703 3036 cetera
1723 2981 1905 3037 idolo-

259 3087 390 3129 rum
421 3071 709 3141 portenta,
742 3068 814 3124 de
853 3067 1069 3138 quibus
1106 3083 1207 3139 per
1251 3066 1597 3139 prOphetam
1642 3068 1859 3124 dicitur
1889 3087 1904 3125 :

261 3183 288 3209 «
317 3158 410 3214 Dii
459 3158 562 3230 qui
612 3155 823 3213 omium
854 3160 913 3212 et
940 3159 1157 3212 terram
1207 3173 1323 3211 non
1355 3156 1633 3225 fecerunt,
1668 3162 1910 3230 pereant

260 3248 391 3320 (lar.
425 3218 505 3317 πί,
539 3268 567 3295 »
601 3250 660 3301 et
706 3245 954 3317 reliqua.
987 3246 1059 3301 Et
1107 3243 1420 3301 Psalmista
1451 3263 1464 3301 :
1499 3268 1527 3295 «
1561 3218 1776 3303 omnes
1825 3247 1906 3303 dii
1938 3218 1981 3285 Ο

257 3330 523 3410 gentium
552 3335 838 3390 daemonia
868 3335 1035 3406 (Psal.
1066 3334 1216 3405 xcv).
1254 3356 1281 3383 ››

329 3423 755 3495 «Respondens
786 3426 979 3479 autem
1009 3423 1204 3490 Jesus,
1220 3422 1368 3478 dixit
1400 3421 1806 3497 ei:Beatus,cs
1824 3426 1908 3482 Si-

259 3537 286 3564 α
319 3530 460 3570 mon
492 3513 809 3584 Rarjona.»
843 3512 1166 3568 Mercedem
1197 3512 1413 3585 recepit
1440 3530 1578 3569 vera
1596 3514 1905 3570 confessio.

256 3603 405 3667 Quia
431 3602 590 3657 enim
614 3600 814 3656 Petrus
835 3601 1138 3657 confessus
1156 3605 1244 3656 est
1259 3600 1558 3657 Christum
1577 3601 1785 3658 Filium
1806 3603 1908 3659 Dei

255 3689 395 3755 vivi,
427 3688 637 3745 merito
668 3687 1049 3754 beatiﬁcatur,
1064 3691 1121 3743 et
1150 3687 1416 3759 Barjona,
1432 3688 1587 3759 quod
1620 3689 1679 3744 in
1710 3694 1911 3746 nostra

256 3779 465 3852 lingua
492 3780 663 3834 sonat
692 3777 846 3833 ﬁlius
877 3775 1182 3839 columbae,
1214 3794 1247 3830 a
1272 3776 1517 3832 Domino
1542 3778 1913 3850 cognomina-

257 3872 376 3926 tur.
394 3866 560 3935 Quod
587 3867 740 3922 enim
775 3865 1047 3921 columba
1072 3863 1353 3937 Spiritum
1387 3869 1657 3922 sanctum
1689 3865 1911 3938 signiﬁ-

258 3961 371 4025 cet,
385 3960 510 4027 ipse
524 3954 935 4017 manifestavit.
952 3953 1186 4026 quando
1199 3953 1583 4025 Redemptore
1595 3954 1909 4027 baptizato,

261 4046 324 4101 in
358 4044 552 4116 specie
582 4041 862 4098 columba:
893 4041 1181 4114 apparuit.
1198 4043 1449 4113 Barjona
1467 4042 1799 4115 ergo,ﬁlius
1815 4060 1909 4098 co-

252 4133 494 4199 lumbae,
523 4131 580 4187 id
603 4135 692 4187 est
721 4132 974 4204 Spiritus
1006 4131 1212 4198 sancti,
1242 4131 1484 4187 dicitur:
1519 4131 1659 4203 quia
1688 4132 1909 4204 Spiritu

252 4225 463 4278 sancto
486 4219 796 4288 revelante,
812 4219 1022 4275 Filium
1042 4219 1144 4275 Dei
1164 4218 1280 4274 vivi
1306 4219 1609 4276 confessus
1625 4224 1734 4277 est.
1753 4220 1908 4276 Non-

253 4309 407 4367 nulli
442 4314 637 4365 autem
671 4309 937 4381 Barjona,
972 4324 1076 4380 pro
1106 4309 1212 4364 bar
1256 4309 1485 4365 Joanna
1533 4309 1908 4365 scribendum

247 4402 487 4473 putant,
503 4414 571 4453 eo
583 4398 735 4470 quod
742 4399 913 4469 juxta
925 4397 1023 4453 alii
1036 4397 1329 4471 Evangelii
1341 4397 1556 4466 locum,
1572 4397 1913 4454 ﬁliusJoan-

246 4489 345 4547 nis
378 4486 459 4543 sit
474 4485 822 4559 appellatus,
838 4487 1082 4542 Domino
1105 4486 1359 4543 dicente:
1381 4486 1623 4543 «Simon
1642 4487 1908 4555 Joannis,

242 4575 452 4649 diligis
482 4576 661 4631 me?»
684 4575 859 4646 (Joan.
892 4574 1258 4644 xu).Joanna
1285 4591 1419 4631 vero
1451 4576 1635 4645 gratia
1653 4576 1985 4655 Dei,sive‘[)

243 4667 304 4722 in
326 4679 440 4738 quo
469 4668 549 4719 est
575 4666 779 4733 gratia,
812 4663 1247 4735 interpretatur.
1278 4664 1481 4720 Merito
1510 4680 1647 4737 ergo
1678 4665 1907 4737 primus

240 4752 651 4828 apostolorum
675 4752 920 4808 Joannis
936 4752 1095 4809 ﬁlius
1124 4753 1357 4821 dicitur,
1373 4751 1512 4825 quia
1540 4770 1656 4810 non
1674 4753 1909 4826 propria

238 4843 484 4908 virtute,
517 4841 618 4898 sed
652 4841 836 4897 Patris
866 4842 1055 4915 gratia
1082 4842 1370 4899 revelante
1400 4840 1610 4899 Filium
1640 4843 1741 4898 Dei
1772 4859 1907 4917 cog-

240 4930 431 4989 novit.
465 4929 630 4985 Unde
660 4933 718 4985 et
743 4931 1043 4987 subditur:
1063 4929 1250 4996 «Quia
1280 4947 1414 4986 caro
1445 4935 1503 4986 et
1529 4930 1773 5004 sanguis
1791 4948 1905 4987 non

178 5056 189 5065 .
240 5042 267 5071 (ι
304 5017 595 5079 revelavit
619 5018 747 5087 tibi,
775 5020 876 5076 sed
910 5019 1077 5075 Pater
1106 5036 1274 5076 meus
1302 5020 1405 5092 qui
1435 5019 1496 5075 in
1528 5020 1688 5076 omlis
1737 5024 1845 5076 est.
1877 5043 1905 5070 ››

238 5110 393 5166 Caro
425 5110 485 5161 et
512 5106 757 5180 sanguis
788 5107 847 5163 in
896 5107 1005 5164 hoc
1052 5106 1175 5163 loco
1225 5107 1521 5164 carnalem
1573 5107 1902 5164 doctrinam

238 5195 591 5255 Scribarum
621 5201 679 5251 et
708 5196 1132 5253 Pharisaeorum
1173 5196 1524 5270 signiﬁcant,
1550 5197 1721 5268 juxta
1752 5196 1896 5253 illud

237 5283 403 5358 quod
428 5281 731 5355 apostolus
763 5282 980 5340 Paulus
1010 5287 1387 5355 protestatur,
1419 5283 1621 5339 dicens
1653 5299 1666 5337 :
1699 5307 1727 5333 ‹‹
1762 5283 1901 5339 Con-

236 5374 415 5430 tinuo
449 5387 569 5426 non
599 5373 858 5444 acquievi
892 5373 1050 5429 carni
1084 5377 1140 5428 et
1170 5372 1443 5445 sanguini
1476 5372 1743 5437 (Gat.1).»
1774 5373 1899 5429 Non

236 5476 382 5535 ergo
398 5448 841 5532 perdoctrinam
862 5460 1285 5517 Pharisaeorum
1298 5465 1365 5530 (et
1393 5459 1730 5515 Scribarum
1745 5460 1901 5532 prin-

237 5567 377 5623 ceps
408 5545 811 5620 apostolorum
833 5549 1130 5606 Christum
1154 5550 1366 5606 Filium
1379 5548 1779 5621 Deicognovit,
1797 5550 1896 5605 sed

236 5637 408 5697 Patre
440 5636 753 5706 revelante,
770 5638 925 5694 sicut
946 5638 1101 5695 idem
1124 5639 1302 5695 Filius
1320 5636 1457 5693 alibi
1476 5638 1706 5694 Patrem
1724 5636 1899 5711 glori-

2012 1996 2282 2063 ﬁdem,id
2314 1998 2402 2051 est
2430 2010 2608 2067 super
2637 2008 2942 2065 me,quem
2971 1997 3036 2047 tu
3055 1992 3356 2049 confessus
3377 1995 3661 2061 δε,ωάἰῇ-

2013 2087 2157 2143 rabo
2188 2083 2505 2141 Ecclesiam
2538 2099 2793 2137 meam.«
2808 2082 3276 2137 Fundamentum
3307 2082 3463 2137 enim
3478 2082 3657 2151 aliud,

2015 2177 2094 2233 ait
2118 2173 2449 2248 Apostolus,
2482 2188 2654 2227 nemo
2684 2174 2875 2243 potest
2905 2187 3138 2243 qonere,
3171 2174 3379 2242 praeter
3402 2170 3460 2226 id
3508 2174 3661 2244 quod

2015 2265 2275 2339 positum
2307 2266 2416 2327 est,
2450 2261 2603 2333 quod
2637 2265 2727 2315 est
2758 2259 3026 2315 Christus
3055 2259 3228 2315 Jesus
3259 2260 3307 2332 (Ι
3331 2262 3454 2317 Cor.
3487 2262 3593 2333 ιιι).
3634 2286 3661 2311 η

2015 2355 2095 2410 Ea
2123 2370 2260 2426 ergo
2287 2369 2413 2424 quae
2443 2349 2838 2416 continentur,
2857 2348 3061 2403 cadere
3093 2365 3206 2403 non
3238 2351 3666 2422 possunt,quia

2016 2446 2130 2500 ﬁxa
2159 2447 2299 2498 sunt
2328 2458 2396 2496 ea
2425 2457 2553 2511 qua:
2584 2438 2902 2494 continent.
2938 2436 3101 2492 Unde
3151 2441 3209 2492 et
3252 2438 3616 2496 subinfertur
3648 2458 3660 2497 :

2018 2555 2046 2585 «ι
2078 2535 2145 2589 Et
2175 2534 2355 2605 portae
2384 2529 2555 2584 inferi
2587 2545 2705 2583 non
2737 2526 3129 2600 praevalebunt
3159 2527 3437 2584 adversus
3466 2544 3617 2586 eam.
3636 2552 3664 2580 η

2016 2624 2122 2680 Per
2150 2625 2348 2694 portas
2377 2618 2545 2674 inferi
2562 2617 2620 2672 in
2639 2617 2747 2672 hoc
2763 2616 2887 2672 loco
2909 2616 3234 2671 doctrinam
3256 2615 3663 2675 haereticorum

2015 2710 2276 2782 accipere
2307 2704 3246 2780 possumus,quasuosauditores
3276 2704 3333 2760 in
3368 2704 3662 2762 infernum

2016 2815 2182 2856 ruere
2214 2796 2567 2853 facit.Portas
2585 2810 2720 2866 ergo
2752 2792 2920 2847 inferi
2953 2796 3154 2847 contra
3178 2792 3661 2867 Ecolesiam,quaa

2016 2905 2193 2962 super
2220 2885 2515 2943 Christum
2551 2882 2794 2937 fundata
2819 2884 2927 2948 est,
2954 2897 3069 2935 non
3098 2881 3427 2953 praevalent,
3444 2883 3583 2955 quia
3598 2882 3664 2939 li-

2017 2983 2105 3035 cet
2133 2976 2467 3049 frequenter
2494 2971 2725 3044 pulsata
2747 2971 2824 3026 sit
2845 2969 3347 3041 persccutionibus
3366 2971 3663 3027 haeretico-

2016 3069 2381 3132 rum,tamen
2411 3079 2445 3117 a
2472 3061 2587 3117 ﬁde
2618 3058 2906 3115 catholica
2933 3057 3093 3113 evelli
3130 3075 3241 3112 non
3259 3059 3464 3131 potuit.
3484 3060 3665 3117 Aliter

2017 3159 2217 3230 portas
2249 3150 2595 3219 inferi,vitia
2622 3152 2679 3203 et
2707 3151 2944 3221 peccata
2971 3145 3292 3218 intelligere
3322 3165 3659 3220 possumus,

2022 3243 2221 3318 qualia
2247 3239 2560 3314 Apostolus
2591 3239 3030 3304 commemorat,
3049 3234 3281 3291 dicens:
3310 3259 3331 3285 ι
3355 3237 3665 3294 Manifesta

2015 3338 2157 3392 sunt
2185 3349 2360 3405 Opera
2389 3328 2742 3398 carnis,quas
2771 3328 2909 3381 sunt
2928 3324 3253 3394 fornicatio,
3267 3329 3324 3380 et
3339 3325 3433 3381 his
3447 3326 3662 3382 similia

2017 3424 2164 3498 (Gal.
2196 3422 2283 3493 v):
2310 3441 2337 3471 »
2359 3436 2486 3492 qua:
2519 3421 2669 3473 recte
2696 3418 2877 3488 portaa
2908 3412 3078 3469 inferi
3110 3413 3508 3483 nominantur,
3523 3416 3664 3488 quia

2017 3515 2076 3569 in
2109 3529 2173 3568 se
2204 3510 2636 3583 perseverantes
2667 3504 2738 3560 ad
2776 3504 3071 3559 infernum
3121 3502 3477 3576 dimergunt,
3510 3502 3664 3561 sicut

2015 3602 2171 3659 idem
2184 3597 2495 3673 Apostolus
2506 3593 2822 3658 concludit,
2838 3592 3059 3648 dicens:
3075 3614 3102 3641 ‹‹
3118 3591 3403 3655 Quoniam
3418 3592 3516 3665 qui
3529 3592 3666 3649 talia

2017 3694 2218 3764 agunt,
2251 3702 2498 3760 regnum
2530 3685 2628 3741 Dei
2659 3700 2774 3739 non
2806 3681 3662 3753 consequentum-Portmenim

2016 3778 2186 3836 inferi
2209 3795 2323 3833 non
2343 3773 2741 3849 praevalebunt
2764 3772 3043 3827 adversus
3058 3769 3399 3836 Ecclesiam,
3416 3771 3667 3844 qualiter

2017 3868 2111 3925 his
2141 3867 2299 3923 vitiis
2329 3868 2386 3920 et
2413 3861 2666 3936 peccatis
2697 3860 2862 3916 electi
2891 3858 3103 3915 tentari
3125 3859 3375 3931 possint,
3393 3860 3663 3916 tamenin

2017 3958 2111 4014 his
2133 3971 2321 4027 usque
2353 3953 2425 4009 ad
2456 3953 2630 4007 ﬁnem
2658 3965 3028 4022 perseverare
3056 3948 3348 4004 nesciunt.
3371 3950 3487 4005 Aut
3507 3950 3665 4005 enim

2019 4051 2335 4116 antequam
2366 4041 2674 4096 vincantur
2700 4038 2962 4104 vincunt,
2996 4041 3097 4091 aut
3126 4040 3259 4108 post
3288 4035 3521 4109 lapsum
3551 4038 3665 4095 cito

2018 4151 2122 4208 per
2151 4128 2544 4207 paenitentiam
2575 4130 2848 4199 surgunt,
2856 4127 3026 4197 juxta
3042 4125 3199 4196 quod
3221 4125 3507 4181 Dominus
3526 4127 3665 4182 alibi

2019 4222 2138 4280 ait:
2173 4243 2201 4271 «
2233 4217 2438 4276 Omnis
2486 4217 2586 4289 qui
2616 4216 2772 4271 venit
2802 4216 2873 4271 ad
2904 4229 3017 4279 me,
3049 4216 3107 4269 et
3154 4212 3319 4269 audit
3366 4228 3667 4272 sermones

2019 4328 2205 4376 meos,
2238 4314 2296 4365 et
2327 4307 2464 4363 facit
2492 4323 2611 4373 eos,
2643 4304 2835 4359 dicam
2865 4302 3030 4358 vobis
3052 4301 3143 4357 cui
3175 4298 3387 4357 similis
3416 4305 3505 4357 est
3536 4319 3549 4358 :
3586 4302 3664 4357 si-

2020 4400 2178 4457 milis
2203 4402 2295 4455 est
2318 4394 2541 4452 homini
2568 4392 2874 4451 aediﬁcanti
2908 4392 3171 4463 domum,
3195 4391 3295 4463 qui
3331 4389 3474 4446 fodit
3497 4389 3555 4446 in
3590 4389 3668 4445 al-

2018 4493 2146 4546 tum
2181 4487 2390 4559 (Matth.
2422 4486 2544 4554 vn),
2580 4506 2608 4533 n
2641 4488 2747 4538 etc.

2089 4602 2115 4629 ‹‹
2148 4578 2219 4634 Et
2265 4576 2369 4632 tibi
2424 4574 2574 4629 dabo
2610 4572 2799 4628 claves
2845 4571 3007 4643 regni
3057 4569 3356 4626 caalorum.
3393 4590 3422 4619 »
3469 4568 3667 4626 Claves

2016 4665 2181 4740 regni
2210 4664 2486 4721 cmlorum
2510 4660 2655 4717 nihil
2689 4659 2867 4726 aliud,
2902 4659 3017 4715 nisi
3047 4658 3268 4733 ligandi
3303 4662 3361 4715 et
3404 4658 3665 4715 solvendi

2017 4758 2364 4830 potestatem
2395 4752 2748 4825 signiﬁcant.
2782 4750 2947 4806 Sicut
2976 4749 3133 4804 enim
3164 4747 3339 4804 clavis
3366 4748 3437 4802 ad
3467 4747 3576 4802 hoc
3605 4746 3665 4802 in

2018 4845 2168 4902 ostio
2197 4842 2456 4916 ponitur,
2490 4844 2556 4895 ut
2585 4839 2757 4895 amici
2790 4838 3164 4911 recipiantur,
3184 4836 3437 4892 extranei
3466 4840 3664 4891 autem

2018 4931 2433 4990 excludantur:
2454 4929 2538 4985 sic
2554 4928 2777 5002 ligandi
2801 4932 2976 5001 atque
2993 4926 3251 4982 solvendi
3267 4928 3526 4997 potestas
3534 4924 3664 4996 jus-

2014 5027 2107 5079 tos
2135 5019 2632 5093 recipit,injustos
2659 5033 2793 5073 vero
2825 5004 3099 5073 excludit.
3117 5015 3195 5071 De
3224 5029 3342 5086 qua
3369 5014 3661 5070 subditur:

2016 5134 2044 5162 «
2080 5112 2147 5167 Et
2169 5109 2569 5182 quodcunque
2599 5106 2868 5178 ligaveris
2898 5096 3075 5185 super
3102 5107 3341 5173 terram,
3372 5125 3399 5151 ››
3430 5107 3539 5158 etc.
3558 5102 3663 5159 Ubi

2008 5196 2621 5261 considerandum,vir
2639 5194 2750 5250 iste
2781 5194 2920 5264 quia
2947 5187 3111 5271 tanta
3139 5190 3472 5248 humilitate
3500 5209 3666 5249 voca-

2009 5291 2126 5357 tur,
2158 5287 2229 5342 ad
2262 5288 2543 5358 quantam
2576 5282 2823 5356 gloriam
2855 5283 2934 5337 sit
2964 5276 3305 5355 perductus,
3337 5280 3476 5354 quia
3505 5281 3661 5336 enim

2008 5375 2223 5433 relictis
2273 5372 2548 5429 omnibus
2616 5371 2911 5427 (hristum
2990 5370 3407 5426 ardentissimo
3467 5388 3663 5427 amore

2011 5469 2245 5521 secutus
2307 5465 2415 5523 est,
2473 5461 2545 5516 ad
2609 5464 2835 5516 tantum
2901 5460 3309 5517 celsitudinem
3376 5458 3658 5531 pervenit,

2012 5556 2077 5609 ut
2105 5552 2227 5607 vice
2256 5550 2357 5606 Dei
2389 5549 2779 5621 quorumdam
2813 5555 3045 5622 peccata
3077 5549 3353 5613 relaxare,
3377 5562 3659 5618 quorum-

2013 5641 2149 5699 dam
2193 5640 2370 5696 etiam
2451 5637 2701 5694 retinere
2766 5643 2985 5712 posset.
3031 5639 3146 5695 Nec
3194 5641 3387 5693 tamen
3448 5637 3657 5705 putan-
