4060 6178
432 315 562 401 ’763

1005 332 1414 397 HAYMONIS
1459 329 2002 393 HALBEItSTAT.
2052 328 2298 394 EPISC.
2345 330 2516 394 OPP.
2563 333 2763 396 PARS
2807 334 2983 397 lI.—
3013 330 3280 398 HOMIL.

3680 333 3775 402 764

445 471 588 528 dum
612 473 720 537 est,
736 467 890 542 quod
923 467 1113 526 solum
1145 466 1314 524 beato
1348 466 1512 524 Petro
1544 464 1664 524 haec
1687 465 2089 540 potestasdata
2117 462 2172 530 Α
2201 462 2738 537 pulchreDominus
2755 483 2934 541 grano
2951 463 3126 524 tritici
3149 465 3778 543 comparatur,quiasicut

445 565 554 629 est,
587 560 684 618 sed
719 559 870 616 sicut
901 576 1055 616 unus
1086 575 1189 631 pro
1229 558 1503 614 omnibus
1535 556 1862 630 respondit:
1887 558 2012 613 a'l‘u
2031 572 2094 612 es

445 650 710 708 Christus
742 647 925 705 Filius
959 649 1053 704 Dei
1086 648 1220 713 vivi,
1257 670 1284 697 »
1317 648 1397 702 ita
1429 646 1487 701 in
1520 663 1637 702 uno
1670 662 1874 702 omnes
1892 647 2093 702 audie-

446 745 618 798 runt:
652 762 679 790 «
716 739 1114 810 Quodcunque
1145 736 1412 809 ligaveris
1444 752 1624 807 super
1647 740 1884 802 terram,
1906 740 2094 792 netre-

445 829 626 902 liqua.
646 826 809 885 Unde
838 843 970 882 cum
995 829 1123 898 post
1155 825 1637 881 resurrectionem
1673 825 1950 880 Dominus
1973 825 2092 881 dis-

447 916 657 992 cipulis
673 915 796 972 suis
827 914 1106 987 Spiritum
1132 919 1397 970 sanctum
1414 913 1689 983 dedisset,
1707 914 1984 970 omnibus
1999 930 2093 986 ge-

447 1005 718 1063 neraliter
747 1004 825 1059 ait
854 1022 866 1059 :
892 1027 917 1052 ‹‹
951 1005 1208 1069 Quorum
1242 1003 1584 1059 remiseritis
1614 1007 1868 1074 peccata,
1887 1003 2090 1059 remit-

445 1099 651 1152 tuntur
681 1092 954 1148 eis.»Nec
986 1091 1174 1148 solum
1207 1091 1484 1164 apostolis
1514 1091 1636 1146 haec
1669 1095 1924 1164 potestas
1953 1091 2092 1148 data

444 1187 552 1250 est,
587 1181 686 1237 sed
719 1179 895 1236 etiam
929 1179 1218 1253 episcopis
1249 1185 1304 1234 et
1334 1179 1755 1246 sacerdotibus,
1789 1179 1890 1252 qui
1937 1197 2089 1235 nunc

441 1289 642 1328 eorum
675 1271 938 1324 ordinem
974 1269 1032 1325 in
1066 1268 1322 1324 Ecclesia
1344 1269 1618 1335 retinent,
1648 1273 1704 1324 et
1736 1267 2086 1340 ligandisol-

441 1360 1086 1432 vendiquepotcstalem
1110 1358 1347 1414 habent.
1370 1357 1531 1413 Unde
1545 1359 1602 1414 in
1617 1358 1740 1430 lege
1753 1358 1822 1413 de
1842 1356 2087 1430 leprosis

443 1448 765 1522 figuraliter
794 1447 1144 1520 praecipitur,
1164 1450 1226 1502 ut
1257 1447 1304 1502 si
1323 1446 1456 1519 quis
1485 1446 1646 1519 lepra
1668 1464 1983 1520 percussus
2001 1462 2088 1501 es-

441 1542 548 1606 set,
564 1538 897 1593 ostenderet
925 1555 985 1592 se
1017 1535 1319 1604 sacerdoti,
1347 1541 1404 1592 et
1434 1537 1505 1591 ad
1527 1537 1653 1606 ejus
1677 1536 1969 1607 judicium
1987 1538 2089 1590 aut

441 1627 746 1698 ejiceretur
775 1630 936 1682 extra
965 1632 1176 1692 castra,
1211 1630 1314 1681 aut
1345 1624 1700 1696 reciperetur
1735 1643 1746 1682 :
1784 1642 1897 1679 non
1929 1625 2085 1696 quod

441 1715 870 1789 ipseleprosum
897 1716 1201 1780 mundare,
1218 1719 1319 1769 aut
1333 1714 1682 1769 mundatum
1697 1713 2087 1786 leprosumfa-

2205 554 2263 608 in
2296 556 2571 612 omnibus
2593 557 2841 613 annonis
2867 556 3011 612 nihil
3039 557 3326 613 frumento
3351 556 3778 629 pulchrius,nihil

2203 647 2292 698 est
2323 643 2725 701 delectabilius
2750 645 2860 701 :itu
2891 646 3014 718 ipse
3036 661 3238 701 omnes
3266 649 3544 701 creaturas
3570 647 3777 716 excellit,

2203 733 2342 804 quia
2373 731 2515 788 nihil
2549 749 2615 790 eo
2648 735 2906 802 suavius,
2942 733 3085 790 nihil
3119 732 3343 790 dulcius
3373 733 3655 790 invenitur.
3676 737 3778 794 Sive

2201 826 2356 878 certe
2370 839 2550 895 grano
2584 822 2860 879 frumenti
2879 827 3266 896 comparatur,
3283 822 3416 894 quia
3433 822 3676 880 alimento
3686 844 3782 882 cor-

2201 909 2358 982 poris
2391 915 2446 967 et
2475 913 2780 984 sanguinis
2812 913 2904 968 sui
2937 911 3196 967 ﬁdelium
3229 911 3450 968 animas
3481 912 3664 968 reﬁcit.
3682 914 3782 986 Ipse

2200 998 2356 1055 enim
2389 999 2471 1056 ait
2500 1001 2557 1055 in
2590 1000 2898 1074 Evangelia
2933 1017 2946 1056 :
2981 1024 3007 1050 «
3044 1000 3160 1073 Ego
3191 1017 3321 1056 sum
3351 1000 3511 1072 panis
3537 1001 3680 1058 vivus
3702 1005 3780 1076 qui

2198 1089 2269 1144 de
2299 1087 2442 1145 ccelo
2472 1089 2744 1146 descendi
2778 1089 2961 1162 (Joan.
2995 1091 3159 1160 v1).‘»
3191 1089 3259 1144 Et
3314 1087 3518 1144 iterum
3551 1105 3563 1143 :
3596 1111 3618 1136 α
3645 1090 3780 1148 Panis

2200 1195 2372 1250 quem
2403 1195 2508 1252 ego
2539 1179 2770 1247 dedero,
2805 1196 2937 1234 caro
2970 1195 3100 1234 mea
3128 1182 3236 1244 est,
3270 1195 3371 1250 pro
3401 1177 3582 1233 seaculi
3623 1180 3736 1233 vita.
3759 1202 3781 1228 η

2197 1268 2267 1324 Et
2292 1266 2462 1324 alibi:
2489 1291 2515 1318 «
2540 1267 2684 1324 Caro
2717 1284 2847 1324 mea
2875 1283 3006 1322 vere
3037 1270 3126 1322 est
3146 1266 3404 1332 cibus,et
3419 1266 3784 1339 sanguismeus

2196 1373 2328 1412 vere
2357 1360 2446 1412 est
2472 1361 2645 1430 potus
2678 1356 2884 1428 (Ibid).
2924 1379 2949 1404 ››
2982 1354 3290 1412 Praemisso
3322 1358 3509 1412 autem
3559 1357 3782 1427 mysterio

2197 1463 2314 1502 suae
2347 1447 2657 1519 passionis,
2685 1464 2819 1502 mox
2849 1447 2920 1502 ad
2951 1445 3344 1502 constantiam
3378 1443 3623 1516 martyrii
3649 1443 3783 1500 disci-

2196 1535 2364 1608 pulos
2395 1554 2532 1592 snos
2565 1537 2854 1603 hortatur,
2886 1535 3088 1591 dicens
3121 1552 3134 1590 :

2268 1648 2295 1675 «
2329 1626 2433 1692 Qui
2467 1629 2626 1681 amat
2665 1626 2924 1681 animam
2977 1641 3172 1690 suam,
3204 1623 3406 1696 perdet
3448 1639 3589 1691 eam,
3617 1627 3666 1677 et
3705 1623 3783 1695 qui

2195 1737 2223 1764 ‹‹
2257 1715 2377 1769 odit
2399 1715 2655 1770 animam
2688 1731 2856 1770 suam
2890 1713 2947 1768 in
2979 1712 3089 1769 hoc
3119 1713 3439 1780 mundo,in
3469 1713 3632 1768 vitam
3657 1717 3786 1767 eter-

439 1821 566 1861 cere
597 1808 812 1878 posset,
829 1805 927 1860 sed
949 1804 1088 1876 quia
1106 1803 1177 1858 ad
1197 1802 1587 1859 ministerium
1612 1801 1797 1874 ipsius
1818 1803 2082 1858 saeerdo-
2113 1837 2160 1901 Β
2195 1826 2222 1852 ‹‹
2259 1821 2394 1858 nam
2426 1803 2681 1859 custodit
2738 1819 2887 1859 eam.
2925 1826 2949 1851 ιι
2983 1803 3194 1858 Anima
3250 1803 3309 1857 in
3363 1799 3674 1872 Scripturis,
3703 1799 3784 1854 ali-

438 1893 516 1949 tis
548 1893 816 1965 pertinet,
835 1896 900 1948 ut
929 1892 1223 1948 discernat
1245 1891 1400 1947 inter
1428 1889 1650 1962 lepram
1683 1893 1738 1945 et
1766 1889 2082 1962 lepram,id
2115 1889 2158 1901 ”
2194 1892 2774 1965 quandointeriorem
2790 1889 3525 1959 hominem,idestvitalem
3539 1889 3784 1962 spiritum,

437 1987 550 2050 est,
581 1983 730 2036 inter
761 1985 1060 2053 peccatum
1094 1981 1286 2052 majus
1317 1984 1372 2035 et
1403 1979 1618 2035 minus.
1645 1979 1809 2035 Hunc
1843 1995 2084 2036 sensum

439 2071 670 2144 require
695 2069 754 2126 in
785 2069 1097 2143 Evangelio
1127 2069 1186 2125 in
1218 2073 1417 2125 octava
1446 2067 1700 2124 Pascha.

1034 2210 1331 2267 HOMILIA
1367 2209 1461 2263 IV.

744 2317 813 2356 DE
853 2314 1066 2356 SANCTO
1107 2316 1424 2355 LAURENTIO
1468 2316 1767 2354 MARTYlhﬁo

509 2429 700 2498 (Jom.
732 2428 856 2494 xu.)
887 2448 914 2475 «
948 2429 1013 2480 In
1055 2423 1154 2480 illo
1203 2429 1483 2497 tempore,
1517 2423 1865 2496 loquebatur
1909 2425 2084 2480 Jesus

445 2541 464 2567 α
495 2533 627 2572 eum
659 2513 963 2587 discipulis
994 2513 1194 2569 suisin
1215 2512 2083 2585 parabolis:Amen,amendico

442 2629 469 2656 ‹‹
503 2605 687 2669 vobis,
718 2603 834 2659 nisi
864 2620 1114 2677 granum
1147 2601 1421 2658 frumenti
1443 2602 1733 2658 cadensin
1769 2607 2084 2658 terramar-

442 2717 470 2746 «
485 2699 651 2750 tuum
667 2693 893 2750 fuerit.»
910 2693 978 2748 Et
996 2691 1239 2764 reliqua.
1256 2691 1606 2748 Hortaturus
1619 2691 1903 2748 Dominus
1916 2689 2085 2746 disci-

439 2783 608 2857 pulos
633 2784 704 2840 ad
739 2781 1106 2855 martyrium,
1126 2797 1243 2836 suae
1271 2779 1562 2854 passionis
1590 2780 1921 2852 exemplum
1946 2797 2085 2851 prae-

440 2873 699 2942 misit,ut
727 2876 888 2928 tanto
919 2871 1119 2926 minus
1150 2887 1253 2942 pro
1274 2870 1401 2941 ejus
1433 2871 1668 2925 nomine
1698 2873 1943 2925 mortem
1963 2869 2081 2940 pati

438 2963 731 3029 timerent,
765 2965 984 3034 quanto
1024 2959 1084 3014 in
1137 2958 1246 3014 hoc
1303 2975 1473 3031 opere
1517 2957 1766 3015 caelestis
1819 2957 2082 3031 magistri

440 3051 764 3108 imitatores
796 3049 1158 3106 exsisterent.
1174 3047 1267 3104 Ait
1297 3048 1452 3104 enim
1471 3065 1483 3104 :
1499 3071 1527 3097 «
1547 3050 1749 3116 Amen,
1767 3063 1934 3104 amen
1954 3045 2082 3102 dico

436 3139 624 3207 vobis,
643 3163 669 3190 ››
683 3137 740 3196 et
751 3139 1064 3213 reliqua.ln
1081 3138 1298 3211 quibus
1318 3138 1510 3195 verbis
1523 3137 1930 3226 intelligimus,
1945 3135 2083 3210 quia

438 3229 724 3288 Dominus
764 3229 822 3284 in
855 3228 1243 3285 similitudine
1296 3226 1463 3300 grani
1511 3226 1785 3282 frumenti
1819 3209 2079 3298 seipsum
2112 3209 2154 3276 C

437 3321 578 3376 dicit
609 3319 1080 3375 mortificandum
1131 3320 1187 3371 et
1237 3315 1792 3389 multiplicandum:
1831 3316 2078 3371 mortiﬁ-

437 3409 712 3476 candum,
765 3409 822 3462 in
867 3405 1209 3461 infidelitate
1247 3405 1582 3461 Judaeorum
1618 3422 1631 3461 :
1684 3404 2079 3478 multiplican-

438 3499 601 3562 dum,
636 3497 692 3551 in
727 3497 838 3550 fide
869 3495 1133 3550 omnium
1168 3494 1715 3566 populorum.Quod
1749 3511 1864 3549 non
1887 3492 2079 3548 solum

437 3584 689 3650 facilius,
723 3584 821 3638 sed
855 3583 1031 3638 etiam
1064 3583 1320 3655 apertius
1365 3582 1684 3654 intelligere
1741 3598 2080 3654 possumus,

438 3674 488 3729 si
511 3671 811 3744 superiora
834 3671 1013 3742 hujus
1031 3670 1325 3742 Evangelii
1348 3687 1663 3743 parumper
1683 3671 2076 3726 attendamus.

435 3763 626 3834 Supra
673 3760 830 3815 enim
878 3759 1074 3816 retulit
1123 3757 1510 3831 Evangelista,
1544 3760 1683 3830 quia
1731 3759 2081 3832 praedicante

436 3850 681 3907 Domino
720 3847 1135 3920 Hierosolymis
1176 3848 1232 3902 in
1275 3847 1369 3903 die
1417 3847 1584 3917 festo,
1615 3852 1782 3904 erant
1838 3849 2079 3920 quidam

436 3936 819 4012 gentiles,qui
849 3941 1128 3992 venerant
1158 3937 1401 3993 adorare
1440 3936 1498 3992 in
1523 3937 1849 3993 Jerusalem
1873 3938 1959 3994 :hi
1993 3954 2082 3993 ac-

436 4030 737 4083 cesserunt
767 4025 834 4080 ad
869 4023 1224 4097 Philippum,
1245 4024 1346 4098 qui
1381 4031 1504 4080 erat
1528 4043 1562 4081 a
1591 4027 1900 4082 Bethsaida
1921 4027 2082 4084 Gali-

433 4115 574 4182 laeaa,
606 4120 660 4170 et
689 4113 960 4170 dixerunt
985 4114 1034 4169 ei
1072 4131 1084 4170 ε
1123 4136 1150 4164 ‹‹
1180 4113 1443 4181 Domine,
1465 4113 1736 4170 volumus
1766 4115 1958 4171 videre
1985 4117 2079 4172 Je-

436 4220 588 4260 sum.
625 4225 653 4273 )3
686 4202 858 4257 Venit
885 4201 1192 4276 Philippus
1235 4207 1292 4259 et
1338 4203 1486 4258 dixit
1530 4205 1790 4259 Andreae.
1825 4205 2080 4262 Andreas

435 4309 671 4349 rursum
689 4295 746 4348 et
774 4291 1080 4364 Philippus
1113 4293 1387 4347 dixerunt
1406 4292 1755 4348 Jesu.Jesus
1778 4297 1972 4350 autem
1993 4312 2082 4351 re-

435 4381 731 4454 spondens
760 4380 903 4436 dixit
934 4381 1042 4436 eis:
1067 4403 1093 4430 ‹‹
1110 4379 1281 4436 Venit
1298 4381 1438 4436 hora
1454 4384 1518 4435 ut
1539 4380 1887 4438 clariﬁcetur
1902 4382 2081 4439 Filius

435 4470 712 4526 hominis.
748 4491 775 4518 »
808 4471 886 4524 Ac
917 4469 1126 4525 deinde
1157 4469 2079 4541 subjunxit:«Amen,amendico

2194 1982 2507 2054 signiﬁcat,
2539 1979 2854 2054 aliquando
2885 1986 3232 2054 praesentem
3273 1980 3468 2035 vitam.
3502 1977 3785 2034 lnteriorem

2191 2069 2669 2138 hominem,sicut
2682 2069 2964 2127 Dominus
2976 2069 3146 2126 dicit:
3164 2092 3192 2120 ‹‹
3209 2068 3359 2135 Quid
3373 2064 3784 2141 prodesthomini

2193 2159 2242 2216 si
2269 2164 2460 2215 totum
2482 2160 2771 2215 mundum
2794 2158 3070 2228 lucretur,
3091 2158 3304 2214 animae
3324 2161 3512 2213 autem
3529 2173 3634 2213 sua:
3649 2154 3786 2210 detri-

2194 2253 2458 2304 mentum
2493 2248 2968 2320 patiatur(Matth.
3001 2247 3161 2316 xvr)?
3193 2271 3213 2296 ιν
3254 2249 3592 2303 Praesentem
3621 2243 3786 2308 vitam,

2193 2337 2344 2393 sicut
2373 2336 2513 2393 alibi
2543 2335 2656 2392 ait:
2681 2360 2700 2385 ι
2723 2337 2926 2392 Nonne
2957 2337 3157 2392 anima
3188 2335 3328 2408 plus
3359 2338 3448 2391 est
3474 2349 3636 2407 quam
3662 2347 3785 2398 esca,

2192 2430 2247 2481 et
2276 2443 2489 2498 corpus
2518 2425 2652 2498 plus
2683 2442 2862 2498 quam
2883 2425 3304 2481 vestimentum
3321 2423 3348 2479 ?
3368 2446 3394 2473 n
3413 2422 3586 2496 (Ιὸίά.)
3605 2419 3786 2494 Ergoin

2190 2515 2299 2570 hoc
2328 2513 2454 2570 loco
2480 2513 2686 2570 anima:
2720 2513 2954 2570 nomine
2975 2517 3328 2586 presentem
3346 2511 3518 2567 vitam
3541 2510 3783 2582 designat,

2191 2621 2325 2660 eum
2358 2603 2722 2671 dicituerui
2744 2606 2904 2658 amat
2931 2602 3192 2658 animam
3228 2618 3421 2667 suam,
3439 2600 3787 2673 perdeteam.»

2192 2693 2337 2750 Mira
2366 2696 2560 2749 autem
2595 2709 2686 2748 res
2735 2696 2842 2760 est,
2877 2696 2941 2747 ut
2988 2691 3248 2746 amando
3287 2691 3483 2746 anima
3531 2691 3718 2761 pereat,
3743 2688 3787 2739 et

2192 2782 2438 2838 odiendo
2469 2781 2528 2836 in
2560 2781 2668 2837 hoe
2699 2781 3014 2847 mundo,in
3048 2780 3228 2836 vitam
3256 2783 3523 2835 aeternam
3544 2773 3788 2832 custodia-

2190 2877 2306 2926 tur.
2341 2872 2504 2926 Tunc
2527 2871 2682 2927 enim
2717 2875 2979 2926 nostram
3011 2869 3276 2926 animam
3311 2869 3454 2924 bene
3500 2867 3722 2926 odimus,
3747 2867 3792 2917 et

2192 2960 2438 3016 odiendo
2463 2959 2850 3027 custodimus,
2887 2959 3121 3032 quando
3151 2959 3288 3030 ejus
3318 2955 3635 3014 carnalibus
3661 2953 3790 3008 desi-

2191 3049 2368 3107 deriis
2381 3048 2856 3118 contradicimus,
2871 3049 3000 3120 ejus
3012 3048 3342 3120 appetitum
3357 3046 3676 3120 frangimus.
3690 3043 3791 3114 ejus

2191 3139 2565 3212 passionibus
2597 3137 2975 3205 reluctamur,
2993 3141 3050 3193 et
3080 3137 3137 3192 in
3169 3135 3597 3210 comparatione
3623 3133 3790 3189 futura

2193 3229 2319 3287 vita:
2350 3231 2691 3302 praesentem
2725 3225 2904 3282 vitam
2927 3244 3023 3299 p.o
3047 3224 3232 3282 nihilo
3251 3226 3518 3282 ducimus
3538 3222 3688 3280 :illud
3701 3217 3791 3276 sol-

2188 3317 2342 3375 licite
2373 3317 2825 3382 considerantes,
2853 3317 3006 3388 quod
3033 3316 3320 3372 Dominus
3350 3315 3503 3371 ait:«
3522 3313 3577 3369 Si
3595 3311 3791 3385 quisve-

2189 3408 2275 3464 nit
2306 3408 2378 3463 ad
2409 3424 2519 3473 me,
2553 3413 2610 3462 et
2641 3422 2756 3462 non
2784 3405 2906 3461 odit
2932 3409 3156 3477 patrem
3188 3421 3372 3460 suum
3401 3407 3457 3460 et
3497 3405 3716 3459 matrem
3750 3399 3793 3452 et

2190 3513 2448 3563 uxorem,
2473 3494 2626 3550 filios
2657 3498 2714 3550 et
2744 3494 2969 3562 fratres,
3004 3499 3060 3550 et
3091 3510 3390 3557 sorores,»
3423 3491 3602 3548 adhuc
3629 3492 3786 3544 autem

2190 3590 2246 3643 et
2275 3585 2532 3640 animam
2565 3600 2758 3652 suam,
2777 3607 2802 3633 ‹‹
2822 3600 2934 3637 non
2959 3586 3148 3655 potest
3169 3599 3302 3638 esse
3333 3598 3497 3638 meus
3517 3574 3793 3649 discipulus

2191 3675 2340 3747 (Luc.
2374 3673 2511 3743 xxv).
2552 3696 2578 3721 n
2612 3671 2831 3728 Taliter
2862 3670 3076 3727 Paulus
3105 3670 3372 3726 animam
3407 3686 3568 3725 suam
3610 3666 3790 3722 oderat.

2189 3780 2324 3819 cum
2357 3761 2585 3818 dicebat
2617 3779 2630 3816 :
2664 3783 2691 3809 ‹‹
2728 3759 2842 3832 Ego
2873 3763 3068 3815 autem
3101 3776 3218 3814 non
3253 3758 3446 3816 solum
3480 3749 3789 3829 alligari,sed

2189 3852 2363 3908 etiam
2394 3849 2542 3906 mori
2568 3852 2806 3922 paratus
2839 3865 2970 3904 sum
3005 3849 3064 3903 in
3091 3847 3423 3904 Jerusalem
3457 3863 3554 3920 pro
3599 3840 3792 3898 nomine

2193 3939 2418 3996 Domini
2455 3938 2635 3994 nostri
2668 3937 2808 3992 Jesu
2856 3935 3071 3992 Christi
3102 3938 3242 4003 (Act.
3277 3938 3418 4008 xxi).
3447 3958 3471 3984 »
3504 3935 3618 3990 Non
3664 3928 3789 3987 enim

2191 4029 2336 4085 facio
2369 4028 2626 4083 animam
2660 4041 2853 4081 meam
2886 4024 3256 4098 pretisiorem
3291 4043 3469 4098 quam
3513 4040 3616 4079 me.
3647 4021 3704 4076 Et
3743 4020 3792 4070 ut

2189 4119 2300 4175 hoc
2321 4117 2475 4190 quod
2492 4115 2745 4171 dicimus
2769 4115 2942 4170 etiam
2962 4113 3357 4187 simpliciores
3373 4111 3675 4185 intelligere
3691 4119 3791 4180 p09-

2193 4209 2332 4276 sint,
2348 4206 2490 4261 libet
2507 4205 2732 4276 aliquos
2750 4203 2822 4258 ad
2856 4202 3119 4259 medium
3138 4204 3448 4269 deducere,
3464 4202 3559 4274 qui
3577 4197 3793 4255 odientes

2191 4297 2450 4353 animam
2475 4309 2643 4350 suam
2666 4297 3031 4359 amaverunt,
3047 4298 3101 4348 et
3113 4293 3261 4348 alios
3286 4293 3386 4366 qui
3414 4283 3794 4353 amantes,odio

2191 4385 2545 4441 habuerunt.
2587 4381 2761 4437 Verbi
2793 4381 2999 4455 gratia,
3033 4382 3256 4437 dictum
3303 4387 3395 4438 est
3445 4375 3792 4455 quibusdam:

2190 4476 2271 4530 Ad
2281 4477 2437 4530 orate
2450 4470 2625 4538 idola,
2641 4469 2902 4542 alioquin
2917 4470 3350 4527 interﬁciemini
3362 4472 3456 4525 .At
3469 4468 3563 4524 illo
3581 4464 3795 4520 odientes

435 4559 660 4626 vobis,»
685 4561 742 4613 et
771 4557 1128 4630 reliqua.Qui
1151 4574 1286 4630 ergo
1313 4573 1379 4613 ex
1402 4557 1674 4630 gentibus
1696 4576 1757 4614 se
1777 4559 1966 4615 videre
1987 4560 2083 4616 de-
2115 4577 2161 4643 D
2192 4563 2448 4619 animam
2479 4577 2671 4628 suam,
2704 4559 2762 4614 id
2795 4563 2886 4616 est
2917 4563 3264 4632 presentem
3295 4559 3476 4615 vitam
3506 4572 3602 4628 pro
3623 4545 3796 4643 pili“?

440 4646 837 4702 siderantibus
860 4646 1076 4701 dixitzct
1104 4646 1275 4700 Venit
1297 4646 1438 4701 hora
1460 4651 1525 4701 ut
1545 4645 2086 4705 clariﬁceturFilius
2115 4637 2152 4643 ⁷
2197 4652 2497 4715 ducentes,
2531 4649 2590 4704 in
2622 4652 2870 4704 mortem
2901 4647 3159 4721 corporis
3179 4647 3528 4711 inciderunt,
3548 4641 3638 4697 sed
3659 4637 3721 4692 ad
3738 4637 3798 4686 vi-

437 4735 752 4802 hominis,»
768 4751 832 4789 ac
845 4733 1054 4790 deinde
1069 4735 1392 4806 subjunxit:
1411 4758 1438 4784 ‹‹
1453 4735 1656 4802 Amen,
1674 4751 1839 4792 amen
1855 4737 1982 4794 dico
1995 4755 2088 4793 vo-

437 4825 528 4880 bis
550 4843 564 4880 :
587 4822 699 4879 nisi
731 4839 982 4896 granum
1015 4823 1290 4878 frumenti
1323 4825 1536 4879 cadens
1566 4823 1625 4880 in
1655 4828 1891 4893 terram,
1912 4832 2082 4895 »etc.,

439 4913 701 4969 ordinem
747 4931 864 4968 suae
915 4911 1204 4985 passionis
1248 4913 1501 4985 profecto
1559 4913 1896 4982 insinuavit,
1949 4913 2088 4986 quia

440 5001 604 5072 prius
635 5002 1078 5058 mortiﬁcandus
1109 5006 1288 5057 erata
1315 5001 1556 5068 Judaeis,
1575 5006 1632 5057 et
1661 5009 1861 5074 postea
1877 5004 2086 5075 prazdi-

441 5089 662 5144 candus
678 5089 1132 5162 gentibus.Nam
1159 5092 1286 5162 ejus
1319 5106 1530 5146 nomen
1563 5095 1722 5146 tanto
1756 5092 1942 5163 magis
1964 5109 2084 5148 cre-

442 5176 555 5230 scit
588 5176 643 5231 in
677 5178 788 5232 ﬁde
818 5179 1198 5244 credentium,
1221 5183 1438 5252 quanto
1472 5195 1576 5250 per
1603 5184 1847 5235 mortem
1883 5181 1938 5236 in
1957 5198 2086 5253 per—

445 5262 582 5317 fidia
609 5265 945 5320 Judzeorum
969 5272 1056 5322 est
1073 5268 1445 5322 exstinctum.
1463 5268 1575 5323 Nec
1594 5268 1899 5342 indignum
1915 5270 2089 5326 debet

445 5351 828 5424 Redemptore
859 5360 1054 5410 nostro
1087 5356 1286 5422 videri,
1309 5357 1429 5412 siin
1451 5361 1756 5429 assumpta
1786 5357 2089 5414 humanite

443 5457 626 5516 grano
659 5441 933 5496 frumenti
967 5449 1356 5516 comparetur,
1391 5446 1447 5500 in
1496 5463 1613 5517 qua
1655 5447 1829 5502 etiam
1873 5447 2088 5503 vilibus

444 5529 742 5586 vermibus
757 5529 1138 5597 assimilatur,
1155 5533 1440 5604 sicutipse
1459 5550 1560 5605 per
1572 5534 1910 5606 prophetam
1927 5537 2084 5592 dicit:

517 5643 544 5668 «
581 5618 695 5692 Ego
728 5636 859 5678 sum
885 5619 1098 5676 vermis
1129 5627 1184 5677 et
1215 5638 1327 5678 non
1363 5621 1536 5678 homo
1580 5623 1751 5695 (Psal.
1787 5625 1922 5697 χχι).
1958 5648 1984 5676 ››
2023 5627 2090 5682 Et

2196 4746 2317 4796 tam
2351 4738 2558 4794 anima
2589 4741 2975 4810 pervenerunt
3030 4736 3257 4793 Dictum
3291 4740 3383 4792 est
3439 4733 3607 4790 etiam
3649 4724 3796 4810 aliis:

2194 4829 2442 4884 Adorate
2479 4809 2930 4897 idola,alioquin
2961 4822 3516 4880 interﬁciemini.llli
3547 4809 3799 4875 veromale

2197 4921 2464 4974 amantes
2506 4916 2763 4971 animam
2812 4930 3004 4981 suam,
3038 4913 3095 4968 id
3131 4918 3221 4968 est
3272 4915 3610 4984 praesentem
3654 4903 3797 4958 vitam

2195 5006 2678 5070 adoraverunt,et
2707 5007 2953 5058 mortem
2978 5005 3322 5074 perpetuam
3355 4997 3701 5056 invenerunt.
3715 4990 3800 5046 Ta-

2195 5095 2327 5150 liter
2356 5094 2564 5150 beatus
2591 5091 2936 5147 Laurentius
2966 5089 3345 5162 levita,cujus
3371 5087 3541 5146 hodie
3563 5079 3796 5141 festivita-

2195 5188 2311 5239 tem
2342 5181 2615 5248 colimus,
2649 5180 2909 5235 animam
2941 5196 3111 5235 suam
3142 5179 3364 5246 oderat,
3399 5184 3455 5233 et
3484 5170 3710 5232 odiendo
3752 5165 3797 5217 in

2195 5273 2373 5327 vitam
2405 5275 2678 5326 aeternam
2707 5269 3097 5334 custodiebat,
3115 5267 3351 5341 quando
3379 5263 3636 5338 expensis
3653 5251 3798 5313 facul-

2197 5360 2415 5416 tatibus
2437 5357 2698 5414 Ecclesisa
2731 5361 2965 5430 propter
2994 5375 3205 5414 nomen
3237 5356 3468 5412 Domini
3502 5347 3669 5408 nostri
3687 5345 3800 5400 Jesu

2197 5447 2408 5502 Christi
2437 5446 2495 5500 in
2543 5446 2820 5501 craticula
2863 5447 3108 5518 positus,
3145 5443 3548 5502 crudelissimo
3595 5441 3800 5509 tyranno

2198 5536 2466 5593 dicebat:
2505 5558 2532 5585 »
2562 5535 2837 5590 Assatum
2870 5539 2977 5602 est,
3003 5535 3128 5607 jam
3176 5551 3343 5592 versa
3373 5536 3432 5588 et
3464 5526 3748 5586 manduca,
3779 5535 3799 5562 »

2199 5640 2336 5680 nam
2369 5621 2670 5680 tacultates
2699 5621 2986 5691 Ecclesia,
3021 5639 3168 5696 quas
3197 5621 3468 5694 requiris,
3493 5618 3547 5672 in
3577 5610 3802 5668 calestes
