4060 6178
339 338 458 399 765

1595 336 1947 398 IiOMIle‘E
1988 335 2089 397 DE
2135 333 2481 397 SANCTIS.

3636 335 3754 397 766

339 472 648 530 thesauros
694 487 908 528 manus
941 485 1262 544 pauperum
1311 466 1780 542 deportaverunt.
1813 466 1995 543 Cujus
2024 470 2077 537 Α
2106 469 2298 524 virum
2322 485 2434 524 non
2459 468 2790 542 cognosco?
2814 492 2841 521 »
2865 465 3015 543 (Luc.
3041 467 3105 543 ι.)
3132 469 3190 526 id
3218 473 3326 536 est,
3353 486 3426 528 ne
3449 483 3754 545 cognosce-

337 567 534 620 autem
552 561 878 618 imitatores
896 561 952 615 in
972 561 1243 632 passione
1260 560 1380 616 sint
1396 561 1994 632 martyres,Dominus

341 652 681 708 manifestat
711 666 844 707 cum
878 651 1018 705 dicit
1046 668 1058 704 :
1085 649 1192 703 «Si
1225 650 1358 722 quis
1390 649 1535 704 mihi
1568 650 1884 716 ministrat,
1901 667 1995 704 me

337 763 370 792 ‹‹
398 745 697 813 sequatur.
727 763 754 790 »
775 739 951 811 Sequi
975 739 1130 794 enim
1154 737 1467 794 Dominum
1490 737 1710 793 imitari
1726 738 1997 805 est,sicut

339 829 466 904 ipse
496 829 634 885 alibi
665 829 841 884 dicit:
871 851 898 877 «
928 828 1035 891 Qui
1067 827 1190 882 vult
1219 828 1414 882 venire
1445 832 1577 900 post
1608 843 1720 895 me,
1750 827 1998 899 abneget

339 919 725 990 semetipsum
758 920 816 972 et
842 915 1008 972 tollat
1037 932 1271 970 crucem
1303 932 1495 982 suam,
1515 919 1572 970 et
1592 919 1873 988 sequatur
1904 933 1996 971 me

340 1008 556 1078 (Matth.
583 1007 719 1077 XVI).
751 1027 780 1055 ››
810 1006 879 1061 Et
908 1004 1119 1060 iterum
1147 1023 1159 1060 :
1189 1026 1216 1055 «
1241 1004 1348 1069 Qui
1369 1021 1484 1060 non
1507 1004 1732 1075 bajulat
1761 1021 1992 1060 crucem

337 1112 533 1162 suam,
566 1099 624 1150 et
651 1093 811 1150 venit
858 1098 991 1166 post
1040 1110 1152 1159 me,
1187 1111 1301 1149 non
1356 1097 1444 1148 est
1473 1110 1566 1148 me
1597 1093 1812 1166 dignus
1842 1095 1991 1162 (Luc.

335 1184 481 1255 xxv).
502 1205 531 1234 ››
551 1182 745 1238 Variis
763 1182 919 1238 enim
945 1182 1134 1236 modis
1159 1181 1357 1237 ﬁdeles
1383 1181 1612 1237 Christo
1634 1181 1991 1238 ministrant.

335 1272 455 1329 Alii
484 1273 629 1327 bene
659 1271 925 1336 dicendo,
960 1275 1026 1325 ut
1054 1270 1418 1326 confessores
1444 1297 1457 1340 ;
1483 1270 1580 1326 alii
1609 1288 1712 1343 pro
1742 1272 1870 1342 ejus
1899 1288 1996 1327 no-

340 1361 501 1416 mine
525 1359 846 1427 moricndo,
871 1364 935 1414 ut
956 1364 1240 1428 martyres
1263 1377 1276 1426 ;
1301 1358 1398 1415 alii
1415 1360 1575 1430 juste
1597 1359 1994 1433 eleemosynas

335 1449 675 1520 tribuendo,
697 1451 761 1503 ut
781 1447 980 1504 ﬁdeles
997 1447 1149 1503 laici.
1172 1448 1280 1502 Sed
1305 1448 1404 1520 qui
1427 1448 1656 1504 Christo
1677 1449 1992 1516 ministrat,

335 1537 642 1596 Christum
673 1537 845 1593 debet
874 1536 1061 1608 sequi.
1081 1537 1228 1600 Quia
1249 1536 1403 1592 sicut
1420 1536 1674 1594 Joannes
1695 1537 1996 1610 apostolus

336 1628 429 1684 ait
462 1645 474 1682 :
510 1646 540 1676 ‹‹
568 1626 674 1690 Qui
704 1625 849 1681 dicit
879 1642 942 1680 se
973 1625 1031 1680 in
1076 1625 1307 1681 Christo
1355 1642 1610 1694 manere,
1644 1627 1814 1682 debet
1845 1627 1998 1683 sicut

338 1715 442 1772 ille
465 1713 870 1780 ambulavit,et
890 1715 1013 1786 ipse
1038 1713 1340 1769 ambulare
1363 1715 1408 1786 (1
1421 1717 1576 1770 Joan.
1599 1715 1679 1786 ιι).
1710 1738 1736 1765 ››
1753 1715 1994 1780 Qualem

335 1808 539 1860 autem
573 1803 1101 1859 remunerationem
1124 1820 1228 1874 pro
1253 1802 1353 1857 tali
1377 1803 1701 1860 imitatione
1731 1804 1992 1877 recipiat,
2027 1840 2076 1905 Β

335 1893 471 1965 ipse
502 1891 778 1958 declarat,
813 1907 944 1946 cum
979 1891 1287 1963 subjungit
1319 1909 1331 1946 :

418 2005 445 2031 «
479 1981 546 2034 Et
578 1980 677 2035 ubi
708 1995 813 2052 ego
843 1995 1000 2043 sum,
1049 1978 1132 2033 ibi
1182 1983 1240 2033 et
1285 1978 1556 2035 minister
1604 1997 1770 2036 meus
1807 1982 1933 2036 erit.
1973 2004 1993 2031 ι

334 2070 491 2136 Quid
525 2067 780 2141 amplius
813 2072 1004 2140 potest
1034 2069 1298 2140 promitti
1331 2067 1488 2123 fideli
1515 2068 1999 2142 ministro,quam

331 2162 412 2214 ut
431 2162 724 2213 mereatur
745 2173 874 2214 esse
895 2173 1029 2213 cum
1053 2156 1298 2213 Domino
1317 2174 1444 2223 suo,
1474 2174 1579 2214 nec
1597 2158 1787 2215 solum
1809 2161 2002 2216 videre

329 2247 472 2318 ejus
501 2246 953 2312 humanitatem,
975 2246 1077 2300 sed
1099 2245 1275 2301 etiam
1309 2246 1690 2318 contemplari
1713 2247 1900 2320 ipsius
1922 2249 2004 2304 di-

327 2336 663 2392 vinitatem.
701 2335 872 2390 Unde-
895 2338 952 2389 et
983 2335 1259 2390 subditur
1291 2353 1303 2390 :

363 2454 368 2455 ν
419 2448 444 2472 α
481 2425 537 2480 Si
570 2424 705 2497 quis
749 2423 895 2478 mihi
947 2422 1384 2491 ministraverit,
1418 2424 1830 2481 honorificabit
1867 2442 2001 2482 eum

335 2537 364 2563 ι
411 2513 576 2568 Pater
605 2529 773 2568 meus
804 2512 902 2585 qui
927 2516 1016 2567 est
1047 2512 1104 2567 in
1137 2511 1318 2568 caelis.
1347 2535 1374 2561 n
1403 2513 1819 2570 Honoriﬁcabit
1841 2515 2006 2570 Pater

331 2602 682 2657 ministrum
701 2601 851 2666 Filii,
871 2602 1272 2673 quoniam‘pro
1299 2601 1453 2656 fideli
1479 2603 1802 2660 ministerio
1823 2605 2002 2661 vitam

331 2696 618 2746 mternam
653 2690 952 2756 retribuet,
989 2690 1189 2746 dicens
1223 2709 1234 2746 :
1270 2713 1298 2739 ‹‹
1332 2691 1510 2764 Euge,
1565 2709 1728 2748 serve
1772 2694 1919 2749 bone
1949 2700 2006 2751 et

331 2779 535 2835 ﬁdelis
564 2779 772 2847 (Matth.
796 2781 950 2847 xxv),
981 2801 1007 2828 η
1041 2783 1096 2833 et
1123 2778 1367 2851 reliqua.
1395 2781 1464 2835 Et
1490 2784 1633 2836 tunc
1665 2781 2006 2854 implebitur

331 2867 530 2924 oratio
547 2867 858 2923 Salvatoris
879 2886 892 2923 :
913 2890 940 2916 ‹‹
961 2869 1149 2934 Pater,
1173 2869 1249 2924 da
1270 2872 1335 2923 ut
1353 2868 1502 2924 sicut
1520 2885 1626 2942 ego
1648 2874 1704 2925 et
1729 2875 1790 2926 tu
1819 2889 2004 2927 unum

334 2973 578 3024 sumus,
599 2957 681 3012 ita
710 2961 766 3011 et
793 2956 892 3012 isti
926 2956 986 3010 in
1018 2956 1186 3012 nobis
1218 2974 1403 3014 unum
1430 2958 1548 3013 sint
1569 2960 1747 3030 (Joan.
1770 2961 1910 3032 xvn)
1938 2980 1949 3017 :
1979 2984 2006 3011 »

336 3062 467 3100 non
501 3043 829 3116 aequalitate
860 3049 1103 3113 natura,
1137 3047 1236 3101 sed
1295 3046 1735 3119 participatione
1785 3049 2003 3122 gloria.

2104 574 2224 614 rem
2247 559 2530 630 disposui.
2553 563 2684 632 Ipsa
2701 560 2760 614 in
2787 559 3123 617 haereditate
3145 560 3375 616 Domini
3395 565 3618 616 morata
3642 565 3749 629 est,

2105 664 2230 719 qua
2263 665 2378 702 non
2406 649 2697 720 peccando
2724 666 2756 703 a
2783 649 3053 719 passione
3079 649 3311 705 Domini
3342 648 3628 716 discessit,
3651 650 3750 704 sed

2104 736 2389 806 integram
2411 753 2579 792 suam
2603 738 2860 792 animam
2888 755 2921 792 a
2941 737 3428 810 concupiscentia,
3449 741 3506 793 et
3523 753 3753 793 carnem

2105 842 2138 880 a
2163 824 2532 898 corruptione
2559 843 2818 892 servans,
2840 826 3026 898 portio
3053 825 3408 882 hareditatis
3429 824 3530 882 Dei
3556 825 3758 881 effecta

2104 917 2212 978 est,
2233 917 2477 969 cantans
2505 931 2638 969 cum
2667 914 2972 986 Propheta,
2998 919 3055 970 et
3082 915 3280 970 dicens
3308 933 3362 970 :u
3394 914 3620 970 Etenim
3647 914 3758 969 ha-

2106 1003 2322 1059 reditas
2354 1019 2484 1058 mea
2515 1003 2790 1075 praclara
2837 1008 2924 1059 est
2970 1004 3114 1059 mihi
3164 1005 3331 1076 (Psal.
3366 1005 3476 1072 xv).
3515 1027 3542 1053 »
3573 1004 3756 1075 Cujus

2106 1108 2362 1164 personae
2397 1094 2702 1148 convenire
2733 1093 2962 1148 videtur
2992 1093 3145 1166 quod
3179 1093 3446 1164 sequitur
3478 1111 3492 1148 :

2176 1205 2203 1231 ‹‹
2236 1183 2398 1237 Tunc
2430 1181 2701 1254 praecepit
2732 1186 2786 1236 et
2815 1182 2962 1237 dixit
3016 1181 3160 1237 mihi
3193 1181 3430 1238 Creator
3466 1181 3753 1250 omnium,

2109 1291 2136 1321 ‹‹
2159 1275 2215 1326 et
2239 1271 2336 1342 qui
2367 1272 2582 1326 creavit
2608 1287 2721 1340 me,
2751 1271 3033 1343 requievit
3064 1272 3120 1326 in
3149 1271 3520 1327 tabernaculo
3549 1288 3696 1328 meo.
3731 1294 3751 1320 »

2105 1360 2246 1426 Quis
2268 1363 2462 1415 autem
2485 1360 2721 1415 Creator
2745 1359 3008 1415 omnium
3036 1361 3364 1416 credendus
3391 1360 3757 1428 sit,Joannes

2105 1449 2162 1503 in
2193 1448 2500 1521 Evangelio
2527 1448 2801 1515 declarat,
2823 1448 3074 1520 quicum
3099 1449 3338 1506 dixisset
3363 1467 3375 1506 :
3407 1472 3434 1499 «
3460 1450 3521 1505 In
3549 1449 3758 1522 princi-

2105 1537 2200 1608 pio
2224 1541 2346 1592 erat
2364 1537 2642 1603 Verbum,
2657 1540 2715 1592 et
2735 1537 2990 1592 Verbum
3014 1542 3137 1593 erat
3159 1539 3312 1610 apud
3334 1538 3539 1606 Deum,
3562 1561 3588 1587 »
3607 1539 3759 1611 adje-

2106 1625 2212 1680 cit:
2235 1649 2260 1673 ‹‹
2283 1625 2492 1680 Omnia
2508 1642 2609 1696 per
2623 1624 2818 1697 ipsum
2839 1625 2988 1680 facta
3004 1629 3163 1687 sunt.
3179 1629 3233 1680 et
3251 1625 3378 1680 sine
3395 1625 3520 1698 ipso
3541 1626 3757 1681 factum

2105 1718 2195 1769 est
2221 1713 2367 1769 nihil
2395 1715 2569 1786 (Joan.
2600 1715 2661 1784 ι).
2691 1736 2718 1763 ››
2749 1715 2820 1768 Et
2846 1714 3059 1770 David:
3089 1739 3116 1763 «
3146 1714 3355 1770 Omnia
3380 1714 3439 1770 in
3471 1714 3762 1786 sapientia

2109 1803 2290 1858 fecisti
2312 1805 2423 1874 (Ps.
2451 1807 2590 1871 cm).
2614 1824 2640 1851 ››
2662 1803 2773 1858 Iste
2795 1803 2975 1875 igitur
2997 1802 3232 1859 Creator
3251 1804 3516 1860 omnium
3545 1803 3603 1858 in
3631 1805 3761 1876 ejus

2109 1890 2486 1947 tabernaculo
2509 1891 2810 1962 requievit,
2828 1892 3062 1963 quando
3078 1891 3333 1947 Verbum
3356 1893 3453 1948 Dei
3481 1909 3583 1965 per
3603 1894 3758 1964 quod

2110 1980 2309 2036 omnia
2341 1979 2494 2034 facta
2520 1983 2676 2045 sunt,
2704 1984 2768 2034 ut
2797 1978 2972 2035 homo
3002 1995 3174 2034 verus
3207 1981 3388 2047 ﬁeret,
3414 1981 3568 2035 intra
3594 1980 3763 2052 virgi-

2111 2067 2204 2123 nis
2237 2071 2466 2123 uterum
2501 2085 2734 2123 carnem
2769 2067 3045 2140 suscepit.
3073 2068 3435 2140 Quapropter
3463 2072 3652 2123 cesset
3679 2067 3762 2122 la-

2110 2163 2263 2213 trare
2281 2158 2730 2213 Manichaorum
2758 2157 3025 2212 haretico
3052 2157 3332 2230 grunnitu
3361 2157 3759 2230 praesumptio,

2112 2245 2212 2319 qui
2239 2246 2365 2302 ausi
2393 2249 2531 2300 sunt
2551 2245 2740 2301 dicere
2755 2245 3054 2301 Christum
3081 2263 3149 2300 ex
3176 2246 3399 2318 virgine
3423 2263 3620 2302 veram
3647 2263 3762 2302 non

2112 2335 2511 2406 assumpsisse
2539 2351 2796 2390 carnem.
2831 2335 2997 2390 chat
3026 2339 3222 2390 autem
3255 2335 3384 2406 ipsa
3405 2335 3506 2390 Dei
3538 2335 3766 2408 sapien-

2111 2424 2194 2479 tia
2222 2424 2281 2480 in
2316 2440 2566 2496 persona
2596 2424 2854 2496 Virginis
2885 2441 2896 2478 :
2924 2446 2950 2474 ‹‹
2975 2423 3081 2488 Qui
3108 2423 3323 2479 creavit
3349 2441 3463 2490 me,
3484 2423 3768 2496 requievit

2113 2513 2172 2568 in
2208 2512 2579 2568 tabernaculo
2632 2530 2779 2579 meo,
2813 2515 2868 2567 et
2912 2512 3055 2567 dixit
3087 2512 3252 2583 mihi,
3287 2511 3346 2568 in
3388 2513 3566 2570 Jacob
3600 2513 3764 2570 inha-

2114 2602 2234 2656 bita
2259 2606 2316 2656 et
2347 2602 2404 2655 in
2439 2600 2614 2656 Israel
2646 2601 3010 2656 hareditare.
3048 2623 3076 2649 »ι
3105 2601 3282 2656 Jacob
3316 2601 3414 2672 qui
3445 2603 3766 2673 supplanta-

2115 2698 2198 2745 tor
2251 2691 2686 2761 interpretatur,
2720 2688 2956 2744 illorum
3011 2688 3303 2761 signiﬁcat
3353 2689 3630 2758 actiones,
3665 2691 3764 2761 qui

2115 2784 2180 2834 ut
2201 2779 2260 2834 in
2286 2778 2600 2834 virtutibus
2627 2777 2834 2832 anima
2862 2777 3138 2850 proficere
3159 2776 3407 2844 valeant,
3426 2776 3668 2832 viriliter
3691 2778 3770 2832 vi-

2114 2867 2326 2924 tiorum
2360 2866 2761 2921 blandimenta
2790 2865 3035 2921 calcant.
3057 2865 3118 2921 In
3151 2865 3268 2920 illis
3299 2882 3434 2938 ergo
3466 2865 3642 2922 habet
3667 2865 3767 2922 Dei

2117 2955 2404 3029 sapientia
2434 2953 2854 3015 habitaculum,
2877 2953 2974 3026 qui
3006 2954 3148 3008 vitia
3177 2952 3766 3026 supplantantes,hoc

2083 3041 2334 3100 'habent
2361 3045 2418 3098 in
2445 3060 2638 3116 opere,
2662 3043 2816 3115 quod
2841 3043 3019 3098 Jacob
3047 3042 3242 3113 signat
3266 3043 3322 3097 in
3348 3043 3769 3099 nomine.Sicut

336 3135 435 3190 Ad
469 3150 644 3205 quam
677 3150 784 3189 nos
814 3135 1103 3190 adducam
1132 3135 1426 3207 dignetur,
1457 3136 1555 3207 qui
1590 3153 1722 3192 cum
1755 3138 1920 3194 Patre
1950 3145 2009 3196 et
2119 3134 2242 3205 ipse
2273 3133 2412 3188 dicit
2446 3151 2457 3188 :
2496 3154 2523 3183 ‹‹
2556 3134 2622 3187 Et
2653 3131 2990 3186 inhabitabo
3025 3130 3082 3185 in
3115 3132 3255 3198 illis,
3286 3136 3344 3186 et
3388 3131 3767 3188 inambulabo

334 3221 566 3294 Spiritu
597 3226 799 3277 sancto
828 3221 965 3277 vivit
995 3227 1052 3278 et
1084 3227 1288 3296 regnat
1312 3223 1371 3278 in
1397 3224 1607 3281 sacula
1628 3226 1996 3297 saculorum,
2036 3208 2079 3275 (ἶ
2112 3224 2187 3288 (II
2216 3223 2337 3278 Cor.
2365 3222 2465 3292 vr).
2498 3245 2524 3271 ››
2553 3219 2731 3276 Israel
2752 3237 2885 3276 vero
2914 3219 3068 3276 idem
3092 3220 3271 3275 Jacob
3301 3219 3628 3292 appellatus
3654 3225 3761 3288 est,

334 3314 554 3368 Amen.

974 3426 1276 3483 HOMILIA
1313 3427 1382 3482 V.

487 3533 544 3572 IN
583 3532 970 3572 SOLEMNlTATE
1009 3533 1320 3573 PERPETU/E
1356 3533 1607 3572 VIRGINIS
1647 3535 1863 3575 MARIE.

334 3624 523 3678 Lectio
552 3623 684 3678 libri
710 3623 1098 3687 Ecclesiastici,
1131 3623 1379 3678 omnibus
1407 3625 1560 3694 festis
1608 3624 1798 3682 diebus
1830 3627 2003 3684 beata

780 3711 1002 3782 Virgini
1029 3710 1222 3766 dicatis
1251 3713 1572 3767 communis.

423 3842 633 3914 (Eccm.
677 3844 853 3913 xxxv.)
886 3866 914 3892 «
949 3844 1034 3898 Ab
1066 3844 1233 3899 initio
1265 3847 1320 3899 et
1366 3847 1498 3900 ante
1547 3845 1760 3902 sacula
1811 3852 2003 3903 creata

335 3956 368 3982 «
403 3948 555 3997 sum,
577 3936 633 3986 et
653 3948 839 4003 usque
857 3932 927 3986 ad
948 3933 1210 3987 futurum
1231 3931 1510 3988 saculum
1529 3951 1644 3989 non
1663 3936 1948 3992 desinam.
1971 3959 1999 3986 ››

335 4021 416 4076 Et
439 4018 680 4091 reliqua.
699 4020 988 4075 Lectionis
1014 4020 1194 4092 hujus
1216 4021 1561 4092 capitulum,
1582 4025 1742 4095 quod
1763 4041 1832 4079 ex
1854 4025 2001 4082 libro

334 4107 654 4179 Sapientia
673 4112 975 4180 sumptum
1001 4109 1392 4180 cognoscitur,
1413 4111 1740 4181 specialiter
1764 4111 1999 4169 laudem

332 4200 573 4252 aeterna
620 4197 943 4268 sapientia,
975 4214 1077 4269 per
1121 4214 1295 4269 quem
1349 4199 1546 4254 omnia
1594 4204 1787 4256 creata
1839 4207 1997 4274 sunt,

332 4286 756 4341 commendare
780 4285 1025 4342 videtur.
1043 4287 1152 4342 Sed
1177 4287 1298 4343 hac
1325 4287 1609 4359 particula
1637 4307 1671 4344 a
1695 4289 1999 4346 catholicis

333 4378 401 4429 et
419 4373 662 4429 eruditis
687 4372 956 4429 Patribus
977 4374 1038 4429 in
1058 4375 1426 4432 solemnitate
1453 4382 1740 4449 perpetua
1755 4377 1999 4452 virginis

335 4460 646 4527 Maria,de
677 4479 795 4534 qua
822 4463 1025 4518 eadem
1059 4465 1159 4520 Dei
1191 4465 1478 4538 sapientia
1508 4482 1742 4523 carnem
1773 4485 1999 4525 assum-

2113 3316 2426 3384 postquam
2457 3309 2730 3382 angelum
2763 3326 3068 3381 superans,
3095 3310 3274 3365 Deum
3306 3308 3500 3364 videre
3529 3310 3764 3365 meruit.

2114 3401 2273 3456 Unde
2303 3399 2508 3456 merito
2540 3401 2628 3454 vir
2672 3400 2859 3455 videns
2889 3403 3065 3456 Deum
3112 3398 3548 3470 interpretatur.
3583 3399 3767 3471 Igitur

2112 3495 2244 3561 post
2261 3489 2793 3561 supplantationem
2810 3487 3102 3554 vitiorum,
3120 3488 3190 3542 ad
3211 3486 3764 3560 contemplationem

2112 3579 2212 3634 Dei
2236 3579 2482 3634 tendens
2499 3577 2716 3640 anima,
2732 3575 3041 3630 hareditas
3059 3575 3309 3630 efﬁcitur
3326 3575 3426 3630 Dei
3444 3576 3766 3648 sapientia,

2109 3667 2169 3722 id
2199 3673 2288 3723 est
2316 3666 2552 3731 Christi,
2573 3667 2744 3737 juxta
2772 3663 2914 3719 illud
2953 3664 3214 3736 Apostoli
3244 3682 3256 3720 :
3287 3687 3314 3714 «
3344 3665 3616 3721 Haredes
3645 3663 3769 3737 qui-

2110 3758 2243 3813 dem
2298 3755 2419 3823 Dei,
2452 3755 2782 3810 coharedes
2837 3758 3034 3808 autem
3083 3753 3297 3809 Christi
3353 3755 3527 3826 (Rom.
3559 3754 3702 3822 vni).
3739 3776 3766 3803 ››

2108 3846 2358 3901 Jubetur
2379 3843 2764 3899 nihilominus
2785 3842 2919 3897 etin
2951 3829 3150 3898 electis
3181 3841 3411 3898 mittere
3440 3843 3686 3910 radices,
3707 3842 3764 3898 id

2110 3937 2198 3989 est
2227 3933 2646 4005 cogitationum
2674 3947 2914 3986 suarum
2942 3931 3169 3986 semina
3199 3930 3430 3986 illorum
3464 3931 3764 3987 mentibus

2109 4021 2338 4078 occulta
2359 4021 2744 4092 inspiratione
2765 4019 3098 4087 immittere,
3133 4036 3282 4090 quos
3313 4020 3472 4075 novit
3502 4020 3759 4076 fructum

2109 4110 2246 4166 boni
2278 4109 2468 4180 operis
2516 4107 2862 4179 germinare.
2897 4107 3020 4162 Non
3074 4123 3210 4179 ergo
3250 4107 3309 4161 in
3341 4108 3626 4178 reprobis,
3660 4109 3762 4164 sed

2110 4199 2167 4254 in
2199 4196 2397 4254 electis
2454 4195 2677 4250 radices
2730 4195 2934 4260 mittit,
2966 4194 3027 4249 in
3084 4211 3332 4266 quorum
3377 4193 3652 4250 cordibus
3684 4196 3764 4252 ita

2108 4286 2403 4344 radicibus
2430 4284 2794 4358 spiritalibus
2825 4285 2980 4339 bona
3008 4283 3226 4356 ligatur
3253 4282 3546 4351 voluntas,
3573 4288 3638 4338 ut
3667 4301 3764 4339 an-

2105 4383 2343 4449 tequam
2375 4376 2445 4430 ad
2481 4373 2835 4429 maturitatis
2857 4374 3112 4428 fructum
3138 4371 3450 4444 perveniat,
3472 4389 3588 4428 non
3611 4389 3764 4428 ares-

2107 4471 2261 4522 cant.
2279 4466 2389 4521 Sed
2413 4465 2510 4537 qui
2535 4464 2709 4519 modo
2737 4466 2943 4518 euntes
2966 4467 3022 4518 et
3041 4463 3244 4518 flentes
3271 4461 3514 4516 mittunt
3534 4461 3763 4518 semina

334 4550 484 4640 psit.
501 4551 570 4605 ad
597 4550 906 4640 legendum
933 4554 1201 4609 ordinata
1225 4558 1334 4610 est.
1353 4554 1547 4610 Potest
1572 4572 1706 4628 pars
1733 4559 1997 4628 quadam
2029 4575 2076 4640 D
2108 4573 2234 4620 sua,
2268 4555 2328 4609 in
2361 4555 2554 4609 furore
2597 4553 2916 4616 venientes,
2950 4551 3182 4608 venient
3210 4567 3343 4606 cum
3375 4550 3762 4607 exsultatione

331 4638 504 4694 illius
529 4656 641 4694 non
670 4639 991 4713 incongrue
1011 4643 1200 4698 eidem
1225 4643 1325 4698 Dei
1349 4644 1614 4714 genitrici
1639 4647 1846 4718 aptari,
1869 4664 1995 4719 qua

332 4727 417 4783 ab
442 4727 570 4799 ipsa
594 4727 695 4783 Dei
722 4728 1008 4800 sapientia
1029 4729 1164 4786 talis
1191 4735 1383 4786 creata
1401 4736 1508 4802 est,
1530 4737 1594 4787 ut
1616 4749 1718 4806 per
1737 4733 1897 4791 illam
1926 4737 1998 4792 ad

333 4814 746 4872 redimendam
779 4816 1099 4874 humanam
1123 4823 1396 4876 naturam
1420 4822 1518 4877 Dei
1542 4821 1724 4878 Filius
1750 4823 1876 4879 sine
1895 4824 2000 4880 hu-

332 4920 517 4960 mana
547 4906 1024 4978 concupiscentia
1061 4913 1373 4965 crearetur.
1407 4910 1552 4974 Quid
1603 4910 1757 4966 enim
1791 4913 1995 4969 absur-

331 4993 505 5061 dum,
539 4994 765 5065 quodve
796 4996 1154 5051 contrarium
1186 5001 1296 5064 est,
1329 4997 1380 5054 si
1410 4997 1519 5053 hoc
1547 5000 1702 5070 quod
1737 5000 1816 5054 ait
1851 5019 1863 5056 :

416 5104 443 5128 «
476 5082 539 5136 ln
569 5081 845 5139 omnibus
877 5085 1140 5156 requiem
1192 5086 1431 5158 quasivi
1481 5091 1539 5143 et
1568 5087 1628 5143 in
1659 5088 1996 5146 hareditate

329 5195 361 5221 ‹‹
381 5169 614 5225 Domini
631 5171 921 5239 morabor,
942 5196 968 5221 ››
983 5173 1082 5229 Dei
1096 5174 1362 5246 genitrici
1377 5177 1684 5232 convenire
1697 5177 1995 5234 dicamus?

327 5258 472 5330 ipsa
500 5259 716 5331 quippe
735 5259 794 5314 in
817 5261 1092 5318 omnibus
1119 5263 1379 5334 requiem
1405 5264 1825 5338 quasivit,qua
1847 5270 1916 5323 ut
1935 5268 1992 5322 in

328 5346 540 5416 requie
592 5349 950 5420 sempiterna
997 5354 1222 5420 patrem
1266 5351 1523 5406 invenire
1554 5358 1769 5423 posset,
1805 5355 1995 5425 prima

327 5432 605 5489 omnium
636 5435 1030 5508 virginitatem
1054 5455 1222 5494 suam
1252 5441 1380 5495 sine
1403 5440 1879 5496 maculaservare
1901 5445 1995 5498 de-

324 5521 510 5592 vovit,
544 5522 697 5578 sicut
751 5525 958 5598 angelo
1010 5527 1262 5582 Gabrieli
1292 5528 1521 5583 Domini
1555 5529 1992 5601 conceptionem

327 5611 632 5670 nuntianti
661 5613 996 5684 respondit:
1024 5638 1050 5665 «
1076 5616 1376 5679 Quomodo
1400 5618 1498 5672 ﬁet
1517 5616 1696 5686 istud,
1714 5619 1992 5690 quoniam

2108 4648 2404 4716 portantes
2436 4640 2771 4713 manipulos
2802 4642 2975 4713 (Psal.
3004 4641 3191 4710 cxxv),
3216 4645 3348 4708 etc.,
3377 4658 3410 4695 a
3440 4640 3536 4712 pio
3560 4640 3761 4712 judice

2109 4731 2414 4789 audientes
2443 4750 2454 4787 :
2489 4755 2515 4779 ‹‹
2549 4729 2771 4796 Venite,
2791 4729 3082 4785 benedicti
3113 4728 3300 4784 Patria
3330 4728 3465 4797 mei,
3487 4728 3760 4800 percipite

2108 4838 2353 4896 regnum
2386 4820 2538 4892 quod
2571 4819 2735 4875 vobis
2764 4823 3052 4890 paratum,
3089 4821 3196 4873 etc.
3242 4816 3464 4872 Esurivi
3495 4817 3672 4884 enim,
3704 4821 3762 4872 et

2107 4911 2351 4967 dedistis
2383 4909 2528 4964 mihi
2564 4908 2916 4963 manducare
2941 4907 3154 4979 (Matth.
3183 4905 3338 4976 xxv),
3369 4926 3396 4955 »
3425 4909 3532 4960 etc.
3561 4906 3762 4978 Sequi-

2105 5006 2205 5054 tur
2242 5018 2254 5055 :

2183 5112 2203 5136 ι
2240 5089 2306 5143 Et
2335 5088 2418 5142 sic
2439 5087 2497 5140 in
2524 5087 2659 5141 Sion
2685 5086 2918 5140 firmata
2947 5100 3100 5151 sum,
3133 5088 3189 5137 et
3213 5084 3271 5138 in
3302 5083 3529 5138 civitate
3551 5083 3761 5138 sancti-

2104 5201 2131 5226 ‹‹
2164 5177 2335 5232 ficata
2363 5174 2635 5231 similiter
2667 5172 2939 5244 requievi,
2973 5177 3029 5227 et
3056 5172 3117 5227 in
3146 5171 3471 5228 Jerusalem
3499 5177 3758 5244 potestas

2107 5289 2135 5316 ‹‹
2168 5282 2314 5320 mea.
2353 5287 2380 5312 υ
2411 5265 2544 5317 Sion
2581 5263 2638 5317 in
2670 5263 2799 5334 ipsa
2828 5261 3153 5317 Jerusalem
3188 5262 3376 5334 posita
3402 5267 3641 5327 est,non
3672 5279 3759 5318 so—

2101 5354 2224 5408 lum
2248 5354 2317 5408 ad
2344 5352 2739 5407 defensionem
2766 5349 3064 5417 munitior,
3086 5351 3184 5406 sed
3210 5352 3384 5406 etiam
3409 5352 3480 5406 ad
3505 5358 3758 5408 contem-

2103 5443 2384 5516 plandum
2439 5440 2769 5504 sublimior,
2821 5440 2975 5495 unde
3024 5457 3279 5514 congrue
3332 5441 3614 5512 speculum
3667 5439 3756 5494 vel

2101 5532 2400 5605 speculatio
2423 5529 2855 5600 interpretatur.
2876 5528 3056 5599 Cujus
3077 5530 3335 5585 nominis
3353 5527 3754 5600 interpretatio

2104 5621 2373 5693 congruit
2390 5617 2676 5683 Ecclesia,
2693 5633 2824 5689 qua
2850 5634 2921 5674 ne
2938 5618 3320 5674 invisibilium
3339 5617 3597 5673 hostium
3619 5613 3754 5670 insi-
