4060 6178
419 287 536 351 767

978 286 1389 353 HAYMONIS
1433 288 1967 354 HALBERSTA'I‘.
2014 290 2259 357 EPISC.
2308 295 2479 360 OPP.
2529 298 2728 364 PARS
2773 299 2851 363 Il.
2882 334 2960 349 —
2989 299 3253 367 HOMIL.

3669 310 3771 379 ’168

417 424 532 486 diis
561 426 775 501 pateat,
798 422 1065 499 superior
1092 440 1196 498 per
1224 421 1485 497 spiritale
1513 423 1871 481 desiderium
1898 423 2062 497 petit,
2094 427 2142 495 Α
2176 425 2307 485 dem
2328 426 2650 501 devotione,
2669 447 2787 507 qua
2802 431 2977 492 vidua
2992 434 3595 512 Sareptanaquondam
3614 441 3769 506 Eliam

416 521 593 592 atque
612 516 871 573 cmlestia
890 532 994 588 per
1008 515 1222 571 mentis
1240 514 1590 570 munditiam
1614 514 2061 587 contemplatur,

416 624 592 663 orans
609 623 742 661 cum
762 605 1046 678 Propheta
1065 608 1123 661 et
1142 605 1341 661 dicens
1366 621 1378 658 :
1407 626 1435 653 «
1458 604 1595 659 Esto
1622 602 2060 671 mihi,Domine,

412 689 597 754 turris
628 694 989 751 fortitudinis
1020 694 1185 766 (Psal.
1214 697 1323 761 1.x).
1350 714 1378 741 »
1399 691 1613 748 Civitas
1634 697 1827 748 autem
1855 692 2067 749 sancti-

413 786 587 842 ficata
606 788 809 841 sancta
826 783 1080 839 Ecclesia
1105 786 1213 847 est,
1237 798 1364 852 quae
1396 782 1468 837 ab
1500 780 1599 838 illo
1630 781 1978 838 sanctificari
2000 798 2063 838 se

412 879 594 948 optat,
617 874 710 930 cui
743 873 1021 945 quotidie,
1047 872 1105 926 in
1130 870 1387 927 oratione
1408 872 1583 926 dicit:
1609 894 1637 921 «
1660 871 2064 927 Sanctificetur

412 981 626 1021 nomen
671 969 838 1019 tuum
888 963 1094 1030 (Matth.
1138 962 1281 1032 vm),
1328 983 1355 1010 »
1388 961 1769 1017 considerans
1817 960 2062 1017 sollicite

411 1051 869 1107 admonitionem
915 1049 1168 1115 Domini,
1216 1050 1466 1105 dicentis
1499 1066 1511 1103 :
1548 1072 1576 1099 «
1610 1049 1806 1104 Sancti
1852 1053 2058 1118 estote,

409 1140 550 1213 quia
576 1156 683 1212 ego
712 1143 951 1195 sanctus
982 1157 1113 1194 sum
1150 1144 1299 1195 Deus
1326 1143 1515 1195 vester
1541 1140 1686 1209 (Lev.
1711 1138 1809 1207 xl).
1840 1160 1865 1186 ι»
1893 1138 1952 1192 In
1986 1137 2063 1194 ci-

404 1231 579 1284 vitate
609 1246 745 1301 ergo
769 1228 1131 1285 sanctificata
1151 1229 1252 1283 Dei
1276 1227 1562 1299 sapientia
1583 1226 2062 1299 requiescit,quia

405 1321 465 1377 in
495 1319 730 1375 illorum
766 1318 1066 1373 mentibus
1110 1317 1442 1388 requiescit,
1476 1316 1573 1388 qui
1608 1315 2058 1372 sanctimoniam

405 1409 676 1481 diligunt.
710 1408 871 1471 Quod
916 1422 1048 1460 vero
1100 1406 1372 1461 subditur
1401 1423 1415 1462 :
1451 1428 1480 1454 «
1516 1406 1583 1460 Et
1628 1405 1687 1459 in
1720 1404 2057 1463 Jerusalem

404 1501 663 1572 potestas
695 1514 843 1552 mea.
870 1518 897 1544 ››
928 1496 1010 1551 Λᾶ
1045 1495 1150 1550 hoc
1182 1495 1451 1567 pertinet,
1472 1494 1611 1566 quia
1640 1494 1937 1566 quondam
1964 1511 2060 1566 po-

404 1590 671 1644 testatem
704 1586 764 1641 in
816 1585 1051 1641 illorum
1103 1584 1380 1640 cordibus
1430 1586 1605 1650 tenet,
1640 1584 1739 1655 qui
1771 1582 2056 1639 visionem

402 1676 619 1732 intimae
654 1674 815 1749 pacis
845 1678 966 1730 toto
998 1675 1207 1729 affectu
1240 1671 1513 1745 diligunt.
1550 1672 1831 1744 Sequitur
1862 1688 1875 1729 :

477 1788 506 1817 ‹‹
527 1766 601 1821 Et
628 1764 877 1821 radicavi
907 1763 966 1820 in
999 1762 1214 1835 pepulo
1246 1762 1647 1830 honoriﬁcato,
1680 1765 1738 1817 et
1766 1760 1826 1816 in
1858 1764 2051 1834 partes

402 1879 431 1906 ‹‹
454 1855 554 1912 Dei
573 1854 687 1910 mei
703 1853 1009 1910 hereditas
1026 1851 1205 1907 illius.
1230 1874 1257 1900 ι»
1274 1850 1560 1923 Populum
1577 1849 2048 1918 honorificatum,

401 1944 684 2018 populum
714 1942 858 1998 dicit
905 1946 1197 1997 sanctum.
1244 1940 1409 2007 Quia,
1447 1944 1512 1995 ut
1559 1939 1641 1994 ait
1686 1937 2048 2011 Apostolus:

407 2052 432 2082 α
446 2033 855 2101 Gloria,honor
869 2035 925 2087 et
941 2048 1051 2103 pax
1062 2030 1119 2085 in
1134 2045 1369 2086 omnem
1383 2028 1637 2085 animam
1654 2027 1910 2084 hominis
1923 2044 2054 2101 ope-

402 2123 592 2179 rantis
621 2122 842 2178 bonum
875 2121 1047 2189 (Rom.
1078 2123 1159 2189 ΙΙ).
1193 2141 1220 2167 ιι
1249 2119 1311 2174 In
1344 2118 1445 2174 tali
1476 2134 1613 2191 ergo
1644 2116 1858 2191 populo
1888 2118 2050 2173 radi-

401 2226 566 2269 casse
596 2211 829 2276 dicitur,
854 2209 953 2283 qui
985 2226 1100 2265 non
1131 2209 1273 2264 ﬂatu
1305 2206 1642 2263 tentationis
1674 2206 1831 2263 ﬂevit
1857 2205 2051 2262 favilla

400 2301 728 2375 rapiuntur,
751 2300 857 2355 sed
877 2298 1123 2354 firmiter
1142 2298 1198 2352 in
1223 2313 1418 2351 amore
1448 2295 1549 2351 Dei
1579 2295 1821 2352 radicati
1853 2312 2048 2368 perse-

395 2394 619 2456 verant,
632 2390 801 2461 juxta
829 2386 1287 2444 admonitionem
1308 2384 1589 2458 Apostoli,
1616 2385 1902 2441 dicentis:
1931 2406 1959 2435 «
1981 2387 2045 2441 In

398 2479 678 2536 charitate
698 2475 940 2533 radicati
962 2480 1015 2532 et
1039 2474 1288 2545 fundati,
1308 2478 1373 2529 ut
1402 2473 1641 2546 possitis
1670 2474 2046 2546 comprehen-

396 2569 532 2625 dere
561 2584 695 2625 cum
725 2566 1000 2623 omnibus
1030 2564 1268 2628 sanctis,
1305 2580 1433 2635 quae
1463 2563 1540 2619 sit
1568 2561 1892 2635 longitudo,
1913 2562 2043 2619 lati-

391 2658 534 2713 tudo
547 2661 607 2713 et
626 2655 961 2713 sublimitas
979 2658 1037 2711 et
1056 2653 1412 2727 profundum
1435 2653 1649 2725 (Ephes.
1673 2651 1777 2724 ιιι).
1806 2675 1833 2701 ››
1855 2652 2041 2725 Hujus

393 2745 575 2819 igitur
615 2745 813 2819 populi
865 2747 1058 2817 partes
1105 2742 1205 2798 Dei
1256 2740 1564 2798 hereditas
1611 2744 1722 2806 est,
1759 2741 1858 2814 qui
1911 2742 2040 2812 ejus

392 2835 577 2891 amori
610 2835 689 2890 nil
721 2836 1100 2906 anteponunt,
1120 2835 1177 2887 et
1206 2831 1264 2886 in
1287 2832 1418 2902 ejus
1437 2830 1873 2902 comparatione
1892 2830 2039 2887 nihil

391 2923 632 2979 charum
651 2920 1038 2987 mstimant,de
1051 2919 1269 2992 quibus
1285 2919 1344 2974 in
1363 2918 1486 2991 lege
1507 2918 1724 2975 dicitur
1743 2934 1756 2974 :
1782 2942 1810 2969 ‹‹
1834 2918 2038 2975 Tribui

391 3017 588 3068 autem
620 3009 750 3067 Levi
779 3026 896 3065 non
927 3008 1096 3065 dabis
1125 3008 1544 3075 hereditatem,
1578 3024 1684 3081 ego
1713 3007 1870 3064 enim
1902 3025 2037 3080 pars

389 3105 447 3157 et
475 3098 781 3156 hereditas
828 3096 988 3153 illius
1017 3100 1207 3166 (Num.
1240 3099 1420 3165 xvm).
1458 3119 1485 3146 »
1517 3096 1584 3152 Et
1612 3097 1683 3152 de
1709 3096 1925 3169 quibus
1955 3095 2037 3152 ait

390 3189 699 3247 Psalmista
732 3207 744 3244 :
775 3211 802 3239 «
836 3188 1014 3243 Beata
1040 3204 1184 3260 gens
1222 3187 1391 3258 cujus
1436 3190 1526 3242 est
1555 3166 1841 3241 Dominus
1881 3184 2036 3241 Deus
2064 3166 2107 3233 Ο

386 3281 515 3353 ejus
545 3281 714 3346 (Paul.
737 3277 942 3348 cxun),
971 3299 999 3326 »
1020 3280 1130 3331 etc.
1154 3277 1225 3331 Et
1240 3274 1367 3348 ipse
1396 3274 1657 3331 clamans
1687 3273 1831 3329 dixit
1860 3275 1932 3329 ad
1963 3272 2035 3327 il-

386 3368 509 3424 lum
545 3386 558 3425 :
592 3392 620 3418 «
654 3367 959 3433 Dominus,
991 3382 1127 3437 pars
1174 3363 1530 3420 htereditatis
1578 3379 1722 3419 mea
1751 3366 1808 3419 et
1837 3360 2033 3418 calicis

387 3458 523 3523 mei,
550 3461 613 3511 tu
645 3473 708 3510 es
739 3457 904 3528 (Psal.
936 3454 1052 3523 xv),
1087 3476 1115 3503 »
1145 3458 1254 3509 etc.
1288 3454 1396 3517 Qui
1426 3469 1563 3525 ergo
1592 3451 1739 3508 tales
1767 3454 1928 3517 sunt,
1960 3450 2031 3505 ad

386 3543 876 3617 perseverantiam
905 3544 1140 3599 tendere
1170 3543 1402 3607 debent,
1445 3541 1601 3597 unde
1629 3544 1686 3595 et
1710 3539 1985 3596 subditur
2015 3555 2028 3592 :

387 3657 414 3683 «
450 3634 516 3688 Et
544 3633 603 3687 in
625 3630 987 3703 plenitudine
1016 3635 1353 3685 sanctorum
1385 3628 1641 3684 detentio
1672 3644 1819 3683 mea.
1857 3650 1885 3677 »
1913 3627 2035 3683 Ple-

386 3721 591 3776 nitudo
621 3724 980 3784 sanctorum,
1012 3716 1288 3789 perfectio
1313 3721 1403 3771 est
1430 3732 1693 3787 operum.
1716 3716 2031 3771 Plenitudi-

386 3826 520 3864 nem
551 3808 788 3874 habent,
813 3806 912 3879 qui
933 3806 990 3861 in
1025 3806 1195 3862 bonis
1223 3803 1497 3877 operibus
1526 3808 2029 3871 consummantur,

386 3913 564 3969 quam
596 3894 1017 3968 plenitudinem
1050 3894 1363 3951 concedere
1393 3893 1562 3950 nobis
1606 3894 1898 3966 dignetur,
1930 3893 2031 3965 qui

384 3990 473 4043 est
501 3984 841 4042 benedictus
874 3984 932 4041 in
965 3982 1179 4041 saecula
1208 3983 1573 4040 seculorum.
1605 3985 1807 4039 Amen.

984 4127 1288 4184 HOMILIA
1325 4126 1417 4183 VI.

944 4250 1361 4292 ASSUMP’I‘IONIS
1446 4249 1708 4288 DEIPARE
1778 4249 2031 4289 VIRGINIS

1104 4323 1321 4362 MARE.

382 4254 443 4295 ΙΝ
503 4254 597 4294 ωε
666 4252 876 4293 SANCTO

453 4433 617 4501 (Luc.
644 4432 723 4499 κ.)
757 4453 784 4481 ‹‹
810 4430 871 4485 In
894 4428 994 4486 illo
1015 4433 1292 4501 tempore.
1320 4428 1562 4484 Intravit
1577 4428 1751 4484 Jesus
1769 4427 1826 4482 in
1851 4428 2032 4501 quod-

2171 518 2516 592 prophetam
2549 528 2906 595 susceperat.
2927 524 3197 598 Suscepit
3225 524 3411 595 illum,
3440 530 3773 603 suscipienda

2171 607 2245 663 ab
2270 607 2407 676 illo;
2443 609 2742 668 seminans
2770 614 2826 669 et
2857 629 2965 668 sua
2992 613 3267 682 carnalia,
3292 620 3357 671 ut
3386 622 3613 676 meteret
3638 620 3775 680 illius

2172 695 2477 768 spiritalia.
2511 699 2698 771 Hujus
2746 704 2942 757 autem
2985 717 3152 758 soror
3179 707 3301 758 erat
3330 704 3507 761 Maria
3533 710 3774 779 nomine;

2171 784 2312 857 quia
2341 786 2570 843 Martha
2597 793 2655 846 et
2683 788 2866 844 Maria
2885 806 3115 847 sorores
3139 796 3325 857 erant,
3349 808 3461 849 non
3486 795 3660 853 solum
3680 799 3776 871 spi-

2169 872 2305 940 ritu,
2339 876 2440 931 sed
2488 875 2663 934 etiam
2713 893 2887 934 carne
2933 894 3245 952 germanae,
3279 896 3525 953 quarum
3569 884 3771 944 fratrem

2170 962 2450 1019 Lazarum
2498 964 2783 1021 Dominus
2813 983 2848 1022 a
2897 968 3147 1024 mortuis
3195 968 3638 1029 resuscitaverat.
3667 974 3772 1032 Hec

2168 1065 2307 1123 ergo
2328 1052 2509 1109 Maria
2524 1054 2733 1111 sedens
2751 1072 2922 1111 secus
2938 1056 3114 1129 pedes
3130 1056 3357 1113 Domini
3375 1059 3605 1117 verbum
3620 1062 3681 1118 de
3694 1080 3775 1121 ore

2169 1138 2328 1196 illius
2358 1140 2580 1198 intenta
2608 1143 2852 1201 auribus
2883 1145 3172 1203 audiebat.
3205 1146 3483 1203 Audierat
3504 1150 3647 1205 enim
3672 1168 3775 1223 pro-

2168 1228 2403 1302 phetam
2434 1231 2725 1289 dicentem
2752 1250 2766 1289 :
2795 1257 2823 1283 «
2857 1233 3070 1290 Vacate
3096 1239 3154 1291 et
3179 1234 3369 1291 videte
3392 1238 3653 1308 quoniam
3672 1240 3774 1312 ipse

2166 1322 2256 1374 est
2282 1319 2437 1377 Deus
2467 1322 2639 1389 (Psal.
2663 1323 2813 1392 xcv).
2842 1344 2869 1371 »
2891 1323 2962 1379 Et
2982 1322 3127 1379 illud
3157 1325 3317 1397 quod
3348 1340 3450 1397 per
3478 1326 3693 1399 Moysen
3709 1328 3777 1382 di-

2166 1407 2318 1463 citur
2349 1426 2363 1464 :
2395 1432 2422 1459 ‹‹
2458 1410 2527 1466 Et
2554 1411 2655 1483 qui
2706 1412 3179 1484 appropinquant
3207 1412 3459 1486 pedibus
3481 1414 3624 1488 ejus,
3650 1415 3774 1472 acci-

2166 1495 2337 1568 piunt
2359 1497 2431 1553 de
2447 1498 2713 1555 doctrina
2732 1500 2860 1571 ejus
2883 1500 3061 1569 (Deut.
3087 1501 3312 1570 χχχιιι).
3342 1521 3372 1552 ιι
3399 1500 3508 1558 Sed
3534 1502 3659 1575 quia
3674 1517 3775 1559 om-

2164 1583 2256 1640 nis
2278 1586 2378 1657 qui
2400 1586 2689 1659 hospitem
2710 1591 2768 1643 et
2788 1588 3159 1659 peregrinum
3178 1587 3613 1661 suecipitJuxta
3627 1591 3779 1664 possi-

2162 1673 2445 1730 bilitatem
2470 1692 2637 1731 suam
2666 1675 2985 1748 temporale
3009 1676 3348 1734 subsidium
3373 1677 3685 1736 ministrare
3702 1681 3778 1737 de-

2162 1762 2278 1830 bet,
2314 1764 2541 1820 Martha
2571 1765 2727 1820 circa
2756 1766 3032 1838 frequens
3070 1765 3468 1823 ministerium
3500 1768 3553 1823 in
3581 1772 3774 1825 tantum

2160 1851 2409 1908 sollicita
2461 1856 2617 1918 erat,
2639 1858 2704 1908 ut
2747 1870 2862 1909 non
2911 1853 3103 1911 solum
3152 1860 3358 1911 contra
3400 1873 3663 1925 sororem,
3693 1858 3775 1913 sed

2159 1942 2333 1999 etiam
2355 1946 2560 1999 contra
2580 1943 2777 2015 ipsum
2805 1943 3115 2000 Dominum
3140 1943 3444 2017 querelam
3464 1950 3774 2013 assumeret,

2159 2031 2361 2089 dicens
2397 2049 2410 2088 :

2233 2142 2263 2171 «
2295 2120 2558 2186 Domine,
2582 2137 2697 2176 non
2730 2125 2820 2176 est
2849 2120 2955 2176 tibi
2986 2137 3137 2175 cura;
3159 2122 3324 2193 quod
3347 2138 3512 2178 soror
3529 2138 3647 2178 mea
3673 2121 3780 2178 reli-

2163 2229 2192 2264 ι
2212 2210 2339 2280 quit
2359 2225 2452 2264 me
2473 2209 2810 2265 ministrare
2824 2208 3010 2265 solam
3033 2228 3046 2278 ;
3069 2208 3165 2266 dic
3185 2228 3329 2285 ergo
3348 2210 3434 2268 illi
3454 2216 3517 2268 ut
3534 2226 3621 2268 me
3636 2212 3776 2281 adju-

2158 2321 2185 2348 ‹‹
2213 2302 2323 2352 vet.
2357 2319 2385 2348 ››
2417 2296 2518 2353 llle
2543 2314 2676 2353 vero
2704 2298 2803 2371 qui
2837 2315 2951 2354 non
2981 2303 3072 2355 est
3101 2315 3490 2371 personarum
3520 2304 3767 2373 acceptor,

2155 2387 2257 2442 sed
2300 2385 2595 2442 subtiliter
2623 2386 2989 2460 singulorum
3024 2388 3233 2445 merita
3269 2390 3576 2463 dijudicat,
3603 2393 3657 2445 et
3679 2389 3773 2444 vir-

2153 2479 2309 2531 tutes
2340 2474 2641 2542 discernit,
2667 2480 2732 2531 ut
2755 2476 3087 2533 ostenderet
3113 2476 3423 2534 meliorem
3452 2495 3576 2534 esse
3603 2478 3771 2534 cibum

2153 2563 2475 2637 spiritalem
2497 2581 2676 2637 quam
2702 2563 3016 2633 carnalem,
3034 2565 3116 2622 ita
3139 2565 3325 2623 unius
3350 2583 3496 2639 opus
3519 2566 3772 2631 laudat,ut

2152 2652 2393 2709 alterius
2423 2669 2537 2708 non
2562 2652 2866 2725 vituperet.

2222 2766 2251 2793 ‹‹
2283 2742 2377 2798 Ait
2403 2759 2535 2798 vero
2560 2760 2573 2797 :
2598 2742 2847 2809 Martha,
2869 2743 3118 2810 Martha,
3152 2744 3412 2802 sollicita
3436 2762 3500 2802 es
3527 2749 3581 2801 et
3605 2744 3771 2799 turba-

2149 2854 2177 2882 ‹‹
2207 2830 2288 2887 ris
2315 2847 2451 2904 erga
2477 2830 2752 2903 plurima.
2781 2832 2958 2888 Porro
2986 2849 3173 2890 unum
3202 2837 3295 2889 est
3330 2834 3718 2893 necessarium.
3744 2854 3767 2880 η

2147 2920 2254 2978 Ubi
2278 2937 2393 2976 non
2423 2935 2571 2991 opus
2596 2918 2833 2975 Martha:
2854 2920 3444 2993 reprehenditur,sed
3463 2923 3644 2980 Maria
3667 2921 3768 2977 lau-

2146 3010 2339 3079 datur,
2357 3024 2492 3064 cum
2514 3008 2761 3064 dicitur:
2781 3030 2809 3058 ‹‹
2830 3008 3014 3065 Maria
3030 3010 3323 3084 optimam
3355 3016 3575 3085 partem
3597 3010 3763 3083 elegit,

2145 3115 2273 3171 quae
2304 3113 2420 3153 non
2451 3097 2746 3154 auferetur
2777 3097 2849 3154 ab
2880 3115 2966 3155 ea.
2988 3120 3017 3149 ››
3039 3100 3203 3165 Quod
3233 3104 3437 3158 autem
3468 3101 3580 3158 ait:
3604 3104 3765 3155 «Mar-

2146 3187 2266 3255 tha,
2318 3186 2563 3253 Martha,
2600 3208 2627 3235 »
2658 3185 2923 3259 repetitio
2968 3186 3140 3245 istius
3183 3188 3449 3246 nominis
3478 3187 3765 3246 admonitio

2143 3280 2231 3332 est
2262 3274 2366 3348 pia:
2414 3274 2779 3331 intentionis.
2813 3275 2942 3331 Hac
2973 3276 3044 3331 ad
3075 3274 3339 3333 litteram
3372 3278 3611 3334 breviter
3635 3277 3764 3333 dicta

2143 3368 2303 3420 sunt.
2336 3361 2688 3436 Spiritaliter
2716 3353 2913 3421 autem
2962 3364 3268 3423 castellum
3322 3367 3478 3440 quod
3518 3364 3765 3424 Dominus

2142 3453 2445 3527 ingressus
2466 3455 2574 3519 est,
2590 3454 2879 3510 mundum
2897 3453 3209 3528 signiﬁcat.
3223 3455 3411 3523 Quasi
3427 3455 3580 3513 enim
3599 3452 3767 3512 castel-

2143 3541 2266 3597 lum
2325 3539 2582 3606 intravit,
2639 3542 2874 3614 quando
2928 3543 3149 3600 mundo
3200 3544 3459 3601 visibilis
3509 3540 3763 3619 apparuit.

2142 3631 2377 3703 quando
2395 3653 2421 3680 ‹‹
2442 3630 2761 3687 exinanivit
2781 3631 3191 3705 semetipsum,
3208 3631 3465 3691 formam
3487 3632 3625 3690 servi
3647 3630 3764 3687 acci.

2142 3720 2308 3793 piens
2329 3718 2390 3774 in
2417 3718 2805 3775 similitudine
2835 3719 3141 3775 hominum
3175 3720 3392 3789 factus,
3414 3726 3472 3778 et
3491 3720 3675 3777 habitu
3696 3719 3763 3773 in-

2140 3812 2349 3864 ventus
2374 3811 2439 3862 ut
2462 3807 2638 3864 homo
2665 3807 2899 3880 (Philip.
2925 3811 3009 3877 n).
3034 3830 3062 3857 ιι
3086 3808 3223 3865 Duae
3252 3814 3449 3868 autem
3475 3811 3675 3866 devota:
3691 3823 3763 3863 so-

2142 3913 2302 3953 rores
2333 3913 2462 3969 qua:
2496 3896 2807 3952 Dominum
2838 3902 3225 3969 susceperunt
3245 3898 3308 3955 in
3330 3900 3569 3956 domum
3598 3912 3761 3961 suam,

2141 3985 2289 4042 duas
2320 3984 2584 4042 Ecclesia
2614 3985 2762 4041 vitas
2800 3985 3155 4059 significant.
3187 3988 3445 4046 activam
3492 3987 3696 4045 scilicet
3717 3988 3763 4039 et

2140 4073 2670 4147 contemplativam.
2694 4074 2954 4138 Quarum
2980 4075 3400 4146 proprietatem
3426 4077 3484 4133 in
3510 4076 3626 4134 suis
3648 4072 3762 4129 acti-

2141 4163 2254 4220 bus
2282 4164 2706 4219 demonstrant.
2729 4165 2874 4218 Gum
2905 4179 3026 4219 una
3055 4163 3208 4219 circa
3236 4164 3515 4239 frequens
3538 4162 3763 4220 ministe-

2140 4251 2294 4308 rium
2324 4251 2647 4324 satagebat,
2680 4250 2875 4307 activas
2927 4252 3057 4307 vita;
3086 4251 3254 4309 labor
3297 4254 3674 4327 exprimitur:
3700 4248 3757 4303 ad

2140 4357 2317 4414 quam
2342 4339 2592 4412 pertinet
2611 4340 2848 4397 reticere
2861 4340 3238 4408 esurientem,
3255 4346 3457 4414 potare
3478 4341 3761 4399 sitientem.

2138 4429 2348 4486 vestire
2377 4427 2626 4495 nudum,
2659 4428 2958 4501 suscipere
2995 4428 3314 4503 hospitem,
3366 4431 3597 4489 visitare
3623 4426 3758 4484 inﬁr-

382 4543 411 4571 «
443 4520 578 4575 dam
601 4518 929 4589 castellum,
949 4523 1007 4574 et
1027 4516 1237 4575 mulier
1257 4517 1521 4589 quaedam
1546 4516 1773 4572 Martha
1791 4517 2030 4572 nomine
2060 4531 2103 4595 [)
2135 4533 2319 4585 mum,
2335 4515 2581 4589 sepelire
2598 4521 2897 4575 mortuum
2919 4535 2934 4587 ;
2953 4518 3049 4577 his
3068 4519 3245 4576 etiam
3266 4537 3399 4593 qua:
3420 4521 3482 4577 in
3511 4514 3761 4592 regimine

383 4632 411 4660 ‹‹
442 4607 663 4680 excepit
690 4607 879 4663 illum.
916 4629 944 4655 ι»
966 4607 1034 4662 Et
1054 4605 1296 4679 reliqua.
1320 4604 1598 4661 Conditor
1615 4610 1673 4661 et
1696 4605 2027 4677 redemptor
2047 4618 2054 4637 θ

381 4698 649 4754 humanae
668 4703 887 4753 naturae
908 4695 1193 4752 Dominus
1210 4694 1381 4751 Jesus
1402 4693 1811 4760 Christus,non
1834 4693 2025 4749 solum

381 4787 454 4842 ad
484 4804 545 4842 se
591 4786 963 4843 venientibus
1007 4785 1250 4841 verbum
1298 4781 1425 4838 vita:
1480 4781 1888 4845 annuntiabat,
1923 4782 2025 4837 sed

380 4875 553 4931 etiam
578 4875 866 4932 circuiens
886 4873 1147 4930 civitates
1175 4876 1233 4927 ct
1261 4870 1536 4938 castella;
1561 4875 1626 4927 ut
1651 4869 2026 4943 Evangelium

381 4964 573 5029 refert,
595 4963 825 5019 caeleste
845 4978 1088 5035 regnum
1112 4960 1388 5017 omnibus
1403 4958 2028 5031 evangelizabat.Cum-

378 5069 490 5126 que
505 5052 675 5123 juxta
694 5051 844 5106 hanc
862 5048 1347 5105 consuetudinem
1369 5064 1473 5120 per
1492 5046 1720 5103 diverse.
1742 5046 2028 5102 discurre-

379 5140 619 5201 retloca,
648 5163 662 5188 ‹
679 5138 914 5194 intravit
926 5137 982 5191 in
997 5137 1291 5209 quoddam
1305 5134 1631 5203 castellum,
1652 5157 1678 5183 ι)
1692 5139 1758 5195 ut
1769 5151 2025 5211 praesens

377 5227 672 5299 Evangelii
701 5226 869 5281 lectio
890 5229 1109 5289 narrat,
1134 5247 1162 5273 «
1184 5229 1242 5280 et
1263 5224 1476 5279 mulier
1505 5224 1772 5295 quaedam
1800 5222 2026 5297 Martha

380 5315 638 5377 nomine,
670 5313 893 5386 excepit
921 5312 1089 5368 illum
1122 5314 1180 5367 in
1231 5314 1473 5369 domum
1505 5329 1696 5369 suam.
1733 5334 1760 5361 »
1793 5313 2025 5385 Excepit

379 5400 753 5458 autemillum
767 5403 931 5473 quasi
954 5401 1439 5474 hospitem,quasi
1457 5400 2023 5474 peregrinum,quasi

378 5490 547 5547 illum
570 5489 669 5562 qui
695 5507 807 5546 non
831 5490 1071 5546 haberet
1091 5490 1188 5545 ubi
1213 5494 1386 5562 caput
1411 5489 1814 5546 reclinaret.Et
1834 5490 2024 5546 adhuc

380 5578 780 5655 excepitillum
804 5579 972 5656 quasi
989 5581 1176 5637 virum
1199 5595 1477 5651 magnum
1497 5582 1554 5634 et
1566 5579 1910 5652 prophetam
1938 5595 2028 5636 ea-

2133 4610 2274 4662 sunt
2291 4605 2691 4676 suhjectorum
2713 4607 3064 4674 necessaria,
3084 4606 3380 4664 laboriosa
3398 4602 3760 4666 sollicitudine

2136 4694 2467 4768 praevidere.
2500 4694 2608 4750 Per
2638 4693 2882 4752 Mariam
2911 4712 3046 4752 vero
3088 4713 3216 4768 qua
3245 4696 3461 4753 sedens
3489 4710 3647 4753 secus
3672 4706 3758 4764 pe-

2134 4784 2238 4838 des
2268 4782 2503 4838 Domini
2532 4782 2776 4839 verbum
2807 4781 2970 4839 illius
2999 4783 3297 4849 audiebat,
3328 4778 3758 4854 contemplativa

2131 4870 2260 4926 vitae
2291 4869 2540 4925 dulcedo
2569 4869 2929 4943 designatur.
2952 4871 3137 4943 Cujus
3161 4887 3337 4943 sapor
3355 4874 3575 4944 quanto
3595 4861 3758 4937 magis

2134 4960 2498 5031 degustatur,
2515 4975 2582 5014 eo
2614 4958 2872 5032 amplius
2902 4976 2937 5015 a
2967 4959 3141 5016 rebus
3163 4958 3520 5025 visibilibus,
3541 4961 3597 5013 et
3621 4967 3760 5012 cura-

2134 5063 2266 5104 rum
2296 5045 2651 5103 tumultibus
2681 5052 2856 5120 atque
2911 5049 3160 5122 negotiis
3192 5049 3430 5105 animus
3460 5046 3754 5118 separatur.

2132 5135 2354 5209 Spretis
2374 5134 2529 5192 enim
2550 5136 2825 5192 omnibus
2845 5136 3024 5206 curis,
3042 5136 3281 5195 calcatis
3304 5135 3581 5193 omnibus
3599 5130 3756 5195 vitiis,

2132 5224 2259 5281 sola
2283 5240 2451 5280 mens
2469 5240 2604 5279 cum
2629 5223 2753 5279 solo
2773 5225 2891 5281 Deo
2910 5241 3041 5282 esse
3061 5226 3373 5283 desiderat.
3409 5223 3576 5280 Libet
3594 5220 3642 5276 ei
3668 5233 3756 5273 au-

2133 5312 2257 5370 dire
2282 5316 2570 5385 praecepta
2594 5311 2871 5382 caelestia,
2896 5312 3126 5371 lectioni
3152 5319 3211 5370 et
3238 5311 3487 5370 orationi
3515 5311 3761 5381 frequen-

2131 5405 2221 5457 ter
2250 5400 2605 5467 incumbere,
2637 5404 2695 5457 et
2722 5405 3005 5473 quantum
3039 5402 3301 5458 mortalis
3332 5398 3615 5472 fragilitas
3642 5410 3757 5467 per-

2134 5489 2335 5555 mittit,
2380 5488 2626 5544 ccetibus
2675 5490 3017 5563 angelorum
3066 5491 3384 5557 interesse;
3415 5491 3475 5543 et
3524 5483 3657 5558 quia
3694 5481 3755 5536 ab

2133 5577 2369 5634 illorum
2397 5577 2690 5634 consortio
2715 5577 3145 5651 aliquantulum
3168 5580 3491 5652 separatur,
3506 5589 3635 5631 cum
3658 5568 3756 5642 spi-
