3980 6174
173 311 296 372 769

1447 304 1799 373 HOMILl/E
1842 308 1942 371 DE
1987 307 2328 370 SANCTlS.

3461 313 3582 374 7'70

176 443 562 515 ritaligaudio
583 441 948 500 amarissime
965 441 1158 501 deflet.
1173 443 1333 501 Hanc
1347 444 1594 516 gratiam
1618 444 1827 501 inaesti-
1854 447 1908 513 Α
1937 441 2306 499 termissione
2337 447 2513 510 orate,
2540 442 2596 497 in
2622 441 2896 498 omnibus
2917 443 3132 514 gratias
3153 442 3301 516 agite
3330 448 3378 514 (1
3408 448 3575 519 Thess.
3639 493 3644 497 .

175 532 476 598 mabilem,
512 531 662 586 hanc
685 532 1018 587 felicitatem
1040 530 1687 604 incomprehensibilem
1721 531 1827 586 Do-

177 622 380 676 minus
405 619 734 693 signiﬁcare
758 620 968 688 voluit,
994 638 1127 676 cum
1158 621 1334 676 dixit:
1373 644 1394 670 ι
1432 620 1608 676 Porro
1643 635 1827 674 unum

173 715 264 765 est
294 708 719 776 necessarium,
754 709 954 776 Maria,
985 731 1013 759 ››
1045 714 1155 765 etc.
1188 710 1438 764 Tantum
1477 714 1672 763 autem
1702 708 1829 778 ejus

175 799 440 854 suavitas
469 801 559 853 est
602 798 952 865 necessaria,
986 803 1051 852 ut
1091 799 1266 853 etiam
1298 815 1366 853 ea
1396 815 1522 870 quae
1555 797 1648 853 hic
1679 797 1832 852 bona

177 904 307 945 esse
338 887 708 952 videntur,ad
734 886 895 942 illius
915 886 1409 959 comparationem
1428 887 1721 957 superﬂua
1737 886 1831 956 ju-

177 977 470 1033 dicentur.
488 974 572 1031 Ibi
593 975 850 1031 estenim
873 977 1025 1048 quod
1049 999 1075 1026 (ι
1098 992 1202 1032 nec
1223 975 1428 1031 oculus
1439 975 1605 1042 vidit,
1621 992 1724 1031 nec
1736 992 1836 1031 au-

180 1066 259 1121 ris
282 1065 526 1132 audivit,
561 1081 666 1120 nec
697 1064 755 1119 in
786 1080 884 1119 cor
904 1064 1160 1121 hominis
1181 1065 1443 1121 ascendit
1463 1082 1589 1136 quae
1611 1081 1832 1138 praepa-

180 1156 332 1210 ravit
351 1153 507 1208 Deus
525 1152 907 1225 diligentibus
931 1171 991 1210 se
1014 1155 1197 1224 (ICor.
1223 1158 1306 1223 ιι).
1335 1178 1361 1202 ››
1384 1156 1566 1219 Quam
1586 1153 1834 1208 suavita-

183 1250 300 1298 tem
325 1242 566 1316 optabat
594 1241 692 1296 ille
722 1242 957 1310 habere,
990 1243 1092 1314 qui
1125 1242 1392 1298 dicebat:
1427 1243 1663 1299 «Unam
1696 1240 1834 1313 petii

183 1351 216 1389 a
245 1331 495 1388 Domino
521 1332 686 1403 (Psa‘t.
721 1333 894 1403 xxvr),
927 1351 954 1384 η
991 1336 1100 1388 etc.
1132 1333 1200 1386 Et
1231 1332 1414 1387 activa
1450 1332 1687 1404 quidem
1718 1331 1836 1386 vita

182 1422 239 1477 in
271 1421 367 1476 via
390 1425 502 1487 est,
527 1418 979 1493 contemplativa
999 1420 1056 1474 in
1086 1420 1291 1492 patria.
1334 1421 1530 1475 Activa
1551 1421 1608 1475 in
1637 1436 1832 1474 neces-

183 1512 378 1578 sitate,
396 1509 847 1581 contemplativa
865 1509 923 1564 in
955 1507 1281 1564 dilectione.
1308 1509 1505 1563 Activa
1529 1509 1586 1563 in
1615 1508 1832 1574 labore,

183 1597 636 1669 contemplativa
663 1598 720 1652 in
747 1598 964 1670 requie.
989 1599 1185 1653 Activa
1208 1615 1462 1670 namque
1484 1598 1542 1655 in
1567 1596 1833 1670 praesenti

183 1689 301 1743 vita
332 1688 556 1759 incipit,
608 1692 666 1741 et
709 1703 841 1741 cum
875 1687 1142 1758 praesenti
1198 1686 1420 1758 ﬁnitur,
1453 1687 1716 1742 mercede
1748 1702 1836 1740 re-

183 1783 398 1834 stante.
434 1776 574 1842 Quis
603 1774 758 1830 enim
793 1776 850 1830 in
884 1775 984 1830 illa
1004 1775 1191 1846 patria
1219 1776 1574 1832 esurientem
1599 1775 1833 1838 reficiet,

186 1867 284 1921 ubi
319 1865 504 1920 esurit
535 1864 744 1919 nemo?
771 1864 911 1930 Quis
931 1864 1156 1919 nudum
1185 1865 1408 1934 vestiet,
1430 1865 1528 1919 ubi
1547 1864 1725 1920 vestis
1750 1867 1840 1918 est

184 1952 540 2012 immortalis
567 1953 595 2008 ?
623 1951 763 2019 Quis
795 1952 1094 2008 infirmum
1118 1953 1393 2019 visitabit,
1421 1954 1516 2009 ubi
1542 1954 1641 2025 qui
1677 1953 1837 2008 infir-

185 2049 382 2100 metur
409 2047 498 2098 est
528 2041 727 2098 nullus
749 2042 776 2096 ‘I
797 2042 936 2108 Quis
967 2047 1266 2097 mortuum
1296 2041 1551 2115 sepeliet,
1590 2043 1684 2097 ubi
1719 2059 1840 2114 per-

184 2140 365 2206 petua
392 2130 513 2186 vita
531 2135 620 2186 est
639 2131 666 2186 ?
686 2130 1145 2202 Contemplativa
1175 2148 1308 2186 vero
1332 2131 1446 2186 vita
1475 2131 1532 2186 in
1572 2131 1839 2203 prmsenti

183 2221 414 2294 incipit,
451 2220 551 2276 sed
586 2221 641 2276 in
678 2220 870 2276 futuro
902 2219 1253 2294 perﬁcietur.
1278 2220 1440 2276 Unde
1469 2221 1614 2275 bene
1635 2222 1703 2276 de
1724 2224 1838 2275 Ma-

182 2313 272 2367 ria
302 2310 560 2366 dicitur:

257 2424 285 2449 «
321 2398 621 2470 Optimam
647 2401 869 2469 partem
893 2397 1066 2470 elegit
1088 2397 1286 2467 Maria,
1316 2416 1445 2472 quae
1471 2417 1583 2455 non
1617 2399 1842 2454 aufere-

183 2514 210 2538 «
239 2494 338 2543 tur
367 2489 442 2542 ab
473 2504 559 2542 ea.
587 2509 614 2534 »
643 2487 786 2552 Quia
812 2488 966 2558 quod
1002 2487 1096 2542 hic
1132 2488 1366 2544 animus
1397 2505 1711 2561 parumper
1740 2488 1846 2543 de-

185 2582 431 2650 gustare
455 2575 805 2647 incipit,illic
827 2575 1074 2647 pleniter
1096 2577 1392 2649 percipiet,
1425 2577 1522 2631 ubi
1556 2577 1848 2631 videbitur

188 2667 352 2722 Deus
380 2666 624 2720 deorum
659 2665 717 2719 in
749 2665 909 2732 Sion,
932 2665 1206 2737 Apostolo
1236 2671 1380 2722 teste
1407 2667 1506 2738 qui
1535 2665 1616 2720 ait
1649 2667 1692 2732 (1
1715 2668 1842 2721 Cor.

185 2758 361 2826 xm):
425 2777 455 2803 ‹‹
505 2755 668 2820 Quod
727 2770 882 2808 nunc
941 2753 1195 2810 vidimus
1252 2771 1355 2826 per
1411 2753 1715 2826 speculum
1785 2754 1844 2809 in

198 2844 674 2916 aenigmate,tunc
709 2847 901 2898 autem
927 2842 1068 2898 facie
1090 2843 1162 2899 ad
1184 2843 1409 2898 faciem.
1448 2867 1473 2891 ››
1495 2844 1563 2898 Et
1593 2843 1804 2898 iterum
1831 2860 1844 2899 :

193 2957 220 2981 ‹‹
256 2932 426 2987 Nunc
472 2946 757 3004 cognosco
788 2947 855 2986 ex
901 2935 1086 3004 parte,
1123 2954 1151 2980 »
1196 2937 1304 2988 etc.
1339 2931 1457 2987 Hoc
1515 2948 1651 3004 ergo
1699 2932 1850 2987 inter

192 3021 447 3076 activam
466 3024 521 3074 et
542 3019 1048 3091 contemplativam
1069 3020 1245 3076 vitam
1272 3020 1472 3089 distat,
1496 3021 1633 3092 quia
1663 3021 1849 3077 activa

192 3107 532 3164 communis
555 3111 646 3164 est
666 3112 725 3163 et
742 3107 1082 3164 multorum.
1102 3109 1556 3182 Contemplativa
1569 3127 1699 3166 vero
1717 3127 1846 3182 spe-

1937 536 2042 600 m).
2082 555 2108 580 ››
2143 532 2312 587 Liber
2358 531 2652 604 egreditur
2699 532 2902 604 gratis,
2957 532 3095 603 quia
3142 532 3222 598 bi,
3273 538 3580 606 postquam

1938 621 2135 677 omnia
2163 611 2424 688 fecerint,
2446 621 2650 676 dicunt
2681 637 2741 676 se
2775 621 3010 677 inutiles
3041 639 3237 678 servos
3268 624 3414 694 ejus.
3449 623 3583 678 Pro-

1939 709 2032 765 cul
2058 709 2236 765 dubio
2257 710 2408 764 sicut
2424 709 2552 781 ipsa
2578 709 2766 764 activa
2791 710 2896 764 fuit
2917 727 2983 764 ex
3007 727 3266 776 munere,
3289 711 3370 766 ita
3390 711 3500 766 erit
3520 727 3588 766 ex

1938 798 2127 871 gratia
2158 798 2332 853 etiam
2365 797 2834 870 contemplativa.
2861 798 3005 853 Cum
3033 800 3189 871 quali
3213 804 3370 855 veste
3404 799 3588 855 intra-

1940 887 2106 946 verit.
2137 903 2269 941 cum
2291 886 2392 941 tali
2416 888 2785 958 respondeat,
2806 888 2944 958 quia
2969 889 3228 943 omnimo
3249 905 3485 945 necesse
3503 892 3591 944 est

1942 981 2008 1030 ut
2021 975 2432 1047 unusquisque
2450 979 2715 1031 nostrum
2735 977 2790 1030 in
2811 975 2919 1030 hoc
2933 977 3087 1048 quod
3111 976 3314 1049 incipit
3333 994 3591 1049 perseve-

1943 1069 2048 1130 ret,
2071 1069 2246 1136 atque
2274 1081 2461 1136 usque
2483 1066 2552 1119 ad
2579 1064 2754 1120 tinem
2778 1066 2968 1137 operis
2991 1066 3050 1120 in
3071 1082 3139 1120 ea
3159 1083 3276 1138 qua
3298 1067 3592 1122 inchoavit

1945 1154 2263 1209 intentione
2299 1153 2700 1226 perduret.llle
2723 1153 2937 1226 quippe
2962 1156 3104 1209 bene
3127 1155 3196 1209 ad
3233 1154 3592 1226 contempla-

1943 1243 2119 1298 tivam
2152 1243 2330 1298 vitam
2354 1241 2606 1310 trinsiit,
2631 1243 2730 1315 qui
2757 1243 2817 1298 in
2840 1243 2948 1298 hac
2978 1243 3094 1298 vita
3115 1242 3455 1298 intentionis
3472 1260 3590 1298 suae

1943 1337 2159 1388 vestem
2192 1349 2306 1388 non
2330 1331 2813 1388 mutaverit.Sunt
2843 1337 3036 1390 autem
3070 1332 3355 1399 nonnulli,
3377 1333 3475 1405 qui
3509 1332 3594 1386 di-

1943 1421 2076 1476 vino
2108 1421 2391 1476 ferventes
2423 1438 2637 1488 amore,
2694 1422 2749 1476 in
2781 1421 2907 1494 ipso
2937 1421 3168 1477 exordio
3199 1421 3592 1478 conversionis

1945 1510 2016 1565 ad
2048 1509 2508 1582 contemplativa:
2541 1511 2670 1564 vitae
2698 1511 3040 1566 suavitatem
3074 1511 3360 1582 incipiunt
3391 1528 3595 1566 convo-

1946 1597 2084 1666 lare,
2111 1599 2212 1654 sed
2233 1599 2428 1654 divina
2448 1599 2878 1671 dispensatione
2900 1601 3064 1672 prius
3088 1600 3143 1654 in
3169 1600 3352 1655 activa
3377 1600 3492 1655 vita
3523 1600 3592 1654 li-

1947 1689 2131 1744 berari
2168 1688 2606 1760 permittuntur.
2644 1690 2702 1743 In
2739 1693 2896 1743 tanto
2930 1689 3212 1754 securius,
3240 1689 3358 1744 imo
3388 1694 3444 1744 et
3477 1689 3595 1744 feli-

1948 1778 2075 1834 cius
2105 1778 2176 1833 ad
2210 1777 2720 1850 contemplativam
2766 1779 2944 1832 vitam
2979 1777 3341 1848 perveniunt,
3375 1782 3594 1850 quanto

1949 1867 2261 1940 perfectius
2293 1865 2349 1921 in
2375 1867 2559 1922 activa
2583 1866 2816 1922 fuerunt
2837 1868 2955 1921 vita
2976 1867 3356 1938 comprobati.
3385 1865 3594 1929 Quales

1949 1957 2424 2028 signiticaverunt
2447 1955 2573 2009 dua:
2599 1972 2805 2010 uxores
2829 1955 3011 2010 sancti
3031 1955 3208 2009 Jacob
3231 1954 3595 2026 patriarchae,

1949 2046 2112 2100 Liam
2136 2043 2358 2100 scilicet
2377 2049 2434 2098 et
2453 2043 2686 2099 Rachel.
2720 2046 2977 2109 Quarum
3017 2061 3134 2098 una
3154 2043 3254 2098 Lia
3279 2043 3453 2115 lippis
3475 2048 3600 2100 erat

1949 2133 2262 2199 oculis,sed
2285 2133 2531 2187 fecunda
2551 2131 2948 2204 prole.Rachel
2965 2137 3158 2187 autem
3174 2131 3420 2204 pulchra
3435 2132 3596 2199 facie,

1951 2222 2049 2278 sed
2083 2221 2396 2277 infecunda
2425 2226 2568 2276 erat.
2603 2221 2710 2276 Per
2753 2221 2914 2275 Liam
2948 2238 3082 2293 ergo
3114 2239 3238 2293 qua:
3270 2220 3446 2293 lippis
3476 2225 3601 2276 erat

1951 2311 2262 2378 oculis,sed
2290 2311 2534 2366 fecunda
2552 2309 2731 2382 prole,
2757 2310 2944 2366 activa
2963 2311 3077 2366 vita
3098 2310 3598 2383 designatquuaa

1951 2417 2084 2455 cum
2121 2401 2340 2454 mundo
2389 2399 2580 2455 cordis
2609 2398 2776 2454 oculo
2821 2400 3004 2455 Deum
3057 2399 3432 2471 contemplari
3483 2416 3598 2455 non

1953 2489 2156 2561 possit,
2198 2495 2393 2543 tamen
2448 2506 2549 2560 per
2579 2489 3004 2560 praedicationis
3049 2489 3213 2544 bona:
3243 2487 3601 2560 exemplum,

1953 2577 2244 2650 spiritales
2268 2577 2419 2633 filios
2445 2581 2554 2632 Deo
2577 2580 2830 2648 generat.
2858 2577 3018 2632 Unde
3040 2577 3185 2631 bene
3210 2577 3309 2630 Lia
3330 2578 3600 2632 laboriosa

1957 2669 2388 2738 interpretatur,
2417 2666 2555 2737 quia
2581 2666 2766 2720 activa
2788 2665 2980 2719 vitain
3006 2664 3206 2718 multis
3228 2664 3528 2720 laboribus
3544 2669 3602 2719 et

1956 2754 2452 2812 sollicitudinibus
2482 2759 2570 2808 est
2599 2759 2900 2824 occupata.
2933 2753 3039 2808 Per
3069 2751 3281 2807 Rachel
3313 2769 3443 2806 vero
3471 2770 3597 2824 quas

1958 2844 2201 2916 pulchra
2219 2848 2340 2899 erat
2363 2842 2525 2909 facie,
2551 2842 2650 2897 sed
2675 2841 3003 2909 infecunda,
3028 2841 3487 2913 contemplativa
3513 2840 3597 2896 vi-

1955 2939 2027 2989 ta:
2058 2932 2304 2988 dulcedo
2336 2930 2696 3003 exprimitur.
2729 2930 2875 2996 Quia
2906 2946 3092 3001 mens,
3126 2930 3266 2985 dum
3299 2931 3372 2986 ad
3403 2930 3601 2986 viden-

1957 3023 2096 3077 dum
2131 3022 2314 3077 Deum
2346 3037 2407 3076 se
2440 3019 2696 3091 undique
2727 3018 2966 3091 colligit,
2991 3019 3187 3074 minus
3212 3036 3312 3091 per
3332 3019 3602 3092 praedica-

1955 3111 2173 3167 tionem
2202 3109 2351 3164 ﬁlios
2378 3108 2546 3181 parit.
2576 3107 2738 3162 Unde
2759 3107 2905 3162 bene
2927 3107 3160 3173 Rachel,
3191 3112 3304 3163 ovis
3333 3108 3420 3164 vel
3452 3111 3602 3164 visus

191 3197 411 3254 eulatio
442 3202 660 3270 quanto
682 3197 991 3254 sublimior
1009 3203 1170 3254 tanto
1191 3204 1278 3254 est
1295 3199 1497 3255 rarior.
1519 3200 1668 3255 Raro
1690 3200 1846 3255 enim
1879 3186 1920 3252 C
1953 3201 2290 3271 principium
2313 3198 2744 3268 interpretatur,
2770 3195 2910 3267 quia
2936 3213 3100 3252 mens
3123 3197 3600 3270 contemplationi

193 3285 702 3359 inveniuntur,qui
725 3287 783 3342 in
807 3287 1044 3342 veritate
1065 3288 1254 3343 dicere
1285 3288 1542 3360 possint:
1579 3313 1604 3338 α
1639 3289 1848 3344 Nostra

192 3382 393 3433 autem
426 3374 790 3432 conversatio
821 3375 880 3430 in
917 3374 1076 3432 caelis
1108 3380 1198 3432 est
1229 3377 1453 3448 (Philip.
1480 3379 1584 3449 ιιι).
1621 3402 1646 3427 »ι
1680 3379 1749 3432 Et
1777 3377 1846 3431 il-

189 3465 319 3521 lud:
357 3487 385 3512 ‹‹
421 3464 552 3520 Sive
603 3469 796 3520 mente
839 3465 1165 3520 excidimus
1196 3465 1334 3536 Deo,
1368 3466 1488 3522 sive
1520 3465 1700 3522 sobrii
1747 3484 1845 3522 su-

193 3571 355 3620 mus,
379 3553 546 3609 vobis
574 3554 648 3622 (11
687 3555 807 3610 Cor.
842 3554 918 3624 v).
955 3576 983 3603 ››
1015 3553 1167 3609 Ordo
1197 3558 1393 3610 autem
1423 3555 1634 3611 barum
1665 3555 1848 3610 virtu-

189 3648 317 3699 tum
377 3641 657 3714 exposcit,
712 3646 777 3697 ut
833 3659 936 3714 per
983 3642 1236 3698 activum
1295 3642 1553 3699 laborem
1617 3645 1850 3700 studeat

190 3733 447 3806 quisque
476 3732 775 3803 pervenire
805 3732 874 3786 ad
904 3731 1421 3803 contemplativum
1455 3733 1844 3790 dulcedinem.

189 3822 496 3893 Plerisque
519 3821 696 3886 enim,
713 3825 949 3892 postqui
967 3820 1102 3876 min
1123 3821 1319 3876 activae
1343 3822 1469 3876 vita:
1486 3821 1681 3878 labore
1703 3824 1848 3879 bene

189 3909 631 3975 desudaverint,
665 3909 1126 3981 contemplativa:
1154 3909 1280 3964 vita:
1312 3911 1569 3967 suavitas
1600 3911 1658 3965 in
1693 3928 1849 3967 mer-

191 4000 333 4055 cede
385 3999 578 4054 datur.
641 3999 804 4054 Unde
837 3999 892 4053 in
928 3999 1049 4072 lege
1103 3999 1427 4073 figuraliter
1477 4000 1845 4072 praecipitur:

192 4113 218 4136 ‹‹
253 4088 312 4142 Si
348 4088 565 4144 emeris
595 4105 826 4144 servum
887 4089 1212 4157 Hebrzeum,
1275 4105 1375 4144 sex
1431 4089 1600 4144 annis
1640 4089 1851 4146 serviet

189 4176 318 4244 tibi,
354 4181 411 4232 et
457 4177 514 4231 in
549 4177 797 4249 septimo
847 4177 1178 4250 egredietur
1225 4177 1372 4233 liber
1417 4177 1597 4251 gratis
1643 4179 1844 4246 (Exod.

189 4267 328 4337 ni).
366 4289 395 4315 »
430 4266 706 4322 Hebraeus
749 4267 964 4339 quippe
1009 4269 1281 4322 transiens
1310 4266 1746 4340 interpretatur.
1781 4269 1850 4324 Et

191 4371 400 4410 servus
429 4353 702 4410 Hebraeus
723 4354 1068 4427 spiritaliter
1090 4355 1564 4427 emitur,quando
1587 4373 1752 4412 mens
1779 4358 1849 4412 de

191 4447 423 4499 terrena
445 4443 878 4499 conversatione
900 4444 972 4499 ad
985 4443 1216 4499 caeleste
1238 4443 1593 4500 desiderium
1638 4447 1850 4502 transit

1955 3287 2169 3354 dedita,
2200 3286 2365 3342 illum
2398 3287 2590 3341 videre
2634 3285 2925 3340 desiderat
2955 3284 3053 3357 qui
3079 3285 3195 3342 ait:
3231 3310 3258 3335 «
3294 3287 3407 3359 Ego
3439 3287 3598 3358 prin-

1955 3377 2200 3448 cipium,
2223 3376 2319 3448 qui
2344 3380 2400 3430 et
2430 3374 2636 3446 loquor
2666 3373 2832 3428 vobis
2863 3376 3038 3445 (Joan.
3073 3378 3214 3444 Vill).
3243 3375 3467 3430 nJacob
3499 3373 3602 3446 igi-

1956 3470 2050 3519 tur
2075 3463 2289 3520 Rachel
2310 3462 2766 3534 concupivit,sed
2792 3462 2954 3518 Liam
2977 3468 3143 3517 nocte
3165 3463 3427 3518 nesciens
3449 3479 3601 3518 acce-

1960 3555 2068 3626 pit:
2105 3554 2242 3626 quia
2280 3558 2419 3608 sunt
2448 3551 2737 3618 nonnulli,
2789 3556 2854 3606 ut
2883 3568 3061 3624 supra
3091 3551 3367 3622 diximus,
3399 3553 3499 3623 qui
3531 3553 3603 3608 ad

1957 3642 2471 3714 contemplativam
2495 3641 2794 3712 pervenire
2817 3641 3171 3710 desiderant,
3203 3642 3305 3697 sed
3331 3642 3493 3714 prius
3524 3641 3605 3696 di-

1957 3732 2090 3786 vino
2112 3731 2336 3803 judicio
2367 3731 2422 3785 in
2457 3736 2623 3786 nocte
2654 3730 2956 3802 prmsentis
2977 3731 3124 3796 vitaz,
3152 3748 3254 3802 pro
3284 3730 3605 3786 multorum

1960 3820 2209 3875 utilitate
2257 3819 2520 3875 laborare
2569 3818 3007 3891 permittuntur.
3040 3820 3355 3892 Postquam
3409 3825 3603 3875 autem

1960 3909 2118 3963 Liam
2153 3906 2393 3978 accepit,
2427 3907 2499 3960 ad
2532 3905 2835 3978 amplexus
2888 3905 3100 3960 Rachel
3139 3906 3434 3978 pervenit:
3471 3906 3608 3978 quia

1959 3997 2058 4069 qui
2093 3997 2239 4050 bene
2269 3995 2327 4049 in
2353 3995 2538 4050 activa
2561 3994 3104 4062 vitalaboraverint,
3140 3994 3334 4049 divino
3367 4011 3606 4051 munere

1960 4085 2312 4158 quandoque
2332 4084 2404 4138 ad
2426 4082 2934 4154 contemplativam
2959 4083 3134 4137 vitam
3159 4083 3515 4154 pervenient.
3541 4084 3604 4138 In

1961 4180 2205 4246 utraque
2254 4172 2429 4237 firmi,
2461 4175 2517 4227 et
2545 4170 2604 4225 in
2654 4175 2899 4241 utraque
2940 4171 3316 4225 inveniuntur
3345 4171 3601 4242 perfecti.

1959 4262 2158 4326 Qualis
2178 4265 2300 4317 erat
2322 4259 2536 4316 Paulus
2563 4259 2988 4332 apostolus,qui
3013 4277 3145 4315 cum
3173 4259 3413 4314 haberet
3443 4259 3603 4316 solli-

1959 4351 2277 4409 citudinem
2309 4350 2573 4407 omnium
2615 4348 3022 4418 Ecclesiarum,
3064 4350 3218 4421 quod
3252 4349 3501 4422 pertinet
3531 4350 3602 4405 ad

1960 4443 2210 4500 activam
2241 4441 2447 4508 vitam,
2472 4444 2673 4511 raptus
2695 4441 2781 4493 est
2811 4455 2993 4510 usque
3011 4440 3084 4494 ad
3111 4441 3348 4495 tertium
3369 4441 3600 4510 coelum,

192 4529 476 4587 Senarius
537 4532 692 4586 enim
735 4549 1016 4588 numerus
1047 4533 1117 4588 ad
1177 4534 1374 4588 activa:
1405 4535 1531 4589 vitae
1590 4535 1846 4592 laborem
1878 4555 1927 4620 Β
1959 4533 2113 4606 quod
2148 4530 2396 4603 pertinet
2421 4529 2490 4583 ad
2523 4527 3052 4620 contemplativam.
3087 4528 3201 4586 Has
3231 4536 3424 4586 autem
3456 4532 3604 4588 duas

190 4620 470 4691 pertinet,
495 4621 634 4692 quia
659 4638 759 4676 sex
791 4625 930 4676 sunt
952 4620 1074 4678 dies
1095 4621 1154 4677 in
1189 4622 1405 4694 quibus
1439 4626 1664 4696 operari
1693 4625 1846 4693 licet,

191 4708 564 4781 septenarius
593 4713 787 4766 autem
820 4715 1056 4784 propter
1086 4711 1310 4766 sabbati
1345 4713 1626 4783 requiem,
1659 4714 1850 4770 dulce-

191 4796 393 4852 dinem
417 4797 880 4871 contemplativaa
904 4798 1030 4854 vita:
1049 4800 1557 4872 exprimit.Servus
1575 4803 1849 4860 Hebraeus

193 4890 432 4958 emptus
465 4903 565 4942 sex
590 4887 761 4943 annis
795 4889 1007 4944 servire
1038 4889 1388 4962 pracipitur,
1423 4895 1479 4946 et
1508 4890 1565 4946 in
1599 4893 1847 4964 septimo

193 4973 346 5030 liber
373 4976 559 5047 gratis
584 4977 778 5048 egredi
803 4978 1065 5049 jubetur,
1099 4978 1237 5050 quia
1280 4983 1419 5034 sunt
1449 4981 1715 5037 nonnulli
1747 4983 1848 5055 qui

195 5067 329 5134 post
359 5063 711 5120 diuturnum
759 5067 957 5122 activae
988 5068 1115 5122 vitae
1176 5067 1434 5124 laborem
1467 5070 1539 5125 ad
1587 5071 1847 5143 requiem

195 5151 712 5225 contemplationis
754 5161 1078 5214 transeunt.
1108 5159 1271 5224 Quod
1304 5159 1442 5231 quia
1471 5176 1586 5215 non
1615 5163 1851 5235 prOpria

194 5241 542 5312 virtute,sed
560 5243 757 5300 divino
770 5244 835 5300 fit
850 5250 1268 5312 munere,recte
1285 5245 1852 5319 dicitur,egredietur

192 5327 344 5385 liber
371 5330 579 5402 gratis.
602 5331 764 5395 Quod
787 5332 1269 5406 proprieillorum
1290 5334 1504 5406 est,qui
1524 5340 1656 5407 post
1677 5337 1850 5412 longa

191 5417 471 5475 exercitia
491 5422 828 5478 monasticae
859 5423 1008 5490 vitae,
1032 5428 1162 5496 post
1182 5424 1521 5479 diuturnam
1553 5431 1849 5484 monaste-

192 5506 399 5563 rialem
453 5510 878 5581 probationem,
934 5517 1154 5568 secreta
1209 5512 1320 5568 sibi
1354 5511 1480 5569 loca
1509 5512 1755 5586 eligunt,
1787 5515 1846 5574 in

195 5597 412 5673 quibus
436 5596 584 5656 illud
604 5600 1000 5677 Apostolicum
1018 5601 1260 5678 implere
1275 5602 1533 5678 possint:
1559 5625 1587 5659 α
1607 5603 1742 5664 Sine
1765 5605 1849 5667 in-

1960 4623 2106 4677 vitas
2137 4619 2612 4693 significaverunt
2650 4618 2777 4672 duae
2808 4618 3022 4672 devota:
3053 4635 3300 4689 sorores,
3334 4637 3460 4692 quae
3494 4621 3602 4676 Do-

1959 4711 2184 4766 minum
2207 4713 2590 4780 susceperunt
2606 4707 2664 4761 in
2683 4707 2922 4762 domum
2942 4724 3131 4772 suam,
3148 4707 3376 4763 Martha
3388 4707 3606 4764 scilicet

1958 4806 2014 4856 et
2039 4800 2240 4854 Maria.
2267 4798 2553 4869 Utrasque
2583 4797 2740 4852 enim
2764 4801 3016 4862 sanctas,
3041 4801 3318 4868 utrasque
3346 4797 3528 4852 bonas
3549 4803 3606 4854 et

1951 4891 2146 4962 justas
2167 4905 2294 4944 esse
2325 4887 2638 4943 credimus.
2660 4886 2770 4940 Sed
2799 4885 2990 4957 qualis
3020 4885 3095 4940 sit
3116 4884 3338 4953 melior,
3368 4887 3492 4958 ipse
3511 4887 3606 4942 de-

1957 4979 2176 5035 clarare
2223 4977 2498 5050 dignatus
2546 4979 2656 5042 est,
2687 4975 2787 5047 qui
2833 4978 2978 5030 teste
3009 4992 3124 5030 non
3156 4980 3304 5048 eget,
3357 4975 3601 5034 dicens:

1959 5094 1985 5120 ‹‹
2011 5068 2192 5124 Maria
2223 5066 2506 5140 optimam
2538 5069 2760 5138 partem
2793 5063 2903 5120 sibi
2934 5063 3126 5136 elegit,
3159 5081 3284 5139 qua)
3307 5082 3422 5122 non
3449 5066 3606 5122 aufe-

1959 5164 2117 5215 retur
2147 5158 2220 5214 ab
2249 5173 2337 5224 ea,
2373 5180 2400 5206 »
2431 5161 2539 5212 etc.

2551 5299 2852 5356 HOMILIA
2890 5301 3014 5360 Vl].

2133 5411 2193 5449 IN
2232 5408 2400 5447 FESTO
2439 5405 2635 5445 SANCTI
2687 5407 2990 5447 MICHAELIS
3027 5408 3402 5452 ARCHANGELI.

2027 5520 2272 5593 (MA’I‘TH.
2299 5519 2480 5585 xviii.)
2505 5539 2530 5564 «
2569 5515 2630 5570 In
2662 5514 2760 5571 illo
2794 5521 3072 5590 tempore,
3108 5524 3474 5575 accesserunt
3505 5518 3596 5572 di-

1955 5636 1981 5663 α
2018 5607 2228 5686 scipuli
2261 5607 2334 5666 ad
2361 5605 2584 5676 Jesum,
2618 5604 2902 5664 dicentes:
2927 5607 3068 5676 Quis
3099 5614 3271 5685 putas
3302 5607 3487 5680 major
3508 5607 3598 5663 est
