3980 6174
150 298 284 358 773'

1417 299 1772 362 HOMILLE
1810 296 1914 364 DE
1961 302 2304 363 SANCTIS.

3439 314 3559 376 7'74

154 429 313 486 misit
341 429 640 486 dicturum
665 445 678 484 :
699 452 727 480 «
753 429 1022 497 Quandiu
1053 429 1274 487 fecistis
1306 432 1404 486 uni
1439 449 1507 487 ex
1537 432 1799 489 minimis
1827 436 1885 505 Α
1913 434 2148 490 veritate
2179 434 2520 491 scandalum
2553 435 2792 505 oriatur,
2829 440 3018 512 magis
3048 443 3260 500 veritas
3292 445 3558 519 eligenda

154 518 320 586 meis,
351 517 498 573 mihi
523 519 761 575 fecistis.
799 543 825 568 ››
859 519 927 574 Et
951 519 1252 592 signanter
1281 521 1362 576 ait
1385 537 1398 577 ε
1425 543 1450 570 ‹‹
1480 521 1586 586 Qui
1611 539 1802 578 susce-

153 607 301 679 perit
333 624 519 662 unum
553 606 857 680 parvulum
888 606 1062 664 talem
1087 609 1143 664 in
1168 609 1403 666 nomine
1425 626 1575 682 meo,
1599 627 1691 666 me
1713 627 1806 665 su-

150 695 326 768 scipit
357 695 569 766 (Matth.
596 698 778 766 xvm).
816 722 836 749 ι)
874 699 1149 763 Quamvis
1177 699 1332 755 enim
1357 717 1471 755 non
1496 699 1571 755 sit
1588 699 1803 773 eligen-

152 784 292 839 dum
326 783 420 838 cui
443 784 614 854 juxta
644 785 956 858 Scriptura;
986 803 1182 843 vocem
1215 788 1550 845 benefacere
1594 789 1804 845 debea-

151 887 306 938 mus,
328 870 446 927 illis
466 877 660 928 tamen
684 873 783 946 qui
809 879 1042 946 propter
1062 879 1244 932 Deum
1277 876 1436 949 parvi
1465 883 1521 932 et
1549 876 1804 933 humiles

150 975 279 1016 esse
310 959 558 1033 eligunt,
594 962 651 1017 in
682 964 852 1034 cujus
881 963 1008 1019 vita:
1041 965 1303 1022 moribus
1333 965 1632 1022 Christum
1678 983 1804 1023 esse

152 1049 586 1122 cognoscimus,
621 1051 932 1123 specialem
977 1054 1440 1112 benevolentiam
1469 1055 1805 1128 impendere

151 1139 458 1194 debemus.
476 1138 638 1195 Unde
668 1157 801 1196 cum
835 1141 967 1213 pius
989 1147 1152 1215 pater
1172 1143 1359 1198 ﬁlium
1379 1145 1712 1214 instrueret,
1728 1145 1808 1200 ait

155 1229 301 1299 (Tob.
328 1228 404 1298 iv)
431 1246 443 1283 :
473 1253 498 1277 ‹‹
526 1229 741 1284 Panem
775 1234 942 1286 tuum
969 1237 1027 1287 et
1057 1233 1260 1288 vinum
1294 1237 1459 1288 tuum
1493 1251 1670 1307 super
1716 1251 1805 1290 se-

153 1315 452 1389 pulturam
477 1318 625 1388 justi
659 1319 966 1388 constitue,
1001 1325 1056 1376 et
1087 1337 1156 1376 ne
1189 1324 1709 1379 communicaveris
1740 1341 1809 1380 ex

152 1423 216 1461 eo
242 1422 378 1460 cum
415 1408 834 1477 peccatoribus.
872 1432 900 1457 ››
934 1409 1001 1464 Et
1031 1409 1240 1465 iterum
1278 1428 1290 1466 :
1325 1434 1352 1461 «
1379 1411 1632 1468 Desudet
1661 1414 1806 1470 elee-

153 1512 399 1568 mosyna
433 1495 490 1550 in
542 1513 720 1551 manu
772 1502 892 1565 tua,
940 1499 1121 1555 donec
1155 1500 1413 1557 invenias
1437 1502 1667 1573 justum
1715 1503 1807 1558 cui

154 1585 353 1639 tradas
385 1601 535 1640 eam.
564 1609 591 1633 ι)
616 1585 758 1641 Hinc
790 1592 846 1642 et
875 1587 1186 1660 Apostolus
1208 1589 1288 1644 ait
1314 1608 1326 1645 :
1352 1614 1378 1639 ‹‹
1407 1594 1553 1646 Dum
1576 1596 1809 1664 tempus

153 1672 465 1740 habemus,
486 1691 794 1748 operemur
823 1677 1043 1731 bonum
1075 1678 1144 1732 ad
1179 1695 1404 1746 omnes,
1430 1680 1680 1736 maxime
1710 1698 1809 1735 au-

1913 527 2001 578 est
2031 541 2208 595 quam
2231 524 2575 580 scandalum
2598 527 2922 584 vitandum.
2941 528 3042 584 Vel
3062 535 3212 587 certe
3227 549 3328 605 per
3340 535 3554 592 molam

1913 611 2225 668 asinariam
2259 630 2384 684 qua:
2413 615 2644 686 pondus
2668 615 2863 682 habet,
2881 619 2980 673 sed
3007 619 3556 695 nullumiterexpli-

1912 705 2005 756 cat
2034 701 2305 758 volubilis
2327 719 2492 759 amor
2510 703 3086 776 sasculiexprimitur.
3121 711 3263 764 Cum
3296 726 3431 784 ergo
3455 713 3554 767 ait:

1917 809 1946 842 ι
1977 790 2213 862 Expedit
2244 790 2293 846 ei
2327 795 2390 846 ut
2411 794 2804 865 suspendatur
2835 794 2989 850 mola
3014 796 3270 854 asinaria
3314 798 3371 854 in
3409 799 3557 856 collo

1913 879 2132 949 ejus,et
2160 879 2532 953 demergatur
2560 881 2617 936 in
2651 883 3007 954 profundum
3037 886 3279 956 maris,»
3296 889 3560 947 carnales

1915 984 2146 1040 quoque
2175 973 2231 1025 et
2261 970 2466 1025 mundi
2498 975 2832 1028 amatoresa
2861 973 3144 1044 regimine
3167 976 3559 1034 ecclesiastico

1915 1056 2203 1129 prohibet,
2239 1059 2513 1130 quoniam
2547 1059 2759 1116 melius
2787 1066 2896 1128 est,
2931 1063 3086 1134 quod
3117 1067 3563 1124 mundiamator

1916 1145 1975 1200 in
2009 1145 2220 1201 saeculo
2252 1148 2448 1204 vivens
2469 1147 2795 1217 carnaliter,
2829 1167 2889 1206 se
2921 1150 3110 1207 solum
3143 1154 3558 1228 perdat,quam

1917 1235 1973 1289 in
2009 1235 2288 1308 regimine
2306 1235 2698 1292 ecclesiastico
2724 1240 3080 1296 constitutus
3094 1259 3155 1296 se
3184 1247 3240 1297 et
3269 1241 3414 1300 alios
3437 1262 3561 1318 per-

1915 1341 2077 1380 verse
2102 1324 2343 1380 vivendo
2375 1326 2446 1380 ad
2480 1326 2782 1381 interitum
2815 1327 3046 1384 trahat:
3079 1331 3218 1402 quia
3243 1334 3414 1403 cujus
3444 1335 3562 1390 vita

1917 1413 2259 1484 despicitur,
2296 1418 2476 1469 restat
2509 1419 2572 1470 ut
2604 1415 2732 1487 ejus
2762 1417 3095 1488 praedicatio
3133 1425 3558 1493 contemnatur,

1918 1502 2192 1572 quoniam
2225 1503 2364 1558 dum
2400 1503 2618 1558 infirmi
2651 1503 2921 1577 discipuli
2958 1507 3182 1577 patroni
3235 1515 3563 1582 sequuntur

1917 1591 2267 1663 exemplum,
2303 1596 2358 1646 et
2389 1591 2497 1662 ipsi
2531 1598 2794 1664 pereunt,
2828 1597 2885 1648 et
2929 1593 3159 1650 illorum
3210 1599 3458 1670 perditio
3501 1601 3560 1656 in

1917 1680 2045 1749 ejus
2075 1684 2249 1751 caput
2279 1681 2590 1747 redundat,
2623 1681 2722 1752 qui
2757 1685 2960 1736 auctor
2989 1688 3078 1738 est
3107 1685 3390 1741 criminis.
3433 1687 3562 1743 Sive

154 1768 269 1817 tem
305 1763 378 1817 ad
411 1763 764 1820 domesticos
796 1765 928 1820 fidei
959 1764 1108 1837 (Gal.
1133 1770 1230 1835 vn).
1270 1791 1296 1816 ››
1330 1769 1436 1834 Qui
1469 1771 1624 1825 enim
1655 1770 1810 1826 bona
1842 1807 1890 1871 Β
1920 1772 2073 1824 certe
2105 1784 2208 1839 per
2238 1767 2454 1824 molam
2487 1769 2802 1868 asinariam
2837 1771 3101 1827 doctores
3132 1772 3564 1848 intelliguntur,

157 1850 506 1924 temporalia
527 1851 643 1907 illis
667 1853 971 1926 impendit,
989 1855 1045 1910 in
1070 1872 1320 1927 quorum
1346 1858 1459 1912 vita
1475 1863 1530 1914 et
1551 1859 1812 1916 moribus

157 1940 459 1996 Christum
505 1941 767 1998 habitare
816 1944 1128 2014 cognoscit,
1164 1946 1414 2017 profecto
1470 1946 1550 2001 illi
1583 1948 1808 2015 tribuit,

155 2047 256 2102 pro
274 2030 449 2100 cujus
469 2046 663 2087 amore
681 2031 1156 2104 impendit.Unde
1174 2035 1318 2090 bene
1342 2035 1572 2102 dicitur,
1589 2059 1615 2084 «
1637 2036 1694 2091 in
1717 2054 1814 2094 no-

153 2118 311 2174 mine
346 2135 495 2174 meo.
519 2143 546 2168 ιι
570 2119 736 2174 Multi
759 2121 916 2176 enim
946 2123 1097 2177 bona
1118 2122 1463 2195 temporalia
1487 2141 1598 2180 non
1627 2125 1684 2179 in
1716 2143 1813 2181 no-

152 2209 307 2264 mine
330 2207 566 2273 Christi,
587 2209 686 2264 sed
717 2214 775 2264 ut
809 2209 1042 2266 laudem
1073 2211 1383 2268 hominum
1417 2218 1647 2285 captare
1679 2232 1812 2286 pos-

152 2299 267 2352 sint
294 2297 586 2366 tribuunt,
608 2298 677 2353 de
698 2299 913 2372 quibus
936 2301 1219 2373 scriptum
1243 2305 1329 2357 est
1359 2320 1370 2357 :
1399 2325 1424 2351 ‹‹
1452 2303 1816 2368 Οιιωείθιιιιιιι

149 2385 398 2458 gloriam
433 2385 739 2443 hominum
775 2389 961 2462 magis
993 2407 1169 2462 quam
1204 2389 1304 2446 Dei
1328 2391 1504 2462 (Joan.
1529 2393 1647 2461 Xil).
1686 2414 1714 2441 ››
1749 2393 1813 2447 Et

153 2475 441 2531 Dominus
463 2475 599 2531 alibi
622 2495 634 2532 :
656 2500 682 2526 «
704 2477 912 2533 Omnia
931 2495 1106 2550 opera
1125 2496 1230 2534 sua
1256 2479 1478 2535 faciunt
1499 2485 1562 2535 ut
1582 2481 1813 2536 videan-

155 2571 246 2620 tur
262 2565 339 2619 ab
361 2564 702 2620 hominibus
723 2566 934 2635 (Matth.
957 2567 1142 2638 XXIII).
1171 2592 1197 2617 ››
1221 2569 1287 2623 Et
1304 2569 1513 2625 iterum
1539 2588 1550 2625 :
1579 2572 1810 2626 «Amen

155 2653 280 2709 dico
302 2653 490 2720 vobis,
508 2661 848 2726 receperunt
877 2658 1203 2712 mercedem
1233 2674 1401 2714 suam
1432 2659 1636 2730 (Matth.
1660 2661 1760 2730 v1).
1781 2683 1808 2710 ››

158 2743 220 2799 Et
244 2759 317 2798 ne
351 2743 420 2797 ad
456 2743 861 2816 suscipiendos
892 2745 1150 2817 hospites
1180 2745 1266 2801 vel
1295 2748 1629 2820 peregrinos
1661 2748 1810 2820 pigri

160 2849 619 2901 remaneremus,
652 2834 913 2906 seipsum
940 2835 999 2889 in
1025 2834 1118 2889 his
1141 2836 1358 2908 suscipi
1387 2838 1653 2908 promisit
1677 2854 1811 2893 cum

161 2920 233 2975 ait
270 2939 282 2976 :
320 2945 347 2969 α
383 2921 490 2985 Qui
523 2923 845 2994 susceperit
873 2940 1053 2978 unum
1082 2922 1389 2996 parvulum
1421 2924 1597 2980 talem
1631 2926 1688 2980 in
1717 2943 1814 2982 no-

161 3011 316 3065 mine
351 3026 503 3079 meo,
538 3027 628 3066 me
660 3011 925 3084 suscipit.
964 3034 990 3060 ››
1025 3011 1187 3068 Unde
1219 3015 1276 3068 et
1306 3013 1430 3084 ipse
1459 3012 1594 3069 alibi
1628 3014 1767 3068 dicit
1797 3033 1809 3070 :

160 3124 182 3147 «ι
211 3099 321 3166 Qui
351 3100 600 3172 suscipit
624 3099 964 3172 prophetam
990 3101 1047 3156 in
1077 3101 1316 3157 nomine
1338 3101 1814 3174 prophetae,mer-

1921 1856 2060 1930 quia
2089 1857 2242 1912 sicut
2263 1856 2416 1912 mola
2444 1874 2691 1930 granum
2717 1857 2890 1914 tritici
2910 1860 3294 1932 frangitur,ut
3309 1865 3567 1922 medulla

1921 1947 2048 2017 ejus
2086 1963 2096 2002 :
2131 1947 2199 2001 ad
2227 1947 2712 2002 sustentationem
2746 1946 2829 2002 vel
2871 1949 3243 2006 refectionem
3293 1952 3564 2009 humanae

1921 2039 2140 2089 natura":
2171 2035 2536 2104 ostendatur,
2561 2036 2642 2090 ita
2672 2052 2901 2108 quoque
2924 2041 2979 2092 et
3011 2038 3279 2096 doctores
3309 2041 3566 2098 occultas

1921 2124 2242 2178 sententias
2270 2125 2583 2196 Sceipturm
2620 2141 2796 2180 sacra
2841 2127 3189 2199 aperientes,
3223 2129 3567 2187 interiorem

1922 2229 2161 2267 sensum
2175 2229 2374 2267 eorum
2393 2213 2768 2268 manifestant
2780 2213 2866 2270 vel
2880 2215 3058 2270 vitam
3073 2215 3567 2276 sivercfectionem

1921 2300 2251 2358 animarum
2283 2306 2641 2357 sanctarum.

1997 2413 2022 2440 ‹‹
2044 2390 2138 2444 Vae
2172 2391 2392 2446 mundo
2425 2391 2496 2446 ab
2530 2391 2843 2448 scandalis.
2866 2413 2892 2441 »
2917 2395 3170 2451 Mundus
3200 2396 3292 2451 cui
3323 2414 3403 2452 vae
3425 2398 3568 2454 dici-

1920 2485 2035 2545 tur,
2069 2496 2182 2535 non
2206 2479 2301 2534 ille
2313 2484 2401 2535 est
2423 2497 2596 2552 quem
2611 2480 2765 2535 venit
2781 2481 2960 2537 Filins
2974 2482 3230 2539 hominis
3243 2502 3498 2558 qumrere
3514 2492 3572 2543 et

1921 2567 2164 2636 salvarc,
2196 2568 2294 2623 sed
2340 2566 2435 2623 illc
2466 2569 2562 2640 qui
2604 2568 2663 2622 in
2698 2569 2954 2641 maligno
2985 2571 3212 2642 positus
3243 2579 3352 2640 est,
3388 2576 3441 2629 id
3483 2581 3571 2631 est

1921 2658 2124 2712 mundi
2158 2662 2467 2726 amatores,
2493 2657 2563 2711 de
2595 2674 2708 2728 quo
2741 2659 3022 2713 Dominus
3053 2660 3190 2715 alibi
3222 2662 3332 2716 ait:
3355 2686 3381 2712 ‹‹
3403 2667 3572 2718 Pater

1913 2747 2091 2818 juste,
2129 2745 2386 2800 mundus
2438 2749 2492 2800 te
2544 2763 2658 2800 non
2701 2747 2968 2818 cognovit
2998 2750 3173 2815 (Joan.
3209 2752 3366 2812 xvu).
3404 2774 3431 2800 ››
3463 2752 3568 2816 Qui

1920 2835 2076 2888 enim
2107 2837 2300 2889 mente
2331 2837 2386 2888 et
2439 2833 2729 2889 desiderio
2773 2835 3052 2890 saeculum
3097 2835 3384 2906 incolunt,
3419 2845 3571 2896 recte

1923 2923 2181 2976 mundus
2207 2921 2596 2993 appellantur,
2613 2922 2682 2978 dc
2708 2922 2924 2994 quibus
2953 2924 3212 2981 Joannes
3229 2925 3310 2981 ait
3329 2943 3339 2982 :
3358 2950 3384 2976 «
3404 2927 3571 2984 Mun-

1925 3011 2036 3065 dus
2081 3009 2355 3065 transibit
2402 3014 2457 3065 et
2500 3011 2970 3084 concupiscentia
3009 3014 3136 3085 ejus
3168 3015 3216 3086 (I
3237 3016 3394 3071 Joan.
3427 3018 3510 3090 ιι).
3541 3039 3569 3068 »

1929 3099 2129 3154 Mundi
2149 3098 2302 3154 enim
2327 3105 2617 3155 amatores
2649 3100 2788 3155 dum
2815 3106 3051 3173 propter
3081 3103 3428 3176 cupiditates
3461 3124 3570 3162 saa-

158 3189 357 3245 cedem
389 3169 684 3262 prophetae
717 3169 977 3262 accipiet,
1008 3195 1065 3245 et
1098 3190 1194 3263 qui
1228 3169 1722 3262 suscipitjustum
1751 3193 1810 3248 in
1841 3169 1884 3236 C
1923 3187 2035 3243 culi
2078 3187 2222 3242 alios
2270 3205 2384 3242 non
2438 3192 2711 3244 metuunt
2756 3169 3174 3260 scandalizare,
3218 3197 3412 3250 tamen
3459 3195 3567 3268 ipsi

157 3280 393 3334 nomine
416 3279 587 3350 justi,
618 3279 943 3334 mercedem
963 3278 1112 3350 justi
1141 3279 1381 3352 accipiet
1424 3279 1633 3351 (Matth.
1666 3281 1746 3350 x).
1783 3305 1810 3330 ››

158 3368 216 3423 Et
243 3369 461 3424 iterum
493 3385 506 3422 :
535 3387 566 3420 α
590 3367 694 3433 Qui
723 3385 821 3423 vos
849 3368 1069 3439 recipit,
1102 3385 1192 3422 me
1225 3369 1428 3441 recipit
1453 3385 1464 3424 :
1500 3374 1555 3424 et
1583 3370 1682 3442 qui
1711 3387 1812 3426 vos

155 3457 398 3528 spernit,
429 3472 523 3511 me
570 3457 796 3528 spernit
832 3458 982 3524 (Luc.
1029 3457 1105 3527 χ).
1136 3479 1162 3505 n
1193 3457 1353 3512 Sicut
1395 3463 1592 3514 autem
1626 3459 1811 3514 susci-

156 3545 454 3618 pientibus
486 3561 706 3600 merces
761 3544 1144 3617 promittitur,
1175 3545 1257 3600 ita
1307 3545 1472 3602 duris
1521 3551 1578 3602 et
1625 3547 1812 3602 avaris

154 3652 326 3706 paena
358 3634 657 3698 indicitur,
693 3651 825 3689 cum
859 3634 1226 3690 subinfertur
1260 3652 1272 3690 :

225 3747 252 3772 ει
276 3723 387 3789 Qui
407 3727 603 3777 autem
628 3722 1108 3778 scandalizaverit
1134 3741 1316 3779 unum
1339 3725 1408 3779 de
1429 3725 1659 3795 pusillis
1684 3726 1812 3781 istis

157 3835 184 3862 α
210 3813 311 3884 qui
347 3812 403 3867 in
435 3828 528 3866 me
549 3812 813 3878 credunt,
833 3813 1061 3884 expedit
1084 3813 1135 3867 ei
1160 3818 1221 3867 ut
1245 3815 1639 3884 suspendatur
1661 3814 1814 3871 mola

154 3927 178 3950 ιι
205 3901 466 3957 asinaria
489 3901 547 3955 in
569 3900 716 3956 collo
738 3901 886 3971 ejus,
903 3906 958 3956 et
979 3902 1352 3974 demergatur
1374 3902 1428 3956 in
1455 3903 1811 3974 profundum

155 4015 180 4039 α
213 3991 422 4046 maris.
457 4012 478 4038 ι
513 3989 620 4044 Ubi
643 3989 1132 4045 considerandum
1160 3993 1267 4058 est,
1289 4006 1465 4062 quam
1493 4007 1662 4063 grave
1688 4009 1814 4064 pec-

154 4087 351 4135 catum
379 4077 868 4135 sitscandalizare
897 4078 1156 4146 fratrem,
1183 4080 1417 4151 quando
1443 4081 1618 4136 etiam
1651 4098 1814 4138 scan-

153 4169 547 4224 dalizantibus
573 4167 708 4222 talis
732 4166 989 4222 vindicta
1009 4169 1590 4235 comminatur.Quod
1615 4174 1810 4226 autem

152 4259 234 4313 ait
261 4275 276 4312 :
308 4282 337 4308 ‹‹
371 4256 621 4329 Expedit
649 4256 699 4312 ei
735 4259 799 4311 ut
842 4257 1238 4329 suspendatur
1284 4256 1439 4312 mola
1469 4258 1722 4314 asinaria
1749 4259 1809 4314 in

151 4346 298 4403 collo
321 4346 472 4417 ejus,
497 4350 556 4400 et
578 4345 636 4399 in
665 4345 954 4416 profundo
979 4345 1160 4400 maris
1183 4345 1571 4419 demergatur,
1594 4371 1616 4400 ι
1643 4348 1812 4418 juxta

152 4453 376 4492 morem
401 4433 712 4508 provinciae
733 4433 1011 4506 loquitur,
1033 4434 1131 4488 ubi
1157 4435 1310 4506 apud
1334 4438 1555 4492 veteres
1575 4436 1811 4492 Judazos

1922 3275 2266 3332 scandalum
2323 3277 2636 3343 sustinent,
2685 3277 3000 3350 aliquando
3049 3285 3242 3337 autem
3309 3299 3568 3356 corpore,

1921 3381 2154 3436 semper
2176 3369 2368 3420 autem
2406 3367 2703 3422 mente.Ft
2734 3367 2862 3422 ideo
2897 3368 3569 3442 vzeillis,quia«ducunt

1923 3456 1981 3509 in
2013 3454 2182 3509 bonis
2213 3455 2338 3509 dies
2369 3471 2528 3520 suos,
2551 3460 2606 3510 et
2637 3455 2696 3510 in
2729 3461 2945 3527 puncto
2976 3458 3045 3512 ad
3083 3458 3311 3516 inferna
3333 3463 3570 3517 descen-

1925 3544 2384 3615 dunt(Job.xxr).
2414 3566 2442 3594 »
2468 3543 2691 3611 Quibus
2713 3562 2816 3617 per
2843 3545 3122 3602 Jacobum
3162 3549 3402 3606 dicitur:
3420 3551 3570 3616 «Qui

1921 3631 2166 3688 voluerit
2196 3650 2323 3688 esse
2345 3633 2570 3688 amicus
2594 3632 2772 3705 hujus
2801 3634 3573 3701 szeculi,inimicusDeicon-

1923 3721 2190 3777 stituitur
2217 3724 2351 3788 (Jac.
2387 3722 2483 3788 iv),
2518 3745 2545 3772 ››
2583 3723 2652 3776 ad
2687 3739 2835 3795 quos
2875 3724 3127 3794 pertinet
3167 3727 3322 3797 quod
3377 3729 3568 3785 adhuc

1922 3809 2302 3881 subjungitur
2335 3827 2400 3865 :«
2435 3810 2681 3866 Necesse
2713 3815 2800 3866 est
2831 3812 2990 3866 enim
3024 3817 3090 3868 ut
3126 3815 3360 3870 veniant
3399 3834 3566 3873 scan-

1926 3921 1952 3948 ‹‹
1967 3899 2540 3964 dala;verumtamen
2556 3916 2635 3952 vze
2660 3899 2883 3954 homini
2907 3917 3009 3972 per
3031 3918 3204 3973 quem
3224 3905 3568 3963 scandalum

1922 3987 2138 4041 «venit.
2161 4010 2186 4035 ››
2209 3987 2368 4052 Quod
2393 3991 2587 4042 autem
2615 3987 2715 4053 ait,
2735 4005 3010 4044 «necesse
3033 3995 3140 4057 est,
3159 4014 3186 4039 ››
3201 3992 3312 4047 tale
3326 3999 3413 4049 est
3433 4011 3497 4049 ac
3516 3995 3566 4051 si

1921 4074 2136 4130 diceret
2169 4092 2182 4130 :
2218 4075 2339 4130 Non
2382 4079 2576 4146 potest
2606 4092 2732 4130 esse
2765 4081 2830 4131 ut
2859 4077 3135 4132 scandala
3165 4097 3278 4134 non
3310 4082 3562 4140 veniant.

1921 4189 1947 4214 ‹‹
1983 4163 2218 4236 Oportet
2247 4162 2399 4218 enim
2434 4168 2489 4219 et
2519 4163 2768 4220 haereses
2798 4181 2946 4230 esse,
2981 4188 3008 4215 ››
3040 4166 3194 4221 sicut
3221 4168 3302 4222 ait
3328 4171 3566 4241 Aposto-

1920 4253 2158 4322 lus,«ut
2184 4252 2280 4324 qui
2313 4253 2537 4324 probati
2572 4258 2732 4324 sunt,
2767 4254 3558 4332 manifestiﬁant(ICor.x1).n

1920 4343 1988 4398 Et
2011 4341 2125 4396 alia
2164 4341 2502 4413 Scriptura:
2541 4363 2567 4390 ‹‹
2599 4342 2752 4397 Vasa
2800 4342 2962 4415 figuli
3011 4343 3220 4416 probat
3258 4345 3476 4411 fornax.
3509 4355 3566 4406 et

1917 4430 2186 4487 homines
2209 4431 2408 4501 justos
2436 4430 2676 4485 tentatio
2710 4431 3103 4488 tribulationis
3135 4435 3302 4506 (Βεειὶ
3330 4439 3561 4510 xxvu).»

149 4523 423 4597 capitalia
455 4522 706 4579 crimina
747 4523 855 4578 hoc
901 4521 1192 4595 supplicio
1239 4523 1653 4595 puniebantur.
1685 4524 1808 4581 Non
1841 4538 1886 4602 Ι)
1918 4519 2084 4575 Pacis
2110 4523 2305 4574 autem
2329 4524 2589 4591 tempore
2612 4536 2724 4574 non
2741 4519 3564 4599 facileediscernipotest,quis

147 4630 284 4686 ergo
304 4611 756 4668 arbitreturleve
774 4616 1075 4684 peccatum
1089 4628 1216 4668 esse
1230 4612 1570 4668 scandalum
1588 4615 1805 4684 fratris,

148 4719 281 4758 cum
319 4699 860 4757 scandalizantibus
892 4699 1026 4755 talis
1077 4717 1246 4772 pcena
1276 4701 1630 4773 praedicitur,
1665 4719 1808 4774 quo-

150 4792 310 4847 niam
337 4791 493 4845 sicut
516 4788 654 4844 alibi
677 4788 735 4844 in
764 4789 1074 4862 Evangelio
1097 4789 1177 4868 ait
1201 4807 1214 4844 :
1239 4788 1387 4852 «Qui
1411 4788 1620 4845 dixerit
1643 4790 1808 4846 fratri

148 4879 613 4948 suo,fatue,rcus
639 4877 746 4934 erit
770 4877 1047 4951 gehennae
1075 4877 1229 4950 ignis
1250 4878 1455 4946 (Matth.
1474 4878 1571 4949 vn).
1599 4901 1627 4928 »
1645 4880 1806 4944 Quod

147 4987 209 5024 se
234 4985 443 5025 cavere
463 4967 704 5024 omnino
725 4966 1040 5040 Apostolus
1062 4965 1334 5036 ostendit,
1350 4982 1484 5022 cum
1513 4967 1624 5023 ait:
1649 4987 1676 5018 «
1698 4967 1809 5024 Me.

146 5056 261 5114 lius
309 5057 470 5113 enim
505 5056 651 5114 mihi
683 5061 773 5112 est
803 5075 916 5113 non
949 5056 1305 5112 manducare
1335 5070 1592 5124 carnem,
1620 5072 1808 5129 neque

143 5146 348 5202 bibere
373 5146 804 5217 vinum,neque
826 5144 1047 5217 aliquid
1076 5144 1133 5199 in
1162 5160 1277 5217 quo
1304 5144 1538 5199 fratrem
1568 5146 1808 5201 scanda-

141 5234 318 5292 lizem
351 5236 528 5308 (Rom.
556 5234 692 5307 xxv).
723 5258 750 5282 ››
795 5237 840 5289 Α
872 5251 987 5306 quo
1015 5237 1248 5306 peccato
1279 5232 1452 5288 etiam
1488 5233 1805 5306 discipulos

141 5343 286 5382 suos
319 5325 657 5397 compescit,
687 5324 888 5379 dicens
914 5340 926 5379 :
956 5347 984 5373 «
1014 5324 1200 5388 Quare
1222 5326 1283 5377 tu
1309 5321 1671 5378 scandalizas
1697 5323 1806 5378 fra-

137 5419 295 5470 trem
327 5420 518 5481 tuum,
539 5417 638 5467 aut
663 5429 844 5484 quare
869 5411 1098 5484 spernis
1121 5410 1288 5466 illum
1307 5410 1335 5466 ?
1361 5434 1388 5460 ››
1417 5409 1604 5482 (Ibid)
1625 5410 1805 5482 Igitur

139 5504 196 5561 in
212 5507 509 5578 quantum
527 5517 863 5574 possumus,
863 5502 1033 5572 juxta
1048 5499 1304 5572 Apostoli
1320 5497 1800 5569 admonitionem,

138 5592 496 5654 scandalum
530 5591 772 5650 fratrum
821 5588 1004 5649 vitare
1037 5589 1357 5659 debemus;
1391 5587 1440 5646 si
1471 5590 1668 5647 autem
1699 5605 1802 5664 pro

1919 4610 2108 4664 bonus
2143 4607 2400 4663 malusve
2433 4608 2526 4663 sit.
2556 4609 2668 4664 Sed
2701 4626 2835 4664 cum
2887 4610 3410 4669 scandalizatorum
3460 4617 3560 4671 fla-

1918 4698 2064 4752 verit
2091 4697 2532 4763 ventus,faciles
2563 4701 2619 4752 et
2647 4702 2852 4753 tenues
2882 4699 3148 4770 projiciet
3177 4702 3342 4773 quasi
3364 4703 3560 4775 paleas

1918 4791 2052 4842 ante
2083 4787 2288 4842 faciem
2319 4785 2494 4852 venti,
2514 4801 2695 4858 grana
2725 4803 2856 4841 vero
2887 4790 3330 4861 congregabitin
3355 4791 3560 4849 horrea

1919 4875 2153 4933 Christi.
2171 4875 2266 4930 Vze
2285 4891 2420 4948 ergo
2453 4875 2675 4930 homini
2699 4872 2780 4930 illi
2815 4875 2912 4947 qui
2933 4876 3106 4932 talem
3139 4894 3200 4932 se
3230 4879 3560 4948 exhibet,ut

1919 4965 2142 5022 malum
2175 4965 2329 5036 quod
2350 4969 2662 5020 venturum
2679 4969 2769 5020 est
2782 4982 2884 5037 per
2904 4966 3031 5037 ejus
3045 4965 3438 5023 ministerium
3453 4969 3558 5025 im-

1916 5055 2163 5127 pleatur,
2196 5055 2266 5108 de
2301 5053 2514 5125 quibus
2547 5053 2830 5109 Dominus
2860 5054 2968 5109 ait:
2995 5078 3022 5106 ‹‹
3044 5055 3230 5111 Mittet
3261 5055 3442 5114 Filius
3457 5058 3560 5115 ho-

1916 5143 2093 5198 minis
2126 5141 2362 5214 angelos
2393 5141 2989 5215 suos,etcolligentde
3013 5160 3190 5216 regno
3220 5146 3560 5218 ejusomnia

1916 5229 2210 5297 scandala,
2245 5235 2301 5286 et
2321 5231 2553 5286 tradent
2581 5247 2648 5286 ea
2677 5231 2734 5285 in
2768 5231 3067 5288 caminum
3095 5233 3249 5306 ignis
3299 5237 3557 5295 ardentis

1913 5319 2121 5389 (Matth.
2155 5319 2301 5388 xm).
2337 5339 2363 5367 »ι
2399 5318 2558 5383 Quod
2596 5317 3251 5394 faciliusintelligimus,
3284 5325 3333 5380 si
3370 5343 3555 5383 unum

1914 5409 1983 5464 ad
2017 5407 2276 5462 medium
2300 5407 2904 5475 deducamus,Judam
2937 5410 3158 5466 scilicet
3189 5412 3558 5488 Dominipro-

1914 5497 2184 5560 ditorem,
2217 5496 2289 5550 de
2319 5512 2433 5568 quo
2464 5495 2588 5568 ipse
2618 5500 2880 5570 tempore
2922 5500 3213 5571 passionis
3261 5519 3379 5558 sua
3423 5504 3505 5559 ait
3536 5520 3551 5559 :

1915 5610 1941 5641 ι‹
1976 5585 2157 5646 Filius
2187 5583 2442 5645 hominis
2472 5585 2630 5645 vadit
2659 5586 2816 5645 sicut
2853 5588 3140 5665 scriptum
3188 5595 3277 5649 est
3315 5591 3386 5649 de
3433 5591 3550 5659 illo.
