  <div class='ocr_page' id='page_1' title='image "/cluster/home/n/w/nwhite01/storage/ocr_20150623/118/hvd.32044073505158/393.png"; bbox 0 0 4060 6178; ppageno 0'>
   <div class='ocr_carea' id='block_1_1' title="bbox 475 287 3794 366">
    <p class='ocr_par' dir='ltr' id='par_1_1' title="bbox 475 287 3794 366">
     <span class='ocr_line' id='line_1_1' title="bbox 475 287 3794 366; baseline 0.002 -8"><span class='ocrx_word' id='word_1_1' title='bbox 475 293 590 358; x_wconf 75' lang='grc'>775</span> <span class='ocrx_word' id='word_1_2' title='bbox 1030 293 1437 362; x_wconf 84' lang='lat' dir='ltr'>HAYMONIS</span> <span class='ocrx_word' id='word_1_3' title='bbox 1483 294 2018 359; x_wconf 82' lang='lat' dir='ltr'>HALBERSTAT.</span> <span class='ocrx_word' id='word_1_4' title='bbox 2067 287 2310 356; x_wconf 84' lang='lat' dir='ltr'>EPISC.</span> <span class='ocrx_word' id='word_1_5' title='bbox 2358 292 2531 357; x_wconf 83' lang='lat' dir='ltr'>OPP.</span> <span class='ocrx_word' id='word_1_6' title='bbox 2579 292 2775 358; x_wconf 82' lang='lat' dir='ltr'>PARS</span> <span class='ocrx_word' id='word_1_7' title='bbox 2821 295 2897 360; x_wconf 91' lang='lat' dir='ltr'>II.</span> <span class='ocrx_word' id='word_1_8' title='bbox 2931 332 3007 340; x_wconf 97' lang='lat'><strong><em>—</em></strong></span> <span class='ocrx_word' id='word_1_9' title='bbox 3039 292 3303 361; x_wconf 86' lang='lat' dir='ltr'>HOMIL.</span> <span class='ocrx_word' id='word_1_10' title='bbox 3700 305 3794 366; x_wconf 77' lang='lat'>716</span> 
     </span>
    </p>
   </div>
   <div class='ocr_carea' id='block_1_2' title="bbox 471 428 3797 504">
    <p class='ocr_par' dir='ltr' id='par_1_2' title="bbox 471 428 3797 504">
     <span class='ocr_line' id='line_1_2' title="bbox 471 428 3797 504; baseline 0.003 -22"><span class='ocrx_word' id='word_1_11' title='bbox 471 448 551 482; x_wconf 71' lang='lat' dir='ltr'>vm</span> <span class='ocrx_word' id='word_1_12' title='bbox 583 430 808 486; x_wconf 85' lang='lat' dir='ltr'>homini</span> <span class='ocrx_word' id='word_1_13' title='bbox 860 431 941 486; x_wconf 84' lang='lat' dir='ltr'>illi</span> <span class='ocrx_word' id='word_1_14' title='bbox 991 449 1093 504; x_wconf 89' lang='lat' dir='ltr'>per</span> <span class='ocrx_word' id='word_1_15' title='bbox 1133 449 1307 504; x_wconf 85' lang='lat' dir='ltr'>quem</span> <span class='ocrx_word' id='word_1_16' title='bbox 1358 433 1619 488; x_wconf 82' lang='lat' dir='ltr'>tradetur</span> <span class='ocrx_word' id='word_1_17' title='bbox 1647 430 1851 497; x_wconf 73' lang='lat' dir='ltr'>(Matth.</span> <span class='ocrx_word' id='word_1_18' title='bbox 1880 428 2053 499; x_wconf 80' lang='lat' dir='ltr'>xxvi).</span> <span class='ocrx_word' id='word_1_19' title='bbox 2086 449 2112 478; x_wconf 84' lang='lat'>»</span> <span class='ocrx_word' id='word_1_20' title='bbox 2149 430 2200 496; x_wconf 78' lang='grc' dir='ltr'><strong>Α</strong></span> <span class='ocrx_word' id='word_1_21' title='bbox 2229 428 2399 484; x_wconf 87' lang='lat' dir='ltr'>dulce</span> <span class='ocrx_word' id='word_1_22' title='bbox 2425 435 2513 485; x_wconf 92' lang='lat' dir='ltr'>est</span> <span class='ocrx_word' id='word_1_23' title='bbox 2544 431 2698 502; x_wconf 90' lang='lat' dir='ltr'>quod</span> <span class='ocrx_word' id='word_1_24' title='bbox 2730 430 2921 486; x_wconf 90' lang='lat' dir='ltr'>adhuc</span> <span class='ocrx_word' id='word_1_25' title='bbox 2953 431 3325 499; x_wconf 82' lang='lat' dir='ltr'>subinfertur,</span> <span class='ocrx_word' id='word_1_26' title='bbox 3359 448 3523 503; x_wconf 86' lang='lat' dir='ltr'>quare</span> <span class='ocrx_word' id='word_1_27' title='bbox 3562 451 3659 489; x_wconf 91' lang='lat' dir='ltr'>non</span> <span class='ocrx_word' id='word_1_28' title='bbox 3701 437 3797 492; x_wconf 87' lang='lat' dir='ltr'>sint</span> 
     </span>
    </p>
   </div>
   <div class='ocr_carea' id='block_1_3' title="bbox 471 519 2670 594">
    <p class='ocr_par' dir='ltr' id='par_1_3' title="bbox 471 519 2670 594">
     <span class='ocr_line' id='line_1_3' title="bbox 471 519 2670 594; baseline 0 -21"><span class='ocrx_word' id='word_1_29' title='bbox 471 520 718 576; x_wconf 82' lang='lat' dir='ltr'>Necesse</span> <span class='ocrx_word' id='word_1_30' title='bbox 734 521 888 576; x_wconf 89' lang='lat' dir='ltr'>enim</span> <span class='ocrx_word' id='word_1_31' title='bbox 913 526 1135 589; x_wconf 89' lang='lat' dir='ltr'>erat,ut</span> <span class='ocrx_word' id='word_1_32' title='bbox 1165 522 1340 577; x_wconf 80' lang='lat' dir='ltr'>Filius</span> <span class='ocrx_word' id='word_1_33' title='bbox 1369 522 1463 576; x_wconf 90' lang='lat' dir='ltr'>Dei</span> <span class='ocrx_word' id='word_1_34' title='bbox 1481 539 1583 594; x_wconf 87' lang='lat' dir='ltr'>pro</span> <span class='ocrx_word' id='word_1_35' title='bbox 1602 519 2116 591; x_wconf 77' lang='lat' dir='ltr'>nobispassioncm</span> <span class='ocrx_word' id='word_1_36' title='bbox 2229 521 2670 575; x_wconf 77' lang='lat' dir='ltr'>contemnendi:</span> 
     </span>
    </p>
   </div>
   <div class='ocr_carea' id='block_1_4' title="bbox 471 608 3798 683">
    <p class='ocr_par' dir='ltr' id='par_1_4' title="bbox 471 608 3798 683">
     <span class='ocr_line' id='line_1_4' title="bbox 471 608 3798 683; baseline 0.002 -20"><span class='ocrx_word' id='word_1_37' title='bbox 471 609 806 677; x_wconf 89' lang='lat' dir='ltr'>sustineret,</span> <span class='ocrx_word' id='word_1_38' title='bbox 823 611 921 666; x_wconf 89' lang='lat' dir='ltr'>sed</span> <span class='ocrx_word' id='word_1_39' title='bbox 945 629 1024 666; x_wconf 68' lang='lat' dir='ltr'>vae</span> <span class='ocrx_word' id='word_1_40' title='bbox 1055 612 1240 674; x_wconf 67' lang='lat' dir='ltr'>Judaa,</span> <span class='ocrx_word' id='word_1_41' title='bbox 1261 611 1358 683; x_wconf 89' lang='lat' dir='ltr'>qui</span> <span class='ocrx_word' id='word_1_42' title='bbox 1395 616 1658 666; x_wconf 88' lang='lat' dir='ltr'>nostrum</span> <span class='ocrx_word' id='word_1_43' title='bbox 1682 611 2116 677; x_wconf 86' lang='lat' dir='ltr'>bonum,suum</span> <span class='ocrx_word' id='word_1_44' title='bbox 2298 631 2325 657; x_wconf 89' lang='grc'>‹‹</span> <span class='ocrx_word' id='word_1_45' title='bbox 2360 608 2498 664; x_wconf 87' lang='lat' dir='ltr'>Dico</span> <span class='ocrx_word' id='word_1_46' title='bbox 2531 609 2687 664; x_wconf 90' lang='lat' dir='ltr'>enim</span> <span class='ocrx_word' id='word_1_47' title='bbox 2718 610 2901 677; x_wconf 84' lang='lat' dir='ltr'>vobis,</span> <span class='ocrx_word' id='word_1_48' title='bbox 2938 610 3075 682; x_wconf 84' lang='lat' dir='ltr'>quia</span> <span class='ocrx_word' id='word_1_49' title='bbox 3127 610 3312 683; x_wconf 84' lang='lat' dir='ltr'>angeli</span> <span class='ocrx_word' id='word_1_50' title='bbox 3361 627 3548 666; x_wconf 90' lang='lat' dir='ltr'>eorum</span> <span class='ocrx_word' id='word_1_51' title='bbox 3593 613 3642 666; x_wconf 87' lang='lat' dir='ltr'>in</span> <span class='ocrx_word' id='word_1_52' title='bbox 3670 613 3798 669; x_wconf 53' lang='lat' dir='ltr'>caelis</span> 
     </span>
    </p>
   </div>
   <div class='ocr_carea' id='block_1_5' title="bbox 471 697 3799 771">
    <p class='ocr_par' dir='ltr' id='par_1_5' title="bbox 471 697 3799 771">
     <span class='ocr_line' id='line_1_5' title="bbox 471 697 3799 771; baseline -0.001 -19"><span class='ocrx_word' id='word_1_53' title='bbox 471 698 604 753; x_wconf 86' lang='lat' dir='ltr'>fecit</span> <span class='ocrx_word' id='word_1_54' title='bbox 635 698 877 754; x_wconf 89' lang='lat' dir='ltr'>malum.</span> <span class='ocrx_word' id='word_1_55' title='bbox 910 703 979 754; x_wconf 84' lang='lat' dir='ltr'>Et</span> <span class='ocrx_word' id='word_1_56' title='bbox 1011 717 1081 754; x_wconf 92' lang='lat' dir='ltr'>ne</span> <span class='ocrx_word' id='word_1_57' title='bbox 1110 699 1324 771; x_wconf 83' lang='lat' dir='ltr'>aliquis</span> <span class='ocrx_word' id='word_1_58' title='bbox 1355 700 1465 754; x_wconf 90' lang='lat' dir='ltr'>sub</span> <span class='ocrx_word' id='word_1_59' title='bbox 1496 697 1798 754; x_wconf 84' lang='lat' dir='ltr'>occasione</span> <span class='ocrx_word' id='word_1_60' title='bbox 1820 697 2115 769; x_wconf 89' lang='lat' dir='ltr'>proximo—</span> <span class='ocrx_word' id='word_1_61' title='bbox 2227 721 2252 745; x_wconf 77' lang='grc' dir='ltr'>α</span> <span class='ocrx_word' id='word_1_62' title='bbox 2289 714 2522 769; x_wconf 80' lang='lat' dir='ltr'>semper</span> <span class='ocrx_word' id='word_1_63' title='bbox 2549 698 2746 754; x_wconf 88' lang='lat' dir='ltr'>vident</span> <span class='ocrx_word' id='word_1_64' title='bbox 2777 699 2982 755; x_wconf 82' lang='lat' dir='ltr'>faciem</span> <span class='ocrx_word' id='word_1_65' title='bbox 3003 699 3188 754; x_wconf 82' lang='lat' dir='ltr'>Patris</span> <span class='ocrx_word' id='word_1_66' title='bbox 3215 700 3325 754; x_wconf 88' lang='lat' dir='ltr'>mei</span> <span class='ocrx_word' id='word_1_67' title='bbox 3345 701 3437 770; x_wconf 90' lang='lat' dir='ltr'>qui</span> <span class='ocrx_word' id='word_1_68' title='bbox 3469 700 3522 754; x_wconf 90' lang='lat' dir='ltr'>in</span> <span class='ocrx_word' id='word_1_69' title='bbox 3536 699 3799 756; x_wconf 67' lang='lat' dir='ltr'>caelisest.»</span> 
     </span>
    </p>
   </div>
   <div class='ocr_carea' id='block_1_6' title="bbox 469 787 3800 861">
    <p class='ocr_par' dir='ltr' id='par_1_6' title="bbox 469 787 3800 861">
     <span class='ocr_line' id='line_1_6' title="bbox 469 787 3800 861; baseline 0.001 -19"><span class='ocrx_word' id='word_1_70' title='bbox 469 805 599 843; x_wconf 89' lang='lat' dir='ltr'>rum</span> <span class='ocrx_word' id='word_1_71' title='bbox 631 787 717 844; x_wconf 87' lang='lat' dir='ltr'>vel</span> <span class='ocrx_word' id='word_1_72' title='bbox 750 789 1068 843; x_wconf 89' lang='lat' dir='ltr'>amicorum</span> <span class='ocrx_word' id='word_1_73' title='bbox 1101 806 1135 842; x_wconf 92' lang='lat' dir='ltr'>a</span> <span class='ocrx_word' id='word_1_74' title='bbox 1162 787 1252 843; x_wconf 86' lang='lat' dir='ltr'>via</span> <span class='ocrx_word' id='word_1_75' title='bbox 1280 789 1375 844; x_wconf 89' lang='lat' dir='ltr'>Dei</span> <span class='ocrx_word' id='word_1_76' title='bbox 1419 788 1531 843; x_wconf 87' lang='lat' dir='ltr'>sibi</span> <span class='ocrx_word' id='word_1_77' title='bbox 1575 787 1970 842; x_wconf 84' lang='lat' dir='ltr'>recedendum</span> <span class='ocrx_word' id='word_1_78' title='bbox 2005 803 2113 858; x_wconf 84' lang='lat' dir='ltr'>pu-</span> <span class='ocrx_word' id='word_1_79' title='bbox 2225 787 2288 841; x_wconf 87' lang='lat' dir='ltr'>In</span> <span class='ocrx_word' id='word_1_80' title='bbox 2322 787 2430 842; x_wconf 88' lang='lat' dir='ltr'>hoc</span> <span class='ocrx_word' id='word_1_81' title='bbox 2450 787 3800 861; x_wconf 81' lang='lat' dir='ltr'>locodiscimus,quiaunusquisqueﬁdclium,an-</span> 
     </span>
    </p>
   </div>
   <div class='ocr_carea' id='block_1_7' title="bbox 467 873 3799 949">
    <p class='ocr_par' dir='ltr' id='par_1_7' title="bbox 467 873 3799 949">
     <span class='ocr_line' id='line_1_7' title="bbox 467 873 3799 949; baseline 0.001 -17"><span class='ocrx_word' id='word_1_82' title='bbox 467 881 635 944; x_wconf 87' lang='lat' dir='ltr'>taret,</span> <span class='ocrx_word' id='word_1_83' title='bbox 669 894 902 932; x_wconf 90' lang='lat' dir='ltr'>omnem</span> <span class='ocrx_word' id='word_1_84' title='bbox 934 877 1213 949; x_wconf 78' lang='lat' dir='ltr'>magister</span> <span class='ocrx_word' id='word_1_85' title='bbox 1243 877 1501 932; x_wconf 83' lang='lat' dir='ltr'>veritatis</span> <span class='ocrx_word' id='word_1_86' title='bbox 1530 892 1784 932; x_wconf 87' lang='lat' dir='ltr'>errorem</span> <span class='ocrx_word' id='word_1_87' title='bbox 1812 875 2110 930; x_wconf 84' lang='lat' dir='ltr'>tollitcum</span> <span class='ocrx_word' id='word_1_88' title='bbox 2223 873 2418 946; x_wconf 85' lang='lat' dir='ltr'>gelum</span> <span class='ocrx_word' id='word_1_89' title='bbox 2447 877 2518 931; x_wconf 87' lang='lat' dir='ltr'>ob</span> <span class='ocrx_word' id='word_1_90' title='bbox 2551 877 2642 931; x_wconf 88' lang='lat' dir='ltr'>sui</span> <span class='ocrx_word' id='word_1_91' title='bbox 2675 877 2998 934; x_wconf 82' lang='lat' dir='ltr'>custodiam</span> <span class='ocrx_word' id='word_1_92' title='bbox 3047 879 3381 948; x_wconf 86' lang='lat' dir='ltr'>deputatum</span> <span class='ocrx_word' id='word_1_93' title='bbox 3429 877 3604 943; x_wconf 80' lang='lat' dir='ltr'>habet,</span> <span class='ocrx_word' id='word_1_94' title='bbox 3649 879 3731 949; x_wconf 89' lang='lat' dir='ltr'>qui</span> <span class='ocrx_word' id='word_1_95' title='bbox 3756 884 3799 934; x_wconf 88' lang='lat' dir='ltr'>et</span> 
     </span>
    </p>
   </div>
   <div class='ocr_carea' id='block_1_8' title="bbox 466 965 3795 1045">
    <p class='ocr_par' dir='ltr' id='par_1_8' title="bbox 466 965 3795 1045">
     <span class='ocr_line' id='line_1_8' title="bbox 466 965 3795 1045; baseline 0 -23"><span class='ocrx_word' id='word_1_96' title='bbox 466 975 844 1045; x_wconf 64' lang='lat' dir='ltr'>subiungitur</span> <span class='ocrx_word' id='word_1_97' title='bbox 874 991 886 1028; x_wconf 74' lang='grc' dir='ltr'>ε</span> <span class='ocrx_word' id='word_1_98' title='bbox 923 997 950 1023; x_wconf 88' lang='grc'><strong>(‹</strong></span> <span class='ocrx_word' id='word_1_99' title='bbox 983 974 1039 1028; x_wconf 89' lang='lat' dir='ltr'>Si</span> <span class='ocrx_word' id='word_1_100' title='bbox 1072 977 1268 1030; x_wconf 76' lang='lat' dir='ltr'>autem</span> <span class='ocrx_word' id='word_1_101' title='bbox 1302 991 1513 1030; x_wconf 73' lang='lat' dir='ltr'>manus</span> <span class='ocrx_word' id='word_1_102' title='bbox 1546 979 1669 1044; x_wconf 64' lang='lat' dir='ltr'>tua,</span> <span class='ocrx_word' id='word_1_103' title='bbox 1701 972 1789 1028; x_wconf 70' lang='lat' dir='ltr'>vel</span> <span class='ocrx_word' id='word_1_104' title='bbox 1835 990 1935 1044; x_wconf 77' lang='lat' dir='ltr'>pes</span> <span class='ocrx_word' id='word_1_105' title='bbox 1972 975 2110 1027; x_wconf 77' lang='lat' dir='ltr'>tuus</span> <span class='ocrx_word' id='word_1_106' title='bbox 2221 979 2356 1018; x_wconf 90' lang='lat' dir='ltr'>eum</span> <span class='ocrx_word' id='word_1_107' title='bbox 2389 982 2422 1017; x_wconf 87' lang='lat' dir='ltr'>a</span> <span class='ocrx_word' id='word_1_108' title='bbox 2451 966 2871 1022; x_wconf 89' lang='lat' dir='ltr'>tentationibus</span> <span class='ocrx_word' id='word_1_109' title='bbox 2902 967 3176 1031; x_wconf 83' lang='lat' dir='ltr'>defendit,</span> <span class='ocrx_word' id='word_1_110' title='bbox 3215 967 3339 1021; x_wconf 88' lang='lat' dir='ltr'>etin</span> <span class='ocrx_word' id='word_1_111' title='bbox 3355 965 3795 1036; x_wconf 86' lang='lat' dir='ltr'>virtutibusjuvat,</span> 
     </span>
    </p>
   </div>
   <div class='ocr_carea' id='block_1_9' title="bbox 473 1051 3793 1133">
    <p class='ocr_par' dir='ltr' id='par_1_9' title="bbox 473 1051 3793 1133">
     <span class='ocr_line' id='line_1_9' title="bbox 473 1051 3793 1133; baseline 0 -25"><span class='ocrx_word' id='word_1_112' title='bbox 473 1061 875 1117; x_wconf 59' lang='lat' dir='ltr'>«scandalizat,</span> <span class='ocrx_word' id='word_1_113' title='bbox 907 1065 980 1127; x_wconf 56' lang='lat' dir='ltr'>te,</span> <span class='ocrx_word' id='word_1_114' title='bbox 1015 1061 1292 1118; x_wconf 72' lang='lat' dir='ltr'>abscinde</span> <span class='ocrx_word' id='word_1_115' title='bbox 1340 1079 1474 1118; x_wconf 73' lang='lat' dir='ltr'>eum</span> <span class='ocrx_word' id='word_1_116' title='bbox 1525 1067 1578 1117; x_wconf 66' lang='lat' dir='ltr'>ei</span> <span class='ocrx_word' id='word_1_117' title='bbox 1621 1061 1834 1133; x_wconf 64' lang='lat' dir='ltr'>projice</span> <span class='ocrx_word' id='word_1_118' title='bbox 1887 1061 1993 1116; x_wconf 76' lang='lat' dir='ltr'>abs</span> <span class='ocrx_word' id='word_1_119' title='bbox 2033 1064 2106 1115; x_wconf 80' lang='lat' dir='ltr'>te,</span> <span class='ocrx_word' id='word_1_120' title='bbox 2220 1051 2372 1107; x_wconf 84' lang='lat' dir='ltr'>sicut</span> <span class='ocrx_word' id='word_1_121' title='bbox 2401 1054 2714 1126; x_wconf 79' lang='lat' dir='ltr'>Apostolus</span> <span class='ocrx_word' id='word_1_122' title='bbox 2746 1054 2804 1109; x_wconf 91' lang='lat' dir='ltr'>in</span> <span class='ocrx_word' id='word_1_123' title='bbox 2838 1054 3084 1127; x_wconf 81' lang='lat' dir='ltr'>epistola</span> <span class='ocrx_word' id='word_1_124' title='bbox 3115 1057 3186 1109; x_wconf 88' lang='lat' dir='ltr'>ad</span> <span class='ocrx_word' id='word_1_125' title='bbox 3218 1055 3479 1110; x_wconf 70' lang='lat' dir='ltr'>Hebraeos</span> <span class='ocrx_word' id='word_1_126' title='bbox 3527 1054 3627 1108; x_wconf 85' lang='lat' dir='ltr'>ait:</span> <span class='ocrx_word' id='word_1_127' title='bbox 3657 1079 3677 1102; x_wconf 81' lang='grc' dir='ltr'>α</span> <span class='ocrx_word' id='word_1_128' title='bbox 3707 1057 3793 1110; x_wconf 83' lang='lat' dir='ltr'>An-</span> 
     </span>
    </p>
   </div>
   <div class='ocr_carea' id='block_1_10' title="bbox 462 1140 3794 1223">
    <p class='ocr_par' dir='ltr' id='par_1_10' title="bbox 462 1140 3794 1223">
     <span class='ocr_line' id='line_1_10' title="bbox 462 1140 3794 1223; baseline -0 -24"><span class='ocrx_word' id='word_1_129' title='bbox 462 1153 734 1205; x_wconf 77' lang='lat' dir='ltr'>«Bonum</span> <span class='ocrx_word' id='word_1_130' title='bbox 766 1155 854 1205; x_wconf 89' lang='lat' dir='ltr'>est</span> <span class='ocrx_word' id='word_1_131' title='bbox 878 1149 979 1204; x_wconf 89' lang='lat' dir='ltr'>tibi</span> <span class='ocrx_word' id='word_1_132' title='bbox 1014 1151 1084 1204; x_wconf 89' lang='lat' dir='ltr'>ad</span> <span class='ocrx_word' id='word_1_133' title='bbox 1119 1152 1537 1223; x_wconf 86' lang='lat' dir='ltr'>vitamingredi</span> <span class='ocrx_word' id='word_1_134' title='bbox 1571 1150 1823 1204; x_wconf 87' lang='lat' dir='ltr'>debilem</span> <span class='ocrx_word' id='word_1_135' title='bbox 1848 1149 1934 1205; x_wconf 83' lang='lat' dir='ltr'>vel</span> <span class='ocrx_word' id='word_1_136' title='bbox 1955 1149 2109 1204; x_wconf 79' lang='lat' dir='ltr'>clau-</span> <span class='ocrx_word' id='word_1_137' title='bbox 2218 1140 2329 1211; x_wconf 83' lang='lat' dir='ltr'>geli</span> <span class='ocrx_word' id='word_1_138' title='bbox 2363 1147 2503 1198; x_wconf 92' lang='lat' dir='ltr'>sunt</span> <span class='ocrx_word' id='word_1_139' title='bbox 2531 1143 3012 1200; x_wconf 87' lang='lat' dir='ltr'>administratorii</span> <span class='ocrx_word' id='word_1_140' title='bbox 3065 1145 3325 1216; x_wconf 83' lang='lat' dir='ltr'>spiritus,</span> <span class='ocrx_word' id='word_1_141' title='bbox 3358 1143 3414 1198; x_wconf 94' lang='lat' dir='ltr'>in</span> <span class='ocrx_word' id='word_1_142' title='bbox 3467 1143 3794 1198; x_wconf 85' lang='lat' dir='ltr'>ministerium</span> 
     </span>
    </p>
   </div>
   <div class='ocr_carea' id='block_1_11' title="bbox 462 1230 3795 1310">
    <p class='ocr_par' dir='ltr' id='par_1_11' title="bbox 462 1230 3795 1310">
     <span class='ocr_line' id='line_1_11' title="bbox 462 1230 3795 1310; baseline 0 -23"><span class='ocrx_word' id='word_1_143' title='bbox 462 1239 858 1310; x_wconf 71' lang='lat' dir='ltr'>«dum,quam</span> <span class='ocrx_word' id='word_1_144' title='bbox 891 1239 1037 1294; x_wconf 74' lang='lat' dir='ltr'>duas</span> <span class='ocrx_word' id='word_1_145' title='bbox 1062 1257 1274 1296; x_wconf 72' lang='lat' dir='ltr'>manus</span> <span class='ocrx_word' id='word_1_146' title='bbox 1305 1241 1389 1295; x_wconf 76' lang='lat' dir='ltr'>vel</span> <span class='ocrx_word' id='word_1_147' title='bbox 1417 1241 1566 1294; x_wconf 77' lang='lat' dir='ltr'>duos</span> <span class='ocrx_word' id='word_1_148' title='bbox 1592 1241 1769 1310; x_wconf 72' lang='lat' dir='ltr'>pedes</span> <span class='ocrx_word' id='word_1_149' title='bbox 1795 1239 2107 1294; x_wconf 68' lang='lat' dir='ltr'>habentem</span> <span class='ocrx_word' id='word_1_150' title='bbox 2219 1230 2384 1285; x_wconf 83' lang='lat' dir='ltr'>missi</span> <span class='ocrx_word' id='word_1_151' title='bbox 2420 1237 2654 1303; x_wconf 87' lang='lat' dir='ltr'>propter</span> <span class='ocrx_word' id='word_1_152' title='bbox 2685 1250 2807 1300; x_wconf 89' lang='lat' dir='ltr'>eos,</span> <span class='ocrx_word' id='word_1_153' title='bbox 2839 1236 2937 1306; x_wconf 87' lang='lat' dir='ltr'>qui</span> <span class='ocrx_word' id='word_1_154' title='bbox 2972 1232 3362 1288; x_wconf 77' lang='lat' dir='ltr'>bzereditatem</span> <span class='ocrx_word' id='word_1_155' title='bbox 3393 1231 3606 1303; x_wconf 86' lang='lat' dir='ltr'>capient.</span> <span class='ocrx_word' id='word_1_156' title='bbox 3631 1232 3795 1287; x_wconf 81' lang='lat' dir='ltr'>salutis</span> 
     </span>
    </p>
   </div>
   <div class='ocr_carea' id='block_1_12' title="bbox 423 1319 3796 1401">
    <p class='ocr_par' dir='ltr' id='par_1_12' title="bbox 423 1319 3796 1401">
     <span class='ocr_line' id='line_1_12' title="bbox 423 1319 3796 1401; baseline -0.002 -21"><span class='ocrx_word' id='word_1_157' title='bbox 423 1373 432 1380; x_wconf 90' lang='lat'>.</span> <span class='ocrx_word' id='word_1_158' title='bbox 461 1350 488 1377; x_wconf 83' lang='lat'><strong>«</strong></span> <span class='ocrx_word' id='word_1_159' title='bbox 514 1327 661 1382; x_wconf 89' lang='lat' dir='ltr'>mitti</span> <span class='ocrx_word' id='word_1_160' title='bbox 692 1329 749 1382; x_wconf 92' lang='lat' dir='ltr'>in</span> <span class='ocrx_word' id='word_1_161' title='bbox 782 1328 1108 1399; x_wconf 89' lang='lat' dir='ltr'>gehennam</span> <span class='ocrx_word' id='word_1_162' title='bbox 1137 1329 1306 1401; x_wconf 84' lang='lat' dir='ltr'>ignis.</span> <span class='ocrx_word' id='word_1_163' title='bbox 1341 1330 1408 1383; x_wconf 90' lang='lat' dir='ltr'>Et</span> <span class='ocrx_word' id='word_1_164' title='bbox 1432 1329 1480 1382; x_wconf 90' lang='lat' dir='ltr'>si</span> <span class='ocrx_word' id='word_1_165' title='bbox 1514 1327 1718 1382; x_wconf 89' lang='lat' dir='ltr'>oculus</span> <span class='ocrx_word' id='word_1_166' title='bbox 1763 1332 1903 1382; x_wconf 89' lang='lat' dir='ltr'>tuus</span> <span class='ocrx_word' id='word_1_167' title='bbox 1934 1344 2108 1382; x_wconf 87' lang='lat' dir='ltr'>scan-</span> <span class='ocrx_word' id='word_1_168' title='bbox 2216 1319 2394 1387; x_wconf 68' lang='lat' dir='ltr'>(&quot;ebr-</span> <span class='ocrx_word' id='word_1_169' title='bbox 2431 1324 2490 1388; x_wconf 82' lang='lat'>|)-</span> <span class='ocrx_word' id='word_1_170' title='bbox 2528 1343 2554 1369; x_wconf 65' lang='grc' dir='ltr'>ν</span> <span class='ocrx_word' id='word_1_171' title='bbox 2586 1322 2654 1376; x_wconf 70' lang='lat' dir='ltr'>Et</span> <span class='ocrx_word' id='word_1_172' title='bbox 2679 1321 2994 1376; x_wconf 77' lang='lat' dir='ltr'>Psalmista</span> <span class='ocrx_word' id='word_1_173' title='bbox 3023 1323 3093 1376; x_wconf 88' lang='lat' dir='ltr'>de</span> <span class='ocrx_word' id='word_1_174' title='bbox 3115 1323 3279 1393; x_wconf 86' lang='lat' dir='ltr'>justo</span> <span class='ocrx_word' id='word_1_175' title='bbox 3306 1319 3577 1392; x_wconf 87' lang='lat' dir='ltr'>quolibet:</span> <span class='ocrx_word' id='word_1_176' title='bbox 3603 1345 3625 1371; x_wconf 76' lang='grc' dir='ltr'>ιι</span> <span class='ocrx_word' id='word_1_177' title='bbox 3652 1323 3796 1394; x_wconf 80' lang='lat' dir='ltr'>Ange-</span> 
     </span>
    </p>
   </div>
   <div class='ocr_carea' id='block_1_13' title="bbox 457 1406 3794 1490">
    <p class='ocr_par' dir='ltr' id='par_1_13' title="bbox 457 1406 3794 1490">
     <span class='ocr_line' id='line_1_13' title="bbox 457 1406 3794 1490; baseline -0.001 -25"><span class='ocrx_word' id='word_1_178' title='bbox 457 1441 483 1466; x_wconf 89' lang='grc'>‹‹</span> <span class='ocrx_word' id='word_1_179' title='bbox 521 1415 732 1471; x_wconf 88' lang='lat' dir='ltr'>dalizat</span> <span class='ocrx_word' id='word_1_180' title='bbox 749 1422 820 1483; x_wconf 89' lang='lat' dir='ltr'>te,</span> <span class='ocrx_word' id='word_1_181' title='bbox 844 1434 981 1472; x_wconf 88' lang='lat' dir='ltr'>erue</span> <span class='ocrx_word' id='word_1_182' title='bbox 1005 1417 1168 1472; x_wconf 91' lang='lat' dir='ltr'>illum</span> <span class='ocrx_word' id='word_1_183' title='bbox 1204 1423 1260 1472; x_wconf 89' lang='lat' dir='ltr'>et</span> <span class='ocrx_word' id='word_1_184' title='bbox 1291 1418 1506 1490; x_wconf 87' lang='lat' dir='ltr'>projice</span> <span class='ocrx_word' id='word_1_185' title='bbox 1524 1418 1630 1472; x_wconf 86' lang='lat' dir='ltr'>abs</span> <span class='ocrx_word' id='word_1_186' title='bbox 1663 1421 1738 1472; x_wconf 86' lang='lat' dir='ltr'>te.</span> <span class='ocrx_word' id='word_1_187' title='bbox 1765 1418 1985 1472; x_wconf 85' lang='lat' dir='ltr'>Bonum</span> <span class='ocrx_word' id='word_1_188' title='bbox 2018 1421 2107 1472; x_wconf 76' lang='lat' dir='ltr'>est</span> <span class='ocrx_word' id='word_1_189' title='bbox 2216 1406 2287 1461; x_wconf 87' lang='lat' dir='ltr'>lis</span> <span class='ocrx_word' id='word_1_190' title='bbox 2318 1409 2444 1464; x_wconf 89' lang='lat' dir='ltr'>suis</span> <span class='ocrx_word' id='word_1_191' title='bbox 2477 1410 2773 1465; x_wconf 87' lang='lat' dir='ltr'>mandavit</span> <span class='ocrx_word' id='word_1_192' title='bbox 2803 1412 2873 1465; x_wconf 92' lang='lat' dir='ltr'>de</span> <span class='ocrx_word' id='word_1_193' title='bbox 2904 1410 3400 1475; x_wconf 84' lang='lat' dir='ltr'>te,utcustodiant</span> <span class='ocrx_word' id='word_1_194' title='bbox 3425 1409 3546 1464; x_wconf 89' lang='lat' dir='ltr'>tein</span> <span class='ocrx_word' id='word_1_195' title='bbox 3573 1410 3794 1464; x_wconf 89' lang='lat' dir='ltr'>omnibus</span> 
     </span>
    </p>
   </div>
   <div class='ocr_carea' id='block_1_14' title="bbox 458 1496 2094 1577">
    <p class='ocr_par' dir='ltr' id='par_1_14' title="bbox 458 1505 2094 1577">
     <span class='ocr_line' id='line_1_14' title="bbox 458 1505 2094 1577; baseline 0.004 -22"><span class='ocrx_word' id='word_1_196' title='bbox 458 1529 485 1556; x_wconf 87' lang='grc'>‹‹</span> <span class='ocrx_word' id='word_1_197' title='bbox 521 1506 623 1560; x_wconf 87' lang='lat' dir='ltr'>tibi</span> <span class='ocrx_word' id='word_1_198' title='bbox 656 1523 788 1562; x_wconf 92' lang='lat' dir='ltr'>cum</span> <span class='ocrx_word' id='word_1_199' title='bbox 823 1524 938 1560; x_wconf 87' lang='lat' dir='ltr'>uno</span> <span class='ocrx_word' id='word_1_200' title='bbox 968 1507 1135 1560; x_wconf 79' lang='lat' dir='ltr'>oculo</span> <span class='ocrx_word' id='word_1_201' title='bbox 1170 1507 1385 1562; x_wconf 90' lang='lat' dir='ltr'>intrare</span> <span class='ocrx_word' id='word_1_202' title='bbox 1417 1507 1486 1561; x_wconf 87' lang='lat' dir='ltr'>ad</span> <span class='ocrx_word' id='word_1_203' title='bbox 1522 1505 1720 1572; x_wconf 88' lang='lat' dir='ltr'>vitam,</span> <span class='ocrx_word' id='word_1_204' title='bbox 1752 1523 1928 1577; x_wconf 90' lang='lat' dir='ltr'>quam</span> <span class='ocrx_word' id='word_1_205' title='bbox 1959 1505 2094 1561; x_wconf 78' lang='lat' dir='ltr'>duos</span> 
     </span>
    </p>
   </div>
   <div class='ocr_carea' id='block_1_15' title="bbox 2202 1496 3796 1577">
    <p class='ocr_par' dir='ltr' id='par_1_15' title="bbox 2213 1496 3796 1570">
     <span class='ocr_line' id='line_1_15' title="bbox 2213 1496 3796 1570; baseline 0.003 -20"><span class='ocrx_word' id='word_1_206' title='bbox 2213 1496 2322 1552; x_wconf 89' lang='lat' dir='ltr'>viis</span> <span class='ocrx_word' id='word_1_207' title='bbox 2348 1498 2485 1565; x_wconf 86' lang='lat' dir='ltr'>tuis,</span> <span class='ocrx_word' id='word_1_208' title='bbox 2521 1503 2578 1553; x_wconf 89' lang='lat' dir='ltr'>et</span> <span class='ocrx_word' id='word_1_209' title='bbox 2607 1498 2665 1553; x_wconf 89' lang='lat' dir='ltr'>in</span> <span class='ocrx_word' id='word_1_210' title='bbox 2703 1501 2978 1555; x_wconf 90' lang='lat' dir='ltr'>manibus</span> <span class='ocrx_word' id='word_1_211' title='bbox 3010 1499 3212 1554; x_wconf 88' lang='lat' dir='ltr'>tollent</span> <span class='ocrx_word' id='word_1_212' title='bbox 3243 1503 3319 1570; x_wconf 89' lang='lat' dir='ltr'>te,</span> <span class='ocrx_word' id='word_1_213' title='bbox 3353 1515 3420 1554; x_wconf 92' lang='lat' dir='ltr'>ne</span> <span class='ocrx_word' id='word_1_214' title='bbox 3444 1498 3796 1570; x_wconf 52' lang='lat' dir='ltr'>fortejoil&#39;endas</span> 
     </span>
    </p>
   </div>
   <div class='ocr_carea' id='block_1_16' title="bbox 457 1585 3796 1667">
    <p class='ocr_par' dir='ltr' id='par_1_16' title="bbox 457 1585 3796 1667">
     <span class='ocr_line' id='line_1_16' title="bbox 457 1585 3796 1667; baseline -0.001 -17"><span class='ocrx_word' id='word_1_215' title='bbox 457 1618 486 1645; x_wconf 83' lang='lat'><strong><em>«</em></strong></span> <span class='ocrx_word' id='word_1_216' title='bbox 509 1593 707 1650; x_wconf 91' lang='lat' dir='ltr'>oculos</span> <span class='ocrx_word' id='word_1_217' title='bbox 736 1595 1068 1659; x_wconf 75' lang='lat' dir='ltr'>habentem,</span> <span class='ocrx_word' id='word_1_218' title='bbox 1093 1596 1244 1651; x_wconf 86' lang='lat' dir='ltr'>mitti</span> <span class='ocrx_word' id='word_1_219' title='bbox 1268 1596 1322 1650; x_wconf 90' lang='lat' dir='ltr'>in</span> <span class='ocrx_word' id='word_1_220' title='bbox 1357 1594 1870 1667; x_wconf 87' lang='lat' dir='ltr'>gehennamignis.</span> <span class='ocrx_word' id='word_1_221' title='bbox 1893 1595 2105 1650; x_wconf 67' lang='lat' dir='ltr'>nJuxta</span> <span class='ocrx_word' id='word_1_222' title='bbox 2215 1586 2284 1640; x_wconf 76' lang='lat' dir='ltr'>ad</span> <span class='ocrx_word' id='word_1_223' title='bbox 2318 1585 2570 1658; x_wconf 78' lang='lat' dir='ltr'>lapidem</span> <span class='ocrx_word' id='word_1_224' title='bbox 2602 1588 2806 1659; x_wconf 81' lang='lat' dir='ltr'>pedem</span> <span class='ocrx_word' id='word_1_225' title='bbox 2839 1593 3006 1642; x_wconf 80' lang='lat' dir='ltr'>tuum</span> <span class='ocrx_word' id='word_1_226' title='bbox 3038 1590 3210 1657; x_wconf 82' lang='lat' dir='ltr'>(Psal.</span> <span class='ocrx_word' id='word_1_227' title='bbox 3245 1591 3355 1659; x_wconf 85' lang='lat' dir='ltr'>xc).</span> <span class='ocrx_word' id='word_1_228' title='bbox 3390 1610 3416 1638; x_wconf 72' lang='grc' dir='ltr'><strong>υ</strong></span> <span class='ocrx_word' id='word_1_229' title='bbox 3434 1587 3565 1642; x_wconf 85' lang='lat' dir='ltr'>Hinc</span> <span class='ocrx_word' id='word_1_230' title='bbox 3580 1588 3642 1642; x_wconf 85' lang='lat' dir='ltr'>de</span> <span class='ocrx_word' id='word_1_231' title='bbox 3669 1587 3796 1642; x_wconf 78' lang='lat' dir='ltr'>Petro</span> 
     </span>
    </p>
   </div>
   <div class='ocr_carea' id='block_1_17' title="bbox 445 1674 2094 1764">
    <p class='ocr_par' dir='ltr' id='par_1_17' title="bbox 445 1691 2094 1764">
     <span class='ocr_line' id='line_1_17' title="bbox 445 1691 2094 1764; baseline -0.001 -16"><span class='ocrx_word' id='word_1_232' title='bbox 445 1694 709 1760; x_wconf 17' lang='lat' dir='ltr'>(litteram</span> <span class='ocrx_word' id='word_1_233' title='bbox 745 1701 1033 1764; x_wconf 89' lang='lat' dir='ltr'>quantum</span> <span class='ocrx_word' id='word_1_234' title='bbox 1063 1694 1372 1749; x_wconf 86' lang='lat' dir='ltr'>abhorreat</span> <span class='ocrx_word' id='word_1_235' title='bbox 1401 1693 1530 1756; x_wconf 92' lang='lat' dir='ltr'>hoc,</span> <span class='ocrx_word' id='word_1_236' title='bbox 1565 1691 1730 1746; x_wconf 85' lang='lat' dir='ltr'>facile</span> <span class='ocrx_word' id='word_1_237' title='bbox 1782 1695 1956 1764; x_wconf 90' lang='lat' dir='ltr'>patet.</span> <span class='ocrx_word' id='word_1_238' title='bbox 1991 1692 2094 1746; x_wconf 89' lang='lat' dir='ltr'>Sed</span> 
     </span>
    </p>
   </div>
   <div class='ocr_carea' id='block_1_18' title="bbox 2202 1674 3795 1764">
    <p class='ocr_par' dir='ltr' id='par_1_18' title="bbox 2215 1674 3795 1749">
     <span class='ocr_line' id='line_1_18' title="bbox 2215 1674 3795 1749; baseline 0.001 -22"><span class='ocrx_word' id='word_1_239' title='bbox 2215 1674 2272 1728; x_wconf 90' lang='lat' dir='ltr'>in</span> <span class='ocrx_word' id='word_1_240' title='bbox 2307 1675 2545 1731; x_wconf 87' lang='lat' dir='ltr'>Actibus</span> <span class='ocrx_word' id='word_1_241' title='bbox 2575 1678 2971 1748; x_wconf 88' lang='lat' dir='ltr'>apostolorum</span> <span class='ocrx_word' id='word_1_242' title='bbox 3002 1677 3278 1749; x_wconf 81' lang='lat' dir='ltr'>legimus,</span> <span class='ocrx_word' id='word_1_243' title='bbox 3311 1676 3446 1748; x_wconf 88' lang='lat' dir='ltr'>quia</span> <span class='ocrx_word' id='word_1_244' title='bbox 3475 1692 3597 1730; x_wconf 89' lang='lat' dir='ltr'>cum</span> <span class='ocrx_word' id='word_1_245' title='bbox 3626 1675 3685 1729; x_wconf 86' lang='lat' dir='ltr'>ab</span> <span class='ocrx_word' id='word_1_246' title='bbox 3713 1693 3795 1729; x_wconf 85' lang='lat' dir='ltr'>an-</span> 
     </span>
    </p>
   </div>
   <div class='ocr_carea' id='block_1_19' title="bbox 455 1763 2094 1866">
    <p class='ocr_par' dir='ltr' id='par_1_19' title="bbox 455 1763 2094 1854">
     <span class='ocr_line' id='line_1_19' title="bbox 455 1763 2094 1854; baseline -0.002 -15"><span class='ocrx_word' id='word_1_247' title='bbox 455 1800 586 1840; x_wconf 90' lang='lat' dir='ltr'>cum</span> <span class='ocrx_word' id='word_1_248' title='bbox 613 1800 645 1836; x_wconf 89' lang='lat' dir='ltr'>a</span> <span class='ocrx_word' id='word_1_249' title='bbox 674 1763 868 1836; x_wconf 78' lang='lat' dir='ltr'>littera</span> <span class='ocrx_word' id='word_1_250' title='bbox 895 1781 1278 1850; x_wconf 83' lang='lat' dir='ltr'>excludimur,</span> <span class='ocrx_word' id='word_1_251' title='bbox 1314 1780 1635 1854; x_wconf 87' lang='lat' dir='ltr'>spiritualis</span> <span class='ocrx_word' id='word_1_252' title='bbox 1665 1763 1875 1836; x_wconf 83' lang='lat' dir='ltr'>sensus</span> <span class='ocrx_word' id='word_1_253' title='bbox 1906 1786 1992 1836; x_wconf 89' lang='lat' dir='ltr'>est</span> <span class='ocrx_word' id='word_1_254' title='bbox 2015 1796 2094 1836; x_wconf 88' lang='lat' dir='ltr'>re-</span> 
     </span>
    </p>
   </div>
   <div class='ocr_carea' id='block_1_20' title="bbox 2202 1763 3793 1866">
    <p class='ocr_par' dir='ltr' id='par_1_20' title="bbox 2213 1763 3793 1837">
     <span class='ocr_line' id='line_1_20' title="bbox 2213 1763 3793 1837; baseline 0.001 -20"><span class='ocrx_word' id='word_1_255' title='bbox 2213 1763 2340 1836; x_wconf 87' lang='lat' dir='ltr'>gelo</span> <span class='ocrx_word' id='word_1_256' title='bbox 2371 1765 2442 1818; x_wconf 90' lang='lat' dir='ltr'>de</span> <span class='ocrx_word' id='word_1_257' title='bbox 2473 1781 2700 1821; x_wconf 85' lang='lat' dir='ltr'>carcere</span> <span class='ocrx_word' id='word_1_258' title='bbox 2729 1767 2976 1822; x_wconf 87' lang='lat' dir='ltr'>eductus</span> <span class='ocrx_word' id='word_1_259' title='bbox 2994 1768 3242 1837; x_wconf 87' lang='lat' dir='ltr'>januam</span> <span class='ocrx_word' id='word_1_260' title='bbox 3291 1765 3515 1836; x_wconf 90' lang='lat' dir='ltr'>pulsare</span> <span class='ocrx_word' id='word_1_261' title='bbox 3558 1764 3793 1834; x_wconf 65' lang='lat' dir='ltr'>coepisset,</span> 
     </span>
    </p>
   </div>
   <div class='ocr_carea' id='block_1_21' title="bbox 453 1852 3790 1943">
    <p class='ocr_par' dir='ltr' id='par_1_21' title="bbox 453 1852 3790 1943">
     <span class='ocr_line' id='line_1_21' title="bbox 453 1852 3790 1943; baseline -0.001 -17"><span class='ocrx_word' id='word_1_262' title='bbox 453 1872 924 1943; x_wconf 84' lang='lat' dir='ltr'>quirendus.Per</span> <span class='ocrx_word' id='word_1_263' title='bbox 945 1869 1052 1926; x_wconf 88' lang='lat' dir='ltr'>hoc</span> <span class='ocrx_word' id='word_1_264' title='bbox 1075 1873 1228 1942; x_wconf 90' lang='lat' dir='ltr'>quod</span> <span class='ocrx_word' id='word_1_265' title='bbox 1263 1852 2102 1941; x_wconf 83' lang='lat' dir='ltr'>manus,pes,oculos,nostris</span> <span class='ocrx_word' id='word_1_266' title='bbox 2139 1852 2180 1866; x_wconf 62' lang='grc' dir='ltr'><em>υ</em></span> <span class='ocrx_word' id='word_1_267' title='bbox 2212 1852 2411 1943; x_wconf 51' lang='lat' dir='ltr'>ﬁdeles</span> <span class='ocrx_word' id='word_1_268' title='bbox 2442 1853 2539 1943; x_wconf 63' lang='grc' dir='ltr'>(ιμί</span> <span class='ocrx_word' id='word_1_269' title='bbox 2574 1859 2959 1909; x_wconf 58' lang='lat' dir='ltr'>convenerant</span> <span class='ocrx_word' id='word_1_270' title='bbox 2988 1855 3290 1943; x_wconf 47' lang='lat' dir='ltr'>dicebant?</span> <span class='ocrx_word' id='word_1_271' title='bbox 3325 1876 3353 1904; x_wconf 70' lang='grc' dir='ltr'>ί(</span> <span class='ocrx_word' id='word_1_272' title='bbox 3377 1853 3495 1908; x_wconf 74' lang='grc' dir='ltr'>Νοῐι</span> <span class='ocrx_word' id='word_1_273' title='bbox 3515 1857 3595 1908; x_wconf 62' lang='grc' dir='ltr'>θεῖ</span> <span class='ocrx_word' id='word_1_274' title='bbox 3613 1853 3790 1943; x_wconf 41' lang='lat' dir='ltr'>Petrus:</span> 
     </span>
    </p>
   </div>
   <div class='ocr_carea' id='block_1_22' title="bbox 455 1939 2094 2030">
    <p class='ocr_par' dir='ltr' id='par_1_22' title="bbox 455 1959 2094 2030">
     <span class='ocr_line' id='line_1_22' title="bbox 455 1959 2094 2030; baseline 0 -17"><span class='ocrx_word' id='word_1_275' title='bbox 455 1959 901 2015; x_wconf 83' lang='lat' dir='ltr'>necessitatibus</span> <span class='ocrx_word' id='word_1_276' title='bbox 929 1959 1329 2015; x_wconf 90' lang='lat' dir='ltr'>necessariora</span> <span class='ocrx_word' id='word_1_277' title='bbox 1359 1965 1514 2028; x_wconf 83' lang='lat' dir='ltr'>sunt,</span> <span class='ocrx_word' id='word_1_278' title='bbox 1549 1959 2009 2030; x_wconf 90' lang='lat' dir='ltr'>propinquorum</span> <span class='ocrx_word' id='word_1_279' title='bbox 2046 1963 2094 2014; x_wconf 87' lang='lat' dir='ltr'>et</span> 
     </span>
    </p>
   </div>
   <div class='ocr_carea' id='block_1_23' title="bbox 2202 1939 3794 2030">
    <p class='ocr_par' dir='ltr' id='par_1_23' title="bbox 2209 1939 3794 2014">
     <span class='ocr_line' id='line_1_23' title="bbox 2209 1939 3794 2014; baseline -0.001 -19"><span class='ocrx_word' id='word_1_280' title='bbox 2209 1941 2310 1995; x_wconf 88' lang='lat' dir='ltr'>sed</span> <span class='ocrx_word' id='word_1_281' title='bbox 2342 1941 2587 2014; x_wconf 81' lang='lat' dir='ltr'>angelus</span> <span class='ocrx_word' id='word_1_282' title='bbox 2617 1944 2747 2013; x_wconf 83' lang='lat' dir='ltr'>ejus</span> <span class='ocrx_word' id='word_1_283' title='bbox 2781 1945 2913 2012; x_wconf 81' lang='lat' dir='ltr'>(Act.</span> <span class='ocrx_word' id='word_1_284' title='bbox 2941 1939 3794 2014; x_wconf 81' lang='lat' dir='ltr'>xu).»Angeliergoparvulorum</span> 
     </span>
    </p>
   </div>
   <div class='ocr_carea' id='block_1_24' title="bbox 2210 2030 3795 2102">
    <p class='ocr_par' dir='ltr' id='par_1_24' title="bbox 2210 2030 3795 2102">
     <span class='ocr_line' id='line_1_24' title="bbox 2210 2030 3795 2102; baseline -0.001 -18"><span class='ocrx_word' id='word_1_285' title='bbox 2210 2046 2440 2102; x_wconf 90' lang='lat' dir='ltr'>semper</span> <span class='ocrx_word' id='word_1_286' title='bbox 2464 2031 2664 2086; x_wconf 84' lang='lat' dir='ltr'>vident</span> <span class='ocrx_word' id='word_1_287' title='bbox 2694 2031 2900 2086; x_wconf 90' lang='lat' dir='ltr'>faciem</span> <span class='ocrx_word' id='word_1_288' title='bbox 2947 2031 3154 2096; x_wconf 88' lang='lat' dir='ltr'>Patris,</span> <span class='ocrx_word' id='word_1_289' title='bbox 3205 2031 3346 2102; x_wconf 88' lang='lat' dir='ltr'>quia</span> <span class='ocrx_word' id='word_1_290' title='bbox 3375 2030 3422 2085; x_wconf 91' lang='lat' dir='ltr'>si</span> <span class='ocrx_word' id='word_1_291' title='bbox 3468 2033 3678 2102; x_wconf 86' lang='lat' dir='ltr'>propter</span> <span class='ocrx_word' id='word_1_292' title='bbox 3717 2044 3795 2082; x_wconf 83' lang='lat' dir='ltr'>nos</span> 
     </span>
    </p>
   </div>
   <div class='ocr_carea' id='block_1_25' title="bbox 2209 2117 3794 2191">
    <p class='ocr_par' dir='ltr' id='par_1_25' title="bbox 2209 2117 3794 2191">
     <span class='ocr_line' id='line_1_25' title="bbox 2209 2117 3794 2191; baseline -0.001 -19"><span class='ocrx_word' id='word_1_293' title='bbox 2209 2117 2362 2173; x_wconf 88' lang='lat' dir='ltr'>foras</span> <span class='ocrx_word' id='word_1_294' title='bbox 2395 2124 2624 2185; x_wconf 86' lang='lat' dir='ltr'>exeunt,</span> <span class='ocrx_word' id='word_1_295' title='bbox 2658 2126 2723 2174; x_wconf 94' lang='lat' dir='ltr'>ut</span> <span class='ocrx_word' id='word_1_296' title='bbox 2754 2121 2824 2175; x_wconf 87' lang='lat' dir='ltr'>ab</span> <span class='ocrx_word' id='word_1_297' title='bbox 2856 2121 2982 2191; x_wconf 91' lang='lat' dir='ltr'>ejus</span> <span class='ocrx_word' id='word_1_298' title='bbox 3014 2119 3235 2175; x_wconf 87' lang='lat' dir='ltr'>visione</span> <span class='ocrx_word' id='word_1_299' title='bbox 3249 2136 3543 2191; x_wconf 90' lang='lat' dir='ltr'>nunquam</span> <span class='ocrx_word' id='word_1_300' title='bbox 3557 2118 3794 2181; x_wconf 85' lang='lat' dir='ltr'>recedant,</span> 
     </span>
    </p>
   </div>
   <div class='ocr_carea' id='block_1_26' title="bbox 2208 2206 3794 2282">
    <p class='ocr_par' dir='ltr' id='par_1_26' title="bbox 2208 2206 3794 2282">
     <span class='ocr_line' id='line_1_26' title="bbox 2208 2206 3794 2282; baseline -0.001 -21"><span class='ocrx_word' id='word_1_301' title='bbox 2208 2207 2360 2261; x_wconf 90' lang='lat' dir='ltr'>sicut</span> <span class='ocrx_word' id='word_1_302' title='bbox 2390 2207 2513 2280; x_wconf 91' lang='lat' dir='ltr'>ipse</span> <span class='ocrx_word' id='word_1_303' title='bbox 2543 2208 2788 2282; x_wconf 86' lang='lat' dir='ltr'>angelus</span> <span class='ocrx_word' id='word_1_304' title='bbox 2821 2209 3076 2280; x_wconf 81' lang='lat' dir='ltr'>Rapbael</span> <span class='ocrx_word' id='word_1_305' title='bbox 3124 2210 3194 2263; x_wconf 88' lang='lat' dir='ltr'>ad</span> <span class='ocrx_word' id='word_1_306' title='bbox 3249 2209 3488 2264; x_wconf 88' lang='lat' dir='ltr'>Tobiam</span> <span class='ocrx_word' id='word_1_307' title='bbox 3529 2207 3627 2262; x_wconf 87' lang='lat' dir='ltr'>ait:</span> <span class='ocrx_word' id='word_1_308' title='bbox 3655 2229 3678 2255; x_wconf 83' lang='lat'><strong>«</strong></span> <span class='ocrx_word' id='word_1_309' title='bbox 3708 2206 3794 2277; x_wconf 85' lang='lat' dir='ltr'>Ego</span> 
     </span>
    </p>
   </div>
   <div class='ocr_carea' id='block_1_27' title="bbox 2207 2297 3798 2370">
    <p class='ocr_par' dir='ltr' id='par_1_27' title="bbox 2207 2297 3798 2370">
     <span class='ocr_line' id='line_1_27' title="bbox 2207 2297 3798 2370; baseline -0.002 -19"><span class='ocrx_word' id='word_1_310' title='bbox 2207 2312 2338 2351; x_wconf 89' lang='lat' dir='ltr'>sum</span> <span class='ocrx_word' id='word_1_311' title='bbox 2372 2313 2526 2352; x_wconf 92' lang='lat' dir='ltr'>unus</span> <span class='ocrx_word' id='word_1_312' title='bbox 2557 2298 2628 2351; x_wconf 91' lang='lat' dir='ltr'>de</span> <span class='ocrx_word' id='word_1_313' title='bbox 2659 2301 2883 2369; x_wconf 88' lang='lat' dir='ltr'>septem</span> <span class='ocrx_word' id='word_1_314' title='bbox 2913 2297 3240 2370; x_wconf 88' lang='lat' dir='ltr'>spiritibus,</span> <span class='ocrx_word' id='word_1_315' title='bbox 3262 2297 3360 2369; x_wconf 93' lang='lat' dir='ltr'>qui</span> <span class='ocrx_word' id='word_1_316' title='bbox 3379 2297 3798 2352; x_wconf 80' lang='lat' dir='ltr'>assistimusante</span> 
     </span>
    </p>
   </div>
   <div class='ocr_carea' id='block_1_28' title="bbox 2208 2383 3794 2455">
    <p class='ocr_par' dir='ltr' id='par_1_28' title="bbox 2208 2383 3794 2455">
     <span class='ocr_line' id='line_1_28' title="bbox 2208 2383 3794 2455; baseline -0.001 -17"><span class='ocrx_word' id='word_1_317' title='bbox 2208 2389 2388 2439; x_wconf 91' lang='lat' dir='ltr'>Deum</span> <span class='ocrx_word' id='word_1_318' title='bbox 2419 2386 2563 2455; x_wconf 78' lang='lat' dir='ltr'>(T01).</span> <span class='ocrx_word' id='word_1_319' title='bbox 2596 2390 2718 2453; x_wconf 82' lang='lat' dir='ltr'>xu).</span> <span class='ocrx_word' id='word_1_320' title='bbox 2759 2409 2785 2434; x_wconf 89' lang='grc'><strong>››</strong></span> <span class='ocrx_word' id='word_1_321' title='bbox 2805 2387 2872 2440; x_wconf 90' lang='lat' dir='ltr'>Et</span> <span class='ocrx_word' id='word_1_322' title='bbox 2897 2386 3127 2442; x_wconf 90' lang='lat' dir='ltr'>Daniel:</span> <span class='ocrx_word' id='word_1_323' title='bbox 3158 2385 3634 2441; x_wconf 79' lang='lat' dir='ltr'>«Milliamillium</span> <span class='ocrx_word' id='word_1_324' title='bbox 3664 2383 3794 2438; x_wconf 89' lang='lat' dir='ltr'>mini-</span> 
     </span>
    </p>
   </div>
   <div class='ocr_carea' id='block_1_29' title="bbox 2205 2473 3795 2539">
    <p class='ocr_par' dir='ltr' id='par_1_29' title="bbox 2205 2473 3795 2539">
     <span class='ocr_line' id='line_1_29' title="bbox 2205 2473 3795 2539; baseline -0.002 -12"><span class='ocrx_word' id='word_1_325' title='bbox 2205 2474 2470 2528; x_wconf 87' lang='lat' dir='ltr'>strabant</span> <span class='ocrx_word' id='word_1_326' title='bbox 2495 2475 2568 2539; x_wconf 90' lang='lat' dir='ltr'>ei,</span> <span class='ocrx_word' id='word_1_327' title='bbox 2602 2479 2660 2529; x_wconf 89' lang='lat' dir='ltr'>et</span> <span class='ocrx_word' id='word_1_328' title='bbox 2691 2475 2882 2530; x_wconf 89' lang='lat' dir='ltr'>decies</span> <span class='ocrx_word' id='word_1_329' title='bbox 2906 2475 3097 2531; x_wconf 91' lang='lat' dir='ltr'>milies</span> <span class='ocrx_word' id='word_1_330' title='bbox 3126 2481 3375 2530; x_wconf 87' lang='lat' dir='ltr'>centena</span> <span class='ocrx_word' id='word_1_331' title='bbox 3406 2473 3576 2529; x_wconf 87' lang='lat' dir='ltr'>millia</span> <span class='ocrx_word' id='word_1_332' title='bbox 3603 2473 3795 2528; x_wconf 82' lang='lat' dir='ltr'>assiste-</span> 
     </span>
    </p>
   </div>
   <div class='ocr_carea' id='block_1_30' title="bbox 2206 2547 3796 2635">
    <p class='ocr_par' dir='ltr' id='par_1_30' title="bbox 2206 2547 3796 2635">
     <span class='ocr_line' id='line_1_30' title="bbox 2206 2547 3796 2635; baseline -0.002 -20"><span class='ocrx_word' id='word_1_333' title='bbox 2206 2562 2346 2616; x_wconf 87' lang='lat' dir='ltr'>bant</span> <span class='ocrx_word' id='word_1_334' title='bbox 2376 2562 2425 2617; x_wconf 91' lang='lat' dir='ltr'>ei</span> <span class='ocrx_word' id='word_1_335' title='bbox 2460 2565 2627 2635; x_wconf 86' lang='lat' dir='ltr'>(Dan.</span> <span class='ocrx_word' id='word_1_336' title='bbox 2663 2568 2782 2625; x_wconf 81' lang='lat' dir='ltr'>vn).</span> <span class='ocrx_word' id='word_1_337' title='bbox 2820 2587 2846 2612; x_wconf 88' lang='grc'><strong>››</strong></span> <span class='ocrx_word' id='word_1_338' title='bbox 2879 2563 3082 2635; x_wconf 85' lang='lat' dir='ltr'>Angeli</span> <span class='ocrx_word' id='word_1_339' title='bbox 3115 2547 3280 2618; x_wconf 23' lang='lat' dir='ltr'>enim.</span> <span class='ocrx_word' id='word_1_340' title='bbox 3307 2563 3406 2634; x_wconf 92' lang='lat' dir='ltr'>qui</span> <span class='ocrx_word' id='word_1_341' title='bbox 3429 2562 3675 2616; x_wconf 89' lang='lat' dir='ltr'>custodes</span> <span class='ocrx_word' id='word_1_342' title='bbox 3691 2566 3796 2614; x_wconf 89' lang='lat' dir='ltr'>sunt</span> 
     </span>
    </p>
   </div>
   <div class='ocr_carea' id='block_1_31' title="bbox 2205 2649 3796 2724">
    <p class='ocr_par' dir='ltr' id='par_1_31' title="bbox 2205 2649 3796 2724">
     <span class='ocr_line' id='line_1_31' title="bbox 2205 2649 3796 2724; baseline 0 -20"><span class='ocrx_word' id='word_1_343' title='bbox 2205 2651 2333 2704; x_wconf 67' lang='lat' dir='ltr'>vitae</span> <span class='ocrx_word' id='word_1_344' title='bbox 2366 2656 2599 2719; x_wconf 70' lang='lat' dir='ltr'>nostrae,</span> <span class='ocrx_word' id='word_1_345' title='bbox 2632 2653 2923 2708; x_wconf 88' lang='lat' dir='ltr'>orationes</span> <span class='ocrx_word' id='word_1_346' title='bbox 2953 2658 3010 2707; x_wconf 87' lang='lat' dir='ltr'>et</span> <span class='ocrx_word' id='word_1_347' title='bbox 3039 2669 3213 2724; x_wconf 89' lang='lat' dir='ltr'>opera</span> <span class='ocrx_word' id='word_1_348' title='bbox 3247 2649 3796 2706; x_wconf 87' lang='lat' dir='ltr'>nostraDeonuntiare</span> 
     </span>
    </p>
   </div>
   <div class='ocr_carea' id='block_1_32' title="bbox 2205 2741 3794 2814">
    <p class='ocr_par' dir='ltr' id='par_1_32' title="bbox 2205 2741 3794 2814">
     <span class='ocr_line' id='line_1_32' title="bbox 2205 2741 3794 2814; baseline -0.001 -20"><span class='ocrx_word' id='word_1_349' title='bbox 2205 2741 2542 2807; x_wconf 89' lang='lat' dir='ltr'>creduntur,</span> <span class='ocrx_word' id='word_1_350' title='bbox 2577 2742 2729 2796; x_wconf 90' lang='lat' dir='ltr'>sicut</span> <span class='ocrx_word' id='word_1_351' title='bbox 2758 2741 2999 2814; x_wconf 88' lang='lat' dir='ltr'>angelus</span> <span class='ocrx_word' id='word_1_352' title='bbox 3031 2742 3112 2796; x_wconf 86' lang='lat' dir='ltr'>ait</span> <span class='ocrx_word' id='word_1_353' title='bbox 3143 2741 3370 2796; x_wconf 70' lang='lat' dir='ltr'>Tobiae:</span> <span class='ocrx_word' id='word_1_354' title='bbox 3399 2763 3424 2790; x_wconf 90' lang='grc'>‹‹</span> <span class='ocrx_word' id='word_1_355' title='bbox 3459 2741 3592 2796; x_wconf 85' lang='lat' dir='ltr'>Cum</span> <span class='ocrx_word' id='word_1_356' title='bbox 3621 2754 3794 2802; x_wconf 87' lang='lat' dir='ltr'>orares,</span> 
     </span>
    </p>
   </div>
   <div class='ocr_carea' id='block_1_33' title="bbox 2202 2829 3794 2902">
    <p class='ocr_par' dir='ltr' id='par_1_33' title="bbox 2202 2829 3794 2902">
     <span class='ocr_line' id='line_1_33' title="bbox 2202 2829 3794 2902; baseline 0 -20"><span class='ocrx_word' id='word_1_357' title='bbox 2202 2845 2309 2901; x_wconf 91' lang='lat' dir='ltr'>ego</span> <span class='ocrx_word' id='word_1_358' title='bbox 2340 2829 2524 2884; x_wconf 89' lang='lat' dir='ltr'>obtuli</span> <span class='ocrx_word' id='word_1_359' title='bbox 2556 2830 2846 2885; x_wconf 89' lang='lat' dir='ltr'>orationes</span> <span class='ocrx_word' id='word_1_360' title='bbox 2869 2836 3000 2886; x_wconf 90' lang='lat' dir='ltr'>tuas</span> <span class='ocrx_word' id='word_1_361' title='bbox 3050 2835 3184 2886; x_wconf 90' lang='lat' dir='ltr'>ante</span> <span class='ocrx_word' id='word_1_362' title='bbox 3237 2831 3422 2885; x_wconf 91' lang='lat' dir='ltr'>Deum</span> <span class='ocrx_word' id='word_1_363' title='bbox 3473 2829 3606 2902; x_wconf 84' lang='lat' dir='ltr'>(Tob.</span> <span class='ocrx_word' id='word_1_364' title='bbox 3648 2829 3747 2898; x_wconf 84' lang='lat' dir='ltr'>xu).</span> <span class='ocrx_word' id='word_1_365' title='bbox 3774 2849 3794 2874; x_wconf 88' lang='grc'>››</span> 
     </span>
    </p>
   </div>
   <div class='ocr_carea' id='block_1_34' title="bbox 2204 2914 3795 2990">
    <p class='ocr_par' dir='ltr' id='par_1_34' title="bbox 2204 2914 3795 2990">
     <span class='ocr_line' id='line_1_34' title="bbox 2204 2914 3795 2990; baseline -0.002 -19"><span class='ocrx_word' id='word_1_366' title='bbox 2204 2917 2272 2972; x_wconf 88' lang='lat' dir='ltr'>Et</span> <span class='ocrx_word' id='word_1_367' title='bbox 2301 2917 2531 2973; x_wconf 87' lang='lat' dir='ltr'>Daniel:</span> <span class='ocrx_word' id='word_1_368' title='bbox 2561 2943 2586 2966; x_wconf 87' lang='grc'><strong>‹‹</strong></span> <span class='ocrx_word' id='word_1_369' title='bbox 2623 2919 2703 2972; x_wconf 85' lang='lat' dir='ltr'>Ex</span> <span class='ocrx_word' id='word_1_370' title='bbox 2734 2919 2824 2973; x_wconf 90' lang='lat' dir='ltr'>die</span> <span class='ocrx_word' id='word_1_371' title='bbox 2857 2937 2973 2990; x_wconf 89' lang='lat' dir='ltr'>qua</span> <span class='ocrx_word' id='word_1_372' title='bbox 3002 2919 3254 2990; x_wconf 88' lang='lat' dir='ltr'>posuisti</span> <span class='ocrx_word' id='word_1_373' title='bbox 3287 2937 3385 2974; x_wconf 93' lang='lat' dir='ltr'>cor</span> <span class='ocrx_word' id='word_1_374' title='bbox 3414 2923 3572 2973; x_wconf 89' lang='lat' dir='ltr'>tuum</span> <span class='ocrx_word' id='word_1_375' title='bbox 3592 2914 3795 2971; x_wconf 88' lang='lat' dir='ltr'>adintel-</span> 
     </span>
    </p>
   </div>
   <div class='ocr_carea' id='block_1_35' title="bbox 2203 3003 3796 3080">
    <p class='ocr_par' dir='ltr' id='par_1_35' title="bbox 2203 3003 3796 3080">
     <span class='ocr_line' id='line_1_35' title="bbox 2203 3003 3796 3080; baseline -0.002 -19"><span class='ocrx_word' id='word_1_376' title='bbox 2203 3006 2525 3079; x_wconf 89' lang='lat' dir='ltr'>ligendum,</span> <span class='ocrx_word' id='word_1_377' title='bbox 2560 3007 2616 3062; x_wconf 94' lang='lat' dir='ltr'>ui</span> <span class='ocrx_word' id='word_1_378' title='bbox 2653 3012 2707 3062; x_wconf 91' lang='lat' dir='ltr'>te</span> <span class='ocrx_word' id='word_1_379' title='bbox 2739 3003 3796 3080; x_wconf 82' lang='lat' dir='ltr'>affligeresinconspectuDei,exaudita</span> 
     </span>
    </p>
   </div>
   <div class='ocr_carea' id='block_1_36' title="bbox 2203 3098 3790 3170">
    <p class='ocr_par' dir='ltr' id='par_1_36' title="bbox 2203 3098 3790 3170">
     <span class='ocr_line' id='line_1_36' title="bbox 2203 3098 3790 3170; baseline -0.002 -21"><span class='ocrx_word' id='word_1_380' title='bbox 2203 3100 2344 3150; x_wconf 89' lang='lat' dir='ltr'>sunt</span> <span class='ocrx_word' id='word_1_381' title='bbox 2373 3098 2546 3151; x_wconf 88' lang='lat' dir='ltr'>verba</span> <span class='ocrx_word' id='word_1_382' title='bbox 2566 3101 2690 3164; x_wconf 87' lang='lat' dir='ltr'>tua,</span> <span class='ocrx_word' id='word_1_383' title='bbox 2723 3101 2778 3152; x_wconf 91' lang='lat' dir='ltr'>et</span> <span class='ocrx_word' id='word_1_384' title='bbox 2807 3114 2912 3170; x_wconf 88' lang='lat' dir='ltr'>ego</span> <span class='ocrx_word' id='word_1_385' title='bbox 2942 3098 3068 3152; x_wconf 84' lang='lat' dir='ltr'>veni</span> <span class='ocrx_word' id='word_1_386' title='bbox 3104 3102 3345 3170; x_wconf 87' lang='lat' dir='ltr'>propter</span> <span class='ocrx_word' id='word_1_387' title='bbox 3376 3113 3653 3153; x_wconf 88' lang='lat' dir='ltr'>sermones</span> <span class='ocrx_word' id='word_1_388' title='bbox 3690 3099 3790 3148; x_wconf 84' lang='lat' dir='ltr'>tuos</span> 
     </span>
    </p>
   </div>
   <div class='ocr_carea' id='block_1_37' title="bbox 2205 3186 3320 3258">
    <p class='ocr_par' dir='ltr' id='par_1_37' title="bbox 2205 3186 3320 3258">
     <span class='ocr_line' id='line_1_37' title="bbox 2205 3186 3320 3258; baseline 0.001 -18"><span class='ocrx_word' id='word_1_389' title='bbox 2205 3186 2363 3258; x_wconf 88' lang='lat' dir='ltr'>(Dan.</span> <span class='ocrx_word' id='word_1_390' title='bbox 2397 3186 2475 3255; x_wconf 72' lang='grc' dir='ltr'>Χ).</span> <span class='ocrx_word' id='word_1_391' title='bbox 2507 3209 2534 3233; x_wconf 86' lang='grc'><strong><em>››</em></strong></span> <span class='ocrx_word' id='word_1_392' title='bbox 2565 3186 2650 3240; x_wconf 89' lang='lat' dir='ltr'>Tu</span> <span class='ocrx_word' id='word_1_393' title='bbox 2681 3191 2876 3242; x_wconf 88' lang='lat' dir='ltr'>autem</span> <span class='ocrx_word' id='word_1_394' title='bbox 2911 3186 3171 3254; x_wconf 82' lang='lat' dir='ltr'>Domine,</span> <span class='ocrx_word' id='word_1_395' title='bbox 3205 3192 3320 3242; x_wconf 89' lang='lat' dir='ltr'>etc.</span> 
     </span>
    </p>
   </div>
   <div class='ocr_carea' id='block_1_38' title="bbox 453 2055 2100 2128">
    <p class='ocr_par' dir='ltr' id='par_1_38' title="bbox 453 2055 2100 2128">
     <span class='ocr_line' id='line_1_38' title="bbox 453 2055 2100 2128; baseline -0.002 -16"><span class='ocrx_word' id='word_1_396' title='bbox 453 2055 936 2112; x_wconf 87' lang='lat' dir='ltr'>charissimorum</span> <span class='ocrx_word' id='word_1_397' title='bbox 954 2056 1196 2111; x_wconf 74' lang='lat' dir='ltr'>affectus</span> <span class='ocrx_word' id='word_1_398' title='bbox 1221 2057 1278 2110; x_wconf 90' lang='lat' dir='ltr'>in</span> <span class='ocrx_word' id='word_1_399' title='bbox 1295 2056 1404 2112; x_wconf 90' lang='lat' dir='ltr'>hoc</span> <span class='ocrx_word' id='word_1_400' title='bbox 1427 2055 1551 2112; x_wconf 92' lang='lat' dir='ltr'>loco</span> <span class='ocrx_word' id='word_1_401' title='bbox 1573 2055 1933 2128; x_wconf 86' lang='lat' dir='ltr'>designatur.</span> <span class='ocrx_word' id='word_1_402' title='bbox 1952 2058 2028 2110; x_wconf 88' lang='lat' dir='ltr'>Ac</span> <span class='ocrx_word' id='word_1_403' title='bbox 2051 2055 2100 2109; x_wconf 90' lang='lat' dir='ltr'>si</span> 
     </span>
    </p>
   </div>
   <div class='ocr_carea' id='block_1_39' title="bbox 453 2143 2099 2216">
    <p class='ocr_par' dir='ltr' id='par_1_39' title="bbox 453 2143 2099 2216">
     <span class='ocr_line' id='line_1_39' title="bbox 453 2143 2099 2216; baseline -0.001 -16"><span class='ocrx_word' id='word_1_404' title='bbox 453 2147 667 2201; x_wconf 88' lang='lat' dir='ltr'>diceret</span> <span class='ocrx_word' id='word_1_405' title='bbox 698 2143 980 2200; x_wconf 90' lang='lat' dir='ltr'>Dominus</span> <span class='ocrx_word' id='word_1_406' title='bbox 1015 2144 1113 2199; x_wconf 90' lang='lat' dir='ltr'>:Si</span> <span class='ocrx_word' id='word_1_407' title='bbox 1147 2145 1281 2216; x_wconf 87' lang='lat' dir='ltr'>quis</span> <span class='ocrx_word' id='word_1_408' title='bbox 1314 2144 1420 2199; x_wconf 87' lang='lat' dir='ltr'>tibi</span> <span class='ocrx_word' id='word_1_409' title='bbox 1471 2146 1644 2200; x_wconf 89' lang='lat' dir='ltr'>fuerit</span> <span class='ocrx_word' id='word_1_410' title='bbox 1693 2145 1984 2216; x_wconf 87' lang='lat' dir='ltr'>pretiosus</span> <span class='ocrx_word' id='word_1_411' title='bbox 2034 2147 2099 2198; x_wconf 87' lang='lat' dir='ltr'>ut</span> 
     </span>
    </p>
   </div>
   <div class='ocr_carea' id='block_1_40' title="bbox 450 2234 2100 2306">
    <p class='ocr_par' dir='ltr' id='par_1_40' title="bbox 450 2234 2100 2306">
     <span class='ocr_line' id='line_1_40' title="bbox 450 2234 2100 2306; baseline -0.002 -16"><span class='ocrx_word' id='word_1_412' title='bbox 450 2235 673 2302; x_wconf 91' lang='lat' dir='ltr'>oculus,</span> <span class='ocrx_word' id='word_1_413' title='bbox 691 2235 1056 2306; x_wconf 90' lang='lat' dir='ltr'>propinquus</span> <span class='ocrx_word' id='word_1_414' title='bbox 1080 2239 1145 2288; x_wconf 89' lang='lat' dir='ltr'>ut</span> <span class='ocrx_word' id='word_1_415' title='bbox 1176 2251 1297 2306; x_wconf 90' lang='lat' dir='ltr'>pes,</span> <span class='ocrx_word' id='word_1_416' title='bbox 1314 2234 1684 2290; x_wconf 87' lang='lat' dir='ltr'>necessarius</span> <span class='ocrx_word' id='word_1_417' title='bbox 1708 2239 1773 2288; x_wconf 89' lang='lat' dir='ltr'>ut</span> <span class='ocrx_word' id='word_1_418' title='bbox 1795 2250 2026 2297; x_wconf 91' lang='lat' dir='ltr'>manus,</span> <span class='ocrx_word' id='word_1_419' title='bbox 2043 2239 2100 2287; x_wconf 89' lang='lat' dir='ltr'>et</span> 
     </span>
    </p>
   </div>
   <div class='ocr_carea' id='block_1_41' title="bbox 451 2323 2095 2394">
    <p class='ocr_par' dir='ltr' id='par_1_41' title="bbox 451 2323 2095 2394">
     <span class='ocr_line' id='line_1_41' title="bbox 451 2323 2095 2394; baseline -0.002 -15"><span class='ocrx_word' id='word_1_420' title='bbox 451 2343 482 2380; x_wconf 89' lang='lat' dir='ltr'>a</span> <span class='ocrx_word' id='word_1_421' title='bbox 514 2325 604 2378; x_wconf 88' lang='lat' dir='ltr'>via</span> <span class='ocrx_word' id='word_1_422' title='bbox 643 2325 739 2379; x_wconf 86' lang='lat' dir='ltr'>Dei</span> <span class='ocrx_word' id='word_1_423' title='bbox 789 2329 844 2377; x_wconf 88' lang='lat' dir='ltr'>te</span> <span class='ocrx_word' id='word_1_424' title='bbox 888 2325 1154 2378; x_wconf 87' lang='lat' dir='ltr'>recedere</span> <span class='ocrx_word' id='word_1_425' title='bbox 1206 2323 1578 2394; x_wconf 89' lang='lat' dir='ltr'>persuaserit,</span> <span class='ocrx_word' id='word_1_426' title='bbox 1611 2323 1788 2392; x_wconf 81' lang='lat' dir='ltr'>hujus</span> <span class='ocrx_word' id='word_1_427' title='bbox 1838 2339 2095 2377; x_wconf 88' lang='lat' dir='ltr'>amorem</span> 
     </span>
    </p>
   </div>
   <div class='ocr_carea' id='block_1_42' title="bbox 452 2408 2096 2482">
    <p class='ocr_par' dir='ltr' id='par_1_42' title="bbox 452 2408 2096 2482">
     <span class='ocr_line' id='line_1_42' title="bbox 452 2408 2096 2482; baseline -0.002 -14"><span class='ocrx_word' id='word_1_428' title='bbox 452 2414 729 2470; x_wconf 84' lang='lat' dir='ltr'>abscinde</span> <span class='ocrx_word' id='word_1_429' title='bbox 761 2417 815 2466; x_wconf 90' lang='lat' dir='ltr'>et</span> <span class='ocrx_word' id='word_1_430' title='bbox 848 2413 952 2467; x_wconf 90' lang='lat' dir='ltr'>abs</span> <span class='ocrx_word' id='word_1_431' title='bbox 975 2418 1028 2465; x_wconf 88' lang='lat' dir='ltr'>te</span> <span class='ocrx_word' id='word_1_432' title='bbox 1053 2412 1289 2482; x_wconf 89' lang='lat' dir='ltr'>projice.</span> <span class='ocrx_word' id='word_1_433' title='bbox 1327 2411 1535 2465; x_wconf 90' lang='lat' dir='ltr'>Melius</span> <span class='ocrx_word' id='word_1_434' title='bbox 1567 2415 1654 2465; x_wconf 89' lang='lat' dir='ltr'>cst</span> <span class='ocrx_word' id='word_1_435' title='bbox 1682 2416 1736 2465; x_wconf 89' lang='lat' dir='ltr'>te</span> <span class='ocrx_word' id='word_1_436' title='bbox 1773 2408 1963 2465; x_wconf 92' lang='lat' dir='ltr'>solum</span> <span class='ocrx_word' id='word_1_437' title='bbox 2002 2410 2096 2464; x_wconf 91' lang='lat' dir='ltr'>in-</span> 
     </span>
    </p>
   </div>
   <div class='ocr_carea' id='block_1_43' title="bbox 450 2499 2095 2572">
    <p class='ocr_par' dir='ltr' id='par_1_43' title="bbox 450 2499 2095 2572">
     <span class='ocr_line' id='line_1_43' title="bbox 450 2499 2095 2572; baseline -0.004 -13"><span class='ocrx_word' id='word_1_438' title='bbox 450 2509 602 2559; x_wconf 91' lang='lat' dir='ltr'>trare</span> <span class='ocrx_word' id='word_1_439' title='bbox 615 2504 686 2558; x_wconf 88' lang='lat' dir='ltr'>ad</span> <span class='ocrx_word' id='word_1_440' title='bbox 698 2501 874 2556; x_wconf 85' lang='lat' dir='ltr'>vitam</span> <span class='ocrx_word' id='word_1_441' title='bbox 887 2545 899 2565; x_wconf 96' lang='lat'>,</span> <span class='ocrx_word' id='word_1_442' title='bbox 914 2517 1088 2572; x_wconf 88' lang='lat' dir='ltr'>quam</span> <span class='ocrx_word' id='word_1_443' title='bbox 1105 2517 1235 2554; x_wconf 88' lang='lat' dir='ltr'>cum</span> <span class='ocrx_word' id='word_1_444' title='bbox 1254 2499 1622 2554; x_wconf 90' lang='lat' dir='ltr'>multaturba</span> <span class='ocrx_word' id='word_1_445' title='bbox 1635 2499 2095 2572; x_wconf 90' lang='lat' dir='ltr'>propinquorum</span> 
     </span>
    </p>
   </div>
   <div class='ocr_carea' id='block_1_44' title="bbox 451 2587 2094 2663">
    <p class='ocr_par' dir='ltr' id='par_1_44' title="bbox 451 2587 2094 2663">
     <span class='ocr_line' id='line_1_44' title="bbox 451 2587 2094 2663; baseline -0.002 -16"><span class='ocrx_word' id='word_1_446' title='bbox 451 2591 602 2647; x_wconf 89' lang='lat' dir='ltr'>mitti</span> <span class='ocrx_word' id='word_1_447' title='bbox 634 2591 693 2645; x_wconf 91' lang='lat' dir='ltr'>in</span> <span class='ocrx_word' id='word_1_448' title='bbox 724 2590 917 2663; x_wconf 82' lang='lat' dir='ltr'>ignem</span> <span class='ocrx_word' id='word_1_449' title='bbox 950 2595 1253 2644; x_wconf 70' lang='lat' dir='ltr'>aeternum.</span> <span class='ocrx_word' id='word_1_450' title='bbox 1288 2608 1308 2633; x_wconf 75' lang='grc' dir='ltr'>σι</span> <span class='ocrx_word' id='word_1_451' title='bbox 1344 2589 1490 2654; x_wconf 87' lang='lat' dir='ltr'>Quid</span> <span class='ocrx_word' id='word_1_452' title='bbox 1520 2589 1750 2660; x_wconf 80' lang='lat' dir='ltr'>proficit</span> <span class='ocrx_word' id='word_1_453' title='bbox 1781 2587 2002 2642; x_wconf 90' lang='lat' dir='ltr'>homini</span> <span class='ocrx_word' id='word_1_454' title='bbox 2045 2588 2094 2643; x_wconf 93' lang='lat' dir='ltr'>si</span> 
     </span>
    </p>
   </div>
   <div class='ocr_carea' id='block_1_45' title="bbox 452 2686 2094 2752">
    <p class='ocr_par' dir='ltr' id='par_1_45' title="bbox 452 2686 2094 2752">
     <span class='ocr_line' id='line_1_45' title="bbox 452 2686 2094 2752; baseline -0.004 -7"><span class='ocrx_word' id='word_1_455' title='bbox 452 2695 637 2745; x_wconf 86' lang='lat' dir='ltr'>totum</span> <span class='ocrx_word' id='word_1_456' title='bbox 668 2688 928 2743; x_wconf 90' lang='lat' dir='ltr'>lucretur</span> <span class='ocrx_word' id='word_1_457' title='bbox 957 2687 1266 2752; x_wconf 89' lang='lat' dir='ltr'>mundum,</span> <span class='ocrx_word' id='word_1_458' title='bbox 1303 2686 1509 2741; x_wconf 67' lang='lat' dir='ltr'>animae</span> <span class='ocrx_word' id='word_1_459' title='bbox 1541 2689 1735 2740; x_wconf 87' lang='lat' dir='ltr'>autem</span> <span class='ocrx_word' id='word_1_460' title='bbox 1769 2703 1886 2740; x_wconf 67' lang='lat' dir='ltr'>sua:</span> <span class='ocrx_word' id='word_1_461' title='bbox 1920 2686 2094 2740; x_wconf 82' lang='lat' dir='ltr'>detri-</span> 
     </span>
    </p>
   </div>
   <div class='ocr_carea' id='block_1_46' title="bbox 451 2773 2092 2849">
    <p class='ocr_par' dir='ltr' id='par_1_46' title="bbox 451 2773 2092 2849">
     <span class='ocr_line' id='line_1_46' title="bbox 451 2773 2092 2849; baseline -0.005 -14"><span class='ocrx_word' id='word_1_462' title='bbox 451 2783 713 2835; x_wconf 81' lang='lat' dir='ltr'>mentum</span> <span class='ocrx_word' id='word_1_463' title='bbox 748 2776 1049 2849; x_wconf 83' lang='lat' dir='ltr'>patiatur?</span> <span class='ocrx_word' id='word_1_464' title='bbox 1078 2775 1282 2837; x_wconf 85' lang='lat' dir='ltr'>(Matth.</span> <span class='ocrx_word' id='word_1_465' title='bbox 1314 2776 1451 2842; x_wconf 83' lang='lat' dir='ltr'>XVI.)</span> <span class='ocrx_word' id='word_1_466' title='bbox 1474 2774 1645 2829; x_wconf 88' lang='lat' dir='ltr'>Verbi</span> <span class='ocrx_word' id='word_1_467' title='bbox 1674 2775 1860 2847; x_wconf 89' lang='lat' dir='ltr'>gratia</span> <span class='ocrx_word' id='word_1_468' title='bbox 1885 2792 1896 2828; x_wconf 94' lang='lat'>:</span> <span class='ocrx_word' id='word_1_469' title='bbox 1923 2773 2092 2828; x_wconf 86' lang='lat' dir='ltr'>Blan-</span> 
     </span>
    </p>
   </div>
   <div class='ocr_carea' id='block_1_47' title="bbox 454 2862 2093 2936">
    <p class='ocr_par' dir='ltr' id='par_1_47' title="bbox 454 2862 2093 2936">
     <span class='ocr_line' id='line_1_47' title="bbox 454 2862 2093 2936; baseline -0.004 -14"><span class='ocrx_word' id='word_1_470' title='bbox 454 2869 612 2922; x_wconf 88' lang='lat' dir='ltr'>ditur</span> <span class='ocrx_word' id='word_1_471' title='bbox 642 2883 803 2932; x_wconf 89' lang='lat' dir='ltr'>uxor,</span> <span class='ocrx_word' id='word_1_472' title='bbox 829 2865 1089 2919; x_wconf 88' lang='lat' dir='ltr'>minatur</span> <span class='ocrx_word' id='word_1_473' title='bbox 1121 2869 1302 2934; x_wconf 87' lang='lat' dir='ltr'>pater,</span> <span class='ocrx_word' id='word_1_474' title='bbox 1337 2864 1644 2936; x_wconf 87' lang='lat' dir='ltr'>persuadet</span> <span class='ocrx_word' id='word_1_475' title='bbox 1671 2868 1876 2926; x_wconf 84' lang='lat' dir='ltr'>mater,</span> <span class='ocrx_word' id='word_1_476' title='bbox 1908 2862 2093 2934; x_wconf 85' lang='lat' dir='ltr'>lacry-</span> 
     </span>
    </p>
   </div>
   <div class='ocr_carea' id='block_1_48' title="bbox 449 2952 2094 3016">
    <p class='ocr_par' dir='ltr' id='par_1_48' title="bbox 449 2952 2094 3016">
     <span class='ocr_line' id='line_1_48' title="bbox 449 2952 2094 3016; baseline -0.004 -3"><span class='ocrx_word' id='word_1_477' title='bbox 449 2962 646 3013; x_wconf 87' lang='lat' dir='ltr'>matur</span> <span class='ocrx_word' id='word_1_478' title='bbox 677 2957 853 3009; x_wconf 82' lang='lat' dir='ltr'>frater</span> <span class='ocrx_word' id='word_1_479' title='bbox 881 2959 937 3008; x_wconf 89' lang='lat' dir='ltr'>et</span> <span class='ocrx_word' id='word_1_480' title='bbox 968 2970 1150 3016; x_wconf 89' lang='lat' dir='ltr'>soror,</span> <span class='ocrx_word' id='word_1_481' title='bbox 1184 2957 1247 3008; x_wconf 92' lang='lat' dir='ltr'>ut</span> <span class='ocrx_word' id='word_1_482' title='bbox 1279 2958 1474 3008; x_wconf 89' lang='lat' dir='ltr'>autem</span> <span class='ocrx_word' id='word_1_483' title='bbox 1507 2952 1566 3006; x_wconf 93' lang='lat' dir='ltr'>in</span> <span class='ocrx_word' id='word_1_484' title='bbox 1601 2952 1694 3007; x_wconf 85' lang='lat' dir='ltr'>via</span> <span class='ocrx_word' id='word_1_485' title='bbox 1725 2952 1951 3006; x_wconf 89' lang='lat' dir='ltr'>Domini</span> <span class='ocrx_word' id='word_1_486' title='bbox 2005 2957 2094 3006; x_wconf 89' lang='lat' dir='ltr'>sta</span> 
     </span>
    </p>
   </div>
   <div class='ocr_carea' id='block_1_49' title="bbox 451 3041 2097 3108">
    <p class='ocr_par' dir='ltr' id='par_1_49' title="bbox 451 3041 2097 3108">
     <span class='ocr_line' id='line_1_49' title="bbox 451 3041 2097 3108; baseline -0.003 -8"><span class='ocrx_word' id='word_1_487' title='bbox 451 3048 678 3108; x_wconf 83' lang='lat' dir='ltr'>firmus,</span> <span class='ocrx_word' id='word_1_488' title='bbox 713 3061 783 3098; x_wconf 91' lang='lat' dir='ltr'>ne</span> <span class='ocrx_word' id='word_1_489' title='bbox 817 3042 946 3097; x_wconf 89' lang='lat' dir='ltr'>illos</span> <span class='ocrx_word' id='word_1_490' title='bbox 971 3042 1255 3097; x_wconf 85' lang='lat' dir='ltr'>inutiliter</span> <span class='ocrx_word' id='word_1_491' title='bbox 1274 3042 1524 3096; x_wconf 87' lang='lat' dir='ltr'>amando</span> <span class='ocrx_word' id='word_1_492' title='bbox 1549 3059 1582 3096; x_wconf 88' lang='lat' dir='ltr'>a</span> <span class='ocrx_word' id='word_1_493' title='bbox 1607 3041 1700 3095; x_wconf 88' lang='lat' dir='ltr'>Dei</span> <span class='ocrx_word' id='word_1_494' title='bbox 1733 3057 1928 3095; x_wconf 86' lang='lat' dir='ltr'>amore</span> <span class='ocrx_word' id='word_1_495' title='bbox 1947 3056 2097 3095; x_wconf 89' lang='lat' dir='ltr'>rece-</span> 
     </span>
    </p>
   </div>
   <div class='ocr_carea' id='block_1_50' title="bbox 449 3130 2087 3204">
    <p class='ocr_par' dir='ltr' id='par_1_50' title="bbox 449 3130 2087 3204">
     <span class='ocr_line' id='line_1_50' title="bbox 449 3130 2087 3204; baseline -0.004 -14"><span class='ocrx_word' id='word_1_496' title='bbox 449 3136 576 3199; x_wconf 89' lang='lat' dir='ltr'>das,</span> <span class='ocrx_word' id='word_1_497' title='bbox 600 3135 697 3189; x_wconf 89' lang='lat' dir='ltr'>sed</span> <span class='ocrx_word' id='word_1_498' title='bbox 723 3134 891 3204; x_wconf 82' lang='lat' dir='ltr'>juxta</span> <span class='ocrx_word' id='word_1_499' title='bbox 920 3131 1062 3186; x_wconf 91' lang='lat' dir='ltr'>illud</span> <span class='ocrx_word' id='word_1_500' title='bbox 1096 3132 1250 3203; x_wconf 89' lang='lat' dir='ltr'>quod</span> <span class='ocrx_word' id='word_1_501' title='bbox 1283 3131 1417 3186; x_wconf 91' lang='lat' dir='ltr'>alibi</span> <span class='ocrx_word' id='word_1_502' title='bbox 1453 3131 1610 3186; x_wconf 77' lang='lat' dir='ltr'>aitzu</span> <span class='ocrx_word' id='word_1_503' title='bbox 1643 3130 1778 3185; x_wconf 89' lang='lat' dir='ltr'>Sine</span> <span class='ocrx_word' id='word_1_504' title='bbox 1805 3134 2087 3192; x_wconf 89' lang='lat' dir='ltr'>mortuos,</span> 
     </span>
    </p>
   </div>
   <div class='ocr_carea' id='block_1_51' title="bbox 449 3219 2087 3292">
    <p class='ocr_par' dir='ltr' id='par_1_51' title="bbox 449 3219 2087 3292">
     <span class='ocr_line' id='line_1_51' title="bbox 449 3219 2087 3292; baseline -0.004 -13"><span class='ocrx_word' id='word_1_505' title='bbox 449 3228 711 3279; x_wconf 90' lang='lat' dir='ltr'>mortuos</span> <span class='ocrx_word' id='word_1_506' title='bbox 742 3238 879 3278; x_wconf 91' lang='lat' dir='ltr'>suos</span> <span class='ocrx_word' id='word_1_507' title='bbox 906 3220 1244 3292; x_wconf 88' lang='lat' dir='ltr'>sepelire,tu</span> <span class='ocrx_word' id='word_1_508' title='bbox 1269 3224 1462 3274; x_wconf 90' lang='lat' dir='ltr'>autem</span> <span class='ocrx_word' id='word_1_509' title='bbox 1497 3235 1738 3290; x_wconf 88' lang='lat' dir='ltr'>sequere</span> <span class='ocrx_word' id='word_1_510' title='bbox 1756 3233 1848 3273; x_wconf 92' lang='lat' dir='ltr'>me</span> <span class='ocrx_word' id='word_1_511' title='bbox 1875 3219 2087 3289; x_wconf 79' lang='lat' dir='ltr'>(Matth.</span> 
     </span>
    </p>
   </div>
   <div class='ocr_carea' id='block_1_52' title="bbox 445 3291 3269 3382">
    <p class='ocr_par' dir='ltr' id='par_1_52' title="bbox 445 3291 3269 3382">
     <span class='ocr_line' id='line_1_52' title="bbox 445 3291 3269 3382; baseline -0.005 -16"><span class='ocrx_word' id='word_1_512' title='bbox 445 3313 634 3382; x_wconf 83' lang='lat' dir='ltr'>vm).»</span> <span class='ocrx_word' id='word_1_513' title='bbox 666 3311 862 3382; x_wconf 89' lang='lat' dir='ltr'>Neque</span> <span class='ocrx_word' id='word_1_514' title='bbox 893 3291 1001 3364; x_wconf 88' lang='lat' dir='ltr'>hoc</span> <span class='ocrx_word' id='word_1_515' title='bbox 1032 3307 1313 3375; x_wconf 86' lang='lat' dir='ltr'>diximus,</span> <span class='ocrx_word' id='word_1_516' title='bbox 1333 3308 1484 3379; x_wconf 92' lang='lat' dir='ltr'>quod</span> <span class='ocrx_word' id='word_1_517' title='bbox 1512 3307 1852 3380; x_wconf 90' lang='lat' dir='ltr'>parentibus</span> <span class='ocrx_word' id='word_1_518' title='bbox 1885 3307 2094 3362; x_wconf 82' lang='lat' dir='ltr'>etami-</span> <span class='ocrx_word' id='word_1_519' title='bbox 2778 3293 3076 3382; x_wconf 71' lang='grc' dir='ltr'>ῌΟΜΙΙᾸΑ</span> <span class='ocrx_word' id='word_1_520' title='bbox 3115 3291 3269 3349; x_wconf 83' lang='lat' dir='ltr'><strong>VIII.</strong></span> 
     </span>
    </p>
   </div>
   <div class='ocr_carea' id='block_1_53' title="bbox 447 3381 3766 3503">
    <p class='ocr_par' dir='ltr' id='par_1_53' title="bbox 447 3381 3766 3503">
     <span class='ocr_line' id='line_1_53' title="bbox 482 3381 3266 3422; baseline 0.001 -2"><span class='ocrx_word' id='word_1_521' title='bbox 482 3409 494 3420; x_wconf 98' lang='lat'>.</span> <span class='ocrx_word' id='word_1_522' title='bbox 542 3381 555 3420; x_wconf 85' lang='lat'>.</span> <span class='ocrx_word' id='word_1_523' title='bbox 740 3381 786 3418; x_wconf 45' lang='grc' dir='ltr'>,ί</span> <span class='ocrx_word' id='word_1_524' title='bbox 837 3407 848 3419; x_wconf 94' lang='grc'><strong>.</strong></span> <span class='ocrx_word' id='word_1_525' title='bbox 1053 3405 1063 3416; x_wconf 90' lang='grc'><strong>.</strong></span> <span class='ocrx_word' id='word_1_526' title='bbox 2778 3381 2848 3420; x_wconf 76' lang='lat' dir='ltr'>Ds</span> <span class='ocrx_word' id='word_1_527' title='bbox 2887 3382 3266 3422; x_wconf 76' lang='lat' dir='ltr'>MARTYRIBUS.</span> 
     </span>
     <span class='ocr_line' id='line_1_54' title="bbox 447 3403 3766 3503; baseline -0.002 -39"><span class='ocrx_word' id='word_1_528' title='bbox 447 3405 1838 3503; x_wconf 77' lang='lat' dir='ltr'>eismgratietmobedientcsessedebeamus,sed</span> <span class='ocrx_word' id='word_1_529' title='bbox 1859 3403 2091 3474; x_wconf 86' lang='lat' dir='ltr'>quando</span> <span class='ocrx_word' id='word_1_530' title='bbox 2273 3454 2413 3503; x_wconf 65' lang='lat' dir='ltr'>(LUC</span> <span class='ocrx_word' id='word_1_531' title='bbox 2466 3456 2542 3503; x_wconf 51' lang='grc' dir='ltr'>ω</span> <span class='ocrx_word' id='word_1_532' title='bbox 2599 3477 2626 3503; x_wconf 55' lang='grc' dir='ltr'>α</span> <span class='ocrx_word' id='word_1_533' title='bbox 2660 3453 2722 3503; x_wconf 69' lang='lat' dir='ltr'>In</span> <span class='ocrx_word' id='word_1_534' title='bbox 2755 3452 2854 3503; x_wconf 65' lang='lat' dir='ltr'>illo</span> <span class='ocrx_word' id='word_1_535' title='bbox 2886 3459 3143 3503; x_wconf 42' lang='lat' dir='ltr'>“mm”</span> <span class='ocrx_word' id='word_1_536' title='bbox 3166 3472 3178 3484; x_wconf 48' lang='lat'>.</span> <span class='ocrx_word' id='word_1_537' title='bbox 3203 3456 3563 3503; x_wconf 45' lang='lat' dir='ltr'>“9909‘”qu</span> <span class='ocrx_word' id='word_1_538' title='bbox 3585 3449 3766 3503; x_wconf 66' lang='lat' dir='ltr'>Jesusd</span> 
     </span>
    </p>
   </div>
   <div class='ocr_carea' id='block_1_54' title="bbox 447 3453 3793 3559">
    <p class='ocr_par' dir='ltr' id='par_1_54' title="bbox 447 3453 3793 3559">
     <span class='ocr_line' id='line_1_55' title="bbox 447 3453 3793 3559; baseline -0.003 -6"><span class='ocrx_word' id='word_1_539' title='bbox 447 3453 1370 3559; x_wconf 57' lang='lat' dir='ltr'>;&#39;;;;;°s;r.;;;;;;;;;&#39;;.&#39;1&#39;.;;;{.1;</span> <span class='ocrx_word' id='word_1_540' title='bbox 1390 3453 2090 3548; x_wconf 62' lang='lat'>11.;.&#39;.&quot;.;;;;.;.;.&quot;.:.‘.;.;.;</span> <span class='ocrx_word' id='word_1_541' title='bbox 2273 3454 2562 3559; x_wconf 55' lang='lat' dir='ltr'>(Las-vo;</span> <span class='ocrx_word' id='word_1_542' title='bbox 2599 3453 2722 3559; x_wconf 52' lang='lat' dir='ltr'>agna</span> <span class='ocrx_word' id='word_1_543' title='bbox 2755 3453 2854 3559; x_wconf 80' lang='grc' dir='ltr'>ίι,ιο</span> <span class='ocrx_word' id='word_1_544' title='bbox 2886 3459 3145 3525; x_wconf 67' lang='lat' dir='ltr'>tempore</span> <span class='ocrx_word' id='word_1_545' title='bbox 3166 3456 3563 3559; x_wconf 54' lang='grc' dir='ltr'>κοφοτειξάεξιε</span> <span class='ocrx_word' id='word_1_546' title='bbox 3585 3453 3793 3559; x_wconf 59' lang='grc' dir='ltr'>ἦξεεξξῗίῖθ</span> 
     </span>
    </p>
   </div>
   <div class='ocr_carea' id='block_1_55' title="bbox 2201 3541 3793 3614">
    <p class='ocr_par' dir='ltr' id='par_1_55' title="bbox 2201 3541 3793 3614">
     <span class='ocr_line' id='line_1_56' title="bbox 2201 3541 3793 3614; baseline -0.001 -23"><span class='ocrx_word' id='word_1_547' title='bbox 2201 3564 2230 3591; x_wconf 87' lang='grc'>‹‹</span> <span class='ocrx_word' id='word_1_548' title='bbox 2265 3545 2481 3608; x_wconf 90' lang='lat' dir='ltr'>monte,</span> <span class='ocrx_word' id='word_1_549' title='bbox 2516 3542 2675 3597; x_wconf 85' lang='lat' dir='ltr'>stetit</span> <span class='ocrx_word' id='word_1_550' title='bbox 2705 3541 2762 3598; x_wconf 86' lang='lat' dir='ltr'>in</span> <span class='ocrx_word' id='word_1_551' title='bbox 2793 3541 2918 3597; x_wconf 92' lang='lat' dir='ltr'>loco</span> <span class='ocrx_word' id='word_1_552' title='bbox 2950 3545 3290 3614; x_wconf 88' lang='lat' dir='ltr'>campestri,</span> <span class='ocrx_word' id='word_1_553' title='bbox 3320 3549 3377 3598; x_wconf 91' lang='lat' dir='ltr'>et</span> <span class='ocrx_word' id='word_1_554' title='bbox 3405 3545 3566 3598; x_wconf 87' lang='lat' dir='ltr'>turba</span> <span class='ocrx_word' id='word_1_555' title='bbox 3585 3541 3793 3610; x_wconf 87' lang='lat' dir='ltr'>discipu-</span> 
     </span>
    </p>
   </div>
   <div class='ocr_carea' id='block_1_56' title="bbox 2204 3624 3793 3704">
    <p class='ocr_par' dir='ltr' id='par_1_56' title="bbox 2204 3624 3793 3704">
     <span class='ocr_line' id='line_1_57' title="bbox 2204 3624 3793 3704; baseline -0.003 -20"><span class='ocrx_word' id='word_1_556' title='bbox 2204 3652 2231 3679; x_wconf 86' lang='grc'>‹‹</span> <span class='ocrx_word' id='word_1_557' title='bbox 2265 3629 2451 3685; x_wconf 90' lang='lat' dir='ltr'>lorum</span> <span class='ocrx_word' id='word_1_558' title='bbox 2487 3631 2634 3701; x_wconf 91' lang='lat' dir='ltr'>ejus,</span> <span class='ocrx_word' id='word_1_559' title='bbox 2671 3636 2728 3686; x_wconf 88' lang='lat' dir='ltr'>et</span> <span class='ocrx_word' id='word_1_560' title='bbox 2760 3631 3075 3686; x_wconf 90' lang='lat' dir='ltr'>multitudo</span> <span class='ocrx_word' id='word_1_561' title='bbox 3108 3632 3348 3703; x_wconf 88' lang='lat' dir='ltr'>copiosa</span> <span class='ocrx_word' id='word_1_562' title='bbox 3377 3632 3556 3704; x_wconf 89' lang='lat' dir='ltr'>plebis</span> <span class='ocrx_word' id='word_1_563' title='bbox 3585 3631 3648 3685; x_wconf 88' lang='lat' dir='ltr'>ab</span> <span class='ocrx_word' id='word_1_564' title='bbox 3671 3624 3793 3683; x_wconf 87' lang='lat' dir='ltr'>omni</span> 
     </span>
    </p>
   </div>
   <div class='ocr_carea' id='block_1_57' title="bbox 2204 3717 3797 3792">
    <p class='ocr_par' dir='ltr' id='par_1_57' title="bbox 2204 3717 3797 3792">
     <span class='ocr_line' id='line_1_58' title="bbox 2204 3717 3797 3792; baseline -0.004 -19"><span class='ocrx_word' id='word_1_565' title='bbox 2204 3741 2230 3767; x_wconf 88' lang='lat'><strong>«</strong></span> <span class='ocrx_word' id='word_1_566' title='bbox 2265 3718 2465 3773; x_wconf 71' lang='lat' dir='ltr'>Judzea</span> <span class='ocrx_word' id='word_1_567' title='bbox 2494 3723 2549 3772; x_wconf 90' lang='lat' dir='ltr'>et</span> <span class='ocrx_word' id='word_1_568' title='bbox 2577 3718 2924 3774; x_wconf 86' lang='lat' dir='ltr'>Jerusalem.</span> <span class='ocrx_word' id='word_1_569' title='bbox 2963 3743 2989 3768; x_wconf 91' lang='grc'><strong>››</strong></span> <span class='ocrx_word' id='word_1_570' title='bbox 3023 3721 3088 3775; x_wconf 84' lang='lat' dir='ltr'>Et</span> <span class='ocrx_word' id='word_1_571' title='bbox 3121 3719 3366 3792; x_wconf 90' lang='lat' dir='ltr'>reliqua.</span> <span class='ocrx_word' id='word_1_572' title='bbox 3392 3722 3510 3776; x_wconf 90' lang='lat' dir='ltr'>Non</span> <span class='ocrx_word' id='word_1_573' title='bbox 3527 3717 3694 3774; x_wconf 87' lang='lat' dir='ltr'>solum</span> <span class='ocrx_word' id='word_1_574' title='bbox 3721 3730 3797 3786; x_wconf 86' lang='lat' dir='ltr'>per</span> 
     </span>
    </p>
   </div>
   <div class='ocr_carea' id='block_1_58' title="bbox 2205 3807 3796 3879">
    <p class='ocr_par' dir='ltr' id='par_1_58' title="bbox 2205 3807 3796 3879">
     <span class='ocr_line' id='line_1_59' title="bbox 2205 3807 3796 3879; baseline -0.004 -17"><span class='ocrx_word' id='word_1_575' title='bbox 2205 3807 2547 3879; x_wconf 83' lang='lat' dir='ltr'>mysterium</span> <span class='ocrx_word' id='word_1_576' title='bbox 2583 3808 3001 3864; x_wconf 88' lang='lat' dir='ltr'>incarnationis</span> <span class='ocrx_word' id='word_1_577' title='bbox 3023 3809 3094 3864; x_wconf 94' lang='lat' dir='ltr'>de</span> <span class='ocrx_word' id='word_1_578' title='bbox 3116 3808 3262 3865; x_wconf 69' lang='lat' dir='ltr'>coelo</span> <span class='ocrx_word' id='word_1_579' title='bbox 3294 3811 3350 3864; x_wconf 90' lang='lat' dir='ltr'>in</span> <span class='ocrx_word' id='word_1_580' title='bbox 3377 3816 3579 3866; x_wconf 90' lang='lat' dir='ltr'>terram</span> <span class='ocrx_word' id='word_1_581' title='bbox 3608 3807 3796 3861; x_wconf 87' lang='lat' dir='ltr'>descen-</span> 
     </span>
    </p>
   </div>
   <div class='ocr_carea' id='block_1_59' title="bbox 2205 3891 3794 3964">
    <p class='ocr_par' dir='ltr' id='par_1_59' title="bbox 2205 3891 3794 3964">
     <span class='ocr_line' id='line_1_60' title="bbox 2205 3891 3794 3964; baseline -0.004 -14"><span class='ocrx_word' id='word_1_582' title='bbox 2205 3896 2349 3951; x_wconf 90' lang='lat' dir='ltr'>dens</span> <span class='ocrx_word' id='word_1_583' title='bbox 2378 3895 2659 3951; x_wconf 92' lang='lat' dir='ltr'>Dominus</span> <span class='ocrx_word' id='word_1_584' title='bbox 2689 3896 2860 3952; x_wconf 88' lang='lat' dir='ltr'>Jesus</span> <span class='ocrx_word' id='word_1_585' title='bbox 2893 3897 3178 3964; x_wconf 86' lang='lat' dir='ltr'>Christus,</span> <span class='ocrx_word' id='word_1_586' title='bbox 3213 3899 3486 3954; x_wconf 68' lang='lat' dir='ltr'>humanae</span> <span class='ocrx_word' id='word_1_587' title='bbox 3527 3891 3794 3951; x_wconf 80' lang='lat' dir='ltr'>inﬁrmitati</span> 
     </span>
    </p>
   </div>
   <div class='ocr_carea' id='block_1_60' title="bbox 2205 3980 3794 4057">
    <p class='ocr_par' dir='ltr' id='par_1_60' title="bbox 2205 3980 3794 4057">
     <span class='ocr_line' id='line_1_61' title="bbox 2205 3980 3794 4057; baseline -0.004 -19"><span class='ocrx_word' id='word_1_588' title='bbox 2205 3985 2667 4040; x_wconf 88' lang='lat' dir='ltr'>condescendere</span> <span class='ocrx_word' id='word_1_589' title='bbox 2695 3985 2971 4057; x_wconf 90' lang='lat' dir='ltr'>dignatus</span> <span class='ocrx_word' id='word_1_590' title='bbox 2989 3992 3095 4054; x_wconf 87' lang='lat' dir='ltr'>est,</span> <span class='ocrx_word' id='word_1_591' title='bbox 3113 3989 3212 4042; x_wconf 91' lang='lat' dir='ltr'>sed</span> <span class='ocrx_word' id='word_1_592' title='bbox 3226 3989 3405 4043; x_wconf 88' lang='lat' dir='ltr'>etiam</span> <span class='ocrx_word' id='word_1_593' title='bbox 3425 3989 3480 4043; x_wconf 91' lang='lat' dir='ltr'>in</span> <span class='ocrx_word' id='word_1_594' title='bbox 3495 3985 3692 4042; x_wconf 89' lang='lat' dir='ltr'>sanctis</span> <span class='ocrx_word' id='word_1_595' title='bbox 3702 3980 3794 4037; x_wconf 80' lang='lat' dir='ltr'>suis</span> 
     </span>
    </p>
   </div>
   <div class='ocr_carea' id='block_1_61' title="bbox 2206 4071 3794 4148">
    <p class='ocr_par' dir='ltr' id='par_1_61' title="bbox 2206 4071 3794 4148">
     <span class='ocr_line' id='line_1_62' title="bbox 2206 4071 3794 4148; baseline -0.006 -18"><span class='ocrx_word' id='word_1_596' title='bbox 2206 4075 2580 4130; x_wconf 89' lang='lat' dir='ltr'>sermonibus</span> <span class='ocrx_word' id='word_1_597' title='bbox 2603 4076 2671 4128; x_wconf 86' lang='lat' dir='ltr'>ad</span> <span class='ocrx_word' id='word_1_598' title='bbox 2697 4074 3017 4130; x_wconf 86' lang='lat' dir='ltr'>humanam</span> <span class='ocrx_word' id='word_1_599' title='bbox 3038 4077 3430 4148; x_wconf 85' lang='lat' dir='ltr'>ignorantiam</span> <span class='ocrx_word' id='word_1_600' title='bbox 3447 4071 3794 4131; x_wconf 86' lang='lat' dir='ltr'>instruendam</span> 
     </span>
    </p>
   </div>
   <div class='ocr_carea' id='block_1_62' title="bbox 2204 4163 3796 4236">
    <p class='ocr_par' dir='ltr' id='par_1_62' title="bbox 2204 4163 3796 4236">
     <span class='ocr_line' id='line_1_63' title="bbox 2204 4163 3796 4236; baseline -0.001 -18"><span class='ocrx_word' id='word_1_601' title='bbox 2204 4163 2286 4219; x_wconf 90' lang='lat' dir='ltr'>ita</span> <span class='ocrx_word' id='word_1_602' title='bbox 2318 4163 2642 4218; x_wconf 88' lang='lat' dir='ltr'>doctrinam</span> <span class='ocrx_word' id='word_1_603' title='bbox 2675 4179 2845 4219; x_wconf 89' lang='lat' dir='ltr'>suam</span> <span class='ocrx_word' id='word_1_604' title='bbox 2877 4165 3238 4236; x_wconf 87' lang='lat' dir='ltr'>temperavit,</span> <span class='ocrx_word' id='word_1_605' title='bbox 3276 4171 3341 4221; x_wconf 90' lang='lat' dir='ltr'>ut</span> <span class='ocrx_word' id='word_1_606' title='bbox 3371 4183 3482 4221; x_wconf 93' lang='lat' dir='ltr'>non</span> <span class='ocrx_word' id='word_1_607' title='bbox 3505 4163 3675 4220; x_wconf 90' lang='lat' dir='ltr'>solum</span> <span class='ocrx_word' id='word_1_608' title='bbox 3702 4173 3796 4230; x_wconf 82' lang='lat' dir='ltr'>per-</span> 
     </span>
    </p>
   </div>
   <div class='ocr_carea' id='block_1_63' title="bbox 2206 4247 3796 4326">
    <p class='ocr_par' dir='ltr' id='par_1_63' title="bbox 2206 4247 3796 4326">
     <span class='ocr_line' id='line_1_64' title="bbox 2206 4247 3796 4326; baseline -0.008 -17"><span class='ocrx_word' id='word_1_609' title='bbox 2206 4253 2360 4318; x_wconf 85' lang='lat' dir='ltr'>fecti,</span> <span class='ocrx_word' id='word_1_610' title='bbox 2393 4253 2492 4307; x_wconf 89' lang='lat' dir='ltr'>sed</span> <span class='ocrx_word' id='word_1_611' title='bbox 2521 4252 2698 4308; x_wconf 87' lang='lat' dir='ltr'>etiam</span> <span class='ocrx_word' id='word_1_612' title='bbox 2730 4253 2929 4308; x_wconf 88' lang='lat' dir='ltr'>minus</span> <span class='ocrx_word' id='word_1_613' title='bbox 2960 4255 3194 4326; x_wconf 89' lang='lat' dir='ltr'>perfecti</span> <span class='ocrx_word' id='word_1_614' title='bbox 3218 4255 3419 4311; x_wconf 89' lang='lat' dir='ltr'>cibum</span> <span class='ocrx_word' id='word_1_615' title='bbox 3441 4254 3566 4309; x_wconf 62' lang='lat' dir='ltr'>vita:</span> <span class='ocrx_word' id='word_1_616' title='bbox 3591 4247 3796 4305; x_wconf 83' lang='lat' dir='ltr'>invenire</span> 
     </span>
    </p>
   </div>
   <div class='ocr_carea' id='block_1_64' title="bbox 2206 4340 3794 4417">
    <p class='ocr_par' dir='ltr' id='par_1_64' title="bbox 2206 4340 3794 4417">
     <span class='ocr_line' id='line_1_65' title="bbox 2206 4340 3794 4417; baseline -0.006 -19"><span class='ocrx_word' id='word_1_617' title='bbox 2206 4347 2462 4415; x_wconf 89' lang='lat' dir='ltr'>possent.</span> <span class='ocrx_word' id='word_1_618' title='bbox 2498 4341 2757 4414; x_wconf 85' lang='lat' dir='ltr'>Denique</span> <span class='ocrx_word' id='word_1_619' title='bbox 2791 4347 2854 4398; x_wconf 92' lang='lat' dir='ltr'>ut</span> <span class='ocrx_word' id='word_1_620' title='bbox 2884 4361 3061 4415; x_wconf 89' lang='lat' dir='ltr'>supra</span> <span class='ocrx_word' id='word_1_621' title='bbox 3092 4344 3450 4417; x_wconf 89' lang='lat' dir='ltr'>evangelista</span> <span class='ocrx_word' id='word_1_622' title='bbox 3479 4340 3674 4405; x_wconf 88' lang='lat' dir='ltr'>retulit,</span> <span class='ocrx_word' id='word_1_623' title='bbox 3691 4349 3794 4391; x_wconf 87' lang='lat' dir='ltr'>cum</span> 
     </span>
    </p>
   </div>
   <div class='ocr_carea' id='block_1_65' title="bbox 2206 4423 3798 4501">
    <p class='ocr_par' dir='ltr' id='par_1_65' title="bbox 2206 4423 3798 4501">
     <span class='ocr_line' id='line_1_66' title="bbox 2206 4423 3798 4501; baseline -0.007 -14"><span class='ocrx_word' id='word_1_624' title='bbox 2206 4432 2608 4487; x_wconf 86' lang='lat' dir='ltr'>ascendissent</span> <span class='ocrx_word' id='word_1_625' title='bbox 2641 4433 2699 4485; x_wconf 91' lang='lat' dir='ltr'>in</span> <span class='ocrx_word' id='word_1_626' title='bbox 2733 4438 3012 4499; x_wconf 89' lang='lat' dir='ltr'>montem,</span> <span class='ocrx_word' id='word_1_627' title='bbox 3044 4433 3227 4488; x_wconf 88' lang='lat' dir='ltr'>secuti</span> <span class='ocrx_word' id='word_1_628' title='bbox 3246 4423 3798 4501; x_wconf 73' lang='lat' dir='ltr'>sunteumejusdis&#39;ci-</span> 
     </span>
    </p>
   </div>
   <div class='ocr_carea' id='block_1_66' title="bbox 2131 4509 3797 4602">
    <p class='ocr_par' dir='ltr' id='par_1_66' title="bbox 2131 4509 3797 4602">
     <span class='ocr_line' id='line_1_67' title="bbox 2131 4509 3797 4602; baseline -0.003 -27"><span class='ocrx_word' id='word_1_629' title='bbox 2131 4539 2174 4602; x_wconf 68' lang='grc' dir='ltr'><strong>Ι)</strong></span> <span class='ocrx_word' id='word_1_630' title='bbox 2210 4519 2330 4591; x_wconf 91' lang='lat' dir='ltr'>puli</span> <span class='ocrx_word' id='word_1_631' title='bbox 2361 4518 2571 4588; x_wconf 80' lang='lat' dir='ltr'>(Matth.</span> <span class='ocrx_word' id='word_1_632' title='bbox 2605 4521 2681 4590; x_wconf 84' lang='lat' dir='ltr'>v),</span> <span class='ocrx_word' id='word_1_633' title='bbox 2716 4521 2814 4574; x_wconf 92' lang='lat' dir='ltr'>ubi</span> <span class='ocrx_word' id='word_1_634' title='bbox 2847 4537 2981 4575; x_wconf 92' lang='lat' dir='ltr'>cum</span> <span class='ocrx_word' id='word_1_635' title='bbox 3015 4521 3359 4592; x_wconf 88' lang='lat' dir='ltr'>perfectiora</span> <span class='ocrx_word' id='word_1_636' title='bbox 3391 4521 3648 4576; x_wconf 84' lang='lat' dir='ltr'>mandata</span> <span class='ocrx_word' id='word_1_637' title='bbox 3665 4509 3797 4586; x_wconf 62' lang='lat' dir='ltr'>quarti</span> 
     </span>
    </p>
   </div>
   <div class='ocr_carea' id='block_1_67' title="bbox 2209 4601 3798 4684">
    <p class='ocr_par' dir='ltr' id='par_1_67' title="bbox 2209 4601 3798 4684">
     <span class='ocr_line' id='line_1_68' title="bbox 2209 4601 3798 4684; baseline -0.006 -23"><span class='ocrx_word' id='word_1_638' title='bbox 2209 4624 2413 4678; x_wconf 89' lang='lat' dir='ltr'>capere</span> <span class='ocrx_word' id='word_1_639' title='bbox 2443 4606 2773 4663; x_wconf 87' lang='lat' dir='ltr'>valentibus</span> <span class='ocrx_word' id='word_1_640' title='bbox 2803 4609 3080 4678; x_wconf 89' lang='lat' dir='ltr'>dedisset,</span> <span class='ocrx_word' id='word_1_641' title='bbox 3118 4610 3325 4667; x_wconf 86' lang='lat' dir='ltr'>nolens</span> <span class='ocrx_word' id='word_1_642' title='bbox 3343 4615 3570 4684; x_wconf 86' lang='lat' dir='ltr'>prepter</span> <span class='ocrx_word' id='word_1_643' title='bbox 3588 4621 3673 4662; x_wconf 87' lang='lat' dir='ltr'>eos</span> <span class='ocrx_word' id='word_1_644' title='bbox 3692 4601 3798 4656; x_wconf 37' lang='lat' dir='ltr'>sim,</span> 
     </span>
    </p>
   </div>
   <div class='ocr_carea' id='block_1_68' title="bbox 444 4674 3798 4769">
    <p class='ocr_par' dir='ltr' id='par_1_68' title="bbox 444 4674 3798 4769">
     <span class='ocr_line' id='line_1_69' title="bbox 444 4674 3798 4769; baseline -0.003 -17"><span class='ocrx_word' id='word_1_645' title='bbox 444 4675 562 4730; x_wconf 62' lang='lat' dir='ltr'>Vim</span> <span class='ocrx_word' id='word_1_646' title='bbox 610 4680 845 4769; x_wconf 46' lang='grc' dir='ltr'>ΡῘΟΡῨῩἾ</span> <span class='ocrx_word' id='word_1_647' title='bbox 878 4679 1055 4730; x_wconf 67' lang='lat' dir='ltr'>Deum</span> <span class='ocrx_word' id='word_1_648' title='bbox 1091 4679 1248 4740; x_wconf 52' lang='lat' dir='ltr'>sunt,</span> <span class='ocrx_word' id='word_1_649' title='bbox 1284 4691 1655 4769; x_wconf 62' lang='grc' dir='ltr'>ηοίιυεξςιιξωη</span> <span class='ocrx_word' id='word_1_650' title='bbox 1687 4674 2096 4769; x_wconf 45' lang='lat' dir='ltr'>contemnendi</span> <span class='ocrx_word' id='word_1_651' title='bbox 2206 4674 2475 4768; x_wconf 79' lang='lat' dir='ltr'>pliciores</span> <span class='ocrx_word' id='word_1_652' title='bbox 2503 4696 2706 4752; x_wconf 90' lang='lat' dir='ltr'>turbas</span> <span class='ocrx_word' id='word_1_653' title='bbox 2736 4674 3083 4769; x_wconf 77' lang='lat' dir='ltr'>relinquere,</span> <span class='ocrx_word' id='word_1_654' title='bbox 3131 4674 3362 4756; x_wconf 46' lang='lat' dir='ltr'>iterum.</span> <span class='ocrx_word' id='word_1_655' title='bbox 3388 4674 3714 4756; x_wconf 68' lang='lat' dir='ltr'>descendens</span> <span class='ocrx_word' id='word_1_656' title='bbox 3745 4687 3798 4742; x_wconf 89' lang='lat' dir='ltr'>de</span> 
     </span>
    </p>
   </div>
   <div class='ocr_carea' id='block_1_69' title="bbox 446 4763 3798 4860">
    <p class='ocr_par' dir='ltr' id='par_1_69' title="bbox 446 4763 3798 4860">
     <span class='ocr_line' id='line_1_70' title="bbox 446 4763 3798 4860; baseline 0.006 -42"><span class='ocrx_word' id='word_1_657' title='bbox 446 4770 602 4860; x_wconf 73' lang='lat' dir='ltr'>sunt.</span> <span class='ocrx_word' id='word_1_658' title='bbox 640 4764 841 4860; x_wconf 76' lang='lat' dir='ltr'>Pusilli</span> <span class='ocrx_word' id='word_1_659' title='bbox 878 4781 1129 4860; x_wconf 75' lang='lat' dir='ltr'>namque</span> <span class='ocrx_word' id='word_1_660' title='bbox 1160 4767 1318 4860; x_wconf 81' lang='lat' dir='ltr'>sunt,</span> <span class='ocrx_word' id='word_1_661' title='bbox 1345 4769 1410 4860; x_wconf 77' lang='lat' dir='ltr'>ut</span> <span class='ocrx_word' id='word_1_662' title='bbox 1439 4763 1714 4860; x_wconf 74' lang='lat' dir='ltr'>diximus,</span> <span class='ocrx_word' id='word_1_663' title='bbox 1900 4780 2094 4860; x_wconf 55' lang='grc' dir='ltr'>εοςθιῐξὶ</span> <span class='ocrx_word' id='word_1_664' title='bbox 2206 4763 2429 4852; x_wconf 68' lang='lat' dir='ltr'>incute,</span> <span class='ocrx_word' id='word_1_665' title='bbox 2463 4785 2622 4840; x_wconf 88' lang='lat' dir='ltr'>stetit</span> <span class='ocrx_word' id='word_1_666' title='bbox 2651 4785 2710 4840; x_wconf 92' lang='lat' dir='ltr'>in</span> <span class='ocrx_word' id='word_1_667' title='bbox 2742 4785 2867 4841; x_wconf 93' lang='lat' dir='ltr'>loco</span> <span class='ocrx_word' id='word_1_668' title='bbox 2897 4763 3228 4858; x_wconf 79' lang='lat' dir='ltr'>campestri.</span> <span class='ocrx_word' id='word_1_669' title='bbox 3272 4788 3336 4844; x_wconf 90' lang='lat' dir='ltr'>In</span> <span class='ocrx_word' id='word_1_670' title='bbox 3395 4805 3506 4860; x_wconf 88' lang='lat' dir='ltr'>quo</span> <span class='ocrx_word' id='word_1_671' title='bbox 3536 4800 3632 4842; x_wconf 89' lang='lat' dir='ltr'>suo</span> <span class='ocrx_word' id='word_1_672' title='bbox 3682 4779 3798 4834; x_wconf 61' lang='lat' dir='ltr'>facto</span> 
     </span>
    </p>
   </div>
   <div class='ocr_carea' id='block_1_70' title="bbox 445 4851 3798 4950">
    <p class='ocr_par' dir='ltr' id='par_1_70' title="bbox 445 4851 3798 4950">
     <span class='ocr_line' id='line_1_71' title="bbox 445 4851 3798 4950; baseline -0.001 -30"><span class='ocrx_word' id='word_1_673' title='bbox 445 4854 630 4910; x_wconf 72' lang='grc' dir='ltr'>Οουιίε</span> <span class='ocrx_word' id='word_1_674' title='bbox 656 4855 788 4950; x_wconf 35' lang='grc' dir='ltr'>εμίε.</span> <span class='ocrx_word' id='word_1_675' title='bbox 813 4853 1066 4950; x_wconf 55' lang='lat' dir='ltr'>hufliles</span> <span class='ocrx_word' id='word_1_676' title='bbox 1093 4857 1231 4950; x_wconf 53' lang='grc' dir='ltr'>εξξῐη</span> <span class='ocrx_word' id='word_1_677' title='bbox 1252 4855 1309 4908; x_wconf 64' lang='lat' dir='ltr'>et</span> <span class='ocrx_word' id='word_1_678' title='bbox 1338 4851 1702 4950; x_wconf 22' lang='lat' dir='ltr'>(lsis‘liwtl‘tde</span> <span class='ocrx_word' id='word_1_679' title='bbox 1735 4852 2098 4950; x_wconf 51' lang='lat' dir='ltr'>qnib“3_§al&#39;</span> <span class='ocrx_word' id='word_1_680' title='bbox 2209 4874 2483 4941; x_wconf 90' lang='lat' dir='ltr'>ostendit,</span> <span class='ocrx_word' id='word_1_681' title='bbox 2519 4874 2576 4929; x_wconf 93' lang='lat' dir='ltr'>in</span> <span class='ocrx_word' id='word_1_682' title='bbox 2609 4851 3204 4947; x_wconf 70' lang='lat' dir='ltr'>praedicationejuxta</span> <span class='ocrx_word' id='word_1_683' title='bbox 3233 4851 3603 4950; x_wconf 76' lang='lat' dir='ltr'>capacitatem</span> <span class='ocrx_word' id='word_1_684' title='bbox 3617 4866 3798 4926; x_wconf 83' lang='lat' dir='ltr'>audito-</span> 
     </span>
    </p>
   </div>
   <div class='ocr_carea' id='block_1_71' title="bbox 444 4941 2094 5034">
    <p class='ocr_par' dir='ltr' id='par_1_71' title="bbox 444 4941 2094 5015">
     <span class='ocr_line' id='line_1_72' title="bbox 444 4941 2094 5015; baseline -0.001 -16"><span class='ocrx_word' id='word_1_685' title='bbox 444 4949 605 4999; x_wconf 89' lang='lat' dir='ltr'>vator</span> <span class='ocrx_word' id='word_1_686' title='bbox 646 4945 728 4999; x_wconf 86' lang='lat' dir='ltr'>ait</span> <span class='ocrx_word' id='word_1_687' title='bbox 777 4945 834 4998; x_wconf 86' lang='lat' dir='ltr'>in</span> <span class='ocrx_word' id='word_1_688' title='bbox 883 4942 1193 5015; x_wconf 84' lang='lat' dir='ltr'>Evangelio</span> <span class='ocrx_word' id='word_1_689' title='bbox 1227 4960 1240 4999; x_wconf 93' lang='lat'>:</span> <span class='ocrx_word' id='word_1_690' title='bbox 1276 4966 1302 4991; x_wconf 93' lang='grc'>‹‹</span> <span class='ocrx_word' id='word_1_691' title='bbox 1353 4941 1540 4997; x_wconf 90' lang='lat' dir='ltr'>Nolite</span> <span class='ocrx_word' id='word_1_692' title='bbox 1591 4941 1814 5006; x_wconf 89' lang='lat' dir='ltr'>timere,</span> <span class='ocrx_word' id='word_1_693' title='bbox 1847 4941 2094 5014; x_wconf 90' lang='lat' dir='ltr'>pusillus</span> 
     </span>
    </p>
   </div>
   <div class='ocr_carea' id='block_1_72' title="bbox 2202 4941 3798 5034">
    <p class='ocr_par' dir='ltr' id='par_1_72' title="bbox 2208 4956 3798 5034">
     <span class='ocr_line' id='line_1_73' title="bbox 2208 4956 3798 5034; baseline -0.003 -17"><span class='ocrx_word' id='word_1_694' title='bbox 2208 4979 2340 5018; x_wconf 89' lang='lat' dir='ltr'>rum</span> <span class='ocrx_word' id='word_1_695' title='bbox 2372 4965 2814 5034; x_wconf 88' lang='lat' dir='ltr'>temperandum</span> <span class='ocrx_word' id='word_1_696' title='bbox 2846 4982 2974 5021; x_wconf 91' lang='lat' dir='ltr'>esse</span> <span class='ocrx_word' id='word_1_697' title='bbox 2989 4983 3322 5022; x_wconf 88' lang='lat' dir='ltr'>sermonem</span> <span class='ocrx_word' id='word_1_698' title='bbox 3341 4967 3648 5022; x_wconf 88' lang='lat' dir='ltr'>doctorum.</span> <span class='ocrx_word' id='word_1_699' title='bbox 3667 4956 3798 5012; x_wconf 71' lang='lat' dir='ltr'>Mons</span> 
     </span>
    </p>
   </div>
   <div class='ocr_carea' id='block_1_73' title="bbox 446 5031 3794 5127">
    <p class='ocr_par' dir='ltr' id='par_1_73' title="bbox 446 5031 3794 5127">
     <span class='ocr_line' id='line_1_74' title="bbox 446 5031 3794 5127; baseline -0.001 -41"><span class='ocrx_word' id='word_1_700' title='bbox 446 5047 604 5103; x_wconf 85' lang='lat' dir='ltr'>grex,</span> <span class='ocrx_word' id='word_1_701' title='bbox 637 5034 775 5103; x_wconf 90' lang='lat' dir='ltr'>quia</span> <span class='ocrx_word' id='word_1_702' title='bbox 806 5031 1158 5104; x_wconf 90' lang='lat' dir='ltr'>complacuit</span> <span class='ocrx_word' id='word_1_703' title='bbox 1189 5031 1341 5087; x_wconf 88' lang='lat' dir='ltr'>Patri</span> <span class='ocrx_word' id='word_1_704' title='bbox 1375 5034 1564 5086; x_wconf 88' lang='lat' dir='ltr'>vestro</span> <span class='ocrx_word' id='word_1_705' title='bbox 1609 5032 1746 5086; x_wconf 91' lang='lat' dir='ltr'>dare</span> <span class='ocrx_word' id='word_1_706' title='bbox 1795 5031 1958 5086; x_wconf 84' lang='lat' dir='ltr'>vobis</span> <span class='ocrx_word' id='word_1_707' title='bbox 2007 5049 2099 5088; x_wconf 87' lang='lat' dir='ltr'>re-</span> <span class='ocrx_word' id='word_1_708' title='bbox 2207 5052 2363 5108; x_wconf 70' lang='lat' dir='ltr'>enim</span> <span class='ocrx_word' id='word_1_709' title='bbox 2395 5051 2456 5106; x_wconf 69' lang='lat' dir='ltr'>in</span> <span class='ocrx_word' id='word_1_710' title='bbox 2477 5031 2721 5109; x_wconf 59' lang='lat' dir='ltr'>ﬁocloco</span> <span class='ocrx_word' id='word_1_711' title='bbox 2745 5054 3144 5126; x_wconf 54' lang='lat' dir='ltr'>perfectiora”,</span> <span class='ocrx_word' id='word_1_712' title='bbox 3188 5055 3484 5127; x_wconf 59' lang='lat' dir='ltr'><strong>signiﬁcat</strong></span> <span class='ocrx_word' id='word_1_713' title='bbox 3499 5048 3794 5108; x_wconf 61' lang='lat' dir='ltr'>dominam.</span> 
     </span>
    </p>
   </div>
   <div class='ocr_carea' id='block_1_74' title="bbox 447 5127 3794 5216">
    <p class='ocr_par' dir='ltr' id='par_1_74' title="bbox 447 5127 3794 5216">
     <span class='ocr_line' id='line_1_75' title="bbox 447 5127 3794 5216; baseline 0.001 -34"><span class='ocrx_word' id='word_1_714' title='bbox 447 5144 629 5200; x_wconf 85' lang='lat' dir='ltr'>gnum</span> <span class='ocrx_word' id='word_1_715' title='bbox 651 5128 804 5190; x_wconf 84' lang='lat' dir='ltr'>(Luc.</span> <span class='ocrx_word' id='word_1_716' title='bbox 827 5131 946 5201; x_wconf 82' lang='lat' dir='ltr'>xu).</span> <span class='ocrx_word' id='word_1_717' title='bbox 984 5153 1012 5180; x_wconf 86' lang='grc'><strong>››</strong></span> <span class='ocrx_word' id='word_1_718' title='bbox 1036 5129 1315 5202; x_wconf 82' lang='lat' dir='ltr'>Quisquis</span> <span class='ocrx_word' id='word_1_719' title='bbox 1365 5145 1500 5201; x_wconf 92' lang='lat' dir='ltr'>ergo</span> <span class='ocrx_word' id='word_1_720' title='bbox 1529 5127 1674 5184; x_wconf 82' lang='lat' dir='ltr'>tales</span> <span class='ocrx_word' id='word_1_721' title='bbox 1704 5128 2097 5186; x_wconf 89' lang='lat' dir='ltr'>scandalizare</span> <span class='ocrx_word' id='word_1_722' title='bbox 2207 5139 2334 5196; x_wconf 78' lang='lat' dir='ltr'>loca</span> <span class='ocrx_word' id='word_1_723' title='bbox 2361 5156 2493 5196; x_wconf 85' lang='lat' dir='ltr'>vero</span> <span class='ocrx_word' id='word_1_724' title='bbox 2525 5142 2892 5214; x_wconf 81' lang='lat' dir='ltr'>campestria,</span> <span class='ocrx_word' id='word_1_725' title='bbox 2926 5141 3298 5200; x_wconf 83' lang='lat' dir='ltr'>humiliorem</span> <span class='ocrx_word' id='word_1_726' title='bbox 3351 5137 3794 5216; x_wconf 61' lang='lat' dir='ltr'>praedicationem;</span> 
     </span>
    </p>
   </div>
   <div class='ocr_carea' id='block_1_75' title="bbox 450 5216 3797 5301">
    <p class='ocr_par' dir='ltr' id='par_1_75' title="bbox 450 5216 3797 5301">
     <span class='ocr_line' id='line_1_76' title="bbox 450 5216 3797 5301; baseline 0 -31"><span class='ocrx_word' id='word_1_727' title='bbox 450 5232 564 5271; x_wconf 90' lang='lat' dir='ltr'>non</span> <span class='ocrx_word' id='word_1_728' title='bbox 599 5217 824 5282; x_wconf 89' lang='lat' dir='ltr'>metuit,</span> <span class='ocrx_word' id='word_1_729' title='bbox 841 5217 1083 5273; x_wconf 67' lang='lat' dir='ltr'>offendit</span> <span class='ocrx_word' id='word_1_730' title='bbox 1111 5223 1294 5275; x_wconf 90' lang='lat' dir='ltr'>Deum</span> <span class='ocrx_word' id='word_1_731' title='bbox 1318 5216 1421 5290; x_wconf 92' lang='lat' dir='ltr'>qui</span> <span class='ocrx_word' id='word_1_732' title='bbox 1444 5217 1671 5274; x_wconf 88' lang='lat' dir='ltr'>habitat</span> <span class='ocrx_word' id='word_1_733' title='bbox 1700 5218 1760 5273; x_wconf 91' lang='lat' dir='ltr'>in</span> <span class='ocrx_word' id='word_1_734' title='bbox 1791 5217 2100 5286; x_wconf 86' lang='lat' dir='ltr'>illis,sicut</span> <span class='ocrx_word' id='word_1_735' title='bbox 2209 5234 2381 5301; x_wconf 74' lang='lat' dir='ltr'>atque</span> <span class='ocrx_word' id='word_1_736' title='bbox 2413 5230 2893 5287; x_wconf 63' lang='lat' dir='ltr'>communiorem,</span> <span class='ocrx_word' id='word_1_737' title='bbox 2929 5233 3036 5298; x_wconf 75' lang='lat' dir='ltr'>Qui</span> <span class='ocrx_word' id='word_1_738' title='bbox 3065 5232 3220 5288; x_wconf 72' lang='lat' dir='ltr'>enim</span> <span class='ocrx_word' id='word_1_739' title='bbox 3251 5231 3402 5288; x_wconf 68' lang='lat' dir='ltr'>tales</span> <span class='ocrx_word' id='word_1_740' title='bbox 3431 5233 3584 5295; x_wconf 69' lang='lat' dir='ltr'>sunt,</span> <span class='ocrx_word' id='word_1_741' title='bbox 3613 5228 3669 5280; x_wconf 87' lang='lat' dir='ltr'>ut</span> <span class='ocrx_word' id='word_1_742' title='bbox 3693 5231 3797 5275; x_wconf 88' lang='lat' dir='ltr'>cum</span> 
     </span>
    </p>
   </div>
   <div class='ocr_carea' id='block_1_76' title="bbox 451 5304 3801 5392">
    <p class='ocr_par' dir='ltr' id='par_1_76' title="bbox 451 5304 3801 5392">
     <span class='ocr_line' id='line_1_77' title="bbox 451 5304 3801 5392; baseline 0 -22"><span class='ocrx_word' id='word_1_743' title='bbox 451 5304 576 5377; x_wconf 74' lang='grc' dir='ltr'>ἱρεθ</span> <span class='ocrx_word' id='word_1_744' title='bbox 609 5321 710 5376; x_wconf 77' lang='grc' dir='ltr'>Ρθῐ·</span> <span class='ocrx_word' id='word_1_745' title='bbox 741 5305 1082 5376; x_wconf 71' lang='lat' dir='ltr'>prophetam</span> <span class='ocrx_word' id='word_1_746' title='bbox 1126 5307 1302 5363; x_wconf 76' lang='lat' dir='ltr'>dicit:</span> <span class='ocrx_word' id='word_1_747' title='bbox 1341 5331 1368 5356; x_wconf 78' lang='grc' dir='ltr'>α</span> <span class='ocrx_word' id='word_1_748' title='bbox 1401 5305 1508 5369; x_wconf 84' lang='lat' dir='ltr'>Qui</span> <span class='ocrx_word' id='word_1_749' title='bbox 1541 5307 1728 5380; x_wconf 85' lang='lat' dir='ltr'>tangit</span> <span class='ocrx_word' id='word_1_750' title='bbox 1765 5325 1886 5377; x_wconf 90' lang='lat' dir='ltr'>vos,</span> <span class='ocrx_word' id='word_1_751' title='bbox 1929 5307 2095 5380; x_wconf 80' lang='lat' dir='ltr'>quasi</span> <span class='ocrx_word' id='word_1_752' title='bbox 2208 5317 2488 5391; x_wconf 90' lang='lat' dir='ltr'>apostolis</span> <span class='ocrx_word' id='word_1_753' title='bbox 2520 5319 2722 5375; x_wconf 86' lang='lat' dir='ltr'>audire</span> <span class='ocrx_word' id='word_1_754' title='bbox 2751 5321 3007 5392; x_wconf 88' lang='lat' dir='ltr'>possint:</span> <span class='ocrx_word' id='word_1_755' title='bbox 3043 5345 3070 5371; x_wconf 90' lang='grc'>‹‹</span> <span class='ocrx_word' id='word_1_756' title='bbox 3105 5321 3282 5378; x_wconf 83' lang='lat' dir='ltr'>Vobis</span> <span class='ocrx_word' id='word_1_757' title='bbox 3313 5323 3515 5378; x_wconf 87' lang='lat' dir='ltr'>datum</span> <span class='ocrx_word' id='word_1_758' title='bbox 3544 5320 3626 5374; x_wconf 88' lang='lat' dir='ltr'>est</span> <span class='ocrx_word' id='word_1_759' title='bbox 3663 5319 3801 5367; x_wconf 58' lang='lat' dir='ltr'>n08”</span> 
     </span>
    </p>
   </div>
   <div class='ocr_carea' id='block_1_77' title="bbox 448 5392 3799 5482">
    <p class='ocr_par' dir='ltr' id='par_1_77' title="bbox 448 5392 3799 5482">
     <span class='ocr_line' id='line_1_78' title="bbox 448 5392 3799 5482; baseline 0.001 -34"><span class='ocrx_word' id='word_1_760' title='bbox 448 5392 546 5465; x_wconf 92' lang='lat' dir='ltr'>qui</span> <span class='ocrx_word' id='word_1_761' title='bbox 577 5392 764 5465; x_wconf 88' lang='lat' dir='ltr'>tangit</span> <span class='ocrx_word' id='word_1_762' title='bbox 795 5392 1079 5464; x_wconf 89' lang='lat' dir='ltr'>pupillam</span> <span class='ocrx_word' id='word_1_763' title='bbox 1100 5394 1251 5449; x_wconf 89' lang='lat' dir='ltr'>oculi</span> <span class='ocrx_word' id='word_1_764' title='bbox 1278 5395 1385 5450; x_wconf 91' lang='lat' dir='ltr'>mei</span> <span class='ocrx_word' id='word_1_765' title='bbox 1410 5395 1593 5466; x_wconf 85' lang='lat' dir='ltr'>(Zach.</span> <span class='ocrx_word' id='word_1_766' title='bbox 1621 5396 1748 5468; x_wconf 79' lang='grc'>11).»</span> <span class='ocrx_word' id='word_1_767' title='bbox 1771 5397 1839 5451; x_wconf 88' lang='lat' dir='ltr'>Et</span> <span class='ocrx_word' id='word_1_768' title='bbox 1862 5398 2092 5454; x_wconf 90' lang='lat' dir='ltr'>iterum:</span> <span class='ocrx_word' id='word_1_769' title='bbox 2207 5407 2552 5480; x_wconf 77' lang='lat' dir='ltr'>mysterium</span> <span class='ocrx_word' id='word_1_770' title='bbox 2572 5393 3799 5482; x_wconf 77' lang='lat' dir='ltr'>regniDei(Marc.lv),»sublimiusinstruendi</span> 
     </span>
    </p>
   </div>
   <div class='ocr_carea' id='block_1_78' title="bbox 449 5481 3800 5571">
    <p class='ocr_par' dir='ltr' id='par_1_78' title="bbox 449 5481 3800 5571">
     <span class='ocr_line' id='line_1_79' title="bbox 449 5481 3800 5571; baseline 0.003 -30"><span class='ocrx_word' id='word_1_771' title='bbox 449 5515 474 5541; x_wconf 89' lang='grc'><em>‹‹</em></span> <span class='ocrx_word' id='word_1_772' title='bbox 511 5489 698 5546; x_wconf 89' lang='lat' dir='ltr'>Nolite</span> <span class='ocrx_word' id='word_1_773' title='bbox 729 5495 966 5563; x_wconf 83' lang='lat' dir='ltr'>tangere</span> <span class='ocrx_word' id='word_1_774' title='bbox 997 5491 1248 5547; x_wconf 84' lang='lat' dir='ltr'>christos</span> <span class='ocrx_word' id='word_1_775' title='bbox 1280 5509 1459 5560; x_wconf 90' lang='lat' dir='ltr'>meos,</span> <span class='ocrx_word' id='word_1_776' title='bbox 1480 5491 1613 5547; x_wconf 89' lang='lat' dir='ltr'>etin</span> <span class='ocrx_word' id='word_1_777' title='bbox 1636 5494 2097 5567; x_wconf 87' lang='lat' dir='ltr'>prophetismeis</span> <span class='ocrx_word' id='word_1_778' title='bbox 2156 5561 2161 5569; x_wconf 34' lang='grc' dir='ltr'>η</span> <span class='ocrx_word' id='word_1_779' title='bbox 2208 5502 2367 5553; x_wconf 89' lang='lat' dir='ltr'>sunt.</span> <span class='ocrx_word' id='word_1_780' title='bbox 2401 5497 2505 5553; x_wconf 89' lang='lat' dir='ltr'>Cui</span> <span class='ocrx_word' id='word_1_781' title='bbox 2546 5513 2677 5554; x_wconf 91' lang='lat' dir='ltr'>vero</span> <span class='ocrx_word' id='word_1_782' title='bbox 2734 5503 2969 5571; x_wconf 88' lang='lat' dir='ltr'>propter</span> <span class='ocrx_word' id='word_1_783' title='bbox 3023 5481 3237 5556; x_wconf 87' lang='lat' dir='ltr'>mentis</span> <span class='ocrx_word' id='word_1_784' title='bbox 3296 5499 3696 5557; x_wconf 82' lang='lat' dir='ltr'>inﬁrmitatem,</span> <span class='ocrx_word' id='word_1_785' title='bbox 3743 5481 3800 5542; x_wconf 69' lang='lat' dir='ltr'>ad</span> 
     </span>
    </p>
   </div>
   <div class='ocr_carea' id='block_1_79' title="bbox 449 5573 3800 5664">
    <p class='ocr_par' dir='ltr' id='par_1_79' title="bbox 449 5573 3800 5664">
     <span class='ocr_line' id='line_1_80' title="bbox 449 5573 3800 5664; baseline 0.001 -25"><span class='ocrx_word' id='word_1_786' title='bbox 449 5578 626 5639; x_wconf 87' lang='lat' dir='ltr'>nolite</span> <span class='ocrx_word' id='word_1_787' title='bbox 692 5579 1000 5656; x_wconf 82' lang='lat' dir='ltr'>maliguari</span> <span class='ocrx_word' id='word_1_788' title='bbox 1049 5580 1217 5641; x_wconf 81' lang='lat' dir='ltr'>(Psat.</span> <span class='ocrx_word' id='word_1_789' title='bbox 1270 5581 1403 5658; x_wconf 80' lang='lat' dir='ltr'>Civ).</span> <span class='ocrx_word' id='word_1_790' title='bbox 1458 5603 1485 5631; x_wconf 91' lang='grc'>››</span> <span class='ocrx_word' id='word_1_791' title='bbox 1526 5581 1606 5640; x_wconf 92' lang='lat' dir='ltr'>De</span> <span class='ocrx_word' id='word_1_792' title='bbox 1659 5583 1874 5659; x_wconf 83' lang='lat' dir='ltr'>quibus</span> <span class='ocrx_word' id='word_1_793' title='bbox 1931 5584 2097 5643; x_wconf 87' lang='lat' dir='ltr'>valde</span> <span class='ocrx_word' id='word_1_794' title='bbox 2208 5585 2472 5646; x_wconf 72' lang='lat' dir='ltr'>altiorem</span> <span class='ocrx_word' id='word_1_795' title='bbox 2504 5603 2618 5646; x_wconf 89' lang='lat' dir='ltr'>non</span> <span class='ocrx_word' id='word_1_796' title='bbox 2633 5573 3800 5664; x_wconf 52' lang='lat' dir='ltr'>possuntascenderedoctrinamminim“</span> 
     </span>
    </p>
   </div>
   <div class='ocr_carea' id='block_1_80' title="bbox 447 3581 2093 3642">
    <p class='ocr_par' dir='ltr' id='par_1_80' title="bbox 447 3581 2093 3642">
     <span class='ocr_line' id='line_1_81' title="bbox 447 3581 2093 3642; baseline -0.005 0"><span class='ocrx_word' id='word_1_797' title='bbox 447 3585 864 3642; x_wconf 85' lang='lat' dir='ltr'>abscindamus</span> <span class='ocrx_word' id='word_1_798' title='bbox 879 3601 911 3638; x_wconf 85' lang='lat' dir='ltr'>a</span> <span class='ocrx_word' id='word_1_799' title='bbox 923 3583 1111 3638; x_wconf 89' lang='lat' dir='ltr'>nobis.</span> <span class='ocrx_word' id='word_1_800' title='bbox 1129 3582 1409 3636; x_wconf 68' lang='lat' dir='ltr'>Caeterum</span> <span class='ocrx_word' id='word_1_801' title='bbox 1443 3598 1574 3636; x_wconf 90' lang='lat' dir='ltr'>cum</span> <span class='ocrx_word' id='word_1_802' title='bbox 1589 3597 1686 3635; x_wconf 88' lang='lat' dir='ltr'>eos</span> <span class='ocrx_word' id='word_1_803' title='bbox 1700 3581 1882 3635; x_wconf 91' lang='lat' dir='ltr'>Deum</span> <span class='ocrx_word' id='word_1_804' title='bbox 1897 3595 2093 3634; x_wconf 88' lang='lat' dir='ltr'>amare</span> 
     </span>
    </p>
   </div>
   <div class='ocr_carea' id='block_1_81' title="bbox 447 3668 2090 3745">
    <p class='ocr_par' dir='ltr' id='par_1_81' title="bbox 447 3668 2090 3745">
     <span class='ocr_line' id='line_1_82' title="bbox 447 3668 2090 3745; baseline -0.002 -17"><span class='ocrx_word' id='word_1_805' title='bbox 447 3673 915 3745; x_wconf 88' lang='lat' dir='ltr'>cognoverimus,</span> <span class='ocrx_word' id='word_1_806' title='bbox 949 3669 1264 3740; x_wconf 84' lang='lat' dir='ltr'>dupliciter</span> <span class='ocrx_word' id='word_1_807' title='bbox 1295 3687 1326 3723; x_wconf 91' lang='lat' dir='ltr'>a</span> <span class='ocrx_word' id='word_1_808' title='bbox 1356 3669 1526 3724; x_wconf 90' lang='lat' dir='ltr'>nobis</span> <span class='ocrx_word' id='word_1_809' title='bbox 1579 3668 1900 3723; x_wconf 91' lang='lat' dir='ltr'>honorandi</span> <span class='ocrx_word' id='word_1_810' title='bbox 1932 3673 2090 3724; x_wconf 89' lang='lat' dir='ltr'>sunt.</span> 
     </span>
    </p>
   </div>
   <div class='ocr_carea' id='block_1_82' title="bbox 448 3757 2090 3831">
    <p class='ocr_par' dir='ltr' id='par_1_82' title="bbox 448 3757 2090 3831">
     <span class='ocr_line' id='line_1_83' title="bbox 448 3757 2090 3831; baseline -0.002 -15"><span class='ocrx_word' id='word_1_811' title='bbox 448 3761 729 3828; x_wconf 92' lang='lat' dir='ltr'>Primum,</span> <span class='ocrx_word' id='word_1_812' title='bbox 764 3760 1071 3831; x_wconf 87' lang='lat' dir='ltr'>quiajusti</span> <span class='ocrx_word' id='word_1_813' title='bbox 1117 3764 1257 3813; x_wconf 90' lang='lat' dir='ltr'>sunt</span> <span class='ocrx_word' id='word_1_814' title='bbox 1307 3757 1538 3823; x_wconf 89' lang='lat' dir='ltr'>deinde,</span> <span class='ocrx_word' id='word_1_815' title='bbox 1573 3758 1711 3828; x_wconf 91' lang='lat' dir='ltr'>quia</span> <span class='ocrx_word' id='word_1_816' title='bbox 1757 3757 2090 3829; x_wconf 88' lang='lat' dir='ltr'>propinqui,</span> 
     </span>
    </p>
   </div>
   <div class='ocr_carea' id='block_1_83' title="bbox 447 3846 2095 3918">
    <p class='ocr_par' dir='ltr' id='par_1_83' title="bbox 447 3846 2095 3918">
     <span class='ocr_line' id='line_1_84' title="bbox 447 3846 2095 3918; baseline -0.002 -14"><span class='ocrx_word' id='word_1_817' title='bbox 447 3847 691 3905; x_wconf 89' lang='lat' dir='ltr'>Domino</span> <span class='ocrx_word' id='word_1_818' title='bbox 724 3849 948 3903; x_wconf 88' lang='lat' dir='ltr'>dicente</span> <span class='ocrx_word' id='word_1_819' title='bbox 971 3847 1029 3902; x_wconf 93' lang='lat' dir='ltr'>in</span> <span class='ocrx_word' id='word_1_820' title='bbox 1059 3847 1184 3918; x_wconf 89' lang='lat' dir='ltr'>lege</span> <span class='ocrx_word' id='word_1_821' title='bbox 1217 3864 1230 3902; x_wconf 92' lang='lat'>:</span> <span class='ocrx_word' id='word_1_822' title='bbox 1268 3871 1293 3895; x_wconf 88' lang='grc'>‹‹</span> <span class='ocrx_word' id='word_1_823' title='bbox 1330 3846 1557 3901; x_wconf 86' lang='lat' dir='ltr'>Honora</span> <span class='ocrx_word' id='word_1_824' title='bbox 1587 3850 1808 3918; x_wconf 90' lang='lat' dir='ltr'>patrem</span> <span class='ocrx_word' id='word_1_825' title='bbox 1839 3850 2006 3901; x_wconf 90' lang='lat' dir='ltr'>tuum</span> <span class='ocrx_word' id='word_1_826' title='bbox 2037 3851 2095 3901; x_wconf 89' lang='lat' dir='ltr'>et</span> 
     </span>
    </p>
   </div>
   <div class='ocr_carea' id='block_1_84' title="bbox 447 3943 2094 4018">
    <p class='ocr_par' dir='ltr' id='par_1_84' title="bbox 447 3943 2094 4018">
     <span class='ocr_line' id='line_1_85' title="bbox 447 3943 2094 4018; baseline -0.002 -16"><span class='ocrx_word' id='word_1_827' title='bbox 447 3951 718 4014; x_wconf 86' lang='lat' dir='ltr'>matrem,</span> <span class='ocrx_word' id='word_1_828' title='bbox 756 3951 820 4001; x_wconf 91' lang='lat' dir='ltr'>ut</span> <span class='ocrx_word' id='word_1_829' title='bbox 851 3947 994 4001; x_wconf 89' lang='lat' dir='ltr'>bene</span> <span class='ocrx_word' id='word_1_830' title='bbox 1025 3943 1101 4001; x_wconf 91' lang='lat' dir='ltr'>sit</span> <span class='ocrx_word' id='word_1_831' title='bbox 1142 3944 1270 4010; x_wconf 87' lang='lat' dir='ltr'>tibi,</span> <span class='ocrx_word' id='word_1_832' title='bbox 1304 3949 1359 4000; x_wconf 89' lang='lat' dir='ltr'>et</span> <span class='ocrx_word' id='word_1_833' title='bbox 1402 3943 1574 4018; x_wconf 92' lang='lat' dir='ltr'>longo</span> <span class='ocrx_word' id='word_1_834' title='bbox 1620 3943 1780 4000; x_wconf 89' lang='lat' dir='ltr'>vivas</span> <span class='ocrx_word' id='word_1_835' title='bbox 1836 3948 2094 4015; x_wconf 87' lang='lat' dir='ltr'>tempore</span> 
     </span>
    </p>
   </div>
   <div class='ocr_carea' id='block_1_85' title="bbox 448 4033 2093 4107">
    <p class='ocr_par' dir='ltr' id='par_1_85' title="bbox 448 4033 2093 4107">
     <span class='ocr_line' id='line_1_86' title="bbox 448 4033 2093 4107; baseline -0.001 -17"><span class='ocrx_word' id='word_1_836' title='bbox 448 4035 639 4107; x_wconf 68' lang='lat' dir='ltr'>(Exod.</span> <span class='ocrx_word' id='word_1_837' title='bbox 674 4035 788 4105; x_wconf 79' lang='lat' dir='ltr'>xx).</span> <span class='ocrx_word' id='word_1_838' title='bbox 823 4035 966 4090; x_wconf 90' lang='lat' dir='ltr'>Hinc</span> <span class='ocrx_word' id='word_1_839' title='bbox 997 4033 1308 4106; x_wconf 88' lang='lat' dir='ltr'>Apostolus</span> <span class='ocrx_word' id='word_1_840' title='bbox 1341 4034 1420 4088; x_wconf 88' lang='lat' dir='ltr'>ait</span> <span class='ocrx_word' id='word_1_841' title='bbox 1451 4051 1463 4088; x_wconf 92' lang='lat'>:</span> <span class='ocrx_word' id='word_1_842' title='bbox 1501 4056 1527 4082; x_wconf 89' lang='grc'><em>‹‹</em></span> <span class='ocrx_word' id='word_1_843' title='bbox 1561 4034 1619 4089; x_wconf 91' lang='lat' dir='ltr'>Si</span> <span class='ocrx_word' id='word_1_844' title='bbox 1672 4033 1802 4106; x_wconf 91' lang='lat' dir='ltr'>quis</span> <span class='ocrx_word' id='word_1_845' title='bbox 1850 4050 2093 4089; x_wconf 89' lang='lat' dir='ltr'>suorum</span> 
     </span>
    </p>
   </div>
   <div class='ocr_carea' id='block_1_86' title="bbox 446 4123 2097 4195">
    <p class='ocr_par' dir='ltr' id='par_1_86' title="bbox 446 4123 2097 4195">
     <span class='ocr_line' id='line_1_87' title="bbox 446 4123 2097 4195; baseline -0.001 -16"><span class='ocrx_word' id='word_1_846' title='bbox 446 4140 647 4179; x_wconf 90' lang='lat' dir='ltr'>curam</span> <span class='ocrx_word' id='word_1_847' title='bbox 677 4141 791 4180; x_wconf 91' lang='lat' dir='ltr'>non</span> <span class='ocrx_word' id='word_1_848' title='bbox 823 4123 1018 4190; x_wconf 88' lang='lat' dir='ltr'>habet,</span> <span class='ocrx_word' id='word_1_849' title='bbox 1055 4129 1111 4178; x_wconf 90' lang='lat' dir='ltr'>et</span> <span class='ocrx_word' id='word_1_850' title='bbox 1137 4123 1390 4179; x_wconf 84' lang='lat' dir='ltr'>maxime</span> <span class='ocrx_word' id='word_1_851' title='bbox 1420 4124 1896 4192; x_wconf 80' lang='lat' dir='ltr'>ﬁdelium,fidem</span> <span class='ocrx_word' id='word_1_852' title='bbox 1927 4139 2097 4195; x_wconf 90' lang='lat' dir='ltr'>nega-</span> 
     </span>
    </p>
   </div>
   <div class='ocr_carea' id='block_1_87' title="bbox 446 4213 2094 4285">
    <p class='ocr_par' dir='ltr' id='par_1_87' title="bbox 446 4213 2094 4285">
     <span class='ocr_line' id='line_1_88' title="bbox 446 4213 2094 4285; baseline -0.001 -17"><span class='ocrx_word' id='word_1_853' title='bbox 446 4214 548 4282; x_wconf 87' lang='lat' dir='ltr'>vit,</span> <span class='ocrx_word' id='word_1_854' title='bbox 595 4219 650 4269; x_wconf 91' lang='lat' dir='ltr'>et</span> <span class='ocrx_word' id='word_1_855' title='bbox 698 4219 784 4270; x_wconf 90' lang='lat' dir='ltr'>est</span> <span class='ocrx_word' id='word_1_856' title='bbox 823 4213 1041 4268; x_wconf 79' lang='lat' dir='ltr'>infideli</span> <span class='ocrx_word' id='word_1_857' title='bbox 1085 4213 1338 4268; x_wconf 86' lang='lat' dir='ltr'>deterior</span> <span class='ocrx_word' id='word_1_858' title='bbox 1369 4214 1418 4285; x_wconf 89' lang='lat' dir='ltr'>(l</span> <span class='ocrx_word' id='word_1_859' title='bbox 1451 4215 1584 4268; x_wconf 77' lang='lat' dir='ltr'>Tim.</span> <span class='ocrx_word' id='word_1_860' title='bbox 1617 4215 1691 4285; x_wconf 91' lang='lat' dir='ltr'>v).</span> <span class='ocrx_word' id='word_1_861' title='bbox 1729 4236 1754 4262; x_wconf 88' lang='grc'>››</span> <span class='ocrx_word' id='word_1_862' title='bbox 1806 4214 2094 4278; x_wconf 89' lang='lat' dir='ltr'>Quantam</span> 
     </span>
    </p>
   </div>
   <div class='ocr_carea' id='block_1_88' title="bbox 446 4309 2096 4369">
    <p class='ocr_par' dir='ltr' id='par_1_88' title="bbox 446 4309 2096 4369">
     <span class='ocr_line' id='line_1_89' title="bbox 446 4309 2096 4369; baseline -0.001 0"><span class='ocrx_word' id='word_1_863' title='bbox 446 4318 646 4369; x_wconf 90' lang='lat' dir='ltr'>autem</span> <span class='ocrx_word' id='word_1_864' title='bbox 680 4311 1136 4368; x_wconf 89' lang='lat' dir='ltr'>sollicitudinem</span> <span class='ocrx_word' id='word_1_865' title='bbox 1164 4316 1218 4366; x_wconf 84' lang='lat' dir='ltr'>et</span> <span class='ocrx_word' id='word_1_866' title='bbox 1250 4328 1450 4367; x_wconf 89' lang='lat' dir='ltr'>curam</span> <span class='ocrx_word' id='word_1_867' title='bbox 1484 4311 1766 4367; x_wconf 89' lang='lat' dir='ltr'>Dominus</span> <span class='ocrx_word' id='word_1_868' title='bbox 1794 4313 1864 4367; x_wconf 90' lang='lat' dir='ltr'>de</span> <span class='ocrx_word' id='word_1_869' title='bbox 1886 4311 1977 4366; x_wconf 90' lang='lat' dir='ltr'>his</span> <span class='ocrx_word' id='word_1_870' title='bbox 2001 4309 2096 4368; x_wconf 89' lang='lat' dir='ltr'>ha-</span> 
     </span>
    </p>
   </div>
   <div class='ocr_carea' id='block_1_89' title="bbox 446 4399 2094 4472">
    <p class='ocr_par' dir='ltr' id='par_1_89' title="bbox 446 4399 2094 4472">
     <span class='ocr_line' id='line_1_90' title="bbox 446 4399 2094 4472; baseline 0 -16"><span class='ocrx_word' id='word_1_871' title='bbox 446 4401 598 4467; x_wconf 88' lang='lat' dir='ltr'>beat,</span> <span class='ocrx_word' id='word_1_872' title='bbox 626 4401 726 4472; x_wconf 90' lang='lat' dir='ltr'>qui</span> <span class='ocrx_word' id='word_1_873' title='bbox 759 4405 940 4455; x_wconf 86' lang='lat' dir='ltr'>totam</span> <span class='ocrx_word' id='word_1_874' title='bbox 973 4417 1134 4472; x_wconf 90' lang='lat' dir='ltr'>spem</span> <span class='ocrx_word' id='word_1_875' title='bbox 1171 4400 1225 4453; x_wconf 92' lang='lat' dir='ltr'>in</span> <span class='ocrx_word' id='word_1_876' title='bbox 1259 4418 1324 4454; x_wconf 91' lang='lat' dir='ltr'>eo</span> <span class='ocrx_word' id='word_1_877' title='bbox 1355 4403 1599 4472; x_wconf 90' lang='lat' dir='ltr'>ponunt,</span> <span class='ocrx_word' id='word_1_878' title='bbox 1617 4399 2094 4456; x_wconf 85' lang='lat' dir='ltr'>manifestatcum</span> 
     </span>
    </p>
   </div>
   <div class='ocr_carea' id='block_1_90' title="bbox 446 4487 2096 4560">
    <p class='ocr_par' dir='ltr' id='par_1_90' title="bbox 446 4487 2096 4560">
     <span class='ocr_line' id='line_1_91' title="bbox 446 4487 2096 4560; baseline 0 -17"><span class='ocrx_word' id='word_1_879' title='bbox 446 4487 753 4560; x_wconf 87' lang='lat' dir='ltr'>subjungit</span> <span class='ocrx_word' id='word_1_880' title='bbox 787 4507 798 4543; x_wconf 90' lang='lat'>:</span> <span class='ocrx_word' id='word_1_881' title='bbox 829 4511 855 4538; x_wconf 85' lang='lat'><strong>«</strong></span> <span class='ocrx_word' id='word_1_882' title='bbox 880 4488 1085 4544; x_wconf 73' lang='lat' dir='ltr'>Videte</span> <span class='ocrx_word' id='word_1_883' title='bbox 1131 4505 1199 4542; x_wconf 91' lang='lat' dir='ltr'>ne</span> <span class='ocrx_word' id='word_1_884' title='bbox 1229 4488 1617 4543; x_wconf 77' lang='lat' dir='ltr'>contemnatis</span> <span class='ocrx_word' id='word_1_885' title='bbox 1658 4505 1844 4542; x_wconf 92' lang='lat' dir='ltr'>unum</span> <span class='ocrx_word' id='word_1_886' title='bbox 1894 4505 1960 4543; x_wconf 86' lang='lat' dir='ltr'>ex</span> <span class='ocrx_word' id='word_1_887' title='bbox 2006 4489 2096 4544; x_wconf 89' lang='lat' dir='ltr'>his</span> 
     </span>
    </p>
   </div>
   <div class='ocr_carea' id='block_1_91' title="bbox 445 4575 2096 4650">
    <p class='ocr_par' dir='ltr' id='par_1_91' title="bbox 445 4575 2096 4650">
     <span class='ocr_line' id='line_1_92' title="bbox 445 4575 2096 4650; baseline -0.001 -19"><span class='ocrx_word' id='word_1_888' title='bbox 445 4576 697 4650; x_wconf 91' lang='lat' dir='ltr'>pusillis.</span> <span class='ocrx_word' id='word_1_889' title='bbox 733 4599 758 4626; x_wconf 85' lang='lat'>»</span> <span class='ocrx_word' id='word_1_890' title='bbox 795 4576 900 4639; x_wconf 88' lang='lat' dir='ltr'>Qui</span> <span class='ocrx_word' id='word_1_891' title='bbox 937 4577 1091 4631; x_wconf 91' lang='lat' dir='ltr'>enim</span> <span class='ocrx_word' id='word_1_892' title='bbox 1126 4575 1322 4648; x_wconf 90' lang='lat' dir='ltr'>pusilli</span> <span class='ocrx_word' id='word_1_893' title='bbox 1356 4579 1412 4631; x_wconf 88' lang='lat' dir='ltr'>et</span> <span class='ocrx_word' id='word_1_894' title='bbox 1442 4576 1694 4632; x_wconf 88' lang='lat' dir='ltr'>humiles</span> <span class='ocrx_word' id='word_1_895' title='bbox 1726 4577 1782 4630; x_wconf 89' lang='lat' dir='ltr'>in</span> <span class='ocrx_word' id='word_1_896' title='bbox 1829 4577 2096 4648; x_wconf 77' lang='lat' dir='ltr'>prresenti</span> 
     </span>
    </p>
   </div>
  </div>
