3980 6174
254 338 332 396 ’Π
1496 337 1826 400 ΙΙΟΜΗιΙᾸ

1496 337 1849 400 ΙΙΟΜΗιΙᾸί
1891 337 1993 399 DE
2037 338 2384 401 SANCTIS.

3501 347 3622 408 778

210 468 519 541 praeceptis
548 467 688 525 sunt
711 468 1038 537 erudiendi,
1068 473 1135 524 ut
1162 468 1263 542 qui
1284 468 1859 542 idoneinequaquam
1888 473 1944 539 Α
1970 475 2130 536 sunt,
2161 476 2219 527 et
2246 488 2313 527 ex
2342 476 2505 545 parte
2536 488 2667 528 cum
2693 473 3007 529 corticibus
3029 474 3620 549 relinquendaeQuia,

209 558 472 614 existunt
499 557 572 612 ad
605 557 872 613 facienda
902 558 1073 622 bona,
1094 557 1304 614 saltem
1318 576 1435 615 non
1448 558 1863 632 sintproclives

209 646 283 701 ad
312 646 708 719 perpetranda
729 646 903 702 mala.
919 646 1230 711 Quodalibi
1248 647 1529 702 Dominus
1554 664 1865 704 suoexem-

208 734 309 808 pio
338 733 765 801 ostendit,cum
779 734 1012 791 cuidam
1028 736 1307 808 quaerenti
1325 738 1532 809 (Matth.
1563 740 1682 804 xv),
1707 758 1733 787 (ι
1749 737 1865 797 Ma-

206 824 415 896 gister,
448 823 586 895 quid
621 823 888 880 faciendo
918 824 1096 880 vitam
1137 830 1414 885 alternam
1465 825 1799 897 possidebo,
1832 848 1859 875 »

205 913 382 984 quasi
414 913 475 967 in
504 911 869 968 convallibus
897 913 1151 969 moranti
1175 913 1502 985 respondit:
1528 937 1555 963 «
1592 914 1864 969 Mandata

203 1001 410 1056 nosti?
438 1000 562 1056 Non
593 999 844 1067 occides,
878 1017 993 1056 non
1026 1001 1431 1069 moechaberis,
1478 1019 1593 1057 non
1643 1000 1861 1058 falsum

202 1089 618 1145 testimonium
660 1088 842 1155 dices,
872 1106 986 1145 non
1032 1090 1416 1162 concupisces
1469 1107 1588 1145 rem
1612 1089 1863 1163 proximi

204 1179 319 1247 tui,
352 1177 577 1234 honora
607 1183 831 1251 patrem
864 1182 1247 1234 etmatrem.»
1272 1178 1865 1252 Sedillorespondcn-

198 1273 283 1335 te,
313 1291 343 1316 ‹‹
381 1268 510 1323 Haec
535 1267 742 1322 omnia
768 1266 1050 1322 cudodivi
1082 1268 1434 1337 ajuventute
1451 1284 1603 1335 mea,
1629 1290 1656 1317 ››
1674 1272 1864 1323 osten-

204 1357 297 1412 dit
322 1356 379 1411 ei
410 1360 675 1413 montem
706 1355 1070 1428 perfectioris
1101 1356 1396 1423 doctrina,
1431 1356 1660 1412 dicens:
1695 1379 1721 1406 ‹‹
1754 1357 1864 1411 Ad-

202 1445 323 1500 huc
358 1460 542 1501 unum
572 1443 679 1500 tibi
704 1445 891 1499 deest.
927 1443 986 1498 Si
1017 1444 1105 1499 vis
1136 1444 1427 1515 perfectus
1458 1460 1605 1512 esse,
1638 1445 1779 1500 vade
1806 1450 1863 1501 et

200 1535 394 1589 vende
424 1534 624 1589 omnia
652 1549 783 1605 qua
815 1532 1018 1598 habes,
1050 1536 1110 1587 et
1128 1533 1203 1587 da
1214 1533 1592 1605 pauperibus,
1611 1537 1669 1589 et
1688 1533 1863 1589 babe-

202 1623 299 1677 bis
330 1623 677 1679 thesaurum
702 1621 768 1676 in
796 1619 964 1687 coelo,
998 1627 1055 1677 et
1081 1622 1231 1685 veni,
1264 1637 1508 1692 sequere
1540 1638 1651 1677 me.
1686 1644 1715 1672 »
1743 1622 1859 1677 Sed

198 1711 347 1783 quia
378 1711 535 1767 hunc
558 1709 1615 1782 mentemdifﬁcilequiswculidivitiis
1637 1710 1858 1767 onerati

198 1805 351 1857 sunt
410 1800 728 1855 ascendam
769 1804 1042 1870 possunt,
1095 1799 1477 1871 subjunctnm
1527 1804 1618 1855 est
1674 1799 1856 1856 illico:

196 1911 233 1940 u
267 1888 373 1945 Ille
389 1893 587 1945 autem
602 1888 746 1944 abiit
761 1887 968 1954 tristis,
985 1887 1123 1960 quia
1135 1886 1353 1944 multas
1365 1888 1617 1944 habebat
1632 1905 1859 1962 posses-

196 1978 425 2035 siones.
463 2000 491 2027 ››
509 1976 697 2049 Hujus
712 1993 945 2049 quoque
960 1977 1293 2049 exemplum
1318 1977 1533 2034 Paulus
1556 1976 1858 2050 apostolus

195 2071 449 2125 secutus
472 2070 588 2135 est,
616 2066 857 2138 quando
888 2082 1021 2121 cum
1053 2065 1633 2137 discipulismontem
1660 2083 1857 2122 ascen-

193 2158 394 2223 derat,
425 2156 645 2228 quibus
676 2154 933 2210 dicebat;
969 2154 1366 2227 «Sapientiam
1390 2154 1860 2227 loquimurinter

189 2247 495 2320 perfectos
524 2247 573 2313 (Ι
597 2244 717 2300 Cor.
752 2243 835 2315 η).
872 2266 896 2293 ι
916 2243 1091 2308 Quasi
1110 2260 1240 2298 cum
1258 2244 1612 2316 quibusdam
1636 2245 1694 2299 in
1716 2261 1855 2300 con-

184 2335 461 2391 vallibus
493 2333 851 2399 morabatur,
899 2334 1132 2403 quando
1174 2332 1435 2388 dicebat:
1488 2355 1517 2382 «
1546 2334 1687 2405 Ego,
1741 2333 1855 2387 fra-

187 2428 342 2493 tres,
379 2441 498 2478 non
532 2422 691 2494 potui
720 2422 886 2477 vobis
916 2420 1075 2493 loqui
1106 2421 1274 2492 quasi
1323 2420 1707 2492 spiritalibus,
1755 2422 1856 2476 sed

187 2513 374 2587 quasi
410 2510 773 2577 carnalibus;
804 2514 1089 2582 tanquam
1119 2509 1376 2582 parvulis
1401 2509 1460 2564 in
1499 2510 1726 2565 Christo
1768 2508 1856 2566 lac

183 2603 368 2660 vobis
401 2604 608 2674 potum
634 2599 790 2667 dedi,
824 2616 941 2655 non
973 2615 1168 2654 escam
1184 2600 1361 2666 (litor.
1380 2603 1485 2666 Ill).
1506 2620 1527 2650 ι
1564 2600 1686 2655 Non
1701 2599 1856 2654 enim

188 2688 897 2761 omnesomniacapiunt.
930 2688 1292 2759 nequeenim
1325 2704 1531 2743 omnes
1555 2687 1859 2760 mqualiter

186 2784 607 2837 instruuntur.
640 2776 1419 2849 Aliterquippeadmonendi
1444 2776 1854 2849 suntsuperbi,

186 2871 375 2927 aliter
386 2865 1192 2938 humiles,alitercasti,aliter
1202 2865 1471 2933 adulteri,
1486 2864 1655 2921 aliter
1664 2865 1858 2922 ebrio-

187 2958 458 3027 si,aliter
468 2954 855 3023 sobrii,-aliter
865 2954 993 3021 viri,
1011 2952 1444 3021 aliterteminaa,
1468 2953 1634 3009 aliter
1653 2955 1855 3025 conju-

186 3044 810 3122 gati,alitervirgines,
837 3042 1008 3097 aliter
1025 3041 1126 3115 pii,
1143 3040 1508 3115 aliterimpii,
1535 3042 1701 3099 aliter
1720 3060 1856 3099 con-

182 3140 529 3209 temptores
556 3132 783 3198 mundi,
813 3130 986 3187 aliter
1031 3136 1342 3197 amatores,
1391 3130 1560 3187 aliter
1608 3132 1853 3204 paciﬁci,

1972 564 2038 615 ut
2064 560 2343 627 diximus,
2377 561 3069 633 perfectioresaliegorico
3082 564 3623 637 sensuinstruendi,

1968 648 2413 720 simplicesvero
2439 655 2497 705 et
2512 651 2710 706 minus
2729 650 3301 722 inbelligentesjuxta
3325 654 3627 713 veritatem

1970 735 2229 792 historia:
2262 741 2402 793 sunt
2428 738 2725 810 pascendi.
2744 738 2905 795 Unde
2921 746 2979 795 et
2994 741 3275 798 Dominus
3304 758 3442 798 cum
3456 743 3629 800 discis

1971 824 2142 896 pulos
2175 826 2234 881 in
2265 832 2463 882 monte
2492 827 2713 893 docuit,
2743 832 2800 883 et
2825 829 3032 884 turbas
3054 829 3114 885 in
3132 829 3503 887 convallibus
3526 850 3625 889 cu-

1970 931 2099 969 rare
2129 914 2330 986 voluit,
2363 916 2619 971 ostendit
2649 920 2714 971 ut
2744 915 3303 991 illiquiexdoctrina
3316 921 3629 977 verborum

1971 1003 2207 1058 credere
2239 1020 2353 1059 non
2385 1008 2671 1075 poterant,
2705 1004 2912 1061 saltem
2944 1023 3011 1061 ex
3042 1005 3632 1068 virtutibusmira'cn-

1971 1090 2162 1146 lorum
2194 1093 2513 1148 crederent.
2546 1094 2734 1160 Quod,
2766 1099 2832 1149 ut
2860 1095 3139 1166 diximus,
3179 1113 3288 1153 suo
3338 1097 3629 1157 Dominus

1968 1180 2233 1252 exemplo
2264 1181 2598 1249 declaravit,
2618 1183 2878 1254 quando,
2896 1206 2924 1233 «
2941 1184 3388 1243 descendensde
3403 1194 3623 1256 monte,

1969 1269 2131 1325 stetit
2157 1270 2214 1325 in
2242 1269 2369 1325 loco
2396 1271 2730 1343 campestri,
2762 1276 2820 1327 et
2850 1272 3454 1347 turbadiscipulorum
3471 1278 3620 1348 eius,

1970 1361 2027 1412 et
2053 1358 2365 1413 multitudo
2396 1360 2632 1431 copiosa
2662 1359 2848 1431 plebis
2878 1362 2951 1416 ab
2982 1364 3141 1417 omni
3160 1363 3363 1421 Judaea
3376 1370 3436 1421 et
3450 1366 3620 1423 Jeru-

1968 1446 2174 1509 salem,
2208 1452 2265 1501 et
2293 1448 2608 1512 maritima,
2641 1454 2697 1503 et
2710 1450 2937 1521 Tyri,et
2958 1451 3214 1519 Sidonis,
3230 1453 3328 1525 qui
3343 1462 3622 1511 venerant

1966 1539 2036 1590 ut
2066 1536 2339 1591 audirent
2368 1553 2568 1592 eum.»
2590 1537 2883 1593 Maritima
2911 1541 3066 1597 enim
3099 1541 3194 1596 hic
3225 1542 3417 1616 Magni
3437 1545 3622 1601 maris

1967 1624 2094 1679 loca
2122 1623 2447 1697 intelligere
2476 1626 2780 1694 debemus,
2815 1628 3066 1685 maxime
3094 1647 3233 1685 cum
3259 1631 3332 1686 de
3383 1633 3535 1705 'l‘yro
3558 1638 3623 1690 et

1965 1712 2205 1778 Sidone,
2236 1730 2366 1785 quis
2395 1713 2454 1769 in
2488 1716 2661 1770 corde
2691 1716 2873 1772 maris
2903 1718 3027 1772 sita:
3061 1723 3222 1788 sunt,
3252 1720 3623 1778 affuisseme-

1969 1802 2363 1858 moranturJn
2377 1819 2491 1874 quo
2502 1801 2630 1858 loco
2641 1806 2911 1876 cognosci
2922 1807 3222 1879 mus,quia
3233 1809 3479 1865 virtutes
3490 1812 3621 1882 ejus

1969 1906 2082 1945 non
2106 1889 2297 1945 solum
2311 1891 2409 1946 ad]
2422 1891 2721 1947 admotum
2735 1896 3386 1966 regnum,sedctiamad
3398 1898 3621 1963 vicinas

1965 1983 2024 2035 et
2046 1984 2273 2035 exteras
2305 1980 2572 2053 regiones
2588 1988 2997 2053 pervenerant,
3007 1986 3241 2055 quando
3258 2002 3619 2044 onmescou-

1964 2068 2299 2136 currebant,
2332 2084 2451 2125 non
2481 2068 2675 2124 solum
2706 2074 2773 2126 ut
2798 2072 3075 2127 audirent
3100 2074 3342 2130 verbum
3367 2074 3491 2146 Dei,
3510 2079 3617 2134 sed

1969 2161 2033 2211 ut
2056 2161 2409 2213 sanarentur
2436 2175 2472 2213 a
2503 2158 2886 2231 languoribus
2906 2162 3032 2217 suis
3052 2180 3065 2231 ;
3084 2163 3614 2223 undeetsubditur:

2039 2267 2067 2296 «
2100 2246 2167 2301 Et
2195 2245 2388 2301 omnis
2420 2247 2591 2302 turba
2613 2250 2909 2319 quaerebat
2939 2266 3074 2306 eum
3089 2254 3617 2325 tangere,quiavir-

1967 2356 1995 2383 ‹‹
2026 2338 2123 2389 tus
2152 2334 2224 2390 de
2256 2333 2352 2391 illo
2381 2335 2598 2401 exibat,
2630 2342 2688 2392 et
2715 2339 3197 2396 sanabatcmnes.
3227 2362 3256 2392 »
3270 2341 3440 2398 Multi
3454 2345 3614 2411 enim

1965 2439 2102 2478 eum
2133 2426 2371 2495 tangere
2402 2424 2734 2496 cupiebant,
2751 2443 2785 2480 a
2796 2442 2911 2496 quo
2924 2419 3120 2484 amnis
3132 2430 3318 2486 virtus
3330 2432 3611 2503 procedit,

1964 2516 2022 2566 et
2043 2512 2143 2583 qui
2174 2517 2264 2567 est
2295 2512 2391 2566 Dei
2422 2513 2608 2569 virtus
2637 2517 2694 2567 ct
2722 2513 2821 2569 Dei
2851 2516 3162 2585 sapientia,
3186 2518 3245 2573 in
3260 2534 3378 2589 quo
3391 2518 3616 2577 habitat

1964 2600 2158 2656 omnis
2188 2599 2489 2671 plenitudo
2525 2601 2851 2657 Divinitatis
2900 2604 3293 2674 corporaliter.
3342 2608 3413 2662 Et
3461 2608 3615 2681 ideo,

1964 2687 2104 2759 quia
2129 2688 2201 2742 de
2232 2687 2327 2743 illo
2357 2689 2551 2744 omnis
2589 2689 2779 2746 virtus
2828 2690 3042 2759 exibat,
3093 2709 3299 2749 omnes
3343 2695 3617 2752 volebant

1962 2793 2097 2832 eum
2131 2780 2387 2849 tangere.
2421 2777 2568 2832 Nam
2598 2782 2650 2833 et
2682 2794 2862 2849 supra
2890 2779 3491 2852 tangendoleprcspm
3512 2801 3615 2845 cu-

1963 2869 2210 2935 raverat,
2244 2870 2301 2920 et
2331 2882 2486 2920 nunc
2517 2866 2711 2921 omnis
2741 2867 2913 2923 turba
2940 2867 3238 2939 quaerebat
3254 2886 3390 2926 eum
3412 2875 3615 2945 tange-

1964 2971 2046 3022 re,
2080 2959 2144 3009 ut
2172 2952 2572 3026 intelligamus
2603 2955 2740 3028 quia
2785 2959 2978 3013 tactus
3036 2957 3259 3014 sanitas
3302 2963 3410 3016 est.
3451 2961 3614 3025 Quod

1965 3047 2197 3116 experta
2227 3048 2318 3099 est
2344 3042 2446 3099 illa
2466 3042 2679 3099 mulier
2707 3061 2835 3116 qua:
2848 3046 3157 3118 sanguinis
3184 3047 3405 3105 ﬂuxum
3438 3051 3617 3122 patie-

1966 3133 2136 3189 batur
2163 3132 2474 3188 duodecim
2506 3133 2695 3202 annis,
2730 3138 2786 3189 et
2815 3151 2951 3190 cum
2983 3136 3271 3209 tetigisset
3316 3138 3615 3197 ﬁmbriam

183 3205 374 3283 aliter
402 3223 722 3289 discordes,
753 3220 922 3277 aliter
949 3238 1058 3276 sua
1086 3221 1313 3288 dantes,
1347 3220 1515 3276 aliter
1542 3220 1731 3276 aliena
1763 3237 1853 3276 ra-
1882 3205 1927 3271 C
1965 3220 2295 3277 vestimenti
2327 3222 3012 3292 ejusstatim,sanataest
3040 3205 3608 3285 uiiiuﬁrmitatesua.

186 3317 460 3388 pientes,
489 3317 558 3367 ut
586 3315 643 3368 et
669 3309 767 3366 isti
799 3309 1044 3365 audiant
1073 3309 1145 3364 de
1186 3308 1574 3380 promissione
1627 3315 1853 3365 internae

180 3405 328 3460 vitae
361 3401 522 3475 quod
551 3404 767 3467 ament,
796 3402 858 3454 et
886 3397 971 3453 illi
1001 3398 1075 3453 de
1101 3396 1388 3470 supplicio
1438 3401 1650 3453 esterno
1698 3398 1853 3470 quod

182 3494 471 3550 timeant.
504 3490 667 3561 Saepe
698 3488 913 3544 etenim
946 3488 1099 3560 quod
1134 3487 1235 3542 uni
1270 3488 1473 3543 morbo
1503 3487 1759 3559 prodest,
1779 3486 1856 3541 a1-

181 3582 297 3639 teri
338 3584 540 3637 nocet:
565 3583 623 3634 et
647 3593 936 3634 venenum
966 3592 1102 3634 cum
1135 3575 1211 3631 sit
1241 3592 1398 3631 mors
1429 3575 1706 3641 hominis,
1737 3574 1856 3631 vita

182 3676 279 3727 est
312 3667 641 3741 serpentis:
674 3671 731 3722 et
757 3664 900 3722 levis
931 3663 1140 3722 sibilus
1168 3680 1349 3736 equos
1364 3663 1612 3736 mitigat,
1631 3664 1855 3720 catulos

181 3758 466 3831 instigat.
498 3756 671 3811 Juxta
700 3755 811 3811 hoc
840 3770 977 3826 ergo
1006 3752 1340 3825 exemplum
1370 3753 1635 3809 doctores
1684 3768 1853 3809 suam

187 3845 682 3920 praedicationem
713 3844 926 3900 debent
953 3848 1300 3915 temperare,
1324 3847 1389 3897 ut
1416 3844 1473 3897 et
1501 3841 1738 3914 perfecti
1760 3840 1853 3897 in-

182 3937 440 3993 veniant
469 3935 624 4007 quod
656 3949 889 4006 semper
915 3928 1178 3988 discant:
1212 3930 1431 3987 inﬁrmi
1462 3930 1854 3987 taliaaudiant

187 4027 248 4082 in
286 4023 520 4098 quibus
550 4040 666 4079 non
698 4022 1007 4095 refugiant.
1038 4022 1205 4088 Quod
1234 4038 1343 4077 suo
1372 4020 1542 4077 nobis
1589 4018 1852 4092 exemplo

185 4115 415 4170 beatus
446 4111 778 4185 patriarcha
823 4111 1000 4167 Jacob
1050 4110 1307 4166 ostendit
1344 4110 1498 4182 (Gen.
1548 4113 1700 4177 xxx),
1751 4108 1852 4181 qui

187 4218 332 4258 cum
365 4216 506 4257 oves
535 4198 805 4256 avunculi
837 4197 929 4254 sui
948 4198 1144 4253 Laban
1163 4200 1446 4270 pasceret,
1464 4195 1690 4251 etvaria
1707 4211 1855 4268 qua-

186 4308 308 4364 que
340 4307 452 4363 pro
483 4287 748 4345 mercede
779 4290 1121 4359 recepturus
1152 4289 1323 4355 esset,
1358 4283 1495 4341 tulit
1522 4283 1714 4357 virgas
1745 4300 1853 4356 po-

186 4381 403 4452 pnleas
429 4383 493 4433 et
520 4375 946 4449 amygdalinas,
981 4391 1130 4446 quas
1159 4391 1227 4430 ex
1257 4379 1419 4446 parte
1456 4371 1848 4441 decorticavit,

185 4476 243 4525 et
275 4484 353 4525 ex
382 4471 553 4539 parte
581 4482 716 4521 cum
735 4464 1051 4521 corticibus
1062 4462 1318 4536 reliquit,
1339 4463 1648 4536 posuitque
1669 4479 1768 4519 eas
1790 4462 1849 4518 in

184 4556 511 4614 canalibus
540 4560 799 4627 tempore
822 4571 944 4626 quo
987 4553 1352 4609 ducebantur
1388 4553 1461 4608 ad
1512 4552 1848 4624 aquandum
1882 4576 1928 4640 D

187 4663 352 4715 oves,
384 4649 458 4700 ut
484 4643 545 4700 in
576 4659 779 4699 earum
804 4646 1048 4715 aspectu
1071 4641 1439 4713 conciperent
1454 4641 1643 4697 varios
1674 4641 1847 4696 fetus.

188 4734 382 4790 Iacob
415 4735 571 4789 enim
595 4732 1021 4805 pastorovium,
1041 4735 1304 4804 pastores
1318 4730 1609 4804 signiﬁcat
1633 4729 1852 4785 anima-

192 4840 354 4879 rum.
390 4825 653 4889 Quorum
684 4821 874 4895 primo
902 4821 1128 4876 dictum
1176 4823 1294 4875 est:
1328 4841 1355 4868 ‹‹
1389 4820 1449 4875 Si
1498 4818 1693 4890 diligis
1736 4836 1849 4887 me,

192 4928 379 4985 pasce
407 4928 543 4968 oves
578 4927 739 4968 meas
778 4912 955 4983 (Jaan.
1008 4909 1151 4981 xxx).
1186 4932 1212 4959 ››
1261 4909 1427 4980 Aqua
1472 4912 1670 4964 autem
1702 4908 1854 4965 Scri-

196 5007 447 5075 pturam
478 5005 745 5057 sanctam
779 4999 1092 5073 signiﬁcat,
1116 4999 1287 5069 juxta
1313 4996 1458 5053 illud
1489 4996 1852 5054 Salomonis:

198 5116 226 5141 α
260 5093 439 5163 Aqua
468 5090 760 5163 profunda
785 5089 960 5144 verba
988 5105 1058 5143 ex
1071 5101 1171 5142 ore
1184 5086 1309 5153 viri,
1329 5090 1386 5141 et
1398 5089 1624 5142 torrens
1641 5087 1854 5143 redun-

195 5180 523 5238 dans‘fons
562 5177 865 5251 sapientiai
912 5179 1092 5249 (Prov.
1148 5175 1307 5247 XVII).
1348 5197 1374 5222 »ι
1419 5174 1608 5250 Virgae
1658 5180 1851 5232 autem

196 5270 400 5336 varie,
454 5267 753 5325 sententiis
794 5270 943 5322 sunt
988 5265 1377 5338 Scripturum.
1422 5264 1730 5320 Ducuntur
1780 5265 1851 5320 ad

194 5357 553 5429 aquaadum
583 5372 718 5412 oves
757 5372 892 5411 cum
935 5356 1010 5411 ad
1057 5354 1416 5411 audiendum
1459 5354 1704 5409 verbum
1752 5353 1852 5409 Dei

194 5446 565 5504 conveniunt
592 5443 812 5501 ﬁdeles.
848 5444 1109 5515 Cumque
1137 5459 1207 5498 ex
1239 5441 1489 5514 eloquiis
1514 5442 1727 5498 divinis
1761 5443 1854 5498 di-

180 5550 385 5591 versae
407 5533 708 5590 sententiae
720 5533 793 5590 ad
806 5533 1062 5588 medium
1079 5532 1416 5605 proferuntu
1426 5550 1471 5601 r,
1501 5531 1671 5604 quasi
1684 5532 1854 5604 virgae

192 5623 261 5683 in
298 5622 607 5684 canalibus
638 5626 956 5697 ponuntur.
989 5622 1123 5690 Quae
1153 5637 1223 5677 ex
1249 5625 1415 5694 parte
1436 5621 1855 5681 dcccrticandae

749 5752 1018 5817 Paeon.
1064 5748 1345 5835 CXVIII.‘

1960 3311 2046 3366 Ad
2076 3310 2249 3382 cujus
2281 3315 2505 3367 tactum
2534 3310 2718 3368 virtus
2748 3314 2819 3370 de
2843 3313 2942 3370 illo
2973 3314 3166 3371 exibat
3194 3316 3255 3371 in
3282 3319 3519 3373 tantum
3538 3322 3611 3374 ut

1962 3399 2132 3472 quasi
2164 3400 2400 3456 nescius
2430 3401 2713 3457 Dominus
2726 3407 3027 3474 quaereret,
3044 3426 3071 3455 «
3086 3403 3228 3467 Quis
3245 3404 3606 3478 metetigit‘?»

1962 3489 2032 3543 Et
2061 3487 2335 3560 discipuli
2365 3490 2492 3560 ejus
2523 3489 2595 3545 ad
2626 3506 2791 3549 eum:
2826 3512 2855 3542 «
2875 3490 3610 3566 Babbi,turbaatecompri—

1963 3577 2136 3631 munt
2164 3579 2220 3630 et
2250 3574 2538 3648 afﬂigunt,
2562 3580 2621 3631 et
2648 3576 2817 3645 dicis,
2849 3576 2988 3641 Quis
3017 3595 3111 3637 me
3141 3580 3609 3653 tetigit?»Etills:

1964 3685 1993 3714 ‹‹
2029 3663 2244 3736 Tetigit
2272 3680 2367 3719 me
2395 3662 2634 3738 aliquis,
2667 3681 2801 3723 nam
2835 3682 2941 3737 ego
2972 3668 3102 3724 novi
3120 3668 3393 3729 virtutem
3424 3670 3498 3727 dc
3518 3686 3614 3727 me

1963 3752 2152 3809 exisse
2200 3754 2353 3825 (Luc.
2405 3754 2550 3825 VIII).
2586 3775 2614 3803 »
2668 3753 3061 3826 Spiritualiter
3117 3774 3251 3814 vero
3312 3758 3613 3817 Christum

1962 3840 2172 3914 tangit,
2207 3842 2306 3914 qui
2340 3857 2475 3897 eum
2506 3859 2706 3901 verum
2740 3843 2925 3901 Deum
2969 3845 3170 3913 credit,
3204 3850 3263 3902 et
3312 3851 3471 3905 recta
3502 3848 3616 3906 ﬁde

1962 3930 2292 3987 conﬁtetur.
2325 3931 2398 3986 At
2427 3947 2560 3988 vero
2592 3932 2826 4004 pagani,
2857 3933 3045 3990 Judaei
3075 3939 3132 3990 et
3162 3934 3419 3993 haeretici
3451 3936 3614 3994 Chri-

1962 4020 2120 4073 stum
2154 4019 2397 4075 minime
2426 4024 2696 4092 tangunt,
2731 4021 2870 4093 quia
2897 4038 3033 4078 eum
3062 4039 3264 4080 verum
3294 4028 3478 4082 Deum
3492 4042 3614 4083 cne-

1961 4107 2099 4164 dere
2126 4112 2528 4175 contemnunt,
2561 4112 2618 4164 et
2643 4109 2756 4165 ﬁde
2785 4114 2943 4166 recta
2984 4109 3143 4167 hunc
3187 4113 3454 4168 conﬁteri
3502 4130 3613 4169 no-

1959 4194 2113 4251 lunt.
2146 4195 2307 4253 Unde
2337 4201 2394 4252 et
2425 4196 2616 4252 Mariae
2650 4213 2777 4268 quae
2807 4198 3120 4254 Dominum
3151 4200 3477 4257 surrexisse
3492 4216 3610 4258 non

1960 4286 2253 4351 credebat,
2287 4284 2387 4340 sed
2417 4302 2552 4340 eum
2586 4290 2880 4342 mortuum
2914 4287 3064 4341 inter
3093 4290 3355 4344 mortuos
3385 4303 3608 4360 quure-
3686 4356 3695 4361 _

1960 4373 2080 4442 bat,
2111 4372 2325 4430 volenti
2357 4372 2524 4429 illum
2555 4378 2792 4446 tangere
2822 4375 3047 4430 dictum
3105 4379 3196 4432 est
3222 4393 3235 4431 :
3273 4398 3300 4426 ‹‹
3334 4375 3462 4433 Noli
3509 4393 3604 4435 me

1962 4466 2224 4534 tangere.
2256 4461 2517 4517 nondum
2549 4463 2706 4518 enim
2738 4463 2973 4519 escendi
3019 4464 3091 4520 ad
3139 4465 3368 4521 Patrem
3405 4481 3604 4525 meum

1961 4553 2146 4623 (Joan.
2179 4549 2295 4621 xx).
2332 4572 2360 4599 ››
2390 4553 2468 4606 Ac
2498 4552 2546 4608 si
2578 4552 2901 4609 diceretur:
2925 4553 3066 4619 Qaia
3095 4570 3275 4611 manu
3327 4554 3462 4612 ﬁdei
3512 4573 3605 4614 me

1958 4644 2197 4713 tangere
2227 4638 2488 4707 noluisti,
2522 4657 2697 4697 manu
2729 4643 2988 4714 corporis
3038 4660 3130 4700 me
3174 4647 3417 4716 tangere
3462 4643 3602 4701 noli.

1962 4729 2195 4786 Curatio
2224 4745 2356 4786 vero
2388 4730 2718 4786 daemonum
2748 4748 2861 4787 non
2911 4730 3102 4787 solum
3135 4749 3241 4804 per
3293 4733 3423 4804 ejus
3460 4746 3607 4805 pra:-

1964 4819 2213 4875 sentiam
2245 4819 2440 4885 ﬁebat,
2473 4820 2575 4875 sed
2624 4820 2798 4878 etiam
2846 4820 3207 4879 invocatione
3257 4821 3448 4895 ipsius
3505 4839 3607 4878 no-

1966 4909 2143 4966 minis
2174 4910 2235 4965 in
2249 4910 2341 4965 sui
2355 4910 2638 4977 absentia,
2665 4911 3098 4984 sicutdiscipuli
3117 4928 3352 4984 quoque
3364 4913 3611 4971 Domino

1966 5000 2287 5073 gaudentes
2321 5000 2551 5056 dicunt:
2586 5022 2613 5050 «
2647 4999 2915 5068 Domine,
2948 5001 3007 5055 in
3038 5004 3137 5056 tuo
3170 5001 3407 5058 nomine
3433 5000 3612 5059 etiam

1967 5089 2255 5144 daemonia
2287 5089 2455 5144 nobis
2487 5090 2882 5160 subjiciuntur
2927 5090 3074 5152 (Luc.
3108 5090 3188 5163 χ).
3225 5113 3253 5140 ››
3303 5090 3610 5163 Sequitur:

2034 5199 2063 5225 ‹‹
2092 5176 2162 5231 Et
2192 5175 2316 5248 ipse
2345 5175 2581 5231 elevatis
2627 5177 2813 5232 oculis
2859 5178 2919 5233 in
2967 5178 3288 5252 discipulos
3340 5178 3612 5236 dicebat:

1961 5264 2156 5321 «Beati
2196 5280 2500 5339 pauperes,
2542 5265 2680 5338 quia
2707 5270 2965 5322 vestrum
3003 5272 3093 5323 est
3130 5281 3379 5341 regnum
3425 5268 3550 5327 Dei.
3580 5290 3609 5320 »

1965 5356 2082 5411 Etsi
2114 5353 2461 5428 generaliter
2490 5354 2777 5411 Dominus
2807 5354 3175 5428 loquebatur,
3210 5356 3618 5431 specialiterin

1959 5443 2287 5516 discipulos
2316 5442 2515 5499 oculos
2545 5442 2772 5513 levavit,
2826 5461 2974 5517 quos
3024 5445 3235 5517 majori
3292 5447 3483 5520 gratia
3530 5447 3618 5503 di-

1964 5533 2198 5608 gniores
2231 5532 2384 5588 fecit.
2420 5530 2672 5590 Elevatio
2686 5533 2902 5608 quippe
2914 5534 3148 5593 oculoru
3158 5552 3215 5591 m
3228 5534 3368 5593 Jesu
3381 5536 3619 5604 Christi,

1964 5621 2274 5699 amplioris
2322 5619 2740 5683 misericordiae
2791 5639 3037 5685 munera
3084 5623 3400 5699 signiﬁcat.
3443 5625 3513 5682 Et
3559 5624 3620 5684 in

3224 5752 3307 5841 εδ
