4060 6178
1116 140 1149 158 δ

467 305 584 364 779
646 266 657 276 ’

1024 303 1435 365 HAYMONIS
1481 302 2015 365 IIALBERSTAT.
2064 303 2305 365 EPISC.
2355 303 2525 365 OPP.
2574 304 2775 365 PARS
2818 303 2898 364 II.
2932 307 3009 346 -+
3039 300 3301 364 HOMIL.

3686 311 3779 373 780

442 433 803 506 _discipqus
819 432 1022 490 oculos
1053 433 1285 502 levavit,
1317 452 1465 506 quos
1482 434 2118 507 specialiusvirtutibus
2147 439 2203 504 Α
2237 436 2373 491 tiam
2436 436 2651 508 quippe
2699 434 2921 491 esurire
2967 439 3025 490 et
3071 434 3250 501 sitire,
3298 437 3381 490 est
3422 443 3667 510 praecepta
3702 440 3781 497 Dei

464 522 688 592 ditavit,
714 523 885 595 juxta
915 524 1069 596 quod
1103 523 1240 579 alibi
1257 522 1507 596 legimus
1528 522 1701 587 :Quia
1722 539 1856 578 eum
1876 523 2116 580 dixisset
2224 523 2477 579 libenter
2507 522 2730 590 audire,
2762 527 2819 579 et
2844 523 3125 579 libentius
3164 539 3328 596 opere
3371 522 3607 597 implere.
3648 527 3784 584 Tales

459 612 512 669 ei
544 613 820 686 quidam:
859 634 887 664 α
917 614 1060 669 Ecce
1084 615 1451 668 matertuaet
1474 613 1682 667 fratres
1695 612 1779 667 tui
1799 613 1939 667 foris
1958 616 2116 668 stant
2224 613 2380 669 enim
2414 613 2858 679 saturabuntur,
2887 612 3122 684 quando
3143 612 3212 667 ad
3238 611 3698 670 videndumDeum
3714 633 3786 673 cu-

463 706 788 774 quaarentes
839 702 1000 773 loqui
1052 706 1269 768 tecum,
1303 722 1330 750 ››
1363 700 1489 773 ipse
1536 699 1773 757 elevatis
1823 701 2009 758 oculis
2053 701 2112 757 in

459 791 782 865 discipulos
812 808 971 859 suos,
1004 791 1260 846 dicebat:
1278 790 1464 845 «Ecce
1485 794 1670 846 mater
1686 795 1882 847 meaet
1904 791 2113 847 fratres

460 882 576 937 mei
609 882 817 953 (Matth.
849 888 994 949 xm).
1027 900 1055 929 »
1088 879 1235 946 Quid
1284 883 1479 934 autem
1529 879 1764 936 elevatis
1813 878 1996 935 oculis
2029 881 2113 935 di-

459 973 572 1038 cat,
605 969 947 1025 audiamus:
981 990 1009 1017 ‹‹
1044 967 1199 1022 Beati
1232 984 1540 1040 pauperes,
1574 969 1713 1039 quia
1741 973 1999 1024 vestrum
2023 972 2113 1024 est

459 1074 705 1131 regnum
736 1057 859 1112 Dei.
892 1078 920 1108 »
957 1057 1025 1111 Et
1053 1073 1181 1128 quae
1206 1056 1393 1112 virtus
1425 1056 1604 1112 talem
1656 1056 1809 1112 inter
1855 1057 2112 1130 reliquas

457 1146 848 1202 beatitudines
879 1150 1073 1201 tenere
1104 1146 1273 1200 debet
1303 1145 1719 1217 principatum,
1742 1146 1856 1201 nisi
1880 1152 2115 1219 sponta-

459 1250 570 1291 nea
600 1233 954 1307 paupertas?
984 1235 1062 1289 Ex
1094 1233 1225 1306 ipsa
1242 1234 1399 1289 enim
1430 1238 1648 1290 caetera;
1676 1235 1922 1290 virtutes
1952 1253 2111 1291 exor-

457 1324 624 1378 dium
656 1324 951 1395 quoddam
982 1327 1039 1379 et
1069 1322 1352 1396 originem
1386 1328 1647 1379 sumunt.
1681 1324 1841 1379 Sicut
1857 1324 2111 1397 denique

457 1430 526 1468 ex
556 1429 674 1467 una
704 1413 897 1468 radice
928 1413 1154 1468 arboris
1186 1412 1354 1468 multi
1389 1413 1534 1468 rami
1567 1416 1624 1468 et
1648 1412 1784 1469 folia
1800 1414 2107 1486 prodeunt,

456 1502 543 1558 sic
558 1518 627 1558 ex
644 1504 967 1575 spontaneo.
997 1505 1341 1575 paupertate
1356 1501 1553 1557 multae
1575 1502 1816 1558 virtutes
1834 1519 2112 1576 generan-

458 1595 571 1646 tur.
607 1591 714 1657 Qui
747 1592 907 1647 enim
939 1595 1327 1663 spontaneam
1358 1595 1518 1647 amat
1548 1596 1973 1664 paupertatem,
2000 1592 2112 1647 erit

457 1679 789 1736 misericors
812 1697 916 1752 per
928 1680 1070 1752 largi
1080 1683 1256 1735 tatem
1267 1685 1343 1735 .et
1354 1696 1468 1735 non
1482 1684 1653 1735 tenax
1667 1697 1770 1752 per
1781 1680 2105 1736 avaritiam.

456 1770 580 1825 Erit
608 1773 1033 1840 consequenter
1061 1772 1117 1823 et
1138 1768 1318 1836 mitis,
1347 1768 1485 1840 quia
1516 1769 1748 1824 divitias
1766 1787 1880 1824 non
1904 1769 2111 1842 quierit

457 1874 562 1930 per
583 1858 953 1930 jactantiam,
988 1856 1088 1928 qui
1119 1862 1521 1928 paupertatem
1545 1857 1738 1930 diligit
1768 1875 1903 1913 cum
1926 1858 2114 1913 humi-

456 1946 638 2001 litate.
672 1945 791 2000 Erit
819 1950 876 2000 et
906 1945 1205 2017 pacificus,
1238 1946 1378 2016 quia
1408 1963 1521 2001 non
1544 1947 1656 2001 erit
1672 1947 1897 2002 occasio
1919 1947 2110 2003 rixan-

459 2035 538 2103 di,
574 2034 674 2088 ubi
708 2050 822 2089 non
853 2034 2040 2106 estvoluntasacquirendi.Ilabcbitetiam
2055 2041 2113 2092 et

459 2122 651 2178 cordis
680 2123 1057 2192 munditiam,
1084 2122 1225 2195 quia
1253 2123 1405 2179 sicut
1435 2123 1519 2178 illi
1552 2123 1653 2196 qui
1694 2125 1930 2183 divitias
1979 2125 2109 2181 dili-

457 2214 625 2285 gunt,
657 2210 981 2267 turbulenti
1013 2215 1153 2267 sunt
1191 2212 1409 2280 animo,
1440 2212 1523 2268 ita
1572 2214 1671 2286 qui
1726 2221 2109 2286 spontaneam

457 2304 861 2373 paupertatem
907 2304 1127 2366 amant,
1169 2299 1403 2357 solliciti
1447 2307 1588 2357 sunt
1632 2320 1757 2374 qua:
1803 2303 1901 2358 Dei
1949 2308 2107 2371 snnt,

458 2389 751 2461 quomodo
782 2388 1050 2462 placeant
1080 2389 1216 2445 Deo.
1250 2389 1362 2446 Sed
1394 2390 1541 2446 illud
1571 2390 1879 2463 diligenter
1916 2393 2110 2447 consi-

460 2479 808 2547 derandum,
843 2478 983 2551 quia
1012 2477 1114 2533 illa
1144 2482 1457 2551 paupertas
1487 2479 1802 2536 laudabilis
1831 2485 1939 2547 est,
1982 2496 2108 2552 quae

459 2571 561 2623 aut
591 2567 805 2625 habere
835 2584 948 2623 non
982 2568 1162 2640 cupit,
1198 2574 1298 2623 aut
1336 2569 1385 2623 si
1438 2570 1582 2624 forte
1628 2568 1823 2637 habet,
1876 2574 2112 2642 propter

458 2661 643 2713 Deum
672 2655 1079 2713 distribuenda
1108 2656 1405 2729 relinquit.
1435 2656 1599 2713 Unde
1620 2658 2110 2714 Matthaausevan-

458 2744 689 2819 gelista,
724 2750 789 2801 ut
817 2744 967 2801 hanc
987 2750 1394 2819 paupertatem
1410 2747 1480 2802 ad
1495 2746 1918 2803 beatitudinem
1937 2748 2110 2820 perti-

459 2851 598 2892 nere
626 2835 980 2902 ostenderet,
1013 2851 1147 2890 cum
1178 2834 1575 2891 additamento
1607 2835 1688 2890 ait
1709 2854 1765 2891 :«
1791 2836 1949 2892 Beati
1966 2854 2108 2909 pau-

464 2940 632 2998 peres
665 2923 898 2996 spiritu,
939 2923 1218 2996 quoniam
1250 2924 1511 2996 ipsorum
1542 2929 1631 2980 est
1660 2942 1906 2999 regnum
1938 2926 2108 2982 coelo-

463 3030 597 3069 rum
626 3012 833 3085 (Matth.
865 3014 940 3082 v).
973 3012 1085 3068 Alii
1115 3012 1273 3068 enim
1300 3018 1440 3069 sunt
1478 3030 1763 3086 pauperes
1811 3014 2021 3087 spiritu
2055 3018 2111 3071 et

461 3101 659 3169 rebus,
692 3100 789 3158 alii
822 3117 925 3157 nec
957 3102 1132 3157 rebus
1162 3117 1266 3158 nec
1297 3102 1527 3174 spiritu,
1561 3102 1659 3158 alii
1690 3104 1867 3159 rebus
1906 3107 1962 3159 et
1993 3120 2108 3159 non

2141 1812 2189 1877 B

2214 702 2318 774 jus
2348 700 2442 757 hic
2474 701 2752 756 mandata
2783 717 2915 757 cum
2948 716 3162 774 magna
3190 700 3392 756 mentis
3427 702 3598 758 esurie
3632 720 3787 761 susce-

2221 794 2453 862 perunt,
2490 790 2904 862 perducentur,
2923 790 3180 846 dicentes
3195 805 3326 845 cum
3344 789 3645 846 Psalmista:
3661 816 3685 842 «
3698 793 3787 866 Ego

2223 883 2416 933 autem
2451 879 2508 933 in
2557 879 2792 950 justitia
2838 878 3149 951 apparebo,
3200 882 3257 934 et
3285 878 3341 933 in
3397 884 3674 952 conspectu
3710 885 3788 936 tuo

2204 959 2482 1026 .satiabor
2510 968 2650 1023 dum
2685 967 3158 1024 manifestabitur
3171 966 3352 1040 gloria
3366 971 3461 1022 tua
3477 968 3625 1040 (I’sal.
3652 972 3787 1037 xm.»

2222 1056 2385 1113 Unde
2414 1059 2471 1112 et
2499 1056 2772 1113 Salomon
2804 1056 2913 1112 ait:
2935 1055 3490 1129 «Diligitejustitiam
3519 1056 3788 1129 quijudica-

2221 1145 2296 1201 tis
2326 1150 2541 1202 terram
2574 1146 2721 1218 (Sap.
2756 1146 2818 1216 1).
2853 1167 2881 1195 ››

2293 1258 2321 1285 ‹‹
2356 1235 2514 1291 Beati
2542 1235 2642 1307 qui
2675 1251 2830 1290 nunc
2852 1234 3022 1299 fletis,
3058 1234 3197 1307 quia
3225 1232 3495 1289 ridebitis.
3530 1257 3553 1281 ››
3571 1234 3699 1290 Beati
3724 1235 3789 1289 di-

2220 1329 2447 1379 cuntur
2462 1324 2686 1392 ﬂentes,
2719 1340 2831 1379 non
2849 1322 2934 1379 illi
2951 1323 3050 1396 qui
3064 1322 3790 1396 ﬂentproptertemporalium

2220 1412 2437 1468 damna
2474 1412 2939 1481 commodorum,
2975 1416 3211 1484 propter
3252 1410 3601 1467 amissionem
3634 1411 3789 1468 charo-

2219 1518 2373 1569 rum,
2410 1503 2511 1557 sed
2526 1500 2625 1574 qui
2639 1502 2781 1557 ﬂent
2793 1504 3030 1574 propter
3047 1500 3447 1557 remissionem
3469 1503 3791 1573 peccatorum,

2221 1590 2307 1645 vel
2347 1607 2451 1662 pro
2482 1592 2917 1663 exspectatione
2945 1589 3107 1664 regni
3134 1588 3428 1656 ccelorum,
3462 1588 3553 1662 qui
3573 1588 3795 1644 veraciter

2219 1696 2353 1735 eum
2368 1679 2679 1735 Psalmista
2690 1678 2881 1735 dicere
2892 1677 3715 1751 possunt:«Deus,vitammeam
3726 1695 3797 1732 an-

2220 1769 2482 1824 nuntiavi
2513 1768 2617 1823 tibi
2649 1767 2899 1841 posuisti
2929 1768 3221 1841 lacrymas
3264 1784 3420 1823 meas
3448 1767 3504 1822 in
3547 1771 3795 1838 conspectu

2227 1863 2324 1913 tuo
2366 1858 2537 1930 (Psal.
2590 1857 2699 1928 ιν).
2732 1879 2760 1908 ››
2813 1857 2883 1911 Et
2933 1857 3175 1913 iterum:
3229 1880 3257 1907 «
3292 1858 3537 1913 Fuerunt
3579 1854 3700 1910 mihi
3737 1853 3799 1909 la.

2222 1963 2430 2019 cryma:
2464 1964 2601 2001 mea:
2632 1963 2813 2018 panes
2845 1946 2939 2003 die
2970 1963 3036 2002 ac
3065 1951 3259 2015 nocte,
3291 1947 3428 2001 dum
3466 1944 3655 2000 dicitur
3690 1941 3798 1998 mihi

2223 2036 2508 2108 quotidie:
2541 2036 2651 2091 Ubi
2682 2040 2771 2091 est
2804 2040 2950 2091 Deus
2997 2035 3182 2091 tuus?
3217 2057 3245 2085 »
3299 2035 3464 2108 (Psat.
3512 2043 3631 2107 xu.)
3671 2030 3800 2088 Tales

2221 2124 2377 2180 enim
2410 2124 2707 2193 ridebunt,
2739 2122 3489 2197 quandoimplebiturillud
3503 2122 3640 2196 quod
3656 2119 3799 2176 Domi-

2221 2230 2334 2269 nus
2362 2215 2475 2269 ait:
2511 2238 2537 2263 ‹‹
2572 2214 2737 2269 Nunc
2769 2213 3006 2286 quidem
3038 2213 3344 2269 tristitiam
3373 2212 3606 2277 habetis,
3635 2210 3800 2266 iterum

2222 2307 2415 2358 autem
2446 2302 2653 2359 videbo
2682 2319 2805 2370 vos,
2839 2308 2895 2359 et
2923 2303 3207 2376 gaudebit
3227 2320 3326 2359 cor
3352 2304 3672 2369 vestrum;et
3694 2315 3801 2372 gau-

2221 2391 2383 2448 dium
2428 2396 2689 2448 vestrum
2736 2408 2907 2448 nemo
2955 2390 3120 2448 tollet
3150 2408 3183 2447 a
3233 2391 3395 2448 vobis
3440 2392 3601 2461 (Joan.
3644 2388 3796 2459 xm.»

2222 2480 2425 2535 Risum
2460 2486 2656 2536 autem
2687 2481 2782 2535 hic
2814 2498 2925 2537 noa
2953 2479 3264 2553 pueriliter
3291 2481 3539 2553 accipere
3554 2479 3799 2542 debemus,

2220 2571 2319 2625 sed
2354 2569 2568 2625 mentis
2598 2569 3046 2626 exsultationem
3071 2575 3129 2625 et
3149 2570 3453 2644 gaudium.
3472 2568 3618 2624 Unde
3635 2570 3681 2622 et
3696 2566 3803 2620 Sara

2220 2674 2290 2714 ex
2318 2657 2772 2731 repromissione
2825 2657 3008 2731 prolis
3058 2658 3398 2715 laetabunda
3442 2657 3545 2713 ait:
3592 2654 3800 2711 «Risum

2221 2747 2367 2802 mihi
2399 2748 2533 2804 fecit
2562 2749 2716 2803 Deus
2733 2752 2902 2819 .(Gen.
2934 2748 3075 2820 xxx).
3103 2771 3131 2798 ››
3157 2749 3239 2804 De
3262 2763 3377 2821 quo
3395 2763 3492 2820 per
3510 2741 3803 2802 beatumJob

2190 2826 2460 2892 'dieitur:
2499 2858 2527 2888 (ι
2556 2837 2625 2892 Et
2674 2853 2738 2892 os
2793 2837 3089 2893 veracium
3147 2835 3492 2910 implebitur
3542 2834 3651 2890 risu
3698 2830 3801 2900 (Job.

2218 2926 2364 2997 VIII),
2402 2949 2429 2976 ››
2462 2926 2541 2982 De
2572 2943 2687 2998 quo
2716 2926 2895 2982 etiam
2929 2925 3051 2981 risu
3084 2925 3436 2982 inlaudibus
3450 2922 3686 2980 Ecclesiae
3701 2917 3805 2975 dici-

2218 3018 2343 3070 tur:
2378 3037 2405 3066 ‹‹
2437 3014 2702 3070 Accinxit
2732 3014 3070 3070 fortitudine
3101 3013 3342 3070 lumbos
3372 3028 3526 3080 suos,
3556 3015 3608 3067 et
3641 3005 3805 3065 ridebit

2220 3104 2277 3159 in
2306 3104 2399 3159 die
2430 3104 2748 3159 novissimo
2779 3105 2960 3175 (Prov.
2989 3102 3228 3177 xxxr).:»
3262 3103 3409 3167 Quia
3452 3118 3577 3157 vero
3610 3114 3697 3170 per
3719 3096 3803 3150 hu~

428 3191 691 3264 .spiritu,
725 3191 822 3247 alii
854 3191 1065 3265 spiritu
1088 3195 1145 3247 et
1168 3208 1286 3259 non
1305 3192 1500 3247 rebus.
1522 3192 1718 3248 Rebus
1745 3197 1882 3248 sunt
1893 3209 2107 3266 paupe-
2134 3184 2177 3251 C
2215 3193 2481 3249 militatis
2513 3194 2789 3249 meritum
2820 3193 3157 3265 pervenitur
3184 3193 3263 3248 ad
3296 3189 3550 3264 martyrii
3593 3184 3801 3262 praemia.

455 3298 548 3337 res
577 3286 635 3338 et
664 3299 777 3337 non
810 3280 1039 3355 spiritu,
1073 3281 1173 3353 qui
1205 3279 1669 3351 nihilhabentes,
1691 3282 1879 3338 multa
1893 3283 2105 3339 habere
2213 3286 2365 3339 recte
2394 3286 2529 3354 post
2559 3281 2707 3338 alias
2738 3281 3133 3338 beatitudines
3163 3281 3559 3338 subinfertur:

426 4702 559 4759 ideo
592 4706 810 4776 quanto
842 4703 936 4758 hic
977 4708 1214 4777 propter
1254 4704 1437 4760 Deum
1492 4709 1633 4759 sunt
1683 4704 2083 4777 pauperiores,

429 4797 591 4848 tanto
623 4792 683 4847 in
716 4793 913 4849 futura
941 4792 1127 4866 gloria
1157 4797 1329 4848 erunt
1360 4793 1623 4861 ditiores,
1648 4795 1819 4864 juxta
1840 4794 2087 4866 promis-

424 4882 651 4937 sionem
684 4882 915 4938 Domini
949 4881 1225 4938 dicentis:
1262 4906 1288 4931 ‹‹
1325 4882 1529 4937 Omnis
1559 4884 1659 4954 qui
1679 4883 2084 4955 reliqueritdo-

409 4988 595 5040 mum,
626 4988 818 5043 agros,
850 4975 1073 5044 patrem
1107 4975 1165 5026 et
1195 4976 1471 5040 matrem,
1508 4974 1719 5027 fratres
1757 4976 1812 5027 et
1829 4988 2085 5039 sorores,

452 3370 892 3442 concupiscunt.
926 3370 1148 3443 Spiritu
1179 3374 1317 3426 sunt
1346 3387 1631 3442 pauperes
1662 3376 1719 3426 et
1746 3389 1859 3427 non
1907 3374 2101 3441 rebus,

450 3459 604 3515 sicut
633 3458 718 3513 illi
749 3458 847 3531 qui
879 3460 1205 3515 secundum
1235 3459 1601 3531 Apostolum,
1634 3463 1917 3532 tanquam
1955 3460 2102 3516 nihil

448 3546 755 3613 habentes,
788 3550 846 3601 et
862 3547 1062 3603 omnia
1079 3548 1444 3618 possidentes
1470 3552 1630 3616 sunt,
1646 3548 1850 3620 quales
1868 3550 2105 3604 fuerunt

445 3634 758 3702 Abraham,
789 3633 968 3690 Jacob
1002 3638 1057 3690 et
1087 3634 1300 3690 David:
1336 3636 1436 3706 qui
1466 3635 1647 3707 regali
1666 3636 1810 3692 solio
1824 3636 2103 3692 sublima-

444 3728 542 3779 tus
572 3728 716 3792 erat,
744 3739 1060 3795 pauperem
1084 3741 1146 3778 se
1168 3724 1420 3779 ostendit
1449 3725 2100 3798 spiritu,dicens:-«Ego

451 3815 648 3867 autem
684 3811 989 3867 mendicus
1021 3829 1153 3867 sum
1185 3817 1243 3867 et
1272 3830 1496 3886 pauper
1525 3815 1695 3885 (Psal.
1727 3818 1940 3883 xxxrx).
1976 3837 2002 3865 »
2036 3815 2102 3870 Et

447 3900 694 3956 iterum:
730 3923 758 3951 «
785 3900 975 3972 Egens
1007 3918 1162 3971 sum,
1209 3906 1266 3957 et
1296 3901 1355 3956 in
1402 3901 1703 3959 laboribus
1736 3921 1770 3959 a
1789 3904 2100 3975 juventute

447 4004 578 4045 mea
608 3990 775 4062 (Psal.
810 3990 1075 4064 LXXXVII).
1112 4013 1139 4039 »
1170 3991 1284 4047 Nec
1335 3992 1511 4047 rebus
1542 4010 1648 4048 nec
1696 3993 1903 4065 spiritu
1957 3997 2099 4049 snnt

438 4094 746 4152 pauperes,
779 4078 986 4137 divites
1016 4080 1274 4153 superbi,
1307 4080 1407 4153 qui
1438 4080 1816 4137 facultatibus
1844 4081 2097 4154 locuple-

436 4168 563 4237 tati,
598 4167 985 4226 nihilominus
1016 4174 1209 4226 mente
1241 4174 1382 4225 sunt
1412 4171 1736 4244 turgidi.De
1768 4170 1982 4243 quibus
2013 4170 2095 4226 di-

436 4257 592 4313 citur
617 4258 677 4314 in
726 4258 993 4314 Psalmo:
1030 4283 1057 4308 ‹‹
1092 4260 1233 4314 Ecce
1265 4258 1377 4332 ipsi
1426 4264 1758 4331 peccatores
1809 4264 1867 4315 et
1901 4261 2090 4316 abun-

438 4346 645 4404 dantes
673 4347 733 4403 in
766 4347 979 4404 saeculo
1010 4347 1390 4404 obtinuerunt
1423 4334 1654 4403 divitias
1674 4350 2046 4421 (Psalmxxn).
2066 4371 2093 4399 ››

435 4436 632 4491 Rebus
659 4440 715 4491 et
743 4432 954 4509 spiritu
987 4442 1126 4492 sunt
1166 4453 1453 4509 pauperes
1503 4437 1740 4509 perfecti
1791 4437 2088 4504 monachi,

2289 3390 2312 3419 α
2346 3371 2505 3427 Beati
2536 3369 2697 3427 eritis
2727 3386 2860 3426 cum
2891 3386 2993 3427 vos
3023 3370 3257 3426 oderint
3303 3367 3582 3436 homines,
3625 3366 3799 3420 etcum

2217 3484 2236 3510 α
2273 3458 2670 3531 separaverint
2717 3476 2818 3515 vos
2850 3464 2907 3514 et
2956 3458 3457 3533 exprobraverint,
3504 3461 3557 3513 et
3581 3448 3803 3526 ejeceriut

2214 3570 2242 3599 ‹‹
2274 3564 2486 3604 nomen
2517 3552 2779 3604 vestrum
2811 3552 3094 3621 tanquam
3127 3547 3356 3604 malum
3387 3548 3609 3620 propter
3638 3537 3804 3597 Filium

2210 3637 2531 3694 «hominis.
2550 3658 2578 3687 »
2592 3637 2697 3693 Ubi
2713 3638 3045 3693 ostenditur
3058 3638 3198 3709 quia
3210 3636 3539 3710 persecutio
3551 3640 3805 3706 pravorum

2208 3743 2323 3781 non
2355 3730 2444 3783 est
2472 3727 2749 3793 timenda,
2766 3727 2867 3783 sed
2890 3726 3084 3799 potius
3097 3742 3234 3782 cum
3249 3726 3517 3792 adfuerit,
3540 3715 3802 3779 toleranda,

2209 3814 2368 3886 quia,
2401 3814 2553 3870 sicut
2581 3813 2726 3870 dixit
2754 3814 3009 3870 Jacobus
3032 3813 3363 3886 apostolus,
3388 3836 3415 3865 ‹‹
3437 3805 3713 3868 Beatusvir
3728 3800 3802 3874 qui

2206 3904 2413 3961 suffert
2442 3904 2846 3969 tentationem,
2880 3903 3163 3976 quoniam
3197 3919 3339 3959 cum
3360 3901 3625 3975 probatus
3652 3891 3800 3955 fuerit,

2207 3992 2453 4065 accipiet
2481 4009 2755 4048 coronam
2784 3993 2935 4060 vitae,
2962 4009 3141 4065 quam
3179 3991 3521 4065 repromisit
3547 3987 3683 4044 Deus
3706 3978 3802 4036 dili-

2204 4081 2481 4155 gentibus
2513 4099 2576 4137 se
2607 4083 2741 4155 (Jac.
2762 4082 2824 4154 l),
2854 4082 3111 4139 nVerum
3133 4071 3800 4140 subtiliusdiscutiendum

2203 4178 2312 4243 est,
2349 4172 2487 4246 quia
2515 4190 2630 4229 non
2662 4190 2767 4229 nos
2791 4175 2860 4229 ad
2885 4177 3150 4229 nostram
3166 4170 3622 4245 persecutionem
3642 4172 3803 4237 pravos

2203 4261 2475 4318 homines
2507 4277 2870 4318 commovere
2900 4263 3203 4329 debemus,
3239 4262 3342 4318 sed
3377 4260 3564 4333 potius
3591 4268 3706 4312 cum
3728 4248 3801 4320 ju-

2203 4349 2366 4405 stitia
2385 4350 2802 4406 etrectitudine
2829 4356 3116 4422 quantum
3130 4366 3476 4424 possumus,
3496 4361 3621 4404 cum
3634 4336 3806 4398 fuerint

2203 4439 2503 4506 commoti,
2539 4438 2833 4510 mitigare.
2887 4438 3048 4502 Quod
3082 4437 3131 4494 si
3192 4438 3497 4510 quiescere
3544 4425 3803 4488 noluerint,

435 4524 534 4596 qui
566 4529 800 4597 propter
828 4526 1012 4581 Deum
1043 4525 1240 4582 omnia
1271 4525 1688 4598 relinquentes,
1708 4544 1810 4583 nec
1830 4526 2092 4599 corporis
2124 4554 2168 4620 Ι)
2201 4525 2392 4601 magis
2425 4527 2893 4599 persecutionem
2927 4526 3323 4596 tolerandam,
3359 4540 3534 4599 quam
3563 4514 3806 4610 justitiam

427 4612 644 4686 proprii
676 4617 1021 4686 potestatem
1067 4615 1123 4669 in
1174 4632 1281 4670 suo
1332 4614 1576 4671 arbitrio
1631 4615 1994 4688 relinquunt,
2032 4620 2088 4671 et
2124 4606 2165 4620 ν
2199 4615 2672 4688 relinquendam.
2707 4617 2870 4680 Quod
2903 4615 3057 4671 alius
3086 4616 3450 4689 evangelista
3494 4606 3807 4667 manifestius

2197 4703 2476 4770 declarat,
2510 4703 2711 4761 dicens
2739 4721 2750 4761 :
2788 4729 2816 4756 ‹‹
2843 4705 3002 4762 Beati
3025 4705 3125 4777 qui
3144 4704 3605 4777 persecutionem
3625 4692 3809 4770 patiun-

2197 4797 2293 4847 tur
2323 4796 2563 4866 Propter
2586 4794 3195 4867 justitiam,quoniam
3216 4793 3485 4867 ipsorum
3511 4791 3805 4875 estregntltn

2198 4881 2476 4937 caelorum
2508 4883 2717 4955 (Matth.
2752 4886 2830 4952 x).
2868 4906 2895 4932 υ
2947 4882 3253 4940 Sustinent
3283 4882 3443 4939 enim
3491 4875 3689 4935 multas
3725 4873 3804 4923 ω·

2195 4971 2531 5027 bulationes
2563 4971 2890 5039 homicida},
2924 4970 3197 5041 adulteri,
3233 4967 3809 5041 fures,alienarumr§-

406 5075 645 5114 uxorem
668 5040 734 5114 et
763 5040 915 5114 filios
949 5065 1187 5132 propter
1218 5077 1329 5127 me,
1370 5060 1717 5133 centuplum
1742 5061 2081 5133 accipiet,et
2193 5077 2323 5115 rum
2359 5060 2679 5116 invasores.
2718 5060 2832 5116 Nec
2863 5063 3058 5115 tamen
3082 5055 3555 5132 talispersecutio
3577 5051 3642 5109 ad
3665 5040 3808 5103 beati-

400 5147 581 5203 vitam
612 5151 885 5202 aeternam
918 5148 1248 5219 possidebit
1282 5150 1500 5218 (Matth.
1541 5150 1682 5221 xxx).
1720 5173 1746 5198 »

478 5256 505 5288 ι
533 5233 797 5306 Beatiqui
828 5253 986 5291 nunc
1001 5237 1268 5306 esuritis,
1284 5238 1419 5311 quia
1436 5238 2066 5305 saturabimini.»Quid

394 5324 616 5379 esurire
646 5322 735 5379 vel
768 5324 930 5380 sitire
967 5325 1221 5381 debeant
1248 5327 1346 5399 qui
1377 5328 1448 5381 ad
1482 5328 1903 5384 beatitudinem
1934 5344 2067 5399 per-

389 5412 584 5469 venire
613 5412 977 5484 desiderant,
1010 5413 1164 5469 alius
1196 5416 1556 5487 evangelista
1576 5417 1953 5472 manifestius
1970 5418 2067 5471 de-

385 5502 586 5571 claret,
618 5501 853 5559 dicens:
890 5522 918 5553 ‹‹
952 5502 1111 5557 Beati
1145 5503 1245 5576 qui
1278 5505 1564 5560 esuriunt
1597 5510 1652 5560 et
1678 5504 2067 5579 sitiuntjusti:

382 5643 430 5714 ιι

438 5610 552 5652 am.
590 5592 869 5671 quoniam
901 5591 1015 5670 ipsi
1047 5593 1703 5669 saturabunturalazth.
1739 5594 1813 5674 v).
1837 5595 2062 5661 nJusti-

2177 5138 2448 5206 tudinem
2480 5149 2768 5222 perducit,
2793 5165 2926 5222 quae
2947 5151 3186 5221 propter
3192 5145 3494 5220 justitiam
3506 5137 3805 5200 sustinetur.

2177 5239 2339 5296 Unde
2369 5255 2474 5294 nos
2501 5239 2785 5294 admonet
2815 5238 3036 5293 beatus
3067 5236 3298 5302 Petrus,
3330 5234 3562 5291 dicens:
3607 5252 3632 5280 «
3659 5223 3806 5281 Nemo

2175 5332 2439 5383 vestrum
2474 5326 2730 5400 patiatur
2762 5326 2937 5398 quasi
2976 5326 3297 5396 homicida,
3333 5306 3805 5389 autfur,autadul-

2175 5420 2284 5485 ter,
2318 5420 2419 5473 aut
2450 5432 2648 5488 rapax.
2680 5416 2739 5471 Si
2771 5419 2966 5472 autem
3002 5420 3069 5471 ut
3098 5415 3509 5478 Christianus,
3559 5422 3663 5463 non
3704 5412 3807 5456 eru-

2174 5506 2394 5575 bescat,
2429 5507 2529 5562 sed
2560 5503 2848 5576 gloriﬁcet
2877 5503 3062 5561 Deum
3096 5504 3163 5560 in
3193 5505 3311 5560 isto
3346 5499 3585 5558 nomine
3627 5492 3671 5566 (ι
3690 5492 3807 5576 Petr-

2176 5596 2274 5671 ιν).
2307 5614 2332 5646 η
2374 5570 2440 5651 Et
2470 5570 2601 5669 quis
2633 5596 2723 5650 est
2752 5592 2852 5670 qui
2901 5590 3069 5653 vobis
3108 5594 3347 5661 noceat,
3385 5589 3436 5651 si
3469 5582 3602 5645 boni
3631 5570 3807 5637 amula
