4060 6178
340 324 459 425 ’781

1620 366 1969 429 ΗΟΜΙΙᾸᾸΞ
2012 366 2112 427 DE
2156 366 2499 430 SANCTIS.

3637 366 3756 438 182

350 502 505 553 tores
540 495 928 553 lueritis‘?Sed
951 497 1074 553 etsi
1107 498 1248 570 quid
1281 498 1548 571 patimini
1589 497 2001 572 propterjusti-
2028 498 2082 564 Α
2115 497 2224 554 sibi
2257 499 2329 554 ad
2361 497 2755 565 serviendum,
2785 517 2963 573 seque
2984 501 3346 559 laudandum
3379 506 3755 565 rationabiles

350 586 516 653 tiam,
551 585 724 644 beati.
758 586 923 642 Unde
956 591 1107 642 recte
1129 586 1390 643 Salvator
1422 587 1739 654 concludit,
1759 587 1996 643 dicens:

2109 586 2391 641 condidit.
2409 586 2553 641 Huic
2572 591 2764 642 autem
2790 588 3013 644 homini
3037 590 3250 646 servire
3268 609 3501 649 summa
3520 595 3756 652 libertas

421 697 450 723 ‹‹
483 673 742 731 Gaudete
774 675 832 731 in
866 674 969 730 illa
988 675 1081 730 die
1109 680 1165 732 et
1196 675 1501 745 exsultate,
1534 693 1665 733 ecce
1695 676 1848 732 enim
1878 692 2001 749 per-
2109 679 2199 729 est
2232 692 2243 729 :
2278 676 2349 730 ab
2376 676 2505 746 ejus
2537 676 2813 732 servitute
2844 679 3110 734 recedere
3140 680 3483 752 turpissima
3511 678 3760 741 servitus

349 781 488 819 «ces
518 769 709 820 vestra
730 762 920 819 multa
944 769 1033 820 est
1055 763 1112 820 in
1138 764 1302 821 coelo.
1320 766 1486 821 nNon
1511 767 1668 821 enim
1682 765 1998 821 dolendum

347 857 439 908 est
467 852 525 907 in
559 852 1081 925 persecutionibus,
1116 855 1215 910 sed
1258 854 1453 927 potius
1503 844 1898 927 gaudendum,
1933 858 1999 910 ut

346 945 569 1013 quanto
584 941 678 996 hic
692 941 941 1015 quisque
954 947 1190 1015 propter
1193 928 1486 1015 justitiam
1500 943 1706 999 durius
1718 943 2000 1017 afﬂigitur

348 1033 510 1086 tanto
533 1029 765 1086 dulcius
792 1030 850 1085 in
882 1031 1023 1087 ctelo
1046 1031 1535 1089 remunerabitur.
1561 1031 1723 1088 Unde
1741 1032 1997 1088 Jacobus

347 1120 644 1185 admonet,
676 1120 898 1176 dicens:
934 1143 961 1171 «
997 1120 1180 1176 Omne
1202 1120 1486 1193 gaudium
1517 1121 1866 1189 existimate,
1882 1121 1994 1176 fra-

345 1212 485 1277 tres,
515 1224 647 1263 cum
674 1208 731 1262 in
762 1208 1117 1265 tcutationes
1149 1208 1337 1266 varias
1369 1210 1713 1276 ineideritis,
1746 1210 1995 1266 scientes

344 1300 499 1370 quod
522 1296 786 1372 probatio
813 1297 946 1353 fidei
963 1301 1164 1353 vestrae
1184 1297 1368 1354 multo
1392 1298 1701 1371 pretiosior
1721 1303 1809 1354 est
1829 1316 1991 1367 auro,

316 1386 502 1463 quod
539 1384 854 1459 perignem
888 1387 1314 1458 probatur(.lac.
1334 1388 1396 1454 1).
1418 1388 1523 1443 »Et
1538 1386 1651 1443 alia
1681 1388 1990 1460 scriptura:

341 1498 371 1521 ‹‹
407 1474 561 1529 Vasa
589 1473 752 1548 figuli
785 1474 992 1546 probat
1023 1475 1244 1542 fornax,
1276 1481 1331 1531 et
1364 1476 1632 1533 homines
1653 1478 1851 1549 justos
1868 1481 1991 1532 ten-

340 1563 485 1618 tatio
517 1562 916 1620 tribulationis
946 1565 1134 1636 (Eccli.
1166 1567 1364 1638 xxvu).
1400 1589 1427 1614 ››
1463 1565 1606 1621 Hinc
1637 1571 1694 1620 et
1733 1565 1995 1621 Salvator

340 1668 478 1707 cum
508 1651 831 1725 discipulos
852 1654 922 1709 ad
938 1640 1400 1726 persecutionem
1419 1654 1780 1710 tolerandam
1800 1654 1994 1710 horta-

337 1745 520 1808 retur,
550 1742 639 1796 sui
672 1742 1005 1813 exemplum
1036 1743 1255 1816 posuit,
1284 1744 1561 1799 dicensm
1593 1745 1652 1799 Si
1685 1760 1777 1799 me
1806 1761 1995 1817 perse-

335 1829 460 1884 cuti
491 1834 649 1896 sunt,
674 1835 729 1885 et
758 1847 858 1885 vos
889 1836 1336 1906 persequentur.
1354 1832 1412 1887 Si
1444 1849 1772 1889 sermonem
1792 1850 1987 1888 meum
2022 1865 2068 1930 Β

303 1924 736 1995 servaverunt,
771 1923 827 1974 et
854 1923 1114 1979 vestrum
1157 1922 1472 1977 servabunt
1501 1924 1679 1993 (Jama.
1712 1921 1826 1992 xv).
1861 1945 1889 1991 ε)
1923 1923 1992 1978 Et

334 2009 550 2063 iterum
570 2025 583 2064 :
601 2032 627 2057 (ι
646 2008 704 2063 Si
730 2008 800 2063 de
832 2010 1053 2065 mundo
1076 2009 1355 2077 fuissetis,
1373 2012 1632 2065 mundus
1645 2012 1798 2084 quod
1815 2028 1988 2067 suum

300 2096 465 2152 erat
495 2095 777 2168 diligeret,
812 2098 952 2170 quia
979 2114 1110 2155 vero
1143 2098 1213 2154 de
1262 2098 1484 2154 mundo
1534 2115 1649 2154 non
1692 2099 1853 2169 estis,
1889 2101 1988 2155 sed

334 2201 448 2258 ego
477 2184 622 2257 elegi
654 2201 753 2241 vos
783 2187 854 2241 de
886 2187 1449 2259 mundo,.propterea
1468 2187 1591 2242 odit
1614 2205 1713 2243 vos
1732 2188 1990 2244 mundus

330 2275 548 2342 (lbid.).
575 2297 602 2323 ››
635 2276 1000 2347 Quapropter
1029 2276 1372 2331 studeainus
1395 2277 1565 2348 juxta
1591 2276 1820 2332 Domini
1843 2294 1988 2349 prin-

296 2436 299 2437 ν
331 2368 574 2436 ceptum
606 2362 694 2419 vel
711 2364 1043 2437 exemplum
1062 2364 1254 2420 saeculi
1288 2365 1468 2436 hujus
1484 2370 1723 2422 cunctas
1741 2368 1991 2424 adversi-

334 2457 490 2507 tates
503 2469 585 2524 eaq
596 2452 908 2508 uanimiter
920 2454 1086 2520 ferre,
1102 2453 1351 2509 scientes
1365 2454 1503 2526 quia
1524 2455 1573 2511 si
1598 2454 1760 2511 electi
1778 2474 1987 2513 sumus

327 2542 412 2596 ab
447 2557 534 2607 eo,
567 2558 685 2596 non
719 2542 790 2597 ad
822 2542 1104 2615 gaudium
1138 2543 1482 2607 mundi,sed
1519 2544 1831 2617 (sicutipse
1853 2545 1989 2601 mis-

325 2646 444 2685 sus
477 2635 564 2686 est
593 2648 628 2687 a
655 2631 842 2699 Patre,
871 2648 1046 2705 quem
1080 2648 1183 2704 pro
1213 2631 1458 2687 humani
1490 2634 1721 2705 generis
1760 2635 1986 2690 redem—

325 2718 843 2792 ptioneinearnari
868 2720 1189 2788 constituit)
1205 2722 1273 2776 ad
1292 2722 1599 2793 passiones
1623 2722 1984 2779 mittimurin

336 2807 829 2864 mundum.Inter
858 2809 1135 2865 scandala
1164 2809 1346 2881 igitur
1376 2814 1818 2882 persecutorum
1850 2812 1988 2869 tole-

324 2896 530 2952 rantia
542 2897 618 2953 sit
632 2896 865 2969 passion
877 2914 996 2965 um,
1015 2901 1245 2954 terrena
1256 2898 1547 2954 desideria
1562 2915 1688 2970 quae
1712 2906 1987 2971 separant

323 3004 370 3041 ιι
403 2986 519 3041 Deo
567 2985 877 3058 fugientes,
912 2990 979 3042 ut
1026 2986 1284 3043 coelestia
1333 3005 1664 3043 mereamur
1706 2989 1985 3067 consequi

318 3075 597 3155 praemia.
627 3077 832 3130 Amen.

942 3208 1237 3266 HOMILIA
1276 3210 1367 3266 IX.

861 3315 932 3353 DE
969 3315 1445 3355 CONFESSORIBUS.

406 3432 650 3505 (Mam.
680 3432 834 3504 xxv.)
867 3457 894 3484 «
928 3437 992 3488 In
1026 3432 1125 3489 illo
1153 3433 1597 3506 tempore,dixit
1617 3435 1791 3491 Jesus
1812 3435 1982 3492 disci-

318 3546 353 3574 (ς
378 3521 534 3595 pulis
565 3523 688 3578 suis
716 3522 1055 3595 parabolam
1078 3522 1229 3577 hanc
1249 3540 1261 3578 :
1282 3526 1465 3578 Homo
1479 3523 1719 3595 quidam
1744 3541 1981 3598 peregre

323 3637 350 3661 ι
398 3609 772 3683 proficiscens
804 3611 1027 3667 vocavit
1056 3628 1253 3667 servos
1284 3629 1446 3679 suos,
1476 3616 1534 3668 et
1582 3612 1824 3668 tradidit
1864 3613 1981 3670 illis

320 3726 355 3751 α
402 3700 557 3755 bona
584 3716 706 3755 sua.
739 3701 809 3756 Et
838 3701 940 3757 uni
972 3700 1135 3756 dedit
1165 3701 1425 3774 quinque
1454 3702 1693 3771 talenta,
1723 3702 1817 3757 alii
1841 3704 1979 3769 duo,

319 3814 353 3838 ιι
378 3787 476 3843 alii
501 3804 632 3845 vero
656 3789 1529 3861 unum,unicuiquesecundum
1553 3791 1849 3863 propriam
1866 3790 1980 3845 Vir-

324 3898 360 3927 ‹‹
398 3882 606 3945 tutem,
640 3881 696 3933 et
727 3878 1019 3950 profectus
1043 3881 1150 3933 est.
1185 3901 1212 3929 »
1240 3879 1311 3933 Et
1340 3877 1584 3950 reliqua.
1610 3882 1673 3932 In
1701 3878 1982 3934 similitu-

321 3964 594 4035 dinibus,
608 3982 755 4037 quas
767 3966 837 4021 ad
861 3965 1252 4039 ignorantiam
1284 3970 1545 4023 nostram
1576 3966 1980 4022 instruendam

322 4053 618 4110 Dominus
629 4054 952 4128 proposuit,
968 4054 1210 4110 sollicite
1224 4055 1716 4112 considerandum
1731 4054 1985 4126 est,quia

317 4142 415 4198 sic
430 4142 695 4213 quaedam
711 4143 783 4198 ad
802 4146 1064 4199 nostram
1079 4147 1486 4216 proponuntur
1500 4143 1980 4211 admonitionem,

320 4234 399 4284 ut
426 4229 753 4301 specialiter
782 4232 853 4287 ad
888 4231 1085 4304 ipsum
1117 4232 1217 4288 Dei
1249 4236 1305 4288 et
1326 4231 1632 4288 hominum
1653 4232 1985 4303 pertineant

298 4317 909 4384 .Mediatorem.0uod
943 4320 1001 4376 in
1033 4319 1211 4390 hujus
1243 4318 1509 4375 lectionis
1542 4320 1687 4376 serie
1721 4337 1985 4392 cempro-

319 4407 526 4474 batur,
562 4425 697 4463 cum
729 4408 977 4464 dicitur:
1005 4432 1033 4460 ‹‹
1066 4408 1250 4464 Homo
1283 4409 1525 4481 quidam
1557 4424 1794 4481 peregre
1816 4410 1986 4482 profi-

320 4494 557 4551 ciscens
583 4497 807 4552 vocavit
852 4514 1052 4554 servos
1101 4514 1261 4564 suos,
1295 4501 1349 4553 et
1394 4498 1634 4552 tradidit
1675 4496 1794 4553 illis
1834 4498 1988 4553 bona

2109 767 2216 818 est.
2236 764 2423 835 Hujus
2454 781 2515 819 se
2541 780 2774 820 servum
2806 765 3171 839 gloriabatur
3201 769 3440 836 Paulus,
3458 787 3591 826 cum
3612 772 3761 828 dice-

2107 851 2211 906 bat
2243 853 2497 924 (Romn).
2527 869 2540 907 :
2566 875 2594 902 ‹‹
2621 853 2836 910 Paulus
2867 872 3069 912 servus
3100 857 3314 913 Christi
3343 859 3552 915 Jesu.»
3575 859 3644 915 Et
3660 860 3761 915 ite-

2108 956 2240 995 rum
2276 959 2289 997 :
2327 964 2365 997 a
2385 942 2615 997 Gratias
2646 958 2754 1014 ago
2784 942 2898 1000 Deo
2930 961 3079 1013 meo,
3104 945 3195 1001 cui
3226 948 3413 1004 servio
3435 966 3469 1004 a
3499 948 3762 1022 progeni-

2104 1029 2332 1085 toribus
2355 1031 2520 1086 meis.
2558 1052 2585 1079 »
2618 1032 2687 1086 Et
2716 1031 3027 1089 Psalmista
3060 1051 3073 1088 :
3110 1054 3138 1083 ‹‹
3169 1033 3286 1106 Ego
3316 1041 3761 1101 servustuus,et

2108 1116 2263 1173 illius
2295 1118 2516 1174 ancilla:
2548 1124 2659 1174 tua:
2689 1122 2858 1192 (Psal.
2892 1122 3040 1192 cxv).
3068 1145 3095 1172 ››
3127 1123 3194 1177 Et
3222 1122 3509 1179 iterumzu
3545 1127 3758 1182 Servus

2104 1208 2246 1262 tuus
2277 1224 2409 1263 sum
2442 1224 2547 1281 ego
2579 1209 2751 1280 (Psal.
2770 1210 3029 1279 cxvm).»
3050 1211 3205 1266 Bona
3232 1216 3427 1268 autem
3454 1212 3633 1285 hujus
3653 1213 3757 1270 ho-

2104 1293 2304 1361 minis,
2342 1296 2629 1368 spiritalia
2662 1298 2816 1353 dona
2845 1303 3006 1367 sunt,
3039 1298 3096 1353 id
3127 1305 3215 1355 est
3253 1300 3499 1358 virtutes
3525 1302 3755 1369 animas,

2106 1398 2234 1454 quae
2284 1384 2354 1440 de
2402 1386 2528 1456 ejus
2578 1385 2836 1442 bonitate
2886 1393 3026 1443 sunt
3069 1393 3239 1457 natm,
3282 1388 3443 1446 illius
3489 1390 3757 1463 largitate

2104 1471 2271 1528 nobis
2314 1473 2557 1541 collatae,
2595 1474 2788 1547 qualis
2841 1481 2929 1532 est
2975 1476 3250 1546 charitas,
3285 1494 3417 1550 pax,
3449 1479 3752 1550 patientia,

2101 1558 2428 1627 humilitas,
2463 1563 2724 1631 castitas,
2753 1564 3058 1634 sobrietas,
3091 1569 3148 1621 et
3190 1565 3283 1621 his
3333 1566 3570 1623 similia.
3605 1569 3754 1641 Ergo

2102 1664 2340 1721 peregre
2370 1652 2737 1723 profecturus
2770 1654 2987 1709 vocatis
3005 1654 3189 1711 servis
3206 1655 3612 1712 tradiditbona
3624 1674 3751 1725 sua,

2101 1737 2239 1807 quia
2269 1738 2634 1811 spiritalibus
2665 1741 2955 1813 spiritalia
2984 1744 3137 1799 dona
3162 1743 3467 1800 concessit.
3508 1745 3579 1800 Et
3615 1746 3756 1817 quia

2101 1826 2303 1881 eadem
2336 1827 2491 1884 dona
2520 1846 2635 1884 non
2669 1846 2871 1885 omnes
2898 1830 3199 1903 aequaliter
3220 1832 3649 1904 aceipiunt,sed
3673 1851 3759 1890 se-

2101 1915 2356 1970 cundum
2390 1917 2587 1973 dantis
2620 1916 3282 1986 distributioneni,alius
3298 1919 3751 1992 plus,aliusmi-

2101 2020 2212 2059 nus
2230 2005 2478 2075 proﬁcit,
2514 2011 2665 2061 recte
2695 2007 2909 2062 dicitur
2937 2024 2949 2062 :

2171 2115 2199 2143 ‹‹
2232 2093 2301 2147 Et
2330 2093 2430 2149 uni
2462 2094 2623 2150 dedit
2652 2095 2913 2168 quinque
2946 2095 3184 2164 talenta,
3213 2097 3309 2152 alii
3341 2097 3590 2166 duo,alii
3622 2116 3755 2156 vero

2100 2203 2127 2228 ‹‹
2148 2197 2355 2250 unum,
2372 2183 2689 2255 unicuique
2721 2185 3045 2240 secundum
3070 2187 3365 2258 propriam
3388 2187 3756 2253 virtutem,et

2099 2293 2126 2319 «
2162 2272 2454 2342 profectus
2476 2277 2565 2327 est
2598 2273 2820 2329 statim.
2848 2297 2876 2325 ››
2910 2275 3076 2330 Sicut
3106 2274 3393 2332 talentum
3409 2262 3565 2349 apud
3599 2278 3749 2355 anti-

2098 2375 2247 2430 quos
2258 2360 2434 2415 variis
2456 2361 2647 2417 modis
2670 2361 3015 2432 librabatur,
3032 2363 3113 2418 ita
3125 2364 3279 2419 dona
3298 2364 3551 2436 Spiritus
3564 2367 3751 2421 sancti

2097 2446 2327 2503 diversa
2357 2454 2496 2504 sunt
2516 2450 2686 2521 juxta
2717 2451 3127 2523 accipientium
3162 2452 3388 2519 merita,
3413 2469 3529 2508 non
3572 2452 3629 2508 in
3664 2470 3747 2525 se,

2098 2537 2197 2591 sed
2232 2536 2289 2592 in
2321 2537 2472 2605 aliis,
2505 2539 2604 2611 qui
2637 2556 2704 2595 ea
2729 2540 3043 2612 accipiunt.
3066 2540 3213 2596 Nam
3246 2541 3319 2596 ab
3350 2559 3467 2597 uno
3500 2542 3747 2599 Domino

2097 2624 2324 2680 diversa
2355 2627 2507 2682 dona
2533 2628 2715 2683 servis
2746 2628 3157 2697 dantur,juxta
3181 2628 3321 2683 illud
3339 2630 3493 2700 quod
3508 2631 3751 2703 aitApo-

2096 2713 2314 2769 slolus:
2351 2738 2377 2763 α
2409 2714 2520 2769 Alii
2553 2714 2788 2787 quidem
2820 2733 2922 2787 per
2950 2714 3225 2787 spiritum
3259 2716 3638 2772 datursermo
3661 2735 3751 2771 sa-

2096 2801 2459 2874 pientiae,alii
2493 2807 2689 2857 autem
2723 2820 2914 2859 sermo
2942 2802 3214 2871 scientiae,
3252 2805 3574 2859 secundum
3589 2821 3750 2860 eum-

2095 2890 2228 2944 dem
2280 2878 2576 2962 spiritum,
2610 2890 2778 2947 alteri
2830 2892 2974 2947 fides
3016 2890 3075 2946 in
3125 2892 3330 2947 eodem
3383 2893 3615 2966 spiritu,
3651 2893 3749 2950 alii

2095 2979 2283 3050 gratia
2311 2979 2632 3034 sanitatum
2662 2979 2721 3035 in
2756 2996 2871 3036 uno
2912 2980 3144 3053 spiritn,
3178 2981 3278 3036 alii
3325 2981 3581 3054 operatio
3628 2983 3749 3039 vir-

2097 3072 2307 3137 tutum,
2343 3067 2441 3123 alii
2472 3067 2798 3141 prophetia,
2835 3066 2932 3124 alii
2964 3068 3237 3125 discretio
3275 3070 3614 3143 spirituum.
3649 3070 3748 3126 alii

2091 3173 2305 3230 genera
2324 3157 2681 3230 linguarum,
2698 3156 2794 3213 alii
2810 3158 3210 3230 interpretatio
3229 3175 3594 3216 sermonum.
3615 3160 3746 3215 Haec

2012 3234 2055 3302 C
2094 3250 2287 3302 autem
2319 3246 2519 3302 omnia
2538 3250 2814 3319 operatur
2833 3263 2987 3303 unus
3010 3247 3353 3320 atqueidem
3369 3248 3642 3320 Spiritus,
3659 3249 3746 3304 di-

2089 3335 2293 3391 videns
2323 3334 2573 3408 singulis
2603 3340 2777 3407 prout
2806 3334 2930 3391 vult
2961 3339 3007 3406 (1
3042 3336 3163 3392 Cor.
3192 3336 3317 3408 xu).
3338 3359 3366 3387 »
3390 3338 3453 3392 In
3480 3337 3744 3409 quinque

2089 3440 2226 3497 ergo
2256 3423 2516 3493 talentis,
2530 3424 2791 3497 quinque
2822 3441 3032 3481 sensus
3053 3425 3315 3498 corporis
3336 3424 3740 3500 designantur,

2090 3531 2193 3588 per
2222 3530 2369 3585 quos
2400 3513 2650 3569 exterior
2679 3513 2854 3570 homo
2886 3514 3129 3587 regitur,
3144 3514 3304 3570 visus
3333 3513 3739 3583 videlicet,au-

2092 3603 2271 3670 ditus,
2291 3605 2521 3674 gustus,
2554 3602 2833 3658 odoratus
2859 3606 2915 3658 et
2952 3606 3162 3670 tactus,
3195 3603 3255 3658 in
3285 3603 3516 3659 duobus
3545 3608 3741 3659 autem

2089 3690 2421 3749 intellectus
2452 3696 2510 3747 et
2533 3693 2793 3763 operatio
2826 3691 3187 3763 designatur.
3221 3692 3288 3747 Et
3326 3692 3503 3748 unius
3540 3692 3742 3753 talenti

2042 3811 2054 3818 -
2091 3781 2325 3837 nomine
2342 3779 2675 3837 intellectus
2693 3780 3061 3837 solummodo
3076 3781 3440 3853 exprimitur.
3454 3780 3591 3837 Plus
3607 3797 3744 3853 ergo

2092 3869 2302 3942 accipit
2330 3869 2422 3924 cui
2454 3870 2591 3937 duo,
2609 3886 2783 3941 quam
2804 3869 2896 3925 cui
2916 3870 3175 3942 quinque
3191 3869 3409 3926 talenta
3429 3869 3746 3926 commissa

2093 3962 2259 4012 sunt:
2287 3956 2423 4029 quia
2455 3961 2595 4012 sunt
2627 3957 2893 4012 nonnulli
2927 3957 3027 4029 qui
3060 3974 3164 4030 per
3193 3958 3507 4014 exteriores
3535 3975 3746 4014 sensus

2092 4062 2268 4117 opera
2291 4062 2417 4116 qua:
2444 4050 2690 4115 possunt
2708 4050 3043 4116 operantur,
3060 4050 3117 4100 et
3133 4049 3328 4100 tamen
3360 4045 3419 4100 in
3451 4045 3748 4102 intellectu

2094 4131 2384 4204 spirituali
2419 4132 2620 4187 minus
2652 4132 2986 4203 proficiunt.
3009 4133 3307 4188 Suntvero
3338 4138 3396 4189 et
3426 4133 3625 4205 aliqui,
3647 4132 3750 4205 qui

2092 4219 2457 4276 extrinsecus
2487 4236 2703 4292 magna
2735 4225 2941 4292 agunt,
2974 4224 3031 4276 et
3054 4221 3304 4277 interius
3324 4223 3549 4293 majora
3578 4220 3748 4277 intel-

2094 4308 2308 4382 ligunt.
2323 4313 2471 4364 Sunt
2491 4308 2666 4364 etiam
2690 4307 2869 4381 aliqui
2889 4309 2988 4381 qui
3009 4326 3191 4365 unum
3214 4313 3445 4365 tantum
3460 4308 3747 4365 talentum

2097 4396 2411 4470 accipiunt,
2428 4398 2569 4471 qnia
2597 4397 2751 4454 bona
2771 4397 3009 4470 quidem
3032 4397 3387 4471 intelligunt,
3406 4397 3505 4454 sed
3521 4398 3748 4469 operari

2098 4476 2339 4542 minime
2359 4487 2614 4543 student.
2630 4485 2710 4542 De
2723 4486 2938 4558 quibus
2960 4486 3245 4559 scriptum
3257 4491 3349 4543 est
3364 4502 3377 4542 :
3394 4509 3421 4537 «
3441 4486 3748 4560 Sapientes

304 4574 460 4638 sua.
482 4606 509 4632 ››
533 4584 713 4640 Homo
739 4584 896 4641 enim
928 4586 1038 4641 iste
1069 4603 1171 4658 per
1203 4584 1653 4642 similitudinem
1702 4586 1984 4642 Dominus
2014 4605 2060 4669 Ι)
2097 4579 2237 4632 sunt
2266 4580 2332 4631 ut
2362 4574 2577 4631 faciant
2609 4574 2943 4647 mala,bene
2972 4578 3168 4631 autem
3197 4575 3385 4632 facere
3416 4574 3751 4631 nescierunt

331 4670 515 4727 Jesus
537 4672 1188 4746 Christusaccipiendus
1201 4677 1309 4741 est,
1328 4674 1575 4746 quicum
1592 4675 1666 4730 sit
1680 4675 1835 4731 Deus
1853 4679 1988 4731 ante

294 4758 562 4829 saecula,
597 4761 786 4818 factus
818 4767 908 4819 est
938 4763 1115 4819 homo
1146 4762 1205 4818 in
1241 4764 1354 4819 fine
1385 4760 1841 4831 saeculorum,de
1869 4779 1984 4835 quo

317 4848 616 4920 scriptum
648 4854 737 4907 est
770 4869 783 4907 :
818 4876 845 4903 «
883 4853 1062 4909 Homo
1095 4854 1284 4908 factus
1312 4857 1401 4907 est
1431 4852 1491 4907 in
1524 4868 1610 4919 ea,
1626 4857 1683 4907 et
1710 4851 1836 4924 ipse
1860 4854 1987 4908 fun-

296 4936 489 5006 davit
531 4954 662 4995 eam
708 4938 1051 4997 Altissimus
1084 4942 1254 5010 (Psal.
1291 4942 1536 5011 Lxxxw).
1566 4962 1594 4990 »
1630 4941 1741 4996 Iste
1788 4945 1984 4997 autem

318 5024 507 5081 homo
538 5044 778 5101 peregre
807 5031 1101 5102 profectus
1130 5035 1240 5100 est,
1275 5030 1510 5102 quando
1542 5046 1777 5086 carnem
1812 5046 1982 5085 suam

296 5104 303 5109 ’
321 5129 509 5186 quam
528 5132 596 5171 ex
614 5115 953 5175 hominibus
971 5117 1679 5191 assumpsitascendendo
1700 5118 1757 5173 in
1772 5116 1983 5173 ccnlum

294 5201 595 5274 Oelevavit.
628 5205 710 5263 Ex
757 5223 822 5263 eo
874 5208 1030 5263 enim
1081 5212 1344 5280 tempore
1387 5223 1501 5279 quo
1534 5206 1724 5279 primo
1756 5206 1984 5261 homini

320 5291 551 5348 dictum
581 5299 749 5351 cst:«
782 5297 962 5352 Terra
982 5301 1136 5365 es,et
1166 5296 1226 5351 in
1258 5300 1472 5351 terram
1505 5294 1618 5350 ibis
1652 5294 1926 5367 (Geram),
1954 5317 1981 5344 ››

320 5380 736 5454 proprielocus
749 5386 944 5442 carnis
975 5390 1130 5442 terra
1155 5391 1262 5442 est.
1280 5385 1392 5439 Sed
1423 5383 1531 5439 iste
1558 5383 1733 5439 homo
1747 5401 1983 5457 peregre

319 5469 625 5544 profectus
649 5477 758 5541 est,
781 5475 920 5547 quia
943 5493 1075 5532 caro
1098 5491 1276 5548 quam
1296 5473 1638 5545 assumpsit,
1655 5490 1769 5527 non
1790 5490 1983 5528 corru-

320 5558 587 5633 ptionem
634 5561 799 5630 vidit,
833 5564 933 5620 sed
981 5568 1114 5637 post
1161 5561 1646 5619 resurrectionem
1698 5560 1757 5617 in
1809 5560 1983 5619 ccelos

324 5650 614 5709 ascendit.
648 5650 835 5727 Hujus
866 5652 1125 5712 hominis
1155 5653 1302 5711 servi
1329 5651 1597 5711 homines
1644 5657 1801 5724 sunt,
1835 5666 1983 5728 quos

2097 4667 2224 4738 (Jer.
2250 4665 2348 4735 ιν).
2377 4663 2579 4728 nQuod
2611 4668 2808 4719 autem
2840 4664 3034 4719 studio
3067 4664 3123 4719 in
3159 4662 3622 4736 multiplicandis
3643 4663 3745 4719 bo-

2098 4752 2190 4809 nis
2219 4753 2495 4825 operibus
2527 4752 2795 4809 insistere
2825 4753 3751 4821 debeamus,manifestaturcum

2097 4841 2370 4897 subditur
2404 4858 2417 4896 :

2170 4953 2196 4982 ‹‹
2223 4929 2379 4984 Abiit
2409 4934 2605 4985 autem
2637 4930 2737 5003 qui
2770 4931 3030 5004 quinque
3073 4930 3289 4988 talenta
3340 4934 3663 5003 acceperat,
3695 4934 3755 4986 et

2096 5043 2121 5069 ‹‹
2157 5023 2432 5091 operatus
2463 5024 2551 5074 est
2580 5019 2636 5074 in
2670 5020 2774 5087 eis,
2805 5024 2862 5075 et
2892 5020 3153 5075 lucratus
3183 5024 3272 5076 est
3310 5019 3425 5075 alia
3464 5019 3745 5092 quinque.

2096 5132 2121 5158 ‹‹
2139 5106 2535 5178 Similiterqui
2562 5108 2676 5162 duo
2702 5112 3022 5180 acceperat,
3040 5107 3301 5164 lucratus
3313 5111 3402 5164 est
3427 5106 3540 5164 alia
3567 5108 3703 5164 duo.
3725 5130 3753 5158 »

2092 5198 2222 5254 Jam
2246 5196 2519 5269 superius
2541 5213 2642 5267 per
2663 5196 2923 5269 quinque
2956 5195 3473 5269 talenta,quinque
3487 5197 3749 5270 corporis
3800 5186 3813 5190 ’

2094 5289 2410 5342 sensuszet
2441 5300 2543 5357 per
2571 5283 3085 5353 duo,intellectum
3102 5289 3158 5341 et
3191 5286 3589 5360 operationem
3603 5285 3755 5342 dixi-

2094 5392 2227 5429 mus
2258 5372 2857 5445 designari.Quinque
2888 5389 3025 5447 ergo
3056 5373 3279 5431 talenta
3311 5374 3636 5449 geminare,
3657 5381 3748 5432 est

2094 5481 2197 5537 per
2226 5467 2538 5519 exteriores
2568 5480 2777 5519 sensus
2808 5463 3186 5522 devotissime
3218 5467 3332 5522 Deo
3367 5466 3603 5533 servire,
3644 5464 3751 5520 tri-

2092 5552 2323 5610 buendo
2353 5550 2632 5607 esurienti
2664 5551 2881 5621 cibum,
2909 5553 3133 5610 sitienti
3159 5561 3381 5628 potum,
3403 5555 3559 5610 nudo
3582 5554 3758 5609 vesti-

2093 5650 2245 5714 tum,
2261 5642 2320 5700 in
2352 5656 2581 5701 carcere
2611 5641 2870 5720 positum
2901 5643 3275 5722 requirendo,
3300 5643 3604 5702 inﬁrmum
3620 5640 3756 5714 visi-
