4060 6178
478 291 604 353 783

1049 293 1463 356 HAYMONIS
1508 293 2051 355 HALBERSTAT.
2095 290 2336 353 EPISC.
2385 293 2556 354 OPP.
2601 294 2805 356 PARS
2850 295 2928 355 Il.
2957 293 3315 357 —HOMIL.

3693 307 3783 370 78S

485 424 689 494 tando,
719 427 1020 482 mortuum
1051 425 1372 498 speliendo,
1407 426 1635 499 aliaque
1678 425 1912 499 pietatis
1959 441 2135 499 opera
2161 434 2217 499 Α
2246 425 2530 482 benedicti
2565 426 2750 483 Patris
2784 428 2921 494 mei,
2954 427 3228 501 porcipite
3256 443 3477 503 regnum
3505 435 3634 506 quod
3657 438 3786 496 vobis

485 512 807 587 implendo.
835 514 1010 580 Quasi
1039 515 1194 572 enim
1215 516 1437 572 talenta
1467 514 1914 588 multiplicando
1943 513 2131 588 gemi-

487 606 724 674 nantur,
741 605 979 675 quando
1010 604 1275 661 nonnulli
1304 604 1585 661 tardiores
1615 604 1673 659 in
1693 621 1866 661 sensu
1890 620 2133 677 percon-

485 691 860 749 suetudinem
889 693 1029 748 boni
1061 693 1348 766 operis,in
1369 692 1665 749 intellectu
1690 692 1977 765 spirituali
1998 708 2117 766 pro-

486 780 710 841 ﬁciunt.
742 780 866 839 Duo
898 797 1131 854 quoque
1160 785 1384 854 talenta
1412 782 1740 855 geminant,
1767 782 1865 854 qui
1898 781 2133 844 benevi-

483 871 670 926 vendo
701 874 761 926 et
789 870 1069 939 docendo,
1103 870 1420 927 Eeclesiom
1452 871 1554 927 Dei
1597 870 1985 943 multiplicare
2015 887 2129 925 non

486 958 811 1031 negligant,
840 957 988 1014 illud
1022 960 1388 1016 attendentes
1431 960 1584 1033 quod
1633 961 1703 1015 ad
1758 959 2129 1015 Timotheum

483 1047 763 1107 scribitur
791 1062 804 1102 :
844 1069 873 1099 ι(
896 1047 1227 1105 Doetrinam
1258 1065 1436 1121 quam
1468 1049 1739 1121 accepisti
1771 1066 1805 1103 a
1832 1065 1945 1114 me,
1978 1064 2132 1103 com-

483 1136 699 1193 menda
725 1135 1000 1193 ﬁdelibus
1020 1135 1380 1207 hominibus,
1414 1138 1515 1211 qui
1548 1137 1739 1194 idonei
1761 1140 1902 1193 sunt
1917 1136 2132 1193 etalios

480 1225 685 1283 docere
716 1226 793 1297 (II
820 1226 955 1285 Tim.
990 1226 1069 1298 ιι).
1106 1249 1135 1277 ››
1167 1227 1385 1284 Tallter
1411 1231 1646 1300 accepta
1683 1227 1903 1282 talenta
1951 1226 2130 1281 servis

478 1312 888 1386 spiritualibus
919 1317 1221 1389 geminare
1244 1317 1529 1373 suadebat
1547 1316 1882 1389 Apostolus,
1897 1333 2031 1372 cum
2050 1315 2132 1370 di-

481 1403 686 1459 cebat:
720 1426 748 1454 ‹‹
782 1404 1075 1463 Habentes
1118 1406 1461 1463 donationes
1505 1407 1827 1462 secundum
1881 1405 2128 1478 gratiam

481 1507 610 1564 quis
636 1493 779 1551 data
804 1497 894 1548 est
924 1493 1115 1563 nobis,
1133 1494 1486 1563 differentes,
1505 1495 1624 1551 sive
1651 1494 2020 1567 prophetiam
2046 1510 2132 1550 se-

478 1580 742 1637 cundum
771 1581 1059 1639 rationem
1094 1582 1252 1651 fidei,
1286 1584 1404 1639 sive
1435 1583 1825 1640 ministerium
1865 1583 1925 1639 in
1958 1581 2129 1641 mini-

478 1670 741 1739 strando,
778 1670 898 1727 sive
930 1671 1028 1743 qui
1059 1673 1226 1728 docet
1257 1672 1317 1726 in
1348 1672 1747 1744 doetrina,qui
1790 1671 2132 1727 exhortatur

477 1757 538 1813 in
569 1758 949 1828 exhortando,
966 1760 1063 1832 qui
1087 1760 1294 1817 tribuit
1310 1762 1368 1815 in
1393 1761 1789 1833 simplicitate,
1808 1761 1907 1833 qui
1922 1765 2132 1833 praeest

477 1845 539 1902 in
567 1846 983 1917 sollicitudine,
1013 1850 1114 1920 qui
1155 1850 1474 1906 miseretur
1519 1850 1578 1906 in
1626 1849 1919 1907 hilaritate
1950 1850 2122 1923 (Rom.

476 1938 598 2004 xu).
629 1956 658 1985 »

510 2064 515 2069 .
548 2045 577 2073 ‹‹
600 2022 709 2088 Qui
740 2027 937 2081 autem
971 2042 1155 2082 unum
1189 2031 1509 2100 acceperat,
1527 2027 1729 2084 abiens
1753 2027 1897 2084 fodit
1925 2027 1982 2084 in
2004 2031 2125 2084 ter-

477 2132 508 2161 κ
540 2127 691 2178 ram,
721 2115 780 2169 et
808 2113 1117 2171 abscondit
1144 2116 1454 2188 pecuniam
1486 2118 1707 2173 domini
1741 2117 1850 2173 sui.
1888 2140 1915 2168 ‹‹
1948 2116 2123 2182 Quasi

479 2198 636 2255 enim
665 2217 850 2258 unum
884 2202 1168 2261 talentum
1201 2205 1259 2260 in
1290 2208 1448 2261 terra
1476 2206 1801 2273 abscondit,
1835 2206 1935 2279 qui
1960 2207 2123 2278 inge-

477 2287 668 2355 nium,
693 2291 850 2361 quod
873 2307 908 2347 a
936 2290 1051 2348 Deo
1082 2293 1398 2366 accepit,in
1429 2295 1676 2351 terrenis
1707 2294 1936 2351 actibus
1961 2311 2124 2350 occu-

480 2380 600 2449 pat,
633 2394 879 2451 seseque
896 2382 1097 2436 totum
1145 2382 1206 2437 in
1246 2382 1455 2439 mundi
1502 2400 1698 2440 amore
1747 2382 1985 2456 obligat.
2013 2384 2123 2438 Sed

482 2466 676 2524 veniet
704 2471 938 2541 tempus
967 2471 1204 2542 quando
1236 2472 1531 2545 spiritales
1559 2473 1631 2527 de
1652 2471 2122 2545 acquisito‘luero

472 2556 787 2627 gaudeant,
802 2561 860 2613 et
891 2559 1096 2615 mundi
1118 2566 1411 2617 amatores
1432 2578 1535 2634 pro
1557 2561 1681 2618 suis
1703 2560 2123 2635 cupiditatibus

485 2645 854 2713 erubescant,
889 2648 1043 2705 unde
1068 2652 1126 2704 et
1156 2649 1429 2706 subditur
1459 2667 1471 2705 :

543 2755 573 2783 «
605 2733 742 2791 Post
772 2735 1026 2794 multum
1057 2754 1191 2794 vero
1221 2738 1505 2810 temporis
1530 2739 1686 2796 venit
1709 2739 1984 2795 dominus
2001 2756 2122 2796 ser-

466 2843 498 2873 «
520 2837 726 2879 verum
758 2822 1017 2890 illorum,
1051 2829 1107 2881 et
1137 2826 1334 2899 posuit
1365 2828 1650 2883 rationem
1681 2845 1814 2885 eum
1828 2827 1912 2883 eis
1945 2849 1973 2876 ››
1987 2827 2124 2885 Post

469 2910 723 2969 multum
738 2917 970 2985 tempus
982 2914 1267 2973 Dominus
1280 2916 1467 2971 redire
1480 2915 1712 2983 dicitur,
1729 2916 2119 2990 quialongum

468 2999 729 3070 spatium
750 3006 843 3058 est
875 3002 1025 3059 inter
1043 3003 1271 3061 Domini
1303 3005 1707 3062 ascensionem
1725 3010 1779 3060 et
1794 3006 2120 3061 secundum

474 3087 605 3158 ejus
636 3088 976 3150 adventum.
992 3092 1156 3148 Tunc
1175 3092 1332 3149 enim
1355 3093 1502 3150 ratio
1517 3110 1650 3149 cum
1672 3092 1854 3149 servis
1872 3098 2122 3165 ponetur

2158 1805 2205 1872 B

2240 517 2515 586 paratum
2556 532 2586 572 e
2604 519 2657 571 st
2686 533 2720 572 a
2749 516 3164 573 constitutione
3188 519 3576 592 mundiwauh.
3594 527 3749 595 xxv).»

2313 626 2341 655 «
2373 604 2631 661 Accessit
2659 610 2857 662 autem
2890 610 2945 662 et
2968 607 3070 679 qui
3092 607 3204 662 duo
3225 605 3428 663 talenta
3454 596 3725 684 acceperat,
3746 620 3791 670 et

2242 714 2269 743 «
2295 691 2412 747 ait:
2447 692 2711 761 Domine,
2730 694 2847 750 duo
2877 694 3094 751 talenta
3124 694 3404 751 tradidisti
3431 697 3793 765 mihi,eccealia

2242 802 2272 832 «
2295 781 2411 837 duo
2434 782 2875 853 superlucratus
2895 800 3047 839 sum.
3075 805 3102 832 ››
3135 783 3404 840 Similiter
3423 783 3527 841 alia
3540 786 3793 844 duolucrao

2241 873 2339 925 tur
2358 869 2596 939 talenta,
2631 873 2733 944 qui
2766 890 2800 928 a
2826 873 3062 929 domino
3093 873 3205 929 duo
3234 877 3529 947 acceperat,
3542 877 3734 947 quando
3755 879 3793 934 is

2241 958 2341 1031 qui
2369 958 2729 1017 intellectum
2756 966 2812 1016 et
2848 960 3240 1034 operationem
3293 961 3474 1031 habet,
3504 980 3604 1019 non
3647 963 3792 1027 solum

2240 1047 2387 1104 bene
2408 1047 2668 1117 vivsndo,
2699 1052 2797 1107 sed
2832 1051 3008 1107 etiam
3040 1051 3186 1105 bene
3214 1050 3459 1107 docendo
3479 1049 3719 1123 plurimos
3741 1053 3794 1108 ad

2240 1150 2499 1193 amorem
2530 1137 2630 1194 Del
2663 1144 2843 1194 vocat.
2867 1138 3193 1195 Notandum
3225 1139 3585 1212 autem,quod
3607 1142 3653 1195 et
3672 1139 3796 1215 ἱερυί

2240 1224 2311 1278 de
2339 1225 2596 1297 quinque
2628 1226 2864 1283 talentis
2896 1228 3189 1295 deecm,et
3216 1226 3266 1282 is
3290 1225 3383 1300 qui
3405 1226 3470 1283 de
3490 1227 3798 1303 duobusque-

2240 1316 2375 1369 tuor
2402 1315 2959 1389 reportavit,a3quali
2982 1332 3121 1372 voce
3147 1314 3550 1382 collaudantur,
3565 1332 3676 1371 cum
3696 1315 3799 1370 utri-

2241 1415 2353 1473 que
2371 1401 2653 1458 adomino
2686 1402 2971 1458 diciturm
2989 1402 3166 1475 Euge,
3182 1419 3338 1459 serve
3366 1402 3505 1457 bone
3532 1405 3582 1457 et
3608 1401 3794 1467 ﬁdelis,»

2240 1490 2395 1560 quod
2427 1494 2533 1559 est,
2567 1491 2713 1547 bene
2736 1492 2950 1565 gaude.
2982 1491 3054 1547 Et
3083 1490 3547 1564 qualiter‘tservus
3573 1507 3684 1547 cum
3722 1492 3800 1546 do-

2240 1577 2400 1633 mino
2431 1580 2704 1651 gaudeat,
2740 1580 3075 1637 declaratur
3104 1598 3235 1636 eum
3270 1580 3665 1639 subinl‘crturzu
3692 1577 3799 1641 Quia

2240 1683 2417 1739 super
2447 1685 2632 1742 pauca
2672 1669 2833 1727 fuisti
2873 1669 3081 1736 ﬁdelis,
3115 1685 3292 1742 super
3334 1667 3509 1724 multa
3549 1672 3598 1722 te
3638 1666 3802 1721 consti-

2239 1758 2424 1811 tuam.
2478 1779 2506 1805 »
2555 1757 2657 1813 Cui
2712 1763 2863 1814 recte
2909 1758 3171 1815 dicitur:
3215 1781 3241 1809 «
3285 1758 3439 1813 Intra
3482 1755 3537 1812 in
3581 1755 3802 1829 gaudium

2237 1844 2455 1901 domini
2479 1846 2585 1901 tui.
2620 1869 2648 1897 ››
2679 1848 2825 1914 Quia
2855 1865 2989 1903 cum
3028 1848 3210 1904 tantis
3259 1851 3316 1904 et
3359 1862 3457 1919 pro
3494 1845 3654 1901 tantis
3691 1859 3804 1899 mer-

2235 1934 2435 1989 cedem
2483 1936 2746 2008 accipiet,
2789 1940 3042 2010 quantos
3100 1937 3249 1993 bene
3286 1933 3537 2004 vivendo,
3568 1934 3691 1989 bene
3727 1931 3806 1987 do-

2235 2022 2418 2079 cendo
2450 2022 2710 2082 lucratus
2737 2030 2844 2082 est.
2878 2026 2941 2081 In
2978 2026 3198 2098 quibus
3242 2023 3428 2080 verbis
3469 2020 3806 2094 intelligimus,

2234 2110 2375 2181 quia
2417 2111 2501 2167 illi
2547 2113 2826 2185 majorem
2895 2114 3227 2170 mercedem
3270 2115 3408 2169 sunt
3452 2128 3485 2166 a
3522 2109 3733 2166 Domino
3763 2107 3806 2162 in

2233 2201 2577 2257 aeternavita
2607 2203 2916 2276 recepturi,
2941 2204 3041 2275 qui
3061 2203 3208 2261 bene
3224 2200 3480 2268 vivendo,
3497 2203 3557 2253 ut
3584 2196 3806 2260 diximus,

2232 2292 2290 2343 et
2347 2289 2493 2345 bene
2557 2292 2836 2358 docendo,
2889 2292 2960 2347 ad
3023 2291 3277 2346 aliorum
3339 2287 3692 2346 eruditionem
3743 2282 3808 2338 vel

2232 2377 2558 2436 doctrinam
2591 2379 2975 2454 spiritualiter
3005 2380 3335 2454 invigilant.
3352 2377 3505 2445 Quod
3520 2375 3643 2431 alibi
3656 2366 3808 2429 Domi-

2234 2482 2346 2521 nus
2385 2469 2647 2539 apertius
2692 2467 2968 2536 declarat,
3012 2485 3147 2524 cum
3199 2467 3526 2524 dicentibus
3569 2458 3809 2535 apostolis,

2234 2576 2263 2604 ‹‹
2298 2556 2559 2622 Domine,
2592 2558 2664 2613 ad
2692 2575 2797 2614 nos
2822 2558 2970 2614 dicis
2999 2557 3149 2613 hanc
3199 2553 3552 2631 parabolam,
3587 2567 3651 2606 an
3676 2551 3725 2605 et
3757 2546 3829 2623 ad

2232 2646 2791 2720 omnes?respondit
2808 2665 2820 2702 :
2838 2670 2865 2697 «
2889 2647 3030 2712 Quis
3060 2650 3238 2719 putas
3269 2648 3358 2701 est
3386 2640 3566 2698 fidelis
3592 2652 3758 2696 servus
3772 2638 3813 2689 et

2229 2734 2512 2807 prudens,
2545 2752 2717 2807 quem
2747 2734 3053 2791 constituit
3084 2735 3363 2790 dominus
3393 2747 3559 2804 super
3585 2723 3810 2782 familiam

2232 2812 2424 2889 Suam,
2455 2827 2521 2878 ut
2552 2824 2651 2879 det
2680 2823 2797 2881 illis
2824 2825 3021 2882 cibum
3072 2824 3132 2880 in
3178 2819 3479 2908 tempore?
3515 2819 3705 2908 Beatus
3740 2808 3812 2908 ille

2232 2927 2456 2981 servus,
2488 2929 2663 2984 quem
2684 2929 2828 2968 eum
2867 2912 3088 2969 venerit
3129 2911 3429 2978 dominus,
3460 2901 3714 2964 invenerit
3751 2901 3813 2952 sic

2231 3000 2557 3056 facientem.
2588 3002 2772 3057 Amen
2805 3002 2932 3057 dico
2961 3000 3147 3071 vobis,
3176 2999 3456 3073 quoniam
3486 3010 3642 3066 super
3663 2986 3816 3046 omnia

2230 3088 2384 3144 bona
2415 3106 2523 3146 sua
2552 3090 2868 3146 constituet
2896 3107 3031 3146 eum
3063 3091 3217 3162 (Luc.
3251 3091 3377 3157 xu).
3412 3110 3440 3136 »
3471 3082 3570 3149 Ουί
3591 3079 3721 3136 enim
3741 3090 3816 3131 ⁸³·

469 3177 705 3248 quando
728 3178 993 3236 districts
1025 3197 1059 3237 a
1088 3180 1258 3237 nobis
1288 3182 1478 3254 exiget
1502 3182 1674 3249 dona,
1708 3199 1834 3254 quae
1881 3181 2111 3238 miseri-
2143 3177 2187 3245 C
2224 3193 2328 3249 per
2354 3177 2554 3234 omnia
2579 3179 2736 3234 bona
2762 3178 3160 3244 constituitur,
3194 3177 3487 3250 duplicem
3533 3165 3805 3254 mercedem

468 3266 723 3323 eorditer
752 3267 921 3324 nobis
952 3269 1178 3337 tribuit,
1212 3271 1449 3341 quando
1481 3270 1807 3326 astabimus
1838 3276 1973 3326 ante
2013 3270 2119 3326 tri-

467 3353 649 3412 bunal
680 3354 915 3422 Christi,
949 3360 1016 3413 ut
1064 3356 1374 3429 Apostolus
1422 3358 1523 3426 ait,
1557 3359 1842 3414 rationem
1882 3375 1985 3429 pro
2026 3359 2119 3414 his

469 3458 595 3513 quas
622 3443 917 3515 gessimus
946 3446 1230 3501 reddituri
1265 3446 1337 3518 (II
1364 3446 1746 3519 Cor.v).Felix
1776 3451 1970 3502 autem
2018 3447 2117 3520 qui

464 3528 527 3586 in
557 3528 657 3585 illa
678 3530 822 3587 hora
842 3531 1233 3590 discussionis
1262 3535 1395 3591 talis
1426 3536 1695 3591 inventus
1716 3536 2118 3608 fuerit,qualis

468 3616 581 3673 iste
615 3622 994 3688 memoratur,
1027 3622 1099 3677 de
1130 3638 1244 3694 quo
1276 3622 1549 3679 subditur
1581 3640 1594 3679 :

533 3728 560 3755 α
597 3705 665 3761 Ει
694 3708 974 3764 accedens
1004 3709 1105 3782 qui
1137 3710 1400 3783 quinque
1430 3711 1649 3768 talenta
1678 3716 2113 3785 aceeperat,ob-

461 3793 767 3852 «tulitalia
797 3797 1057 3871 quinque
1087 3801 1309 3858 talenta
1330 3801 1555 3859 dicens:
1574 3790 2113 3879 Domine,quinque

463 3902 491 3933 «
520 3881 740 3941 talenta
770 3885 1065 3943 tradidisti
1099 3888 1262 3957 mihi,
1294 3906 1426 3946 ecce
1465 3890 1579 3946 alia
1609 3892 1871 3964 quinque
1904 3910 2109 3967 super—

461 3991 491 4021 ‹‹
525 3969 790 4030 lucratus
823 3992 977 4032 sum.
1014 3998 1041 4027 »
1074 3979 1153 4033 Ex
1201 3978 1462 4052 quinque
1508 3980 1663 4036 enim
1712 3981 1947 4037 talentis
1996 3983 2112 4038 alia

457 4060 717 4137 quinque
747 4062 1028 4134 lucratur,
1044 4067 1145 4138 qui
1159 4084 1265 4139 per
1276 4067 1535 4142 quinque
1548 4087 1757 4127 sensus
1780 4087 2105 4143 corporeos,

456 4164 605 4221 quos
634 4167 813 4223 supra
844 4152 1120 4224 diximus,
1136 4156 1289 4212 bona
1302 4174 1429 4228 qua:
1446 4162 1639 4230 potest
1656 4163 1948 4231 operatur.
1962 4164 2109 4216 Sunt

457 4238 613 4294 enim
627 4239 893 4296 nonnulli
911 4242 971 4297 in
1000 4243 1276 4312 Ecclesia,
1292 4246 1389 4318 qui
1409 4263 1542 4302 eum
1559 4247 1845 4305 tardiores
1870 4249 2105 4305 videan-

455 4329 559 4383 tur
592 4326 849 4401 ingenio,
871 4334 1068 4399 tamen
1100 4349 1235 4388 eum
1268 4350 1370 4406 per
1416 4335 1664 4391 exterius
1710 4337 2103 4395 ministerium

455 4414 704 4472 fideliter
735 4417 1016 4488 serviunt,
1031 4422 1159 4493 ejus
1191 4439 1431 4478 munere
1452 4423 1522 4479 ad
1555 4425 1918 4496 spiritualem
1938 4427 2105 4484 intelc

2230 3266 2493 3340 accipiet,
2526 3284 2642 3324 non
2668 3268 2860 3324 solum
2891 3267 2991 3340 qui
3018 3271 3221 3323 sancte
3245 3249 3407 3332 vixit,
3439 3262 3535 3320 sed
3564 3258 3715 3316 etiam
3740 3249 3815 3324 qui

2227 3355 2402 3428 digne
2439 3356 2656 3413 docuit.
2690 3356 2852 3414 Unde
2904 3355 3099 3413 Daniel
3147 3372 3287 3412 eum
3332 3354 3404 3413 de
3445 3342 3812 3437 resurrectione

2228 3447 2593 3501 mortuorum
2624 3446 3065 3520 loqueretur,ut
3087 3444 3422 3500 ostenderet
3443 3437 3817 3510 magistl‘OSSP“

2226 3532 2467 3590 rituales
2498 3553 2675 3608 super
2689 3536 2890 3592 omnia
2905 3533 3372 3600 constituendos,
3388 3528 3493 3586 ait:
3512 3548 3538 3577 ι(
3550 3522 3648 3590 Olli
3660 3520 3815 3612 αηίεξξι

2225 3623 2379 3679 docti
2412 3624 2648 3693 fuerint,
2665 3624 2972 3698 fulgebunt
2996 3623 3166 3695 quasi
3197 3621 3475 3696 splendor
3503 3609 3816 3704 firmamenti.

2224 3717 2281 3769 et
2309 3713 2411 3784 (Ιυί
2442 3713 2512 3769 ad
2536 3694 2833 3784 justitiam
2864 3694 3142 3770 erudiunt
3172 3694 3818 3789 multos,quasistella_iu

2223 3781 3087 3873 perpetuas'aaternitates(Dan.
3108 3798 3280 3873 ινδ»
3306 3799 3493 3864 Quam
3521 3781 3819 3847 desiderabi-

2221 3888 2335 3945 lem
2368 3907 2566 3946 voeem
2590 3895 2648 3946 et
2679 3888 2967 3946 ineffabile
2997 3888 3287 3963 gaudium
3305 3884 3509 3942 audire
3537 3874 3818 3963 desiderans

2218 3978 2598 4036 beatissimus
2626 3982 2791 4052 pater
2820 3962 3035 4044 noster,
3069 3977 3243 4048 cujus
3277 3971 3455 4030 hodie
3502 3962 3815 4052 festivitalenl

2218 4068 2603 4135 celebramus,
2618 4046 2902 4123 talentum
2917 4066 3029 4123 sibi
3050 4046 3347 4121 creditum
3370 4062 3517 4117 bene
3545 4046 3818 4149 docendos}

2217 4158 2365 4214 bene
2395 4130 2639 4215 vivendo
2662 4157 2889 4212 studuit
2914 4171 3171 4229 erogare,
3206 4158 3278 4210 ut
3313 4148 3665 4227 geminatum
3704 4130 3816 4229 illud

2216 4246 2463 4303 Domino
2495 4250 2836 4319 reportaret,
2860 4262 2976 4301 non
3007 4248 3221 4301 tantuu
3256 4237 3552 4300 monendo
3580 4233 3709 4328 pios:
3738 4219 3815 4328 35:1

2211 4336 2391 4391 etiam
2426 4313 2864 4407 comprimendo
2895 4334 3196 4407 reprobos.
3228 4332 3305 4388 Et
3340 4321 3648 4415 ideoﬂquia
3681 4313 3816 4415 lum

2211 4424 2521 4497 Scriptura:
2542 4439 2764 4493 vocem,
2787 4423 3069 4496 gaudium
3101 4419 3290 4495 patris
3320 4421 3415 4475 est
3442 4413 3592 4470 filius
3607 4413 3814 4497 sapiens.

458 4501 673 4610 lectum
707 4490 1203 4605 perducuntdrjn
1227 4515 1455 4567 tantum
1489 4517 1555 4568 ut
1583 4490 1756 4570 etiam
1786 4514 2101 4588 aliquando
2130 4545 2178 4610 Β
2208 4490 2374 4568 tanta
2403 4512 2582 4583 huius
2614 4490 2959 4568 θκθτέξουηι
2996 4490 3613 4610 ωθξίιεξβωιάξῖἷυων

445 4589 514 4647 in
544 4591 1004 4654 ecclesiasticum
1054 4600 1461 4672 magisterium
1512 4600 1821 4674 eligantur.
1855 4605 2096 4672 Qualem

450 4686 649 4739 autem
674 4687 1002 4744 mercedem
1034 4689 1112 4745 sit
1139 4693 1500 4762 recepturus,
1533 4693 1944 4751 manifestatur
1963 4712 2096 4752 cum

450 4770 726 4828 subditur
755 4791 769 4831 :

521 4861 658 4917 «Ait
684 4861 765 4918 illi
794 4865 1074 4923 dominus
1106 4868 1262 4939 ejus:
1279 4868 1457 4942 Euge,
1473 4885 1634 4926 serve
1651 4871 1800 4928 bone
1812 4877 1870 4929 et
1886 4875 2093 4943 ﬁdelis,

449 4969 479 4999 ‹‹
513 4950 654 5020 quia
702 4968 881 5024 super
915 4972 1102 5027 pauca
1151 4956 1312 5012 fuisti
1356 4957 1564 5020 ﬁdelis,
1599 4977 1777 5031 supra
1827 4962 2014 5018 multa
2042 4969 2097 5020 te

451 5056 479 5088 «
512 5039 894 5111 constituam;
917 5042 1070 5100 intra
1096 5045 1151 5099 in
1184 5045 1464 5117 gaudium
1497 5047 1719 5103 domini
1743 5050 1892 5105 tui.»
1909 5052 2097 5109 Pauca

445 5123 604 5178 enim
636 5132 775 5182 sunt
805 5132 1004 5186 omnia
1036 5135 1336 5203 praesentis
1357 5134 1484 5190 vita:
1503 5137 1575 5191 ad
1599 5140 2093 5210 comparationem

444 5211 777 5270 futurorum
790 5215 1074 5274 bonorum
1087 5264 1099 5287 ,
1116 5222 1384 5293 quamvis
1398 5240 1612 5297 magna
1624 5243 1750 5283 esse
1761 5228 2087 5287 videantur.

441 5298 553 5391 Qui
583 5316 719 5391 ergo
750 5320 927 5376 super
954 5324 1142 5378 pauca
1162 5309 1352 5366 ﬁdelis
1382 5312 1511 5377 fuit,
1548 5329 1725 5391 super
1747 5315 1931 5372 multa
1952 5336 2089 5375 con-

437 5386 723 5447 stituitur.
757 5392 898 5463 quia
924 5393 977 5452 is
1022 5396 1122 5468 qui
1162 5401 1453 5455 terrenam
1497 5386 1892 5461 substantiam
1942 5408 2087 5463 bene

437 5474 815 5564 dispensavit,
849 5497 952 5554 pro
984 5483 1159 5541 rebus
1190 5487 1543 5543 transitoriis
1573 5497 1911 5564 perpetuam
1936 5496 2084 5552 acci-

424 5563 555 5651 ‘piet
580 5569 928 5646 mercedem,
956 5574 1201 5634 audiens
1242 5575 1315 5633 ab
1356 5575 1483 5651 ipso
1506 5563 1705 5654 judice
1740 5598 1753 5639 :
1788 5606 1815 5632 ‹‹
1856 5582 2079 5660 Venite,

2208 4575 2571 4657 incrementa
2616 4600 2930 4673 proﬁciunt
2977 4596 3340 4672 spiritalium
3395 4592 3660 4651 ﬁliorum.
3689 4575 3818 4673 Utldt3

2207 4706 2445 4748 necesse
2475 4694 2586 4758 est,
2620 4694 2685 4745 ut
2714 4689 3123 4762 unusquisque
3157 4690 3460 4752 nostrum,
3492 4665 3817 4770 fratrescllf

2207 4779 2449 4846 rissimi,
2484 4779 2662 4851 hujus
2690 4776 3015 4836 beatissimi
3044 4776 3230 4850 patris
3262 4771 3455 4831 nostri
3502 4762 3725 4834 vestigia
3747 4766 3817 4850 59·

2208 4873 2473 4942 qucntes,
2506 4867 2793 4924 talentum
2826 4868 2984 4940 quod
3013 4883 3048 4922 a
3081 4866 3194 4922 Deo
3250 4858 3607 4949 accepimuil,
3632 4854 3817 4949 r3031“

2207 4963 2361 5014 terra
2391 4957 2844 5024 abseondamus,
2873 4957 2975 5013 sed
3007 4972 3139 5011 eum
3162 4967 3386 5025 magno
3422 4944 3694 5003 desiderio
3718 4944 3817 4988 ero-

2206 5063 2344 5121 gare
2372 5047 2736 5113 studeamus,
2753 5050 2816 5103 at
2834 5045 3197 5119 geminatum
3230 5038 3487 5097 Domino
3514 5029 3813 5128 referamus:

2205 5110 2276 5193 Et
2307 5136 2446 5208 quia
2485 5134 2638 5191 alius
2672 5110 2868 5191 artem;
2884 5131 3137 5208 legendi,
3169 5129 3329 5187 alius
3379 5118 3666 5208 cantandi,
3693 5110 3815 5169 alius

2202 5206 2577 5298 praedicandi,
2612 5222 2765 5280 alius
2795 5206 3097 5297 pingendi,
3132 5220 3286 5277 alius
3320 5235 3393 5275 ea
3420 5224 3550 5288 quae
3580 5206 3646 5298 ad
3676 5211 3813 5298 orna-

2201 5292 2466 5371 mentum
2511 5292 2763 5369 ecclesiis
2795 5292 3105 5385 pertinent
3167 5302 3503 5365 fabricandi
3565 5292 3814 5359 talentum

2199 5402 2439 5475 accepit,
2468 5400 2620 5456 alius
2652 5401 2760 5456 hoc
2790 5399 2943 5473 quod
2977 5398 3180 5455 didicit
3203 5396 3448 5453 studeat
3478 5396 3729 5478 erogare...

2195 5492 2311 5549 Nec
2336 5472 2533 5546 solum
2566 5489 2627 5545 in
2658 5472 3066 5548 ecclesiasticis
3112 5481 3491 5547 ministeriis,
3523 5474 3622 5533 sed
3664 5472 3811 5525 etiam

2193 5585 2332 5641 sunt
2391 5579 2539 5639 tales
2601 5577 2658 5635 in
2733 5578 2840 5638 hoc
2900 5577 3135 5656 populo,
3184 5573 3291 5651 qui
3366 5570 3625 5628 diversas
3679 5558 3809 5615 αι’ῐθο
