4060 6178
457 281 572 343 787

459 418 586 476 tiat.
618 418 689 497 Et
716 419 780 473 tu
809 431 946 490 ergo
977 416 1076 489 qui
1108 416 1275 488 cupis
1305 432 1433 472 esse
1471 413 1640 471 miles
1669 411 1786 479 Dei,
1819 410 2105 484 praecinge
2133 410 2189 474 Α

457 506 695 566 lumbos
725 511 879 573 tuos,
919 505 977 561 id
1034 510 1125 561 est
1154 504 1352 561 omnia
1382 504 1537 559 fluxa
1587 506 1643 558 et
1690 501 2111 573 impedimenta

461 597 668 652 mundi
702 599 1007 668 postpone,
1028 601 1092 650 ut
1123 610 1381 667 pugnare
1409 591 1605 648 valeas
1636 608 1751 647 non
1776 613 1801 640 ‹‹
1832 590 2110 646 adversus

463 703 696 742 carnem
718 690 776 742 et
796 690 1165 758 sanguinem,
1188 684 1288 737 sed
1321 683 1597 737 adversus
1630 680 1835 735 mundi
1861 683 2110 734 rectores

463 775 839 831 tenebrarum
880 773 1111 837 harum,
1141 764 1343 827 centra
1391 768 1718 841 spiritualia
1749 767 2019 840 nequitize
2049 766 2110 822 in

464 862 815 926 cmlestibus,
834 882 860 909 η
880 865 944 915 ut
961 859 1273 931 impleatur
1292 857 1349 913 in
1372 862 1428 914 te
1445 859 1599 931 quod
1623 858 1775 913 idem
1799 855 2112 928 Apostolus

466 950 773 1024 subjungit
805 967 817 1004 :
855 933 883 998 (ξ
910 950 1069 1004 State
1111 964 1248 1019 ergo
1293 948 1570 1003 succincti
1612 947 1845 1002 lumbos
1887 950 2113 1001 vestros

465 1042 524 1097 in
546 1040 802 1105 veritate,
828 1042 886 1094 et
910 1038 1098 1092 induti
1120 1036 1298 1093 lorica
1315 1036 1581 1108 justitiae,
1601 1040 1657 1092 et
1677 1035 1911 1092 calceati
1938 1035 2115 1108 pedes

465 1131 526 1185 in
560 1127 976 1201 praparatione
1007 1126 1298 1200 Evangelii
1333 1126 1491 1199 pacis
1523 1127 1675 1198 (Eph.
1703 1125 1797 1197 γι).
1836 1148 1864 1174 n
1897 1124 2116 1180 Taliter

467 1217 636 1274 miles
662 1221 987 1273 castrorum
1018 1215 1251 1271 lumbos
1282 1216 1678 1288 praecinxerat,
1698 1215 1931 1285 quando
1956 1213 2116 1268 audi-

465 1307 548 1361 vit
574 1323 587 1360 :
618 1326 645 1355 «
670 1304 919 1376 Accinge
942 1303 1094 1359 sicut
1116 1302 1200 1357 vir
1227 1302 1461 1357 lumbos
1485 1305 1615 1356 tuos
1644 1302 1768 1373 (Job
1793 1298 2049 1371 xxxviii).
2088 1322 2114 1348 »

468 1394 631 1451 Unde
661 1400 718 1449 et
746 1393 803 1448 in
837 1392 1008 1447 laude
1038 1390 1300 1448 Ecclesia:
1332 1391 1583 1447 dicitur:
1615 1412 1641 1439 «
1669 1389 1930 1445 Accinxit
1954 1388 2115 1444 forti-

468 1483 671 1539 tudine
699 1482 934 1537 lumbos
964 1496 1123 1548 suos,
1158 1484 1215 1535 et
1262 1479 1556 1535 roboravit
1604 1478 1907 1533 brachium
1941 1492 2127 1533 suum‘

467 1574 603 1645 (Job.
636 1573 727 1640 x1.)
761 1592 788 1620 »
820 1570 1099 1642 Quisquis
1130 1572 1324 1625 autem
1355 1567 1490 1623 talis
1522 1572 1630 1634 est,
1666 1566 1796 1625 aliis
1828 1567 1898 1622 ad
1931 1583 2119 1623 exem-

467 1661 630 1736 plum
660 1658 1004 1716 imitationis
1055 1658 1466 1730 proponendus
1503 1660 1612 1723 est,
1648 1655 1787 1728 quia
1836 1654 1988 1710 sicut
2036 1655 2119 1711 ait

463 1750 748 1812 Dominus
782 1767 795 1804 :
829 1771 857 1798 «
886 1749 1067 1804 Nemo
1099 1746 1366 1802 accendit
1396 1744 1694 1800 lucernam
1721 1748 1778 1799 et
1808 1744 1969 1816 ponit
1989 1761 2115 1799 eam
2147 1778 2195 1844 B

465 1840 577 1897 sub
608 1838 825 1904 modio,
858 1838 958 1892 sed
994 1852 1172 1907 super
1200 1832 1637 1896 candelabrum,
1672 1836 1736 1888 ut
1766 1833 1956 1889 luceat
1985 1850 2114 1888 om-

458 1929 642 1984 nibus
672 1927 773 1996 qui
804 1926 862 1980 in
895 1926 1065 1980 domo
1097 1927 1236 1978 sunt
1265 1924 1411 1995 (Luc.
1431 1922 1530 1993 xu).
1557 1943 1585 1970 »
1608 1921 1772 1977 Unde
1802 1927 2113 1994 postquam

465 2015 645 2071 dixit:
682 2036 709 2064 «
739 2013 871 2070 Sint
914 2012 1101 2068 lumbi
1141 2010 1314 2066 vestri
1349 2009 1638 2082 praecincti
1670 2015 1727 2066 et
1751 2009 1997 2065 lucernae
2028 2028 2114 2064 ar-

466 2105 692 2171 dentes,
728 2124 755 2151 »
788 2101 928 2174 quid
958 2118 1061 2173 per
1090 2100 1377 2164 lucernas,
1420 2098 1534 2154 nisi
1578 2115 1753 2170 opera
1784 2099 1935 2153 bona
1960 2099 2112 2155 desi-

466 2192 764 2267 gnantur?
785 2192 1078 2246 Lucernas
1110 2189 1379 2244 ardentes
1407 2187 1640 2255 habere,
1660 2192 1750 2244 est
1769 2188 1922 2243 bona
1942 2204 2114 2261 opera

468 2281 599 2338 aliis
624 2282 693 2337 ad
722 2279 1077 2336 imitandum
1109 2277 1616 2347 ostendere,juxta
1647 2275 1791 2331 illud
1825 2277 1978 2348 quod
2009 2277 2115 2332 Do-

467 2371 666 2427 minus
695 2369 835 2425 alibi
868 2369 984 2424 ait:
1011 2391 1038 2417 ‹‹
1062 2368 1274 2423 Luceat
1293 2364 1393 2421 lux
1419 2369 1610 2421 vestra
1640 2382 1836 2421 coram
1866 2364 2115 2421 homini-

466 2460 598 2526 bus,
618 2463 683 2515 ut
709 2456 944 2515 videant
973 2473 1148 2529 opera
1174 2458 1366 2510 vestra
1394 2453 1567 2520 bona,
1589 2458 1646 2508 et
1665 2452 1989 2527 gloriﬁcent
2012 2456 2115 2510 Pa-

466 2554 616 2604 trem
647 2552 905 2604 vestrum
934 2546 1034 2618 qui
1066 2546 1125 2601 in
1156 2543 1316 2600 coelis
1347 2547 1435 2599 est
1464 2542 1668 2614 (Matth.
1692 2543 1768 2614 v).
1791 2566 1816 2593 ››
1842 2542 2113 2599 Conside-

466 2639 716 2695 randum
749 2640 941 2692 autem
972 2634 1117 2690 illud
1148 2638 1256 2701 est,
1290 2649 1404 2705 quo
1436 2633 1550 2688 duo
1581 2636 1722 2688 sunt
1753 2649 1879 2704 quas
1910 2633 2113 2705 prazci-

465 2728 725 2800 piuntur,
760 2725 993 2781 lumbos
1024 2722 1240 2779 scilicet
1268 2722 1716 2794 praecingere,et
1735 2721 2005 2778 lucernas
2026 2740 2113 2778 ar-

464 2817 669 2872 dentes
699 2814 931 2879 babere,
967 2812 1103 2884 quia
1132 2827 1238 2866 nec
1268 2810 1506 2866 castitas
1537 2811 1774 2882 prodest
1805 2809 1929 2867 sine
1959 2812 2111 2867 bono

465 2921 657 2975 opere,
678 2918 781 2957 nec
803 2902 1024 2956 bonum
1055 2915 1201 2969 epus
1234 2897 1451 2969 aliquid
1486 2897 1637 2953 valet
1666 2898 1792 2954 sine
1825 2899 2109 2955 castitate.

466 2993 726 3047 Primum
760 2988 916 3045 enim
960 2986 1331 3059 praecipimur
1376 2985 1609 3041 lumbos
1655 2987 2024 3060 restringere,
2056 2991 2115 3044 et

466 3083 599 3152 post
626 3079 894 3135 lucernas
923 3080 1152 3132 tenere:
1182 3074 1320 3148 quia
1340 3074 1437 3131 ille
1468 3076 1538 3130 ad
1569 3074 1817 3131 aliorum
1848 3076 2113 3149 exempla

466 3167 896 3241 promovendus
925 3169 1033 3231 est,
1067 3163 1125 3220 in
1171 3147 1340 3237 cujus
1389 3168 1619 3237 pectore
1650 3163 1931 3220 salutaria
1958 3147 2113 3220 desi-
2145 3147 2188 3213 C

466 3255 629 3314 deria
657 3255 873 3328 vigent,
893 3259 949 3311 et
967 3255 1139 3325 cujus
1160 3258 1415 3309 mentem
1439 3249 1689 3309 carnalis
1710 3252 1978 3325 voluptas
2000 3271 2115 3308 non

465 3349 728 3419 occupat.
756 3344 919 3410 Quod
950 3343 1009 3398 in
1064 3342 1191 3411 lege
1240 3342 1673 3413 praeﬁguratum
1708 3345 1814 3408 est,
1849 3358 1983 3396 cum
2017 3359 2117 3414 per

465 3437 703 3507 Moysen
736 3431 1087 3505 prmeipitur,
1120 3435 1187 3487 ut
1216 3429 1397 3486 levita:
1430 3446 1617 3501 usque
1648 3431 1719 3485 ad
1752 3430 2116 3504 quinquage-

465 3523 684 3580 simum
715 3538 935 3578 annum
968 3520 1321 3585 ministrent,
1355 3522 1489 3590 post
1519 3535 1740 3573 annum
1769 3536 1903 3574 vero
1941 3519 2114 3591 quin-

465 3611 873 3685 quagesimum
887 3609 1161 3666 custodes
1173 3623 1443 3663 vasorum
1462 3605 1958 3678 ﬁant,legitimum
1973 3612 2114 3664 tem-

464 3718 574 3773 pus
605 3699 991 3763 attendentes,
1011 3696 1129 3752 sive
1154 3695 1226 3749 ad
1258 3693 1600 3766 regendum,
1621 3694 1740 3749 sive
1761 3694 1832 3749 ad
1852 3694 2108 3751 officium

461 3786 891 3863 praedicationis
935 3783 1377 3856 suscipiendum
1407 3781 1590 3853 (Num.
1626 3782 1765 3853 vm).
1799 3783 1907 3838 Sed
1955 3801 2109 3855 quae-

460 3879 608 3933 ritur
653 3892 833 3949 quare
882 3873 1180 3948 praecipiat
1222 3871 1491 3927 lucernas
1539 3875 1755 3936 tenere,
1787 3888 1919 3927 cum
1971 3871 2108 3928 alibi

457 3968 613 4022 dicat
647 3984 658 4023 :
694 3989 721 4016 ‹‹
755 3966 840 4021 Tu
872 3966 1066 4020 autem
1099 3977 1232 4017 cum
1287 3959 1561 4028 oraveris,
1596 3960 1750 4015 intra
1778 3960 1834 4015 in
1868 3961 2107 4017 cubicu-

456 4055 581 4112 lum
612 4057 878 4121 tuum,et
907 4051 1104 4108 clauso
1136 4049 1284 4107 ostio
1315 4066 1418 4105 ora
1441 4049 1665 4104 Patrem
1688 4052 1854 4104 tuum
1886 4050 2103 4121 (Matth.

455 4144 551 4215 v1).
590 4167 619 4193 ››
651 4143 735 4199 Ad
768 4140 923 4215 quod
955 4138 1289 4205 dicendum,
1324 4137 1464 4209 quia
1495 4136 1609 4192 illis
1642 4136 1974 4209 praecipitur
2003 4139 2104 4194 b0-

456 4249 599 4288 num
621 4248 768 4304 opus
789 4230 861 4286 ad
884 4227 1213 4299 exemplum
1239 4225 1487 4283 aliorum
1510 4225 1834 4291 ostendere,
1860 4225 1959 4296 qui
1984 4230 2103 4282 tam

455 4319 691 4393 perfecti
718 4322 873 4384 sunt,
894 4320 959 4371 ut
988 4316 1059 4370 ab
1087 4314 1426 4370 hominibus
1446 4311 1665 4366 laudati
1690 4329 1807 4368 non
1829 4313 2106 4370 extollan-

454 4412 571 4464 tur.
599 4406 722 4462 Illis
748 4408 942 4460 autem
976 4403 1073 4473 qui
1108 4400 1429 4471 imperfecti
1461 4404 1618 4466 sunt,
1640 4405 1741 4454 aut
1765 4416 1913 4472 quos
1945 4402 2103 4459 favor

454 4496 754 4550 humanus
774 4489 1020 4557 extollit,
1044 4480 1379 4562 praecipitur
1399 4505 1410 4543 :
1428 4510 1465 4561 _«
1490 4488 1578 4543 Tu
1602 4491 1796 4545 autem
1823 4507 1953 4545 cum
1987 4508 2113 4547 ora-
2149 4512 2190 4574 υ

449 4580 625 4650 veris,
656 4580 811 4637 intra
835 4579 895 4635 in
926 4576 1262 4635 cubiculum
1297 4582 1486 4632 tuum.
1523 4578 1588 4632 Et
1617 4594 1751 4633 cum
1783 4578 1926 4634 facis
1956 4579 2105 4636 elee-

451 4686 778 4745 mosynam,
814 4667 1035 4725 nesciat
1083 4664 1320 4723 sinistra
1350 4669 1450 4720 tua
1487 4666 1627 4736 quid
1662 4666 1836 4721 iaciat
1867 4667 2102 4724 dextera

447 4766 551 4817 tua
574 4759 781 4834 (Ibid)
813 4780 842 4809 η
875 4758 944 4812 Et
974 4755 1112 4829 quia
1134 4756 1304 4827 juxta
1330 4752 1575 4809 Joannis
1601 4770 1797 4809 vocem
1824 4771 1836 4808 :
1863 4778 1889 4805 ‹‹
1915 4756 1970 4810 Si
2001 4774 2101 4812 cor

448 4855 715 4907 nostrum
750 4864 866 4904 non
898 4843 1335 4918 reprehenderit
1364 4859 1491 4909 nos,
1515 4842 1790 4897 fiduciam
1814 4842 2099 4902 habemus

443 4940 506 4999 in
539 4939 632 4994 die
654 4936 862 5009 judicii
895 4936 1123 5003 (11mm.
1158 4932 1265 5003 ιιι),
1303 4954 1330 4981 ››
1363 4929 1699 5002 quicunque
1732 4930 1964 4988 lumbos
1994 4934 2096 4989 ba-

447 5027 587 5082 bent
631 5025 972 5098 praecinctos
1022 5028 1079 5077 et
1124 5021 1393 5077 lucernas
1441 5018 1730 5082 ardentes,
1782 5019 2091 5078 adventum

447 5114 678 5169 Domini
714 5129 827 5168 non
856 5116 977 5166 tam
1008 5111 1212 5165 timere
1233 5109 1444 5164 debent
1467 5121 1642 5177 quam
1665 5106 2096 5180 diligere.Unde

447 5206 503 5257 et
535 5200 808 5256 subditur
842 5217 854 5255 :

521 5312 548 5338 «
582 5289 649 5343 Et
673 5305 775 5343 vos
807 5285 1031 5343 similes
1059 5284 1393 5341 hominibus
1417 5284 1889 5355 exspectantibus
1912 5287 2095 5343 domi-

447 5401 474 5429 ‹‹
510 5395 645 5433 num
682 5394 877 5444 suum,
910 5375 1146 5446 quando
1174 5377 1491 5429 revertatur
1519 5389 1553 5426 a
1584 5372 1829 5443 nuptiis.
1865 5379 1929 5430 ut
1958 5393 2091 5432 cum

444 5489 472 5516 ‹‹
506 5466 724 5521 venerit
754 5470 810 5521 et
840 5462 1174 5537 pulsaverit,
1204 5462 1507 5517 confestim
1541 5461 1806 5532 aperiant
1836 5463 1905 5518 ei.
1940 5485 1965 5514 ι)
2005 5467 2087 5521 Ad

439 5556 674 5628 nuptias
696 5555 911 5626 quippe
933 5550 1218 5610 Dominus
1242 5555 1439 5605 noster
1461 5549 1622 5614 abiit,
1639 5552 1873 5620 quando
1896 5569 2092 5608 ascen-

1018 278 1429 345 HAYMONIS
1476 276 2017 342 HALBERSTAT.
2060 272 2306 336 EPISC.
2353 276 2526 338 OPP.
2571 277 2772 340 PARS
2817 278 2894 340 ll.
2924 270 2997 322 -ἰ-
3032 276 3294 341 HOMIL.

3679 288 3775 349 188

2220 410 2364 466 deus
2379 411 2390 464 i
2403 429 2432 465 u
2448 411 2654 467 coelum
2665 454 2677 479 ,
2688 410 3124 469 multitudinem
3136 411 3458 486 angelorum
3472 418 3776 481 novusbomo

2220 501 2330 557 sibi
2364 500 2621 559 sociavit.
2650 503 2815 558 Tunc
2837 505 3032 558 autem
3056 507 3365 559 revertetur
3381 505 3448 560 ad
3468 522 3638 564 servos
3652 527 3782 573 suos.

2221 591 2456 663 quando
2484 608 2590 663 per
2612 591 2905 663 judicium
2937 591 3293 647 manifestari
3320 594 3555 665 coeperit.
3576 595 3680 652 Sive
3706 598 3782 654 ali-

2218 685 2343 736 ter:
2379 682 2543 736 Certe
2576 680 2861 737 Dominus
2893 680 3061 737 nobis
3093 679 3345 753 quotidie
3370 682 3530 750 venit,
3549 701 3663 740 cum
3686 704 3786 743 con-

2221 769 2494 825 scientias
2534 774 2766 826 nostras
2812 787 2915 842 per
2961 787 3130 825 suam
3163 769 3401 841 gratiam
3428 770 3619 839 visitat,
3645 778 3789 832 etcor

2222 862 2491 916 nostrum
2521 875 2626 915 suo
2650 875 2846 915 amore
2869 858 3217 914 inﬂammat.
3237 858 3427 915 Pulsat
3448 875 3584 925 vero,
3601 865 3789 934 quando

2222 966 2325 1022 per
2344 948 2709 1020 aegritudinis
2732 948 3080 1013 molestiam,
3098 946 3344 1003 vicinam
3370 953 3591 1005 mortem
3611 950 3789 1007 denun-

2222 1038 2351 1093 tiat.
2370 1037 2475 1093 Cui
2507 1036 2603 1092 ille
2625 1037 2823 1093 statim
2845 1036 3049 1109 aperit,
3075 1036 3174 1108 qui
3200 1034 3359 1092 laetus
3378 1038 3444 1093 de
3462 1054 3669 1110 corpore
3684 1041 3788 1108 exit,

2224 1132 2280 1183 et
2309 1128 2438 1197 ejus
2488 1126 2761 1197 speciem,
2813 1142 2987 1197 quem
3022 1142 3250 1198 semper
3278 1125 3618 1192 desideravit,
3643 1128 3793 1185 videre

2226 1215 2607 1287 concupiscit.
2641 1214 2900 1271 Pulsanti
2924 1215 3111 1285 judici
3139 1214 3359 1286 aperire
3386 1214 3558 1282 timet,
3587 1217 3670 1288 qui
3696 1219 3792 1287 ejus

2227 1302 2529 1376 praceptis
2579 1320 2640 1360 se
2685 1302 2926 1358 minime
2974 1303 3405 1375 obtemperasse
3433 1304 3796 1376 cognoscitzet

2225 1392 2417 1447 videre
2447 1408 2582 1447 eum
2614 1391 2811 1447 exiens
2843 1391 2914 1447 de
2945 1407 3184 1464 corpore
3222 1392 3486 1465 trepidat,
3518 1409 3669 1465 quem
3693 1409 3794 1449 con-

2225 1480 2538 1553 tempsisse
2568 1497 2629 1535 se
2661 1478 2960 1535 meminit:
2984 1483 3041 1536 et
3071 1479 3238 1552 quasi
3260 1480 3512 1551 judicem
3532 1479 3697 1537 videre
3712 1498 3799 1538 me-

2226 1569 2360 1635 tuit,
2393 1570 2563 1640 cujus
2587 1569 2777 1639 jussis
2809 1585 2870 1624 se
2913 1570 3345 1641 obtemperasse
3388 1585 3495 1624 non
3541 1568 3797 1643 cognoscit.

2227 1658 2391 1715 Sicut
2419 1657 2574 1713 enim
2607 1656 2827 1729 judicis
2859 1657 3173 1713 adventum
3205 1658 3264 1712 in
3297 1656 3518 1713 civitate
3561 1657 3670 1727 ejus
3689 1656 3802 1729 justi

2227 1746 2498 1819 diligunt,
2534 1748 2690 1802 fures
2720 1751 2777 1802 et
2805 1745 3062 1801 latrones
3095 1745 3341 1801 timent:
3366 1745 3446 1801 ita
3471 1749 3524 1802 ct
3549 1747 3801 1801 adventum

2225 1835 2453 1892 Domini
2488 1835 2570 1891 illi
2592 1835 2818 1901 timent,
2834 1834 2933 1907 qui
2958 1836 3085 1907 ejus
3109 1834 3409 1908 praeceptis
3430 1852 3489 1891 se
3511 1832 3717 1890 minime
3732 1835 3802 1890 ob-

2224 1929 2582 1996 temperasse
2613 1924 2825 1979 sciunt.
2860 1923 2979 1979 Soli
3010 1928 3205 1981 autem
3240 1922 3323 1979 illi
3355 1922 3612 1996 diligunt,
3631 1924 3713 1995 qui
3737 1941 3801 1978 re-

2225 2016 2312 2069 cte
2342 2030 2402 2069 se
2431 2013 2616 2068 vivere
2649 2012 2911 2069 recolunt
2937 2029 2951 2070 :
2982 2013 3137 2085 quod
3168 2011 3404 2068 illorum
3435 2017 3520 2068 est
3548 2012 3803 2084 facere,qui

2222 2103 2401 2159 vitam
2434 2119 2602 2158 suam
2636 2106 2921 2174 quantum
2944 2101 3205 2157 humana
3225 2101 3503 2174 fragilitas
3522 2101 3806 2173 patitur.in-

2223 2190 2573 2263 culpabilem
2632 2190 2994 2258 custodiunt,
3035 2194 3093 2245 et
3139 2207 3242 2246 cor
3293 2207 3464 2246 suum
3511 2190 3575 2244 de
3626 2194 3806 2245 terreno

2223 2296 2420 2336 amore
2450 2281 2510 2336 in
2542 2278 2793 2335 cmlestis
2824 2278 3021 2350 patriae
3052 2279 3270 2350 gaudio
3301 2282 3537 2350 ponunt.
3552 2276 3690 2333 Talis
3715 2282 3809 2333 erat

2224 2368 2436 2425 Paulus
2468 2367 2791 2441 apostolus,
2825 2368 2922 2440 qui
2958 2369 3029 2424 de
3059 2366 3233 2423 bonis
3263 2367 3486 2424 actibus
3515 2383 3725 2423 securus
3747 2365 3809 2421 di~

2223 2459 2386 2513 cebat
2406 2474 2420 2512 :
2444 2480 2470 2507 ‹‹
2492 2458 2605 2529 Ego
2622 2463 2815 2513 autem
2833 2457 2960 2528 jam
2983 2455 3296 2525 delibor,et
3317 2460 3541 2528 tempus
3561 2472 3682 2512 mea:
3697 2471 3812 2510 reso-

2223 2546 2463 2603 lutionis
2516 2546 2715 2602 instat.
2752 2546 2976 2601 Bonum
3024 2540 3323 2601 certamen
3367 2545 3588 2610 certavi,
3618 2558 3807 2599 cursum

2222 2634 2645 2704 consummavi,
2672 2635 2845 2691 fidem
2878 2634 3122 2700 servavi,
3145 2634 3217 2691 de
3253 2632 3473 2707 reliquo
3502 2633 3724 2705 reposita
3745 2635 3809 2686 est

2223 2725 2367 2780 mihi
2417 2741 2631 2780 corona
2669 2723 2914 2794 justitize
2969 2724 3048 2795 (ll
3097 2725 3236 2779 Tim.
3288 2723 3385 2795 ιν).
3422 2745 3449 2773 ››
3492 2724 3556 2778 Et
3597 2721 3805 2777 iterum:

2222 2837 2249 2862 ‹‹
2283 2813 2462 2886 Cupio
2494 2811 2752 2878 dissolvi,
2772 2816 2829 2867 et
2854 2828 2983 2868 esse
3013 2828 3148 2867 cum
3178 2811 3414 2868 Christo
3444 2810 3616 2867 multo
3643 2808 3809 2866 melius

2221 2908 2311 2959 est
2338 2904 2567 2975 (Philip.
2602 2902 2664 2973 ι).
2701 2922 2729 2951 ››
2757 2903 2823 2957 Et
2853 2918 3058 2957 rursus
3090 2916 3103 2954 :
3139 2924 3167 2950 ‹‹
3198 2900 3346 2956 Vivo
3376 2903 3562 2956 autem
3584 2900 3692 2971 jam
3722 2913 3808 2951 non

2221 3009 2347 3064 ego,
2381 2992 2520 3046 vivit
2564 3008 2695 3047 vero
2746 2991 2804 3045 in
2858 3007 2950 3045 me
2998 2989 3272 3046 Christus
3304 2989 3445 3061 (Gal.
3477 2990 3557 3060 ιι).
3589 3010 3614 3039 n
3641 2985 3814 3044 Taliter

2225 3080 2481 3154 pulsanti
2527 3079 2713 3152 judici
2766 3080 2975 3135 beatus
3020 3079 3315 3135 Martinus
3369 3077 3584 3151 aperire
3626 3078 3815 3148 paratus

2227 3175 2371 3238 erat,
2403 3170 2637 3241 quando
2660 3168 2812 3223 inter
2839 3167 3204 3241 aegritudinis
3240 3167 3566 3224 molestiam
3595 3162 3818 3221 constitu-

2223 3263 2340 3330 tus,
2365 3257 2784 3329 discipulorum
2812 3256 3045 3312 ﬂetibus
3066 3260 3425 3322 commotus,
3447 3254 3659 3311 dicebat
3676 3268 3689 3306 :
3709 3251 3817 3306 Gra-

2222 3346 2312 3403 vis
2342 3351 2450 3415 est,
2486 3345 2746 3413 Domine,
2779 3361 2976 3418 pugna
3004 3343 3249 3411 laboris,
3277 3362 3397 3418 qua
3424 3344 3703 3414 hucusque
3725 3353 3818 3393 cer-

2223 3435 2357 3500 tavi,
2379 3436 2474 3491 sed
2511 3436 2557 3489 si
2590 3433 2782 3490 adhuc
2814 3433 3027 3505 populo
3057 3438 3157 3489 tuo
3187 3450 3327 3489 sum
3360 3431 3819 3492 necessarius,non

2222 3540 2425 3580 recuso
2458 3527 2692 3597 prepter
2720 3539 2818 3578 eos
2853 3521 3106 3578 laborem
3132 3538 3145 3576 :
3180 3523 3290 3579 ﬁat
3320 3522 3584 3578 voluntas
3608 3524 3710 3575 tua.
3736 3516 3819 3570 Ta-

2221 3612 2379 3668 libus
2409 3611 2599 3685 qualis
2643 3610 3039 3667 remuneratio
3088 3618 3419 3684 przeparata
3467 3610 3558 3679 sit,
3590 3605 3821 3665 Dominus

2220 3701 2558 3756 manifestat
2587 3717 2721 3756 cum
2753 3701 2954 3756 subdit
2985 3717 2997 3754 :

2293 3811 2320 3839 α
2352 3789 2508 3845 Beati
2541 3789 2690 3845 servi
2712 3789 2818 3857 illi,
2840 3805 2988 3861 quos
3013 3805 3147 3845 cum
3173 3789 3404 3846 venerit
3423 3786 3681 3845 dominus
3698 3783 3819 3838 inve-

2219 3903 2247 3930 ‹‹
2281 3878 2430 3934 nerit
2458 3877 2782 3951 vigilantes.
2810 3901 2837 3927 ››
2862 3877 3112 3950 Vigilare
3131 3877 3294 3934 enim
3323 3884 3430 3946 est,
3452 3878 3507 3933 in
3532 3878 3669 3932 bono
3686 3883 3818 3944 opere

2218 3983 2699 4041 unumquemque
2729 3965 3047 4022 sollicitum
3075 3981 3227 4023 esse.
3259 3966 3365 4023 Ille
3393 3983 3526 4022 vero
3552 3965 3685 4021 bene
3709 3956 3816 4029 vigi-

2214 4058 2315 4124 lat,
2349 4057 2445 4129 qui
2480 4060 2631 4112 recte
2658 4054 2843 4111 credit
2871 4058 2929 4109 et
2979 4058 3131 4110 recte
3174 4054 3338 4111 vivit.
3392 4054 3618 4128 Vigilat,
3656 4066 3739 4121 qui
3763 4044 3815 4099 ad

2215 4150 2516 4218 aspectum
2546 4143 2663 4200 veri
2694 4142 2936 4199 luminis
2966 4147 3196 4215 apertos
3231 4148 3399 4200 tenet
3416 4141 3608 4200 oculos
3629 4134 3817 4196 mentis.

2212 4234 2314 4290 Vel
2346 4238 2499 4289 certe
2551 4232 2772 4306 vigilat,
2806 4231 2907 4303 qui
2958 4236 3255 4303 torporem
3308 4236 3369 4288 et
3398 4227 3773 4305 negligentiam
3795 4237 3821 4274 ι

2213 4340 2274 4380 se
2303 4323 2543 4387 excutit,
2562 4326 2618 4377 et
2647 4319 2858 4375 divinis
2890 4319 3186 4376 mandatis
3219 4321 3457 4377 ardenti
3478 4319 3663 4376 animo
3678 4312 3819 4369 inbe-

2211 4416 2317 4470 ret.
2342 4410 2560 4466 Taliter
2585 4409 2800 4465 Paulus
2829 4407 3127 4480 apostolus
3157 4408 3406 4482 vigilare
3439 4397 3820 4471 monebat,qui-

2222 4502 2332 4556 bus
2388 4498 2616 4554 dicebat
2648 4514 2660 4551 :
2694 4519 2722 4547 ‹‹
2756 4496 3052 4570 Evigilate,
3095 4497 3271 4568 justi,
3307 4503 3368 4555 et
3414 4496 3587 4555 nolite
3628 4498 3822 4567 peccare

2215 4591 2263 4659 (1
2293 4590 2412 4645 Cor.
2446 4595 2560 4655 xv).
2595 4609 2622 4636 ››
2656 4587 2726 4642 Et
2773 4586 2985 4642 iterum
3021 4603 3034 4642 :
3070 4608 3098 4636 ‹‹
3132 4586 3292 4643 Hora
3343 4592 3436 4644 est
3472 4588 3594 4659 jam
3639 4596 3729 4638 nos
3768 4574 3822 4628 de

2212 4694 2419 4735 somno
2448 4692 2685 4748 surgere
2720 4678 2892 4741 (Rom.
2926 4675 3070 4746 xm).
3120 4698 3150 4725 »
3180 4677 3254 4732 Et
3286 4693 3497 4732 rursus
3524 4692 3539 4729 :
3570 4696 3590 4721 ι
3619 4666 3822 4741 Vigila“?

2209 4772 2267 4823 et
2298 4770 2475 4831 orate,
2508 4768 2565 4820 et
2594 4768 2742 4820 state
2764 4764 2823 4818 in
2858 4763 2968 4819 [ide
3001 4765 3049 4836 (I
3078 4766 3199 4821 Cor.
3223 4766 3369 4837 xv1).
3402 4788 3430 4816 ››
3459 4763 3653 4820 Adhuc
3678 4757 3820 4813 etiam

2209 4856 2395 4928 ipsius
2419 4850 2904 4911 remunerationis
2927 4852 3182 4925 qualitas
3204 4854 3547 4910 insinuatur
3564 4863 3688 4905 cum
3709 4841 3817 4899 sub-

2207 4944 2365 5000 ditur
2396 4960 2407 4999 :
2450 4962 2470 4990 «
2503 4943 2685 4998 Amen
2717 4941 2846 4997 dico
2876 4942 3036 4998 vobis
3067 4942 3222 5014 quod
3255 4941 3575 5014 praecinget
3601 4953 3657 4993 se
3684 4936 3731 4988 et
3753 4930 3819 4984 fa-

2207 5056 2234 5081 ‹‹
2254 5032 2365 5087 ciet
2382 5030 2512 5087 illos
2530 5029 2898 5086 discumbere
2914 5034 2972 5085 et
2986 5029 3285 5086 transiens
3302 5025 3658 5085 ministrabit
3678 5019 3814 5075 illis.-

2205 5119 2482 5191 Praecingi
2512 5135 2644 5173 vero
2675 5117 2797 5182 Dei,
2831 5122 2920 5173 est
2949 5119 3018 5174 ad
3062 5116 3514 5174 retributionem
3548 5131 3609 5170 se
3637 5121 3819 5184 praepa-

2204 5224 2351 5263 rare.
2408 5207 2683 5262 Nostrum
2736 5210 2930 5262 autem
2980 5207 3380 5273 discumbere,
3412 5208 3503 5261 est
3544 5203 3604 5258 in
3642 5202 3821 5252 ωιεπιι

2202 5288 2563 5351 beatitudine
2613 5294 2931 5367 quiescere,
2957 5297 3128 5368 juxta
3174 5297 3335 5368 quod
3390 5295 3516 5366 ipse
3561 5287 3691 5348 alibi
3719 5282 3819 5339 ait:

2202 5407 2230 5433 ‹‹
2255 5383 2419 5439 Multi
2444 5383 2674 5438 venient
2696 5383 2767 5438 ab
2794 5383 3013 5440 oriente
3030 5389 3087 5441 et
3111 5385 3503 5451 occidente,et
3523 5370 3822 5436 recumbenl

2201 5490 2334 5528 cum
2362 5472 2677 5538 Abraham,
2701 5476 2757 5527 et
2786 5473 2965 5541 Isaac,
2986 5478 3043 5529 et
3069 5473 3242 5529 Jacob
3275 5473 3337 5528 in
3373 5487 3552 5544 regno
3581 5462 3822 5523 calorum

2200 5560 2405 5632 (Matth.
2439 5565 2579 5628 vni).
2616 5583 2636 5608 ιο
2673 5560 2942 5617 Transire
2989 5579 3122 5618 vero
3165 5561 3407 5628 dicitur,
3441 5575 3574 5614 cum
3602 5554 3724 5627 post
3740 5548 3820 5619 lu'
