3980 6174
165 354 289 417 789

1412 346 1767 411 llOMlLl/E
1810 346 1913 409 DE
1956 344 2354 413 TEMPORE.

3459 345 3579 410 790

163 497 391 555 dicium
429 494 499 553 ad
551 511 796 568 regnum
846 496 1132 569 properat.
1183 489 1286 549 Vel
1334 495 1487 550 certe
1538 490 1815 549 Dominus
1846 482 1903 551 Α
1930 503 2101 559 opere
2127 489 2332 558 torpet,
2362 487 2418 541 et
2439 480 3574 558 brevissimumtempusvitaapraasentis,

161 589 466 645 transiens
495 585 666 643 nobis
694 583 1072 650 ministrabit,
1101 601 1235 640 cum
1268 584 1340 639 de
1355 583 1543 639 forma
1556 581 1823 638 humani-

160 678 304 735 tatis
317 693 507 750 usque
519 676 591 732 ad
604 674 1111 747 contemplandam
1128 674 1471 733 charitatem
1491 673 1820 729 Divinitatis

160 786 273 825 nos
304 767 604 840 perducet.
639 764 927 821 Omnibus
964 764 1121 819 enim
1160 763 1220 819 in
1263 762 1490 834 judicio
1522 764 1581 818 in
1634 763 1822 819 forma

160 857 557 915 humanitatis
605 855 930 927 apparebit,
971 855 1152 926 justis
1201 854 1424 909 scilicet
1454 860 1511 910 et
1559 853 1817 925 injustis,

161 943 321 1006 sicut
351 945 637 1019 scriptum
670 948 790 1001 est:
826 968 853 995 ‹‹
874 945 1175 1002 Etvidebit
1191 945 1384 1001 omnis
1402 962 1535 1002 caro
1568 943 1821 999 salutare

161 1038 262 1096 Dei
297 1038 485 1095 nostri
536 1037 663 1104 (Isa.
714 1038 829 1104 XL).
863 1057 893 1087 »
924 1035 1035 1091 Sed
1086 1034 1348 1107 reprobis
1391 1037 1555 1106 justo
1596 1033 1820 1105 judicio

160 1128 486 1193 damnatis,
513 1127 685 1199 juxta
702 1124 849 1181 illud
876 1125 1030 1197 quod
1055 1123 1342 1195 scriptum
1357 1127 1475 1180 est:
1512 1147 1538 1174 «
1560 1123 1824 1180 Tollatur

161 1218 410 1292 impius,
444 1234 516 1273 ne
546 1214 738 1272 videat
772 1213 1017 1288 gloriam
1062 1214 1163 1269 Dei
1212 1216 1339 1285 (Isa.
1390 1216 1563 1285 xxv»),
1602 1236 1628 1263 ››
1680 1213 1821 1269 solis

160 1308 368 1366 electis
398 1304 666 1371 transiet,
698 1322 846 1378 quos
875 1305 945 1360 de
963 1303 1187 1359 visione
1217 1303 1603 1360 humanitatis
1633 1320 1821 1374 usque

160 1400 235 1454 ad
269 1394 786 1469 contemplandum
826 1392 1505 1450 charitatemDivinitatis
1536 1392 1819 1449 sublima-

156 1486 439 1556 hit,utqui
453 1486 627 1542 modo
639 1484 1181 1540 intuenturtantum
1196 1482 1664 1549 hominem,tunc
1677 1481 1821 1538 facie

156 1579 233 1635 ad
266 1576 475 1633 faciem
509 1576 847 1631 mereantur
870 1572 1065 1628 videre
1095 1572 1302 1635 Deum,
1352 1571 1604 1644 qualiter
1654 1572 1823 1628 Pater

152 1670 220 1725 in
254 1666 421 1731 Filio,
453 1669 511 1722 et
541 1663 720 1721 Filius
746 1666 946 1719 manet
977 1662 1035 1717 in
1053 1663 1240 1717 Patre.
1258 1662 1369 1717 Sed
1388 1661 1527 1734 quia
1545 1662 1821 1718 omnibus

155 1756 471 1833 prementis
500 1754 628 1811 vitae
657 1752 945 1810 terminus
976 1751 1235 1807 incertus
1251 1753 1358 1816 est,
1393 1754 1548 1807 recte
1581 1751 1821 1822 subjun-

158 1848 355 1923 gitur:

235 1962 264 1989 α
297 1939 371 1995 Et
398 1937 448 1993 si
476 1933 701 1991 venerit
725 1933 782 1989 in
816 1932 1075 1989 secunda
1104 1931 1320 2005 vigilia,
1353 1935 1411 1986 et
1454 1930 1502 1985 si
1533 1929 1590 1986 in
1646 1931 1820 1986 tertia

165 2051 197 2083 α
224 2025 430 2102 vigilia
458 2023 681 2081 venerit
709 2026 766 2078 et
796 2022 876 2077 ita
916 2020 1219 2087 invenerit,
1272 2021 1428 2077 beati
1481 2024 1620 2098 sunt
1668 2019 1817 2074 servi

162 2142 194 2170 κ
229 2116 339 2174 illi.
376 2140 402 2166 ››
433 2112 672 2186 Antiqui
702 2112 858 2169 enim
889 2111 1195 2167 noctemin
1228 2096 1821 2181 quatuorvigiliasdi-

155 2207 464 2270 videbant,
495 2204 577 2260 ita
607 2207 672 2259 ut
713 2217 1079 2274 unaquaeque
1121 2199 1321 2274 vigilia
1350 2199 1535 2255 trinas
1579 2200 1822 2255 haberet

157 2300 367 2356 horas.
397 2293 722 2351 Varietates
762 2307 1017 2363 namque
1063 2290 1366 2357 horarum,
1421 2289 1819 2345 diversitatem

156 2385 509 2460 signiﬁcant
537 2382 809 2437 humana:
839 2379 1180 2436 vocationis.
1202 2378 1398 2433 Prima
1414 2377 1570 2433 enim
1599 2376 1817 2451 vigilia,

153 2477 514 2549 primzevum
545 2475 635 2528 est
662 2474 898 2542 tempus
929 2471 1139 2524 nostra:
1153 2466 1358 2534 aetatis,
1373 2467 1429 2521 id
1446 2470 1533 2522 est
1550 2466 1818 2538 pueritia.

156 2564 443 2624 Secunda
470 2559 688 2632 vigilia,
707 2557 1102 2614 adolescentia
1128 2555 1214 2612 vel
1222 2557 1522 2627 juventus,
1541 2573 1666 2628 qua:
1678 2572 1823 2628 pene

156 2656 327 2711 idem
360 2656 523 2716 sunt,
556 2648 865 2706 Salomone
891 2647 1145 2703 dicente:
1181 2669 1209 2694 «
1246 2645 1823 2716 Lzetare,juvenis,in

157 2740 602 2801 adelesccentia
628 2742 732 2794 tua
758 2737 953 2809 (Ecclc.
984 2735 1086 2803 χι).
1120 2757 1147 2784 ››
1180 2734 1377 2790 Tertia
1416 2733 1614 2805 vigilia
1660 2750 1824 2789 sene-

158 2838 299 2891 ctus
332 2834 445 2887 est.
478 2828 621 2885 Cum
650 2843 784 2883 vero
815 2823 1102 2882 Dominus
1134 2822 1447 2880 nonnullos
1478 2824 1536 2877 in
1577 2822 1828 2895 pueritia

155 2924 320 2979 bene
350 2921 662 2993 operantes
694 2916 766 2971 ab
795 2914 906 2970 hac
932 2913 1051 2968 vita
1083 2917 1266 2979 vocat,
1315 2912 1482 2982 quasi
1514 2913 1583 2967 ad
1630 2928 1826 2968 servos

153 3011 486 3087 vigilantes
519 3008 575 3063 in
625 3005 814 3080 prima
858 3002 1057 3077 vigilia
1095 3002 1271 3057 venit.
1320 3001 1463 3057 Cum
1508 3018 1641 3057 vero
1680 3001 1827 3057 alios

155 3104 226 3160 in
255 3097 657 3157 adolescentia
682 3094 770 3150 vel
794 3094 1103 3166 juventute
1124 3090 1637 3156 abhacvitaducit,
1658 3089 1827 3161 quasi

158 3194 226 3249 in
261 3188 533 3247 secunda
551 3183 751 3258 vigilia
776 3182 953 3239 venit.
987 3182 1045 3238 Si
1078 3181 1213 3253 quis
1243 3196 1378 3253 ergo
1410 3179 1468 3234 in
1488 3178 1825 3252 primavigi-

157 3283 245 3339 lia
268 3277 519 3352 vigilare
549 3274 821 3340 noluerit,
851 3271 1058 3328 saltem
1090 3271 1185 3326 hic
1212 3269 1273 3325 in
1302 3269 1557 3325 secunda
1604 3267 1821 3340 vigilet,

159 3372 219 3428 id
254 3375 374 3427 est.
412 3367 460 3424 si
480 3364 679 3439 quisin
696 3361 944 3436 pueritia
957 3361 1152 3416 abono
1165 3375 1336 3431 opere
1359 3356 1823 3430 torpuit,saltem

158 3463 222 3517 in
257 3452 667 3516 adolescentia
693 3449 779 3508 vel
799 3452 1108 3521 juventute
1139 3464 1412 3503 somnum
1433 3446 1681 3518 torporis
1710 3462 1743 3500 a
1765 3461 1825 3500 se

160 3546 457 3609 excutiat,
491 3548 549 3600 et
577 3543 717 3598 dum
747 3540 932 3595 virtus
955 3537 1214 3610 corporis
1229 3535 1476 3609 viget,in
1490 3535 1827 3606 bono'opere

161 3657 226 3697 se
256 3637 551 3695 exerceat.
584 3631 643 3689 Si
670 3628 802 3703 quis
834 3631 1029 3684 autem
1046 3630 1167 3682 tam
1185 3625 1487 3699 negligens
1499 3629 1554 3680 et
1576 3623 1828 3680 desidio-

162 3748 273 3785 sus
307 3724 492 3782 fuerit
521 3721 810 3785 inventus,
844 3721 1025 3773 utnec
1055 3715 1111 3771 in
1127 3714 1336 3788 prima,
1362 3731 1468 3769 nec
1499 3713 1558 3769 in
1572 3715 1833 3769 secunda

159 3816 376 3891 vigilia
401 3808 745 3885 vigilaverit,
778 3806 986 3864 saltem
1017 3805 1077 3859 in
1106 3804 1298 3871 tertia,
1333 3802 1389 3858 id
1438 3806 1526 3858 est
1554 3802 1615 3857 in
1664 3818 1829 3858 sene-

162 3910 336 3963 ctute
358 3904 488 3975 jam
521 3897 845 3971 resipiscat,
873 3898 1078 3952 ettune
1103 3892 1469 3966 vigilarenon
1484 3891 1830 3948 timeatcum

164 4010 391 4070 parum
422 3989 770 4063 vigilaturus
800 3988 908 4041 est.
938 3985 1137 4055 Neque
1168 3981 1323 4038 enim
1365 3997 1492 4037 sero
1525 3996 1831 4036 conversos

166 4069 377 4141 divina
405 4080 592 4153 pietas
618 4074 887 4149 despicit,
918 4072 1019 4146 qui
1044 4071 1497 4144 perprophetam
1516 4070 1599 4125 ait
1620 4069 1829 4139 (Ezech.

166 4172 376 4241 xvm):
420 4189 442 4216 ι
466 4167 608 4222 Vivo
638 4181 765 4239 ego,
801 4161 1268 4227 dicitDominus;
1301 4159 1694 4214 nolomortem
1711 4174 1836 4230 pec-

168 4260 425 4324 catoris,
454 4257 555 4313 sed
596 4259 661 4310 ut
707 4254 1078 4310 convertatur
1106 4253 1164 4305 et
1209 4248 1381 4303 vivat.
1414 4247 1542 4318 »-Et
1588 4248 1831 4302 iterum:

171 4378 201 4405 ‹‹
238 4351 525 4408 Peccator
552 4357 902 4417 quacunque
933 4339 1026 4395 die
1056 4355 1371 4395 conversus
1401 4336 1573 4391 fuerit
1607 4335 1835 4408 etinge-

172 4438 426 4501 muerit,
460 4434 656 4489 salvus
687 4430 816 4487 erit.
847 4448 875 4482 »ι
911 4428 1024 4485 Sed
1057 4426 1195 4500 quia
1229 4425 1377 4482 solet
1425 4424 1701 4497 antiquus
1736 4424 1836 4480 ho-

173 4530 292 4586 stis
326 4527 387 4582 in
418 4525 530 4580 hac
557 4525 720 4595 parte
768 4518 997 4591 tepidos
1046 4515 1310 4586 decipere
1357 4513 1737 4580 Christianos,
1772 4517 1838 4569 ut

174 4617 407 4693 quibus
437 4610 644 4669 suadet
691 4606 946 4681 culpam,
996 4604 1231 4693 longam
1260 4604 1589 4693 “promittat
1633 4602 1836 4670 vitam,
1870 4601 1916 4664 D

175 4690 382 4763 adhuc
414 4699 700 4757 Dominus
726 4693 1096 4753 admonendo
1136 4691 1586 4749 similitudinem
1634 4690 1840 4748 incerti

173 4795 323 4852 ﬁnis
355 4789 580 4853 subdit,
612 4787 841 4843 dicens:

253 4906 284 4933 α
326 4882 446 4937 Hoc
475 4881 673 4934 autem
704 4874 928 4939 scitote,
950 4870 1227 4944 quoniam
1241 4871 1290 4926 si
1319 4871 1494 4927 sciret
1507 4867 1839 4942 paterfami-

183 4999 204 5023 ι
240 4972 363 5029 lias
397 4985 517 5041 qua
543 4967 689 5023 hora
717 4965 811 5020 fur
838 4962 1082 5028 veniret,
1111 4960 1379 5033 vigilaret
1409 4960 1611 5032 utique
1641 4964 1697 5014 et
1728 4977 1841 5014 non

180 5090 209 5115 α
244 5062 478 5118 sineret
507 5053 731 5130 perfodi
761 5054 1003 5109 domum
1026 5065 1215 5107 suam.
1244 5072 1271 5099 »
1294 5048 1741 5106 Juxtalitteram
1765 5047 1846 5103 ita

177 5156 299 5217 est,
336 5147 480 5221 quia
510 5141 927 5216 paterfamilias
957 5139 1302 5195 thesaurum
1334 5137 1701 5194 reconditum
1741 5136 1844 5191 ha-

180 5243 340 5297 hens
370 5237 432 5293 in
466 5235 662 5300 domo,
694 5230 743 5287 si
773 5229 922 5286 furis
956 5229 1268 5284 adventum
1292 5228 1487 5293 sciret,
1517 5225 1748 5299 vigilias
1766 5225 1848 5279 in-

178 5328 470 5391 strueret,
502 5319 799 5378 custodias
830 5316 1149 5385 adhiberet,
1169 5313 1639 5370 inﬁrmioraloca
1656 5314 1846 5368 muni-

180 5422 303 5482 ret,
337 5419 396 5471 et
428 5429 501 5469 ne
533 5427 641 5467 sua
667 5409 878 5464 domus
910 5404 1109 5477 aliqua
1138 5404 1341 5459 fraude
1373 5403 1593 5476 perfodi
1629 5406 1848 5474 posset,

180 5505 492 5565 sollicitus
523 5499 884 5572 praecaveret.
913 5491 1309 5567 Spiritualiter
1353 5496 1547 5547 autem
1598 5490 1851 5562 paterfa-

183 5595 394 5655 milias
425 5590 560 5657 iste,
596 5588 889 5643 nosterest
902 5583 1155 5649 animus,
1176 5581 1274 5655 qui
1294 5585 1428 5635 tunc
1444 5578 1593 5633 male
1612 5595 1851 5633 securus

186 5681 441 5751 dormit,
500 5675 733 5752 quando
781 5673 935 5731 diem
987 5670 1192 5729 mortis
1241 5668 1610 5735 obliviscens,
1639 5685 1672 5724 a
1701 5667 1852 5723 bono

1844 1858 1893 1924 B

1931 575 2099 648 quasi
2129 576 2370 647 longum
2401 574 2513 629 sibi
2545 572 2851 646 promittit.
2888 572 3056 629 Furis
3072 577 3267 629 autem
3297 576 3583 632 adventus

1932 683 2091 722 mors
2122 670 2229 737 est,
2263 683 2391 737 quae
2425 664 2742 736 improvisa
2773 663 2970 719 subito
3002 663 3144 719 dum
3167 680 3283 719 non
3316 668 3584 737 speratur

1928 756 2188 821 veniens,
2219 755 2564 810 thesaurum
2596 753 2807 809 anima:
2837 756 3047 808 nostra:
3080 753 3151 809 ad
3184 770 3385 826 poenas
3412 754 3584 826 rapit.

1931 846 2120 916 Hujus
2153 861 2289 917 ergo
2321 844 2470 899 furis
2493 844 2826 906 adventum,
2855 845 3248 913 utpraecavere
3262 841 3583 914 possimus,

1932 950 2167 989 necesse
2216 937 2306 988 est
2352 936 2417 987 ut
2459 932 2614 986 diem
2666 929 2874 986 mortis
2923 947 3155 1003 semper
3203 936 3338 987 ante
3386 931 3588 989 oculos

1930 1024 2274 1079 habeamus.
2309 1020 2560 1077 Multum
2598 1020 2756 1076 enim
2790 1036 2896 1075 nos
2948 1020 3228 1075 adversus
3279 1022 3583 1092 peccatum

1923 1115 2109 1185 juvat,
2143 1113 2190 1168 si
2217 1112 2349 1168 linis
2380 1111 2508 1166 vitae
2542 1128 2575 1166 a
2608 1109 2887 1165 memoria
2909 1124 3022 1164 non
3042 1109 3289 1175 recedat,
3309 1114 3582 1166 monente

1931 1203 2262 1275 Scriptura:
2298 1226 2325 1252 «
2360 1203 2422 1257 In
2455 1190 2729 1256 omnibus
2767 1197 3040 1271 operibus
3089 1198 3207 1254 tuis
3254 1215 3580 1255 memorare

1932 1294 2253 1350 novissima
2283 1297 2403 1360 tua,
2438 1295 2497 1347 et
2524 1290 2581 1344 in
2615 1293 2897 1345 internum
2930 1305 3045 1343 non
3076 1285 3346 1359 peccabis
3388 1286 3576 1359 (Εεεὶί.

1930 1381 2052 1454 vn).
2090 1405 2116 1431 ››
2176 1381 2338 1437 Unde
2383 1384 2441 1435 et
2496 1378 2781 1435 Dominus
2834 1377 3200 1433 admonendo
3250 1375 3576 1450 subjungit,

1930 1471 2130 1527 dicens
2150 1488 2162 1525 :

2006 1583 2032 1611 ‹‹
2059 1562 2129 1616 Et
2155 1576 2258 1615 vos
2287 1561 2470 1614 estote
2496 1557 2703 1630 parati,
2736 1555 2874 1628 quia
2903 1573 3020 1629 qua
3032 1554 3174 1611 hora
3196 1572 3312 1611 non
3337 1555 3578 1628 putatis,

1932 1674 1959 1701 «
1994 1649 2175 1706 Filius
2203 1648 2463 1705 hominis
2494 1646 2704 1703 veniet.
2741 1669 2769 1695 »
2802 1645 2860 1702 Si
2888 1650 3082 1702 autem
3111 1644 3432 1700 terminum
3453 1644 3581 1699 vitae

1932 1743 2144 1795 nostrae
2177 1739 2483 1802 sciremus,
2521 1736 2677 1793 aliud
2713 1740 2945 1808 tempus
2968 1735 3313 1806 pmnitentiaa
3346 1734 3581 1805 deputa-

1933 1847 2151 1885 remus.
2180 1829 2325 1883 Cum
2346 1844 2479 1883 vero
2508 1825 2785 1883 omnibus
2814 1825 3034 1880 incerta
3063 1822 3140 1880 sit
3167 1824 3314 1879 hora
3354 1822 3581 1887 mortis,

1928 1936 2042 1975 non
2083 1919 2256 1974 debet
2297 1933 2428 1973 esse
2477 1914 2835 1983 conscientia
2887 1929 3093 1970 secura
3126 1913 3337 1968 abono
3388 1928 3581 1983 opere,

1928 2008 2065 2081 quia
2094 2007 2377 2063 Dominus
2400 2001 3582 2076 omnipotens,quineminemvultperire,
3678 2070 3691 2083 ν

1929 2100 2029 2155 sed
2062 2114 2266 2153 omnes
2311 2097 2381 2151 ad
2435 2094 2829 2167 cognitionem
2877 2089 3140 2148 veritatis
3185 2090 3403 2155 venire,
3454 2088 3582 2144 ideo

1927 2186 2109 2243 voluit
2141 2203 2246 2241 nos
2272 2184 2449 2241 latere
2480 2183 2760 2239 ultimum
2791 2181 2967 2245 diem,
3002 2182 3067 2235 ut
3098 2180 3240 2235 dnm
3280 2178 3585 2251 ignoratur

1932 2295 2108 2341 unus,
2141 2277 2524 2333 observentur
2553 2288 2779 2327 omnes.
2810 2270 2973 2335 Quod
3006 2272 3203 2325 autem
3247 2269 3350 2328 ait.
3379 2291 3406 2318 ‹‹
3441 2266 3583 2340 quia

1932 2385 2049 2441 qua
2077 2367 2219 2422 hora
2248 2382 2363 2421 non
2395 2361 2616 2436 putatis
2649 2360 2829 2417 Filius
2858 2358 3116 2415 hominis
3146 2357 3359 2423 veniet,
3385 2379 3412 2406 »
3435 2356 3482 2412 si
3506 2357 3579 2413 ad

1932 2457 2087 2513 diem
2106 2454 2315 2526 judieii
2346 2449 3210 2518 referamus,manifestumest,
3241 2445 3577 2518 quiaincer-

1930 2552 2028 2602 tus
2057 2550 2145 2600 est
2176 2543 2451 2599 omnibus
2481 2546 2537 2596 et
2568 2539 2919 2610 incognitus,
2973 2537 3124 2592 sient
3168 2535 3294 2607 ipse
3351 2535 3489 2591 dicit
3520 2536 3578 2591 in

1932 2633 2266 2707 Evangelio:
2302 2656 2331 2682 ‹‹
2365 2633 2444 2687 De
2475 2630 2566 2685 die
2597 2634 2792 2684 autem
2827 2626 2926 2682 illa
2956 2630 3013 2681 et
3042 2625 3186 2680 hora
3229 2640 3400 2679 nemo
3450 2625 3579 2691 scit,

1933 2738 2122 2792 neque
2152 2718 2340 2792 angeli
2373 2718 2430 2773 in
2460 2715 2621 2783 cmlo,
2675 2731 2863 2786 neque
2912 2712 3093 2768 Filius
3139 2710 3416 2779 hominis,
3467 2711 3581 2768 nisi

1935 2813 2105 2867 Pater
2135 2810 2296 2866 solus
2318 2806 2505 2875 (Marc.
2560 2804 2705 2875 χιιι).
2744 2825 2772 2853 ››
2806 2803 2871 2858 Et
2919 2801 3163 2856 iterum:
3200 2821 3228 2850 «
3259 2799 3422 2855 Sicut
3469 2800 3583 2856 fuit

1934 2900 1994 2956 in
2018 2886 2236 2957 Idisbus
2264 2898 2403 2967 Noe,
2436 2895 2519 2950 sic
2538 2888 3579 2950 eritadventusFiliihominis(Mauh.

1935 2993 2109 3058 xxxv).
2144 3010 2172 3039 »
2206 2988 2276 3042 Et
2323 2999 2587 3042 rursum:
2647 2981 2869 3037 «Sicut
2924 2978 3120 3052 fulgur
3165 2977 3464 3052 egreditur
3509 2980 3581 3034 ab

1936 3080 2176 3145 oriente,
2213 3081 2268 3132 et
2298 3077 2564 3148 penetrat
2593 3071 2650 3125 in
2674 3070 3056 3136 occidentem,
3076 3068 3159 3123 sic
3174 3068 3285 3124 erit
3301 3068 3583 3124 adventus

1938 3168 2063 3224 Filii
2094 3165 2354 3222 hominis
2383 3162 2568 3231 (Ibid.)
2598 3184 2623 3209 »
2646 3161 2714 3215 Et
2734 3163 2865 3230 post
2882 3174 3051 3214 suam
3072 3157 3579 3224 resurrectionem,

1855 3228 1899 3295 C
1938 3255 2334 3330 quaerentibus
2363 3228 2670 3322 discipulis
2700 3228 2806 3304 ait:
2838 3267 2859 3296 α
2892 3248 3014 3302 Νοιι
3028 3250 3118 3301 est
3133 3249 3389 3305 vestrum
3409 3262 3582 3301 nosse

1933 3352 2199 3418 tempora
2245 3341 2332 3397 vel
2386 3342 2685 3395 momenta
2733 3352 2865 3408 quae
2912 3335 3081 3390 Pater
3130 3332 3327 3406 posuit
3368 3334 3428 3389 in
3473 3351 3583 3390 sua

1936 3436 2221 3509 potestate
2258 3433 2390 3495 (Act.
2442 3432 2503 3496 1).
2532 3450 2559 3476 ››
2607 3427 2753 3482 Hinc
2800 3425 3005 3480 Petrus
3057 3421 3358 3496 apostolus
3405 3422 3579 3479 dicit:

1937 3549 1965 3577 «
1998 3524 2130 3580 Dies
2160 3518 2393 3577 Domini
2424 3517 2578 3572 sicut
2609 3516 2699 3570 fur
2732 3515 2791 3569 in
2824 3517 3012 3580 nocte,
3037 3511 3119 3567 ita
3136 3512 3414 3583 veniet(lI
3429 3516 3578 3568 Petr.

1937 3615 2043 3684 ιιι).
2077 3634 2105 3663 ››
2139 3611 2251 3667 Sed
2283 3608 2433 3681 quod
2471 3610 2611 3661 tunc
2640 3600 2987 3677 generaliter
3019 3604 3280 3657 futurum
3298 3604 3387 3656 est
3403 3600 3584 3655 omni-

1938 3706 2049 3760 bus
2078 3701 2139 3756 in
2169 3695 2593 3756 resurrectione
2610 3693 2940 3748 animarum
2971 3694 3029 3746 et
3045 3706 3374 3761 corporum,
3404 3687 3589 3761 quoti-

1940 3792 2032 3848 die
2046 3791 2113 3846 ﬁt
2125 3786 2376 3860 singulis
2390 3785 2448 3840 in
2464 3782 2794 3839 animabus.
2811 3780 2961 3835 Dum
2976 3778 3134 3835 enim
3153 3794 3266 3833 non
3285 3780 3585 3851 putamus,

1943 3882 2123 3938 Filius
2156 3874 2412 3933 hominis
2435 3871 2606 3928 venit.
2627 3870 2863 3942 quando
2881 3869 3077 3925 subita
3092 3871 3277 3924 morte
3291 3868 3590 3939 praeventi,

1942 3973 2134 4042 ipsum
2152 3966 2440 4021 habemus
2456 3960 2772 4016 terminum
2787 3956 3268 4029 peceandi,quem
3281 3954 3588 4011 etvivendi.

1944 4060 2010 4115 Et
2040 4058 2181 4112 dum
2215 4051 2369 4108 mala
2399 4067 2514 4106 non
2533 4042 3589 4111 deserimus,sedamalisdeserimur,

1944 4162 2135 4205 seram
2167 4143 2399 4215 agimus
2431 4135 2854 4210 paenitentiam,
2890 4149 3006 4187 non
3040 4131 3406 4186 attendentes
3445 4129 3590 4185 illud

1946 4235 2098 4310 quod
2135 4231 2418 4301 scriptum
2453 4230 2569 4281 est:
2610 4224 2721 4278 «Ne
2753 4221 2949 4277 tardes
2980 4218 3232 4275 converti
3284 4219 3355 4273 ad
3385 4223 3589 4284 Deum,

1946 4304 2135 4395 neque
2164 4319 2399 4374 differas
2430 4315 2499 4369 de
2529 4312 2623 4367 die
2652 4310 2710 4365 in
2745 4310 2920 4375 diem,
2949 4324 3021 4363 ne
3052 4305 3245 4363 subito
3283 4304 3477 4361 veniat
3507 4306 3594 4361 ira

1946 4392 2095 4485 ejus,
2128 4407 2262 4465 etin
2295 4411 2559 4476 tempore
2587 4398 2853 4455 vindictae
2871 4395 3171 4470 disperdat
3201 4398 3255 4450 te
3273 4395 3456 4468 (Eccli.
3475 4392 3592 4465 v).»

2552 4541 2847 4600 HOMILIA
2886 4538 2978 4594 XI.

2544 4650 2616 4688 DE
2652 4642 3003 4689 VIRGXNIBUS.

2021 4770 2263 4842 (Μιλττιι.
2293 4759 2543 4831 xm.)«ln
2561 4757 2659 4813 illo
2671 4751 3283 4827 tempore,dixitJesus
3297 4746 3601 4842 discipulis

1952 4884 1977 4908 «ι
2016 4835 2139 4913 suis
2171 4850 2509 4927 parabolam
2541 4847 2717 4903 hanc:
2740 4842 2942 4900 Simile
2958 4845 3048 4898 est
3064 4855 3310 4913 regnum
3324 4835 3600 4893 cmlorum

1952 4925 2261 5002 «thesauro
2275 4936 2616 4996 abscondito
2632 4936 2687 4989 in
2702 4948 3045 5005 agro,quem
3060 4929 3161 5001 qui
3176 4926 3391 4983 invenit
3404 4925 3601 4997 homo,

1956 5060 1983 5088 «
2017 5030 2339 5091 abscondit.
2379 5051 2406 5077 ››
2438 5028 2509 5083 Et
2541 5023 2784 5095 reliqua.
2802 5020 3000 5075 Virtus
3015 5013 3480 5089 etsapientiaDei
3497 5018 3602 5069 Do-

1955 5126 2152 5181 minus
2180 5123 2351 5177 Jesus
2381 5115 2647 5172 Christus
2680 5129 2793 5167 non
2829 5109 3019 5166 solum
3047 5107 3119 5161 ad
3162 5101 3607 5176 suscipiendam

1954 5216 2277 5271 humanam
2294 5211 2564 5262 naturam
2578 5200 2917 5258 hominibus
2931 5193 3479 5267 compatidignatus
3492 5193 3604 5257 est,

1957 5303 2057 5359 sed
2088 5300 2265 5356 etiam
2296 5296 2567 5351 humanae
2597 5286 2939 5362 ignorantiae
2963 5281 3461 5348 eondescendens,
3482 5278 3607 5335 suis

1959 5389 2178 5447 sanctis
2208 5381 2578 5441 sermonibus
2610 5392 2807 5433 rerum
2828 5371 3241 5446 temporalium
3265 5367 3610 5425 similitudi-

1965 5499 2063 5537 nes
2081 5477 2411 5549 frequenter
2423 5467 2781 5535 adhibuit,ut
2794 5482 2863 5521 ex
2875 5462 3179 5519 collatione
3193 5476 3387 5516 rerum
3410 5457 3612 5512 visibi-

1958 5571 2126 5633 lium,
2162 5547 2231 5622 ad
2263 5558 2645 5618 invisibiiimn
2680 5572 2937 5611 amorem
2973 5553 3202 5607 animos
3248 5547 3613 5606 audientium

1943 5659 2249 5729 ,incitarct.
2300 5650 2463 5709 Unde
2525 5663 2659 5703 cum
2711 5642 3006 5702 cmlestem
3049 5639 3295 5713 gloriam
3354 5634 3615 5692 studiose
