  <div class='ocr_page' id='page_1' title='image "/cluster/home/n/w/nwhite01/storage/ocr_20150623/118/hvd.32044073505158/401.png"; bbox 0 0 4060 6178; ppageno 0'>
   <div class='ocr_carea' id='block_1_1' title="bbox 421 309 3775 401">
    <p class='ocr_par' dir='ltr' id='par_1_1' title="bbox 421 309 3775 401">
     <span class='ocr_line' id='line_1_1' title="bbox 421 309 3775 401; baseline 0.001 -23"><span class='ocrx_word' id='word_1_1' title='bbox 421 316 533 380; x_wconf 77' lang='grc'>791</span> <span class='ocrx_word' id='word_1_2' title='bbox 999 317 1408 382; x_wconf 84' lang='lat' dir='ltr'>HAYMONIS</span> <span class='ocrx_word' id='word_1_3' title='bbox 1455 317 1993 401; x_wconf 66' lang='lat' dir='ltr'>HALBERS’I‘AT.</span> <span class='ocrx_word' id='word_1_4' title='bbox 2041 311 2288 377; x_wconf 84' lang='lat' dir='ltr'>EPISC.</span> <span class='ocrx_word' id='word_1_5' title='bbox 2334 309 2511 376; x_wconf 69' lang='lat' dir='ltr'>OPP.</span> <span class='ocrx_word' id='word_1_6' title='bbox 2554 316 2755 378; x_wconf 77' lang='lat' dir='ltr'>PARS</span> <span class='ocrx_word' id='word_1_7' title='bbox 2800 317 2877 379; x_wconf 88' lang='lat' dir='ltr'>II.</span> <span class='ocrx_word' id='word_1_8' title='bbox 2910 351 2990 362; x_wconf 90' lang='lat'>-—</span> <span class='ocrx_word' id='word_1_9' title='bbox 3018 315 3280 381; x_wconf 85' lang='lat' dir='ltr'>HOMIL.</span> <span class='ocrx_word' id='word_1_10' title='bbox 3653 325 3775 391; x_wconf 41' lang='lat' dir='ltr'>“tu:</span> 
     </span>
    </p>
   </div>
   <div class='ocr_carea' id='block_1_2' title="bbox 422 434 3753 527">
    <p class='ocr_par' dir='ltr' id='par_1_2' title="bbox 422 434 3753 527">
     <span class='ocr_line' id='line_1_2' title="bbox 422 434 3753 527; baseline -0.001 -15"><span class='ocrx_word' id='word_1_11' title='bbox 422 434 738 515; x_wconf 78' lang='lat' dir='ltr'>amandum</span> <span class='ocrx_word' id='word_1_12' title='bbox 769 451 960 527; x_wconf 78' lang='lat' dir='ltr'>docet,</span> <span class='ocrx_word' id='word_1_13' title='bbox 990 451 1297 510; x_wconf 79' lang='lat' dir='ltr'>iliarerum</span> <span class='ocrx_word' id='word_1_14' title='bbox 1316 453 1765 509; x_wconf 86' lang='lat' dir='ltr'>similitudinem</span> <span class='ocrx_word' id='word_1_15' title='bbox 1785 450 2071 516; x_wconf 83' lang='lat' dir='ltr'>adhibuit,</span> <span class='ocrx_word' id='word_1_16' title='bbox 2094 446 2160 513; x_wconf 78' lang='grc' dir='ltr'>Α</span> <span class='ocrx_word' id='word_1_17' title='bbox 2188 453 2245 503; x_wconf 87' lang='lat' dir='ltr'>et</span> <span class='ocrx_word' id='word_1_18' title='bbox 2272 448 3753 527; x_wconf 67' lang='lat' dir='ltr'>suavioromnibusdelectatieuibus.Negetiateresau.</span> 
     </span>
    </p>
   </div>
   <div class='ocr_carea' id='block_1_3' title="bbox 424 521 2068 616">
    <p class='ocr_par' dir='ltr' id='par_1_3' title="bbox 424 521 2068 616">
     <span class='ocr_line' id='line_1_3' title="bbox 424 521 2068 616; baseline -0.003 -17"><span class='ocrx_word' id='word_1_19' title='bbox 424 550 574 616; x_wconf 87' lang='lat' dir='ltr'>quas</span> <span class='ocrx_word' id='word_1_20' title='bbox 602 541 871 598; x_wconf 84' lang='lat' dir='ltr'>homines</span> <span class='ocrx_word' id='word_1_21' title='bbox 915 521 1236 613; x_wconf 84' lang='lat' dir='ltr'>plurimum</span> <span class='ocrx_word' id='word_1_22' title='bbox 1285 541 1524 614; x_wconf 84' lang='lat' dir='ltr'>diligere</span> <span class='ocrx_word' id='word_1_23' title='bbox 1571 540 1780 607; x_wconf 77' lang='lat' dir='ltr'>solent,</span> <span class='ocrx_word' id='word_1_24' title='bbox 1835 540 2068 595; x_wconf 88' lang='lat' dir='ltr'>dicens:</span> 
     </span>
    </p>
   </div>
   <div class='ocr_carea' id='block_1_4' title="bbox 427 628 2073 702">
    <p class='ocr_par' dir='ltr' id='par_1_4' title="bbox 427 628 2073 702">
     <span class='ocr_line' id='line_1_4' title="bbox 427 628 2073 702; baseline -0.003 -14"><span class='ocrx_word' id='word_1_25' title='bbox 427 654 456 682; x_wconf 86' lang='lat'><strong>«</strong></span> <span class='ocrx_word' id='word_1_26' title='bbox 488 631 790 689; x_wconf 77' lang='lat' dir='ltr'>Simileest</span> <span class='ocrx_word' id='word_1_27' title='bbox 801 646 1044 702; x_wconf 83' lang='lat' dir='ltr'>regnum</span> <span class='ocrx_word' id='word_1_28' title='bbox 1062 630 1340 686; x_wconf 75' lang='lat' dir='ltr'>caelorum</span> <span class='ocrx_word' id='word_1_29' title='bbox 1368 630 1643 686; x_wconf 80' lang='lat' dir='ltr'>thesauro</span> <span class='ocrx_word' id='word_1_30' title='bbox 1657 628 2073 685; x_wconf 88' lang='lat' dir='ltr'>absconditoin</span> 
     </span>
    </p>
   </div>
   <div class='ocr_carea' id='block_1_5' title="bbox 427 717 2077 797">
    <p class='ocr_par' dir='ltr' id='par_1_5' title="bbox 427 717 2077 797">
     <span class='ocr_line' id='line_1_5' title="bbox 427 717 2077 797; baseline -0.005 -18"><span class='ocrx_word' id='word_1_31' title='bbox 427 724 588 797; x_wconf 77' lang='lat' dir='ltr'>agro,</span> <span class='ocrx_word' id='word_1_32' title='bbox 623 738 797 794; x_wconf 85' lang='lat' dir='ltr'>quem</span> <span class='ocrx_word' id='word_1_33' title='bbox 831 719 930 793; x_wconf 90' lang='lat' dir='ltr'>qui</span> <span class='ocrx_word' id='word_1_34' title='bbox 962 718 1184 774; x_wconf 84' lang='lat' dir='ltr'>invenit</span> <span class='ocrx_word' id='word_1_35' title='bbox 1211 719 1408 785; x_wconf 90' lang='lat' dir='ltr'>homo,</span> <span class='ocrx_word' id='word_1_36' title='bbox 1442 718 1807 774; x_wconf 66' lang='lat' dir='ltr'>abscondit.»</span> <span class='ocrx_word' id='word_1_37' title='bbox 1834 717 2077 773; x_wconf 86' lang='lat' dir='ltr'>Ubithe-</span> 
     </span>
    </p>
   </div>
   <div class='ocr_carea' id='block_1_6' title="bbox 429 807 2073 881">
    <p class='ocr_par' dir='ltr' id='par_1_6' title="bbox 429 807 2073 881">
     <span class='ocr_line' id='line_1_6' title="bbox 429 807 2073 881; baseline -0.005 -13"><span class='ocrx_word' id='word_1_38' title='bbox 429 812 589 868; x_wconf 85' lang='lat' dir='ltr'>sauri</span> <span class='ocrx_word' id='word_1_39' title='bbox 621 810 857 867; x_wconf 85' lang='lat' dir='ltr'>nomine</span> <span class='ocrx_word' id='word_1_40' title='bbox 885 808 1269 881; x_wconf 86' lang='lat' dir='ltr'>spiritualiter</span> <span class='ocrx_word' id='word_1_41' title='bbox 1299 808 1552 863; x_wconf 82' lang='lat' dir='ltr'>caelestis</span> <span class='ocrx_word' id='word_1_42' title='bbox 1581 807 1780 879; x_wconf 65' lang='lat' dir='ltr'>patriae</span> <span class='ocrx_word' id='word_1_43' title='bbox 1813 822 2073 863; x_wconf 87' lang='lat' dir='ltr'>amorem</span> 
     </span>
    </p>
   </div>
   <div class='ocr_carea' id='block_1_7' title="bbox 429 895 2076 973">
    <p class='ocr_par' dir='ltr' id='par_1_7' title="bbox 429 895 2076 973">
     <span class='ocr_line' id='line_1_7' title="bbox 429 895 2076 973; baseline -0.004 -17"><span class='ocrx_word' id='word_1_44' title='bbox 429 900 753 973; x_wconf 72' lang='lat' dir='ltr'>intelligere</span> <span class='ocrx_word' id='word_1_45' title='bbox 782 899 1085 963; x_wconf 83' lang='lat' dir='ltr'>debemus,</span> <span class='ocrx_word' id='word_1_46' title='bbox 1118 896 1217 952; x_wconf 88' lang='lat' dir='ltr'>ubi</span> <span class='ocrx_word' id='word_1_47' title='bbox 1249 900 1389 951; x_wconf 86' lang='lat' dir='ltr'>sunt</span> <span class='ocrx_word' id='word_1_48' title='bbox 1419 895 1628 951; x_wconf 74' lang='lat' dir='ltr'>divitiae</span> <span class='ocrx_word' id='word_1_49' title='bbox 1660 913 1786 968; x_wconf 68' lang='lat' dir='ltr'>quae</span> <span class='ocrx_word' id='word_1_50' title='bbox 1806 912 1918 950; x_wconf 93' lang='lat' dir='ltr'>non</span> <span class='ocrx_word' id='word_1_51' title='bbox 1939 895 2076 949; x_wconf 82' lang='lat' dir='ltr'>defi-</span> 
     </span>
    </p>
   </div>
   <div class='ocr_carea' id='block_1_8' title="bbox 430 983 2075 1057">
    <p class='ocr_par' dir='ltr' id='par_1_8' title="bbox 430 983 2075 1057">
     <span class='ocr_line' id='line_1_8' title="bbox 430 983 2075 1057; baseline -0.004 -12"><span class='ocrx_word' id='word_1_52' title='bbox 430 990 615 1054; x_wconf 76' lang='lat' dir='ltr'>ciunt,</span> <span class='ocrx_word' id='word_1_53' title='bbox 647 988 960 1043; x_wconf 80' lang='lat' dir='ltr'>thesaurus</span> <span class='ocrx_word' id='word_1_54' title='bbox 990 985 1087 1057; x_wconf 89' lang='lat' dir='ltr'>qui</span> <span class='ocrx_word' id='word_1_55' title='bbox 1117 1002 1420 1057; x_wconf 83' lang='lat' dir='ltr'>nunquam</span> <span class='ocrx_word' id='word_1_56' title='bbox 1454 984 1776 1046; x_wconf 85' lang='lat' dir='ltr'>marcescit,</span> <span class='ocrx_word' id='word_1_57' title='bbox 1820 983 1919 1039; x_wconf 89' lang='lat' dir='ltr'>ubi</span> <span class='ocrx_word' id='word_1_58' title='bbox 1969 999 2075 1038; x_wconf 92' lang='lat' dir='ltr'>nos</span> 
     </span>
    </p>
   </div>
   <div class='ocr_carea' id='block_1_9' title="bbox 430 1071 2078 1145">
    <p class='ocr_par' dir='ltr' id='par_1_9' title="bbox 430 1071 2078 1145">
     <span class='ocr_line' id='line_1_9' title="bbox 430 1071 2078 1145; baseline -0.003 -12"><span class='ocrx_word' id='word_1_59' title='bbox 430 1077 715 1133; x_wconf 80' lang='lat' dir='ltr'>Dominus</span> <span class='ocrx_word' id='word_1_60' title='bbox 744 1074 1139 1131; x_wconf 79' lang='lat' dir='ltr'>theSaurizare</span> <span class='ocrx_word' id='word_1_61' title='bbox 1170 1074 1464 1140; x_wconf 89' lang='lat' dir='ltr'>admouet,</span> <span class='ocrx_word' id='word_1_62' title='bbox 1489 1072 1822 1145; x_wconf 82' lang='lat' dir='ltr'>juxtaquod</span> <span class='ocrx_word' id='word_1_63' title='bbox 1842 1071 1979 1127; x_wconf 86' lang='lat' dir='ltr'>alibi</span> <span class='ocrx_word' id='word_1_64' title='bbox 1999 1072 2078 1128; x_wconf 85' lang='lat' dir='ltr'>lo-</span> 
     </span>
    </p>
   </div>
   <div class='ocr_carea' id='block_1_10' title="bbox 428 1161 2073 1238">
    <p class='ocr_par' dir='ltr' id='par_1_10' title="bbox 428 1161 2073 1238">
     <span class='ocr_line' id='line_1_10' title="bbox 428 1161 2073 1238; baseline -0.004 -18"><span class='ocrx_word' id='word_1_65' title='bbox 428 1163 652 1238; x_wconf 80' lang='lat' dir='ltr'>quitur,</span> <span class='ocrx_word' id='word_1_66' title='bbox 682 1163 911 1219; x_wconf 88' lang='lat' dir='ltr'>dicens:</span> <span class='ocrx_word' id='word_1_67' title='bbox 950 1176 979 1215; x_wconf 77' lang='lat' dir='ltr'>‘u</span> <span class='ocrx_word' id='word_1_68' title='bbox 1007 1163 1426 1219; x_wconf 87' lang='lat' dir='ltr'>Thusaurizate</span> <span class='ocrx_word' id='word_1_69' title='bbox 1453 1161 1619 1217; x_wconf 85' lang='lat' dir='ltr'>vobis</span> <span class='ocrx_word' id='word_1_70' title='bbox 1658 1162 1967 1217; x_wconf 85' lang='lat' dir='ltr'>thesauros</span> <span class='ocrx_word' id='word_1_71' title='bbox 2017 1162 2073 1215; x_wconf 91' lang='lat' dir='ltr'>in</span> 
     </span>
    </p>
   </div>
   <div class='ocr_carea' id='block_1_11' title="bbox 429 1249 2079 1325">
    <p class='ocr_par' dir='ltr' id='par_1_11' title="bbox 429 1249 2079 1325">
     <span class='ocr_line' id='line_1_11' title="bbox 429 1249 2079 1325; baseline -0.002 -16"><span class='ocrx_word' id='word_1_72' title='bbox 429 1252 593 1319; x_wconf 68' lang='lat' dir='ltr'>caelo,</span> <span class='ocrx_word' id='word_1_73' title='bbox 627 1252 729 1308; x_wconf 88' lang='lat' dir='ltr'>ubi</span> <span class='ocrx_word' id='word_1_74' title='bbox 758 1268 949 1325; x_wconf 90' lang='lat' dir='ltr'>neque</span> <span class='ocrx_word' id='word_1_75' title='bbox 977 1268 1190 1324; x_wconf 73' lang='lat' dir='ltr'>azrugo,</span> <span class='ocrx_word' id='word_1_76' title='bbox 1225 1269 1413 1323; x_wconf 88' lang='lat' dir='ltr'>neque</span> <span class='ocrx_word' id='word_1_77' title='bbox 1452 1250 1611 1307; x_wconf 77' lang='lat' dir='ltr'>tinea</span> <span class='ocrx_word' id='word_1_78' title='bbox 1656 1249 1989 1316; x_wconf 87' lang='lat' dir='ltr'>demolitur,</span> <span class='ocrx_word' id='word_1_79' title='bbox 2023 1257 2079 1306; x_wconf 88' lang='lat' dir='ltr'>et</span> 
     </span>
    </p>
   </div>
   <div class='ocr_carea' id='block_1_12' title="bbox 430 1340 2079 1407">
    <p class='ocr_par' dir='ltr' id='par_1_12' title="bbox 430 1340 2079 1407">
     <span class='ocr_line' id='line_1_12' title="bbox 430 1340 2079 1407; baseline -0.002 -8"><span class='ocrx_word' id='word_1_80' title='bbox 430 1343 530 1399; x_wconf 80' lang='lat' dir='ltr'>ubi</span> <span class='ocrx_word' id='word_1_81' title='bbox 565 1344 722 1399; x_wconf 85' lang='lat' dir='ltr'>fures</span> <span class='ocrx_word' id='word_1_82' title='bbox 751 1359 867 1398; x_wconf 87' lang='lat' dir='ltr'>non</span> <span class='ocrx_word' id='word_1_83' title='bbox 899 1342 1203 1406; x_wconf 81' lang='lat' dir='ltr'>effodiunt,</span> <span class='ocrx_word' id='word_1_84' title='bbox 1239 1357 1344 1396; x_wconf 87' lang='lat' dir='ltr'>nec</span> <span class='ocrx_word' id='word_1_85' title='bbox 1396 1341 1699 1407; x_wconf 87' lang='lat' dir='ltr'>furantur;</span> <span class='ocrx_word' id='word_1_86' title='bbox 1737 1361 1764 1390; x_wconf 83' lang='grc'>››</span> <span class='ocrx_word' id='word_1_87' title='bbox 1796 1344 1872 1407; x_wconf 90' lang='lat' dir='ltr'>et,</span> <span class='ocrx_word' id='word_1_88' title='bbox 1906 1363 1935 1389; x_wconf 87' lang='lat'><strong><em>«</em></strong></span> <span class='ocrx_word' id='word_1_89' title='bbox 1971 1340 2079 1395; x_wconf 90' lang='lat' dir='ltr'>Ubi</span> 
     </span>
    </p>
   </div>
   <div class='ocr_carea' id='block_1_13' title="bbox 430 1428 2078 1501">
    <p class='ocr_par' dir='ltr' id='par_1_13' title="bbox 430 1428 2078 1501">
     <span class='ocr_line' id='line_1_13' title="bbox 430 1428 2078 1501; baseline -0.003 -13"><span class='ocrx_word' id='word_1_90' title='bbox 430 1433 744 1488; x_wconf 82' lang='lat' dir='ltr'>thesaurus</span> <span class='ocrx_word' id='word_1_91' title='bbox 770 1435 932 1497; x_wconf 90' lang='lat' dir='ltr'>tuus,</span> <span class='ocrx_word' id='word_1_92' title='bbox 964 1429 1045 1485; x_wconf 93' lang='lat' dir='ltr'>ibi</span> <span class='ocrx_word' id='word_1_93' title='bbox 1077 1434 1133 1485; x_wconf 91' lang='lat' dir='ltr'>et</span> <span class='ocrx_word' id='word_1_94' title='bbox 1164 1446 1262 1486; x_wconf 93' lang='lat' dir='ltr'>cor</span> <span class='ocrx_word' id='word_1_95' title='bbox 1299 1434 1467 1485; x_wconf 91' lang='lat' dir='ltr'>tuum</span> <span class='ocrx_word' id='word_1_96' title='bbox 1515 1430 1721 1501; x_wconf 62' lang='lat' dir='ltr'>(Matth.</span> <span class='ocrx_word' id='word_1_97' title='bbox 1771 1430 1872 1497; x_wconf 82' lang='lat' dir='ltr'>v1).</span> <span class='ocrx_word' id='word_1_98' title='bbox 1912 1452 1932 1479; x_wconf 81' lang='grc' dir='ltr'>ιι</span> <span class='ocrx_word' id='word_1_99' title='bbox 1971 1428 2078 1493; x_wconf 85' lang='lat' dir='ltr'>Qui</span> 
     </span>
    </p>
   </div>
   <div class='ocr_carea' id='block_1_14' title="bbox 431 1518 2079 1595">
    <p class='ocr_par' dir='ltr' id='par_1_14' title="bbox 431 1518 2079 1595">
     <span class='ocr_line' id='line_1_14' title="bbox 431 1518 2079 1595; baseline -0.003 -17"><span class='ocrx_word' id='word_1_100' title='bbox 431 1522 696 1595; x_wconf 80' lang='lat' dir='ltr'>prefecto</span> <span class='ocrx_word' id='word_1_101' title='bbox 720 1521 1035 1577; x_wconf 76' lang='lat' dir='ltr'>thesaurus</span> <span class='ocrx_word' id='word_1_102' title='bbox 1065 1523 1226 1575; x_wconf 84' lang='lat' dir='ltr'>tanto</span> <span class='ocrx_word' id='word_1_103' title='bbox 1258 1518 1445 1592; x_wconf 86' lang='lat' dir='ltr'>magis</span> <span class='ocrx_word' id='word_1_104' title='bbox 1476 1518 1829 1587; x_wconf 78' lang='lat' dir='ltr'>cumulatur,</span> <span class='ocrx_word' id='word_1_105' title='bbox 1862 1523 2079 1591; x_wconf 89' lang='lat' dir='ltr'>quanto</span> 
     </span>
    </p>
   </div>
   <div class='ocr_carea' id='block_1_15' title="bbox 434 1607 2078 1684">
    <p class='ocr_par' dir='ltr' id='par_1_15' title="bbox 434 1607 2078 1684">
     <span class='ocr_line' id='line_1_15' title="bbox 434 1607 2078 1684; baseline -0.002 -17"><span class='ocrx_word' id='word_1_106' title='bbox 434 1610 627 1684; x_wconf 80' lang='lat' dir='ltr'>magis</span> <span class='ocrx_word' id='word_1_107' title='bbox 672 1608 1011 1681; x_wconf 78' lang='lat' dir='ltr'>temporalis</span> <span class='ocrx_word' id='word_1_108' title='bbox 1066 1607 1383 1665; x_wconf 83' lang='lat' dir='ltr'>thesaurus</span> <span class='ocrx_word' id='word_1_109' title='bbox 1441 1611 1615 1680; x_wconf 85' lang='lat' dir='ltr'>atque</span> <span class='ocrx_word' id='word_1_110' title='bbox 1658 1607 1906 1663; x_wconf 84' lang='lat' dir='ltr'>facultas</span> <span class='ocrx_word' id='word_1_111' title='bbox 1955 1610 2078 1663; x_wconf 88' lang='lat' dir='ltr'>stu-</span> 
     </span>
    </p>
   </div>
   <div class='ocr_carea' id='block_1_16' title="bbox 434 1696 2079 1770">
    <p class='ocr_par' dir='ltr' id='par_1_16' title="bbox 434 1696 2079 1770">
     <span class='ocr_line' id='line_1_16' title="bbox 434 1696 2079 1770; baseline -0.002 -15"><span class='ocrx_word' id='word_1_112' title='bbox 434 1699 661 1755; x_wconf 86' lang='lat' dir='ltr'>diosius</span> <span class='ocrx_word' id='word_1_113' title='bbox 689 1716 793 1770; x_wconf 91' lang='lat' dir='ltr'>pro</span> <span class='ocrx_word' id='word_1_114' title='bbox 820 1698 934 1755; x_wconf 84' lang='lat' dir='ltr'>Deo</span> <span class='ocrx_word' id='word_1_115' title='bbox 965 1697 1332 1769; x_wconf 82' lang='lat' dir='ltr'>expenditur.</span> <span class='ocrx_word' id='word_1_116' title='bbox 1386 1697 1545 1752; x_wconf 89' lang='lat' dir='ltr'>Unde</span> <span class='ocrx_word' id='word_1_117' title='bbox 1596 1697 1667 1752; x_wconf 91' lang='lat' dir='ltr'>de</span> <span class='ocrx_word' id='word_1_118' title='bbox 1697 1713 1765 1752; x_wconf 87' lang='lat' dir='ltr'>eo</span> <span class='ocrx_word' id='word_1_119' title='bbox 1811 1696 1912 1766; x_wconf 86' lang='lat' dir='ltr'>qui</span> <span class='ocrx_word' id='word_1_120' title='bbox 1953 1696 2079 1752; x_wconf 84' lang='lat' dir='ltr'>the-</span> 
     </span>
    </p>
   </div>
   <div class='ocr_carea' id='block_1_17' title="bbox 435 1784 2158 1880">
    <p class='ocr_par' dir='ltr' id='par_1_17' title="bbox 435 1784 2158 1880">
     <span class='ocr_line' id='line_1_17' title="bbox 435 1784 2158 1880; baseline -0.002 -35"><span class='ocrx_word' id='word_1_121' title='bbox 435 1805 679 1845; x_wconf 89' lang='lat' dir='ltr'>saurum</span> <span class='ocrx_word' id='word_1_122' title='bbox 734 1786 974 1852; x_wconf 83' lang='lat' dir='ltr'>invenit,</span> <span class='ocrx_word' id='word_1_123' title='bbox 1023 1785 1265 1841; x_wconf 85' lang='lat' dir='ltr'>dicitur:</span> <span class='ocrx_word' id='word_1_124' title='bbox 1319 1808 1347 1834; x_wconf 89' lang='lat'><strong><em>«</em></strong></span> <span class='ocrx_word' id='word_1_125' title='bbox 1382 1785 1450 1840; x_wconf 87' lang='lat' dir='ltr'>Et</span> <span class='ocrx_word' id='word_1_126' title='bbox 1492 1802 1608 1856; x_wconf 65' lang='lat' dir='ltr'>prm</span> <span class='ocrx_word' id='word_1_127' title='bbox 1656 1784 1871 1857; x_wconf 89' lang='lat' dir='ltr'>gaudio</span> <span class='ocrx_word' id='word_1_128' title='bbox 1920 1784 2080 1841; x_wconf 88' lang='lat' dir='ltr'>illius</span> <span class='ocrx_word' id='word_1_129' title='bbox 2109 1815 2158 1880; x_wconf 82' lang='lat' dir='ltr'><strong>B</strong></span> 
     </span>
    </p>
   </div>
   <div class='ocr_carea' id='block_1_18' title="bbox 441 1872 2080 1945">
    <p class='ocr_par' dir='ltr' id='par_1_18' title="bbox 441 1872 2080 1945">
     <span class='ocr_line' id='line_1_18' title="bbox 441 1872 2080 1945; baseline 0 -17"><span class='ocrx_word' id='word_1_130' title='bbox 441 1898 469 1928; x_wconf 86' lang='grc'>‹‹</span> <span class='ocrx_word' id='word_1_131' title='bbox 497 1877 678 1942; x_wconf 80' lang='lat' dir='ltr'>vadit,</span> <span class='ocrx_word' id='word_1_132' title='bbox 711 1878 767 1929; x_wconf 84' lang='lat' dir='ltr'>et</span> <span class='ocrx_word' id='word_1_133' title='bbox 784 1872 1409 1943; x_wconf 62' lang='lat' dir='ltr'>vendituniversa‘quaa</span> <span class='ocrx_word' id='word_1_134' title='bbox 1433 1872 1610 1929; x_wconf 84' lang='lat' dir='ltr'>habet</span> <span class='ocrx_word' id='word_1_135' title='bbox 1638 1873 1848 1928; x_wconf 89' lang='lat' dir='ltr'>etemit</span> <span class='ocrx_word' id='word_1_136' title='bbox 1872 1889 2080 1945; x_wconf 84' lang='lat' dir='ltr'>agrum</span> 
     </span>
    </p>
   </div>
   <div class='ocr_carea' id='block_1_19' title="bbox 439 1961 2086 2033">
    <p class='ocr_par' dir='ltr' id='par_1_19' title="bbox 439 1961 2086 2033">
     <span class='ocr_line' id='line_1_19' title="bbox 439 1961 2086 2033; baseline 0.001 -17"><span class='ocrx_word' id='word_1_137' title='bbox 439 1989 467 2016; x_wconf 92' lang='grc'>‹‹</span> <span class='ocrx_word' id='word_1_138' title='bbox 496 1964 685 2020; x_wconf 88' lang='lat' dir='ltr'>illum.</span> <span class='ocrx_word' id='word_1_139' title='bbox 718 1976 745 2014; x_wconf 68' lang='grc' dir='ltr'><strong>ι</strong></span> <span class='ocrx_word' id='word_1_140' title='bbox 781 1963 933 2033; x_wconf 83' lang='lat' dir='ltr'>Ager</span> <span class='ocrx_word' id='word_1_141' title='bbox 964 1961 1023 2015; x_wconf 86' lang='lat' dir='ltr'>in</span> <span class='ocrx_word' id='word_1_142' title='bbox 1038 1974 1155 2032; x_wconf 89' lang='lat' dir='ltr'>quo</span> <span class='ocrx_word' id='word_1_143' title='bbox 1181 1961 1503 2017; x_wconf 81' lang='lat' dir='ltr'>thesaurus</span> <span class='ocrx_word' id='word_1_144' title='bbox 1521 1961 2086 2017; x_wconf 41' lang='lat' dir='ltr'>absconditus&#39;inve-</span> 
     </span>
    </p>
   </div>
   <div class='ocr_carea' id='block_1_20' title="bbox 440 2048 2086 2116">
    <p class='ocr_par' dir='ltr' id='par_1_20' title="bbox 440 2048 2086 2116">
     <span class='ocr_line' id='line_1_20' title="bbox 440 2048 2086 2116; baseline -0.001 -9"><span class='ocrx_word' id='word_1_145' title='bbox 440 2052 602 2107; x_wconf 84' lang='lat' dir='ltr'>nitur</span> <span class='ocrx_word' id='word_1_146' title='bbox 646 2062 755 2107; x_wconf 87' lang='lat' dir='ltr'>nos</span> <span class='ocrx_word' id='word_1_147' title='bbox 806 2060 1035 2116; x_wconf 84' lang='lat' dir='ltr'>sumus,</span> <span class='ocrx_word' id='word_1_148' title='bbox 1079 2048 1131 2104; x_wconf 93' lang='lat' dir='ltr'>si</span> <span class='ocrx_word' id='word_1_149' title='bbox 1176 2050 1465 2106; x_wconf 86' lang='lat' dir='ltr'>tamenin</span> <span class='ocrx_word' id='word_1_150' title='bbox 1513 2050 1684 2105; x_wconf 90' lang='lat' dir='ltr'>nobis</span> <span class='ocrx_word' id='word_1_151' title='bbox 1731 2054 1927 2106; x_wconf 88' lang='lat' dir='ltr'>manet</span> <span class='ocrx_word' id='word_1_152' title='bbox 1972 2068 2086 2107; x_wconf 72' lang='lat' dir='ltr'>cre-</span> 
     </span>
    </p>
   </div>
   <div class='ocr_carea' id='block_1_21' title="bbox 437 2134 2090 2202">
    <p class='ocr_par' dir='ltr' id='par_1_21' title="bbox 437 2134 2090 2202">
     <span class='ocr_line' id='line_1_21' title="bbox 437 2134 2090 2202; baseline 0 -7"><span class='ocrx_word' id='word_1_153' title='bbox 437 2138 584 2197; x_wconf 83' lang='lat' dir='ltr'>leste</span> <span class='ocrx_word' id='word_1_154' title='bbox 614 2138 996 2194; x_wconf 88' lang='lat' dir='ltr'>desiderium.</span> <span class='ocrx_word' id='word_1_155' title='bbox 1030 2138 1213 2202; x_wconf 84' lang='lat' dir='ltr'>Quem</span> <span class='ocrx_word' id='word_1_156' title='bbox 1233 2134 1331 2194; x_wconf 90' lang='lat' dir='ltr'>ille</span> <span class='ocrx_word' id='word_1_157' title='bbox 1351 2139 1605 2194; x_wconf 84' lang='lat' dir='ltr'>venditis</span> <span class='ocrx_word' id='word_1_158' title='bbox 1629 2138 1908 2195; x_wconf 90' lang='lat' dir='ltr'>omnibus</span> <span class='ocrx_word' id='word_1_159' title='bbox 1934 2156 2090 2195; x_wconf 90' lang='lat' dir='ltr'>com-</span> 
     </span>
    </p>
   </div>
   <div class='ocr_carea' id='block_1_22' title="bbox 441 2227 2089 2302">
    <p class='ocr_par' dir='ltr' id='par_1_22' title="bbox 441 2227 2089 2302">
     <span class='ocr_line' id='line_1_22' title="bbox 441 2227 2089 2302; baseline -0.002 -17"><span class='ocrx_word' id='word_1_160' title='bbox 441 2234 628 2302; x_wconf 82' lang='lat' dir='ltr'>parat,</span> <span class='ocrx_word' id='word_1_161' title='bbox 662 2228 763 2299; x_wconf 85' lang='lat' dir='ltr'>qui</span> <span class='ocrx_word' id='word_1_162' title='bbox 793 2244 1003 2299; x_wconf 86' lang='lat' dir='ltr'>corpus</span> <span class='ocrx_word' id='word_1_163' title='bbox 1035 2241 1210 2283; x_wconf 87' lang='lat' dir='ltr'>suum</span> <span class='ocrx_word' id='word_1_164' title='bbox 1243 2227 1603 2299; x_wconf 81' lang='lat' dir='ltr'>percoelestis</span> <span class='ocrx_word' id='word_1_165' title='bbox 1620 2228 1818 2300; x_wconf 67' lang='lat' dir='ltr'>patriai</span> <span class='ocrx_word' id='word_1_166' title='bbox 1831 2227 2089 2299; x_wconf 82' lang='lat' dir='ltr'>discipli-</span> 
     </span>
    </p>
   </div>
   <div class='ocr_carea' id='block_1_23' title="bbox 441 2315 2083 2389">
    <p class='ocr_par' dir='ltr' id='par_1_23' title="bbox 441 2315 2083 2389">
     <span class='ocr_line' id='line_1_23' title="bbox 441 2315 2083 2389; baseline -0.001 -16"><span class='ocrx_word' id='word_1_167' title='bbox 441 2328 580 2373; x_wconf 78' lang='lat' dir='ltr'>nam</span> <span class='ocrx_word' id='word_1_168' title='bbox 611 2316 823 2389; x_wconf 83' lang='lat' dir='ltr'>afﬂigit</span> <span class='ocrx_word' id='word_1_169' title='bbox 851 2315 911 2370; x_wconf 88' lang='lat' dir='ltr'>in</span> <span class='ocrx_word' id='word_1_170' title='bbox 937 2316 1203 2387; x_wconf 84' lang='lat' dir='ltr'>jejuniis,</span> <span class='ocrx_word' id='word_1_171' title='bbox 1236 2315 1451 2388; x_wconf 82' lang='lat' dir='ltr'>vigiliis</span> <span class='ocrx_word' id='word_1_172' title='bbox 1481 2320 1537 2371; x_wconf 89' lang='lat' dir='ltr'>et</span> <span class='ocrx_word' id='word_1_173' title='bbox 1566 2316 1947 2372; x_wconf 85' lang='lat' dir='ltr'>orationibus.</span> <span class='ocrx_word' id='word_1_174' title='bbox 1975 2317 2083 2373; x_wconf 87' lang='lat' dir='ltr'>Sed</span> 
     </span>
    </p>
   </div>
   <div class='ocr_carea' id='block_1_24' title="bbox 441 2404 2090 2478">
    <p class='ocr_par' dir='ltr' id='par_1_24' title="bbox 441 2404 2090 2478">
     <span class='ocr_line' id='line_1_24' title="bbox 441 2404 2090 2478; baseline -0.001 -16"><span class='ocrx_word' id='word_1_175' title='bbox 441 2412 500 2463; x_wconf 85' lang='lat' dir='ltr'>et</span> <span class='ocrx_word' id='word_1_176' title='bbox 531 2406 625 2461; x_wconf 89' lang='lat' dir='ltr'>ille</span> <span class='ocrx_word' id='word_1_177' title='bbox 656 2417 861 2478; x_wconf 85' lang='lat' dir='ltr'>agrum</span> <span class='ocrx_word' id='word_1_178' title='bbox 894 2422 1026 2460; x_wconf 87' lang='lat' dir='ltr'>cum</span> <span class='ocrx_word' id='word_1_179' title='bbox 1062 2404 1615 2472; x_wconf 86' lang='lat' dir='ltr'>thesauroinvanto,</span> <span class='ocrx_word' id='word_1_180' title='bbox 1644 2405 2090 2461; x_wconf 87' lang='lat' dir='ltr'>datisomnibus</span> 
     </span>
    </p>
   </div>
   <div class='ocr_carea' id='block_1_25' title="bbox 443 2493 2091 2567">
    <p class='ocr_par' dir='ltr' id='par_1_25' title="bbox 443 2493 2091 2567">
     <span class='ocr_line' id='line_1_25' title="bbox 443 2493 2091 2567; baseline -0.001 -15"><span class='ocrx_word' id='word_1_181' title='bbox 443 2496 604 2561; x_wconf 84' lang='lat' dir='ltr'>emit,</span> <span class='ocrx_word' id='word_1_182' title='bbox 640 2493 738 2566; x_wconf 90' lang='lat' dir='ltr'>qui</span> <span class='ocrx_word' id='word_1_183' title='bbox 772 2493 1119 2567; x_wconf 81' lang='lat' dir='ltr'>cruciﬁgens</span> <span class='ocrx_word' id='word_1_184' title='bbox 1151 2494 1416 2550; x_wconf 90' lang='lat' dir='ltr'>membra</span> <span class='ocrx_word' id='word_1_185' title='bbox 1447 2511 1699 2549; x_wconf 89' lang='lat' dir='ltr'>suacnm</span> <span class='ocrx_word' id='word_1_186' title='bbox 1719 2494 1874 2550; x_wconf 89' lang='lat' dir='ltr'>vitiis</span> <span class='ocrx_word' id='word_1_187' title='bbox 1891 2498 2091 2551; x_wconf 85' lang='lat' dir='ltr'>etcen-</span> 
     </span>
    </p>
   </div>
   <div class='ocr_carea' id='block_1_26' title="bbox 445 2582 2089 2655">
    <p class='ocr_par' dir='ltr' id='par_1_26' title="bbox 445 2582 2089 2655">
     <span class='ocr_line' id='line_1_26' title="bbox 445 2582 2089 2655; baseline 0 -16"><span class='ocrx_word' id='word_1_188' title='bbox 445 2583 840 2655; x_wconf 83' lang='lat' dir='ltr'>cupiscentiis,</span> <span class='ocrx_word' id='word_1_189' title='bbox 881 2582 1180 2638; x_wconf 83' lang='lat' dir='ltr'>Christum</span> <span class='ocrx_word' id='word_1_190' title='bbox 1231 2582 1517 2654; x_wconf 85' lang='lat' dir='ltr'>sequitur,</span> <span class='ocrx_word' id='word_1_191' title='bbox 1566 2588 1625 2638; x_wconf 84' lang='lat' dir='ltr'>et</span> <span class='ocrx_word' id='word_1_192' title='bbox 1654 2584 2089 2655; x_wconf 88' lang='lat' dir='ltr'>quodammodo</span> 
     </span>
    </p>
   </div>
   <div class='ocr_carea' id='block_1_27' title="bbox 444 2668 2090 2746">
    <p class='ocr_par' dir='ltr' id='par_1_27' title="bbox 444 2668 2090 2746">
     <span class='ocr_line' id='line_1_27' title="bbox 444 2668 2090 2746; baseline -0.001 -17"><span class='ocrx_word' id='word_1_193' title='bbox 444 2671 735 2746; x_wconf 78' lang='lat' dir='ltr'>spirituali</span> <span class='ocrx_word' id='word_1_194' title='bbox 767 2671 1195 2728; x_wconf 87' lang='lat' dir='ltr'>venundatione</span> <span class='ocrx_word' id='word_1_195' title='bbox 1225 2672 1482 2742; x_wconf 82' lang='lat' dir='ltr'>seipsum</span> <span class='ocrx_word' id='word_1_196' title='bbox 1518 2677 1703 2727; x_wconf 80' lang='lat' dir='ltr'>mutat</span> <span class='ocrx_word' id='word_1_197' title='bbox 1745 2668 2090 2729; x_wconf 86' lang='lat' dir='ltr'>declinando</span> 
     </span>
    </p>
   </div>
   <div class='ocr_carea' id='block_1_28' title="bbox 444 2759 2090 2819">
    <p class='ocr_par' dir='ltr' id='par_1_28' title="bbox 444 2759 2090 2819">
     <span class='ocr_line' id='line_1_28' title="bbox 444 2759 2090 2819; baseline -0.001 0"><span class='ocrx_word' id='word_1_198' title='bbox 444 2780 485 2819; x_wconf 63' lang='grc' dir='ltr'>θλ</span> <span class='ocrx_word' id='word_1_199' title='bbox 508 2760 664 2818; x_wconf 84' lang='lat' dir='ltr'>male</span> <span class='ocrx_word' id='word_1_200' title='bbox 691 2764 748 2816; x_wconf 89' lang='lat' dir='ltr'>et</span> <span class='ocrx_word' id='word_1_201' title='bbox 781 2759 1043 2817; x_wconf 85' lang='lat' dir='ltr'>faciendo</span> <span class='ocrx_word' id='word_1_202' title='bbox 1073 2761 1312 2816; x_wconf 89' lang='lat' dir='ltr'>bonum.</span> <span class='ocrx_word' id='word_1_203' title='bbox 1349 2761 1513 2815; x_wconf 88' lang='lat' dir='ltr'>Hunc</span> <span class='ocrx_word' id='word_1_204' title='bbox 1543 2762 1701 2817; x_wconf 87' lang='lat' dir='ltr'>enim</span> <span class='ocrx_word' id='word_1_205' title='bbox 1748 2762 2090 2818; x_wconf 82' lang='lat' dir='ltr'>thesaurum</span> 
     </span>
    </p>
   </div>
   <div class='ocr_carea' id='block_1_29' title="bbox 444 2848 2093 2923">
    <p class='ocr_par' dir='ltr' id='par_1_29' title="bbox 444 2848 2093 2923">
     <span class='ocr_line' id='line_1_29' title="bbox 444 2848 2093 2923; baseline -0.002 -15"><span class='ocrx_word' id='word_1_206' title='bbox 444 2849 854 2908; x_wconf 76' lang='lat' dir='ltr'>absconditum</span> <span class='ocrx_word' id='word_1_207' title='bbox 887 2848 945 2904; x_wconf 87' lang='lat' dir='ltr'>in</span> <span class='ocrx_word' id='word_1_208' title='bbox 977 2864 1135 2920; x_wconf 84' lang='lat' dir='ltr'>agro,</span> <span class='ocrx_word' id='word_1_209' title='bbox 1168 2848 1402 2904; x_wconf 86' lang='lat' dir='ltr'>cuidam</span> <span class='ocrx_word' id='word_1_210' title='bbox 1431 2849 1715 2905; x_wconf 88' lang='lat' dir='ltr'>Dominus</span> <span class='ocrx_word' id='word_1_211' title='bbox 1747 2867 1938 2907; x_wconf 80' lang='lat' dir='ltr'>emere</span> <span class='ocrx_word' id='word_1_212' title='bbox 1968 2868 2093 2923; x_wconf 88' lang='lat' dir='ltr'>per-</span> 
     </span>
    </p>
   </div>
   <div class='ocr_carea' id='block_1_30' title="bbox 446 2936 2093 3008">
    <p class='ocr_par' dir='ltr' id='par_1_30' title="bbox 446 2936 2093 3008">
     <span class='ocr_line' id='line_1_30' title="bbox 446 2936 2093 3008; baseline 0 -13"><span class='ocrx_word' id='word_1_213' title='bbox 446 2939 732 2996; x_wconf 81' lang='lat' dir='ltr'>suadebat</span> <span class='ocrx_word' id='word_1_214' title='bbox 759 2954 894 2993; x_wconf 89' lang='lat' dir='ltr'>cum</span> <span class='ocrx_word' id='word_1_215' title='bbox 922 2937 1180 2992; x_wconf 84' lang='lat' dir='ltr'>dicebat:</span> <span class='ocrx_word' id='word_1_216' title='bbox 1213 2958 1241 2986; x_wconf 90' lang='grc'><strong><em>‹‹</em></strong></span> <span class='ocrx_word' id='word_1_217' title='bbox 1276 2937 1334 2992; x_wconf 91' lang='lat' dir='ltr'>Si</span> <span class='ocrx_word' id='word_1_218' title='bbox 1365 2936 1451 2991; x_wconf 88' lang='lat' dir='ltr'>vis</span> <span class='ocrx_word' id='word_1_219' title='bbox 1483 2938 1929 3008; x_wconf 80' lang='lat' dir='ltr'>perfectusessc,</span> <span class='ocrx_word' id='word_1_220' title='bbox 1948 2939 2093 2995; x_wconf 88' lang='lat' dir='ltr'>vade</span> 
     </span>
    </p>
   </div>
   <div class='ocr_carea' id='block_1_31' title="bbox 443 3024 2095 3099">
    <p class='ocr_par' dir='ltr' id='par_1_31' title="bbox 443 3024 2095 3099">
     <span class='ocr_line' id='line_1_31' title="bbox 443 3024 2095 3099; baseline 0.001 -16"><span class='ocrx_word' id='word_1_221' title='bbox 443 3031 500 3083; x_wconf 83' lang='lat' dir='ltr'>et</span> <span class='ocrx_word' id='word_1_222' title='bbox 529 3027 712 3082; x_wconf 86' lang='lat' dir='ltr'>vende</span> <span class='ocrx_word' id='word_1_223' title='bbox 741 3024 939 3081; x_wconf 84' lang='lat' dir='ltr'>omnia</span> <span class='ocrx_word' id='word_1_224' title='bbox 985 3042 1113 3096; x_wconf 67' lang='lat' dir='ltr'>quae</span> <span class='ocrx_word' id='word_1_225' title='bbox 1165 3025 1367 3090; x_wconf 86' lang='lat' dir='ltr'>habes,</span> <span class='ocrx_word' id='word_1_226' title='bbox 1413 3030 1470 3081; x_wconf 88' lang='lat' dir='ltr'>et</span> <span class='ocrx_word' id='word_1_227' title='bbox 1498 3026 1573 3081; x_wconf 89' lang='lat' dir='ltr'>da</span> <span class='ocrx_word' id='word_1_228' title='bbox 1624 3026 2003 3099; x_wconf 87' lang='lat' dir='ltr'>pauperibus,</span> <span class='ocrx_word' id='word_1_229' title='bbox 2034 3033 2095 3084; x_wconf 86' lang='lat' dir='ltr'>et</span> 
     </span>
    </p>
   </div>
   <div class='ocr_carea' id='block_1_32' title="bbox 445 3113 2090 3188">
    <p class='ocr_par' dir='ltr' id='par_1_32' title="bbox 445 3113 2090 3188">
     <span class='ocr_line' id='line_1_32' title="bbox 445 3113 2090 3188; baseline 0.001 -17"><span class='ocrx_word' id='word_1_230' title='bbox 445 3115 690 3172; x_wconf 84' lang='lat' dir='ltr'>habebis</span> <span class='ocrx_word' id='word_1_231' title='bbox 720 3114 1062 3170; x_wconf 88' lang='lat' dir='ltr'>thesaurum</span> <span class='ocrx_word' id='word_1_232' title='bbox 1096 3114 1157 3168; x_wconf 89' lang='lat' dir='ltr'>in</span> <span class='ocrx_word' id='word_1_233' title='bbox 1197 3113 1367 3181; x_wconf 86' lang='lat' dir='ltr'>coelo;</span> <span class='ocrx_word' id='word_1_234' title='bbox 1401 3117 1459 3169; x_wconf 85' lang='lat' dir='ltr'>et</span> <span class='ocrx_word' id='word_1_235' title='bbox 1497 3115 1652 3182; x_wconf 82' lang='lat' dir='ltr'>veni,</span> <span class='ocrx_word' id='word_1_236' title='bbox 1702 3132 1949 3188; x_wconf 89' lang='lat' dir='ltr'>sequere</span> <span class='ocrx_word' id='word_1_237' title='bbox 1997 3134 2090 3172; x_wconf 91' lang='lat' dir='ltr'>me</span> 
     </span>
    </p>
   </div>
   <div class='ocr_carea' id='block_1_33' title="bbox 442 3185 3805 3277">
    <p class='ocr_par' dir='ltr' id='par_1_33' title="bbox 442 3185 3805 3277">
     <span class='ocr_line' id='line_1_33' title="bbox 442 3185 3805 3277; baseline -0.003 -17"><span class='ocrx_word' id='word_1_238' title='bbox 442 3205 651 3277; x_wconf 74' lang='lat' dir='ltr'>(Matth.</span> <span class='ocrx_word' id='word_1_239' title='bbox 685 3207 818 3271; x_wconf 71' lang='lat' dir='ltr'>XIX).</span> <span class='ocrx_word' id='word_1_240' title='bbox 856 3225 884 3253; x_wconf 76' lang='grc' dir='ltr'>ι)</span> <span class='ocrx_word' id='word_1_241' title='bbox 919 3202 1068 3259; x_wconf 83' lang='lat' dir='ltr'>Illud</span> <span class='ocrx_word' id='word_1_242' title='bbox 1099 3207 1294 3258; x_wconf 83' lang='lat' dir='ltr'>autem</span> <span class='ocrx_word' id='word_1_243' title='bbox 1314 3204 1659 3270; x_wconf 86' lang='lat' dir='ltr'>notandum,</span> <span class='ocrx_word' id='word_1_244' title='bbox 1689 3185 2093 3276; x_wconf 81' lang='lat' dir='ltr'>quodthesan-</span> <span class='ocrx_word' id='word_1_245' title='bbox 2127 3185 2173 3251; x_wconf 75' lang='grc' dir='ltr'>Ο</span> <span class='ocrx_word' id='word_1_246' title='bbox 2208 3200 2476 3266; x_wconf 84' lang='lat' dir='ltr'>fundum,</span> <span class='ocrx_word' id='word_1_247' title='bbox 2516 3217 2703 3272; x_wconf 88' lang='lat' dir='ltr'>neque</span> <span class='ocrx_word' id='word_1_248' title='bbox 2736 3204 2997 3256; x_wconf 79' lang='lat' dir='ltr'>creatura</span> <span class='ocrx_word' id='word_1_249' title='bbox 3026 3201 3141 3257; x_wconf 86' lang='lat' dir='ltr'>alia</span> <span class='ocrx_word' id='word_1_250' title='bbox 3152 3203 3374 3274; x_wconf 85' lang='lat' dir='ltr'>poterit</span> <span class='ocrx_word' id='word_1_251' title='bbox 3395 3219 3499 3260; x_wconf 87' lang='lat' dir='ltr'>nos</span> <span class='ocrx_word' id='word_1_252' title='bbox 3530 3214 3757 3274; x_wconf 83' lang='lat' dir='ltr'>separare</span> <span class='ocrx_word' id='word_1_253' title='bbox 3772 3214 3805 3251; x_wconf 65' lang='lat' dir='ltr'>a,</span> 
     </span>
    </p>
   </div>
   <div class='ocr_carea' id='block_1_34' title="bbox 441 3292 2094 3363">
    <p class='ocr_par' dir='ltr' id='par_1_34' title="bbox 441 3292 2094 3363">
     <span class='ocr_line' id='line_1_34' title="bbox 441 3292 2094 3363; baseline 0 -14"><span class='ocrx_word' id='word_1_254' title='bbox 441 3311 544 3351; x_wconf 87' lang='lat' dir='ltr'>rus</span> <span class='ocrx_word' id='word_1_255' title='bbox 572 3293 844 3349; x_wconf 84' lang='lat' dir='ltr'>inventus</span> <span class='ocrx_word' id='word_1_256' title='bbox 874 3292 1203 3348; x_wconf 76' lang='lat' dir='ltr'>custoditur</span> <span class='ocrx_word' id='word_1_257' title='bbox 1224 3295 1579 3358; x_wconf 88' lang='lat' dir='ltr'>utservetur,</span> <span class='ocrx_word' id='word_1_258' title='bbox 1600 3296 1895 3363; x_wconf 84' lang='lat' dir='ltr'>quatenus</span> <span class='ocrx_word' id='word_1_259' title='bbox 1924 3292 2094 3349; x_wconf 87' lang='lat' dir='ltr'>intel-</span> 
     </span>
    </p>
   </div>
   <div class='ocr_carea' id='block_1_35' title="bbox 439 3379 2093 3454">
    <p class='ocr_par' dir='ltr' id='par_1_35' title="bbox 439 3379 2093 3454">
     <span class='ocr_line' id='line_1_35' title="bbox 439 3379 2093 3454; baseline -0.001 -16"><span class='ocrx_word' id='word_1_260' title='bbox 439 3382 696 3454; x_wconf 83' lang='lat' dir='ltr'>ligamus</span> <span class='ocrx_word' id='word_1_261' title='bbox 726 3394 902 3453; x_wconf 83' lang='lat' dir='ltr'>quam</span> <span class='ocrx_word' id='word_1_262' title='bbox 927 3379 1256 3436; x_wconf 88' lang='lat' dir='ltr'>studiosein</span> <span class='ocrx_word' id='word_1_263' title='bbox 1274 3380 1425 3436; x_wconf 88' lang='lat' dir='ltr'>bono</span> <span class='ocrx_word' id='word_1_264' title='bbox 1438 3398 1611 3452; x_wconf 88' lang='lat' dir='ltr'>opere</span> <span class='ocrx_word' id='word_1_265' title='bbox 1623 3398 1829 3436; x_wconf 89' lang='lat' dir='ltr'>vanam</span> <span class='ocrx_word' id='word_1_266' title='bbox 1846 3381 2093 3453; x_wconf 83' lang='lat' dir='ltr'>gloriam</span> 
     </span>
    </p>
   </div>
   <div class='ocr_carea' id='block_1_36' title="bbox 441 3467 2094 3541">
    <p class='ocr_par' dir='ltr' id='par_1_36' title="bbox 441 3467 2094 3541">
     <span class='ocr_line' id='line_1_36' title="bbox 441 3467 2094 3541; baseline -0.001 -15"><span class='ocrx_word' id='word_1_267' title='bbox 441 3487 641 3526; x_wconf 83' lang='lat' dir='ltr'>cavere</span> <span class='ocrx_word' id='word_1_268' title='bbox 669 3470 1032 3525; x_wconf 55' lang='lat' dir='ltr'>debeamus”</span> <span class='ocrx_word' id='word_1_269' title='bbox 1067 3467 1162 3524; x_wconf 84' lang='lat' dir='ltr'>Sic</span> <span class='ocrx_word' id='word_1_270' title='bbox 1189 3473 1281 3523; x_wconf 91' lang='lat' dir='ltr'>est</span> <span class='ocrx_word' id='word_1_271' title='bbox 1311 3468 1467 3524; x_wconf 90' lang='lat' dir='ltr'>enim</span> <span class='ocrx_word' id='word_1_272' title='bbox 1498 3485 1756 3540; x_wconf 84' lang='lat' dir='ltr'>praesens</span> <span class='ocrx_word' id='word_1_273' title='bbox 1787 3468 1903 3525; x_wconf 81' lang='lat' dir='ltr'>vita</span> <span class='ocrx_word' id='word_1_274' title='bbox 1924 3469 2094 3541; x_wconf 85' lang='lat' dir='ltr'>quasi</span> 
     </span>
    </p>
   </div>
   <div class='ocr_carea' id='block_1_37' title="bbox 439 3555 2131 3629">
    <p class='ocr_par' dir='ltr' id='par_1_37' title="bbox 439 3555 2131 3629">
     <span class='ocr_line' id='line_1_37' title="bbox 439 3555 2131 3629; baseline 0.001 -16"><span class='ocrx_word' id='word_1_275' title='bbox 439 3559 553 3624; x_wconf 83' lang='lat' dir='ltr'>via,</span> <span class='ocrx_word' id='word_1_276' title='bbox 587 3557 844 3613; x_wconf 85' lang='lat' dir='ltr'>latrones</span> <span class='ocrx_word' id='word_1_277' title='bbox 874 3560 1071 3611; x_wconf 89' lang='lat' dir='ltr'>autem</span> <span class='ocrx_word' id='word_1_278' title='bbox 1095 3555 1264 3625; x_wconf 78' lang='lat' dir='ltr'>juxta</span> <span class='ocrx_word' id='word_1_279' title='bbox 1291 3556 1467 3623; x_wconf 90' lang='lat' dir='ltr'>viam,</span> <span class='ocrx_word' id='word_1_280' title='bbox 1500 3556 1791 3611; x_wconf 89' lang='lat' dir='ltr'>immundi</span> <span class='ocrx_word' id='word_1_281' title='bbox 1813 3562 1951 3614; x_wconf 85' lang='lat' dir='ltr'>sunt</span> <span class='ocrx_word' id='word_1_282' title='bbox 1973 3559 2094 3629; x_wconf 89' lang='lat' dir='ltr'>spi-</span> <span class='ocrx_word' id='word_1_283' title='bbox 2112 3576 2131 3589; x_wconf 70' lang='grc' dir='ltr'><strong><em>ο</em></strong></span> 
     </span>
    </p>
   </div>
   <div class='ocr_carea' id='block_1_38' title="bbox 446 3644 2094 3718">
    <p class='ocr_par' dir='ltr' id='par_1_38' title="bbox 446 3644 2094 3718">
     <span class='ocr_line' id='line_1_38' title="bbox 446 3644 2094 3718; baseline 0 -16"><span class='ocrx_word' id='word_1_284' title='bbox 446 3646 616 3712; x_wconf 86' lang='lat' dir='ltr'>ritus,</span> <span class='ocrx_word' id='word_1_285' title='bbox 651 3644 752 3717; x_wconf 84' lang='lat' dir='ltr'>qui</span> <span class='ocrx_word' id='word_1_286' title='bbox 782 3644 899 3703; x_wconf 72' lang='lat' dir='ltr'>illis</span> <span class='ocrx_word' id='word_1_287' title='bbox 930 3644 1635 3716; x_wconf 80' lang='lat' dir='ltr'>maximeiavident,quos</span> <span class='ocrx_word' id='word_1_288' title='bbox 1655 3646 2094 3718; x_wconf 81' lang='lat' dir='ltr'>cumspirituali</span> 
     </span>
    </p>
   </div>
   <div class='ocr_carea' id='block_1_39' title="bbox 445 3732 2089 3807">
    <p class='ocr_par' dir='ltr' id='par_1_39' title="bbox 445 3732 2089 3807">
     <span class='ocr_line' id='line_1_39' title="bbox 445 3732 2089 3807; baseline -0.002 -15"><span class='ocrx_word' id='word_1_289' title='bbox 445 3735 722 3792; x_wconf 85' lang='lat' dir='ltr'>thesauro</span> <span class='ocrx_word' id='word_1_290' title='bbox 752 3734 824 3791; x_wconf 90' lang='lat' dir='ltr'>ad</span> <span class='ocrx_word' id='word_1_291' title='bbox 854 3732 1146 3790; x_wconf 65' lang='lat' dir='ltr'>ctelestem</span> <span class='ocrx_word' id='word_1_292' title='bbox 1180 3732 1429 3804; x_wconf 86' lang='lat' dir='ltr'>patriam</span> <span class='ocrx_word' id='word_1_293' title='bbox 1453 3733 1689 3788; x_wconf 86' lang='lat' dir='ltr'>tendere</span> <span class='ocrx_word' id='word_1_294' title='bbox 1709 3739 2089 3807; x_wconf 82' lang='lat' dir='ltr'>cognoscunt,</span> 
     </span>
    </p>
   </div>
   <div class='ocr_carea' id='block_1_40' title="bbox 444 3821 2093 3896">
    <p class='ocr_par' dir='ltr' id='par_1_40' title="bbox 444 3821 2093 3896">
     <span class='ocr_line' id='line_1_40' title="bbox 444 3821 2093 3896; baseline -0.001 -15"><span class='ocrx_word' id='word_1_295' title='bbox 444 3825 598 3882; x_wconf 86' lang='lat' dir='ltr'>sicut</span> <span class='ocrx_word' id='word_1_296' title='bbox 625 3841 728 3896; x_wconf 89' lang='lat' dir='ltr'>per</span> <span class='ocrx_word' id='word_1_297' title='bbox 748 3821 1093 3895; x_wconf 79' lang='lat' dir='ltr'>Pmphetam</span> <span class='ocrx_word' id='word_1_298' title='bbox 1123 3821 1405 3877; x_wconf 84' lang='lat' dir='ltr'>decorum</span> <span class='ocrx_word' id='word_1_299' title='bbox 1419 3821 1607 3893; x_wconf 88' lang='lat' dir='ltr'>capite</span> <span class='ocrx_word' id='word_1_300' title='bbox 1618 3822 1850 3877; x_wconf 86' lang='lat' dir='ltr'>dicitur:</span> <span class='ocrx_word' id='word_1_301' title='bbox 1876 3846 1903 3873; x_wconf 72' lang='grc' dir='ltr'><strong><em>α</em></strong></span> <span class='ocrx_word' id='word_1_302' title='bbox 1920 3824 2093 3879; x_wconf 87' lang='lat' dir='ltr'>Sedet</span> 
     </span>
    </p>
   </div>
   <div class='ocr_carea' id='block_1_41' title="bbox 444 3907 2091 3973">
    <p class='ocr_par' dir='ltr' id='par_1_41' title="bbox 444 3907 2091 3973">
     <span class='ocr_line' id='line_1_41' title="bbox 444 3907 2091 3973; baseline -0.002 -5"><span class='ocrx_word' id='word_1_303' title='bbox 444 3914 502 3969; x_wconf 87' lang='lat' dir='ltr'>in</span> <span class='ocrx_word' id='word_1_304' title='bbox 535 3910 769 3968; x_wconf 83' lang='lat' dir='ltr'>insidiis</span> <span class='ocrx_word' id='word_1_305' title='bbox 797 3926 935 3965; x_wconf 85' lang='lat' dir='ltr'>cum</span> <span class='ocrx_word' id='word_1_306' title='bbox 961 3907 1241 3964; x_wconf 81' lang='lat' dir='ltr'>divitibus</span> <span class='ocrx_word' id='word_1_307' title='bbox 1271 3908 1330 3962; x_wconf 92' lang='lat' dir='ltr'>in</span> <span class='ocrx_word' id='word_1_308' title='bbox 1375 3907 1637 3973; x_wconf 87' lang='lat' dir='ltr'>occultis,</span> <span class='ocrx_word' id='word_1_309' title='bbox 1674 3912 1737 3963; x_wconf 92' lang='lat' dir='ltr'>ut</span> <span class='ocrx_word' id='word_1_310' title='bbox 1781 3909 2091 3966; x_wconf 86' lang='lat' dir='ltr'>interﬁciat</span> 
     </span>
    </p>
   </div>
   <div class='ocr_carea' id='block_1_42' title="bbox 442 3996 2089 4070">
    <p class='ocr_par' dir='ltr' id='par_1_42' title="bbox 442 3996 2089 4070">
     <span class='ocr_line' id='line_1_42' title="bbox 442 3996 2089 4070; baseline -0.002 -12"><span class='ocrx_word' id='word_1_311' title='bbox 442 4003 813 4058; x_wconf 75' lang='lat' dir='ltr'>innocentem</span> <span class='ocrx_word' id='word_1_312' title='bbox 846 3998 1016 4069; x_wconf 80' lang='lat' dir='ltr'>(Psal.</span> <span class='ocrx_word' id='word_1_313' title='bbox 1063 3998 1141 4069; x_wconf 72' lang='grc' dir='ltr'>κ).</span> <span class='ocrx_word' id='word_1_314' title='bbox 1178 4020 1206 4046; x_wconf 85' lang='grc'><strong>››</strong></span> <span class='ocrx_word' id='word_1_315' title='bbox 1257 3996 1496 4053; x_wconf 87' lang='lat' dir='ltr'>Illorum</span> <span class='ocrx_word' id='word_1_316' title='bbox 1539 4014 1675 4070; x_wconf 89' lang='lat' dir='ltr'>ergo</span> <span class='ocrx_word' id='word_1_317' title='bbox 1729 3997 1961 4054; x_wconf 88' lang='lat' dir='ltr'>divitias</span> <span class='ocrx_word' id='word_1_318' title='bbox 1985 3999 2089 4055; x_wconf 86' lang='lat' dir='ltr'>isti</span> 
     </span>
    </p>
   </div>
   <div class='ocr_carea' id='block_1_43' title="bbox 439 4085 2089 4160">
    <p class='ocr_par' dir='ltr' id='par_1_43' title="bbox 439 4085 2089 4160">
     <span class='ocr_line' id='line_1_43' title="bbox 439 4085 2089 4160; baseline -0.001 -14"><span class='ocrx_word' id='word_1_319' title='bbox 439 4089 697 4150; x_wconf 80' lang='lat' dir='ltr'>latrones</span> <span class='ocrx_word' id='word_1_320' title='bbox 722 4087 984 4160; x_wconf 79' lang='lat' dir='ltr'>rapiunt,</span> <span class='ocrx_word' id='word_1_321' title='bbox 1018 4085 1118 4158; x_wconf 89' lang='lat' dir='ltr'>qui</span> <span class='ocrx_word' id='word_1_322' title='bbox 1151 4104 1254 4157; x_wconf 89' lang='lat' dir='ltr'>per</span> <span class='ocrx_word' id='word_1_323' title='bbox 1280 4086 1514 4141; x_wconf 87' lang='lat' dir='ltr'>inanem</span> <span class='ocrx_word' id='word_1_324' title='bbox 1555 4087 1903 4157; x_wconf 87' lang='lat' dir='ltr'>jactantiam</span> <span class='ocrx_word' id='word_1_325' title='bbox 1936 4088 2089 4144; x_wconf 88' lang='lat' dir='ltr'>bona</span> 
     </span>
    </p>
   </div>
   <div class='ocr_carea' id='block_1_44' title="bbox 438 4174 2088 4250">
    <p class='ocr_par' dir='ltr' id='par_1_44' title="bbox 438 4174 2088 4250">
     <span class='ocr_line' id='line_1_44' title="bbox 438 4174 2088 4250; baseline -0.002 -15"><span class='ocrx_word' id='word_1_326' title='bbox 438 4197 547 4239; x_wconf 88' lang='lat' dir='ltr'>sua</span> <span class='ocrx_word' id='word_1_327' title='bbox 576 4193 751 4250; x_wconf 85' lang='lat' dir='ltr'>opera</span> <span class='ocrx_word' id='word_1_328' title='bbox 781 4192 976 4232; x_wconf 87' lang='lat' dir='ltr'>coram</span> <span class='ocrx_word' id='word_1_329' title='bbox 990 4174 1328 4230; x_wconf 88' lang='lat' dir='ltr'>hominibus</span> <span class='ocrx_word' id='word_1_330' title='bbox 1342 4174 1661 4229; x_wconf 77' lang='lat' dir='ltr'>denudent.</span> <span class='ocrx_word' id='word_1_331' title='bbox 1678 4175 1840 4230; x_wconf 89' lang='lat' dir='ltr'>Unde</span> <span class='ocrx_word' id='word_1_332' title='bbox 1855 4192 2088 4232; x_wconf 82' lang='lat' dir='ltr'>necesse</span> 
     </span>
    </p>
   </div>
   <div class='ocr_carea' id='block_1_45' title="bbox 437 4262 2088 4335">
    <p class='ocr_par' dir='ltr' id='par_1_45' title="bbox 437 4262 2088 4335">
     <span class='ocr_line' id='line_1_45' title="bbox 437 4262 2088 4335; baseline -0.003 -10"><span class='ocrx_word' id='word_1_333' title='bbox 437 4272 546 4335; x_wconf 86' lang='lat' dir='ltr'>est,</span> <span class='ocrx_word' id='word_1_334' title='bbox 581 4271 652 4335; x_wconf 72' lang='lat' dir='ltr'>ut</span> <span class='ocrx_word' id='word_1_335' title='bbox 674 4282 813 4322; x_wconf 89' lang='lat' dir='ltr'>cum</span> <span class='ocrx_word' id='word_1_336' title='bbox 839 4281 989 4335; x_wconf 84' lang='lat' dir='ltr'>opus</span> <span class='ocrx_word' id='word_1_337' title='bbox 1021 4264 1238 4318; x_wconf 88' lang='lat' dir='ltr'>bonum</span> <span class='ocrx_word' id='word_1_338' title='bbox 1259 4262 1513 4318; x_wconf 77' lang='lat' dir='ltr'>exterius</span> <span class='ocrx_word' id='word_1_339' title='bbox 1540 4263 1795 4334; x_wconf 81' lang='lat' dir='ltr'>agimus,</span> <span class='ocrx_word' id='word_1_340' title='bbox 1819 4264 2088 4320; x_wconf 79' lang='lat' dir='ltr'>intentio-</span> 
     </span>
    </p>
   </div>
   <div class='ocr_carea' id='block_1_46' title="bbox 437 4349 2090 4424">
    <p class='ocr_par' dir='ltr' id='par_1_46' title="bbox 437 4349 2090 4424">
     <span class='ocr_line' id='line_1_46' title="bbox 437 4349 2090 4424; baseline -0.002 -11"><span class='ocrx_word' id='word_1_341' title='bbox 437 4368 575 4413; x_wconf 80' lang='lat' dir='ltr'>nem</span> <span class='ocrx_word' id='word_1_342' title='bbox 603 4355 720 4410; x_wconf 88' lang='lat' dir='ltr'>Deo</span> <span class='ocrx_word' id='word_1_343' title='bbox 738 4349 1318 4424; x_wconf 86' lang='lat' dir='ltr'>plaeendisemperin</span> <span class='ocrx_word' id='word_1_344' title='bbox 1345 4349 1570 4405; x_wconf 83' lang='lat' dir='ltr'>occulto</span> <span class='ocrx_word' id='word_1_345' title='bbox 1583 4355 1911 4417; x_wconf 85' lang='lat' dir='ltr'>teneamus,</span> <span class='ocrx_word' id='word_1_346' title='bbox 1916 4353 2090 4423; x_wconf 77' lang='lat' dir='ltr'>juxta</span> 
     </span>
    </p>
   </div>
   <div class='ocr_carea' id='block_1_47' title="bbox 438 4438 2082 4516">
    <p class='ocr_par' dir='ltr' id='par_1_47' title="bbox 438 4438 2082 4516">
     <span class='ocr_line' id='line_1_47' title="bbox 438 4438 2082 4516; baseline -0.001 -17"><span class='ocrx_word' id='word_1_347' title='bbox 438 4445 595 4516; x_wconf 92' lang='lat' dir='ltr'>quod</span> <span class='ocrx_word' id='word_1_348' title='bbox 630 4443 753 4513; x_wconf 90' lang='lat' dir='ltr'>ipse</span> <span class='ocrx_word' id='word_1_349' title='bbox 786 4456 892 4494; x_wconf 91' lang='lat' dir='ltr'>nos</span> <span class='ocrx_word' id='word_1_350' title='bbox 923 4439 1217 4503; x_wconf 89' lang='lat' dir='ltr'>admonet,</span> <span class='ocrx_word' id='word_1_351' title='bbox 1253 4438 1484 4493; x_wconf 90' lang='lat' dir='ltr'>dicens:</span> <span class='ocrx_word' id='word_1_352' title='bbox 1524 4460 1551 4487; x_wconf 87' lang='grc'>‹‹</span> <span class='ocrx_word' id='word_1_353' title='bbox 1582 4441 1729 4493; x_wconf 85' lang='lat' dir='ltr'>Cum</span> <span class='ocrx_word' id='word_1_354' title='bbox 1762 4438 1904 4494; x_wconf 84' lang='lat' dir='ltr'>facis</span> <span class='ocrx_word' id='word_1_355' title='bbox 1934 4439 2082 4497; x_wconf 88' lang='lat' dir='ltr'>elec-</span> 
     </span>
    </p>
   </div>
   <div class='ocr_carea' id='block_1_48' title="bbox 2184 536 3757 613">
    <p class='ocr_par' dir='ltr' id='par_1_48' title="bbox 2184 536 3757 613">
     <span class='ocr_line' id='line_1_48' title="bbox 2184 536 3757 613; baseline 0.008 -22"><span class='ocrx_word' id='word_1_356' title='bbox 2184 542 2304 593; x_wconf 80' lang='lat' dir='ltr'>tem</span> <span class='ocrx_word' id='word_1_357' title='bbox 2335 536 2715 609; x_wconf 85' lang='lat' dir='ltr'>spiritualiter</span> <span class='ocrx_word' id='word_1_358' title='bbox 2745 554 2853 595; x_wconf 87' lang='lat' dir='ltr'>nos</span> <span class='ocrx_word' id='word_1_359' title='bbox 2883 555 3112 607; x_wconf 83' lang='lat' dir='ltr'>sumus,</span> <span class='ocrx_word' id='word_1_360' title='bbox 3138 540 3553 613; x_wconf 71' lang='lat' dir='ltr'>quideterrcnis</span> <span class='ocrx_word' id='word_1_361' title='bbox 3565 544 3757 603; x_wconf 64' lang='lat' dir='ltr'>faculis»</span> 
     </span>
    </p>
   </div>
   <div class='ocr_carea' id='block_1_49' title="bbox 2184 626 3757 701">
    <p class='ocr_par' dir='ltr' id='par_1_49' title="bbox 2184 626 3757 701">
     <span class='ocr_line' id='line_1_49' title="bbox 2184 626 3757 701; baseline 0.008 -22"><span class='ocrx_word' id='word_1_362' title='bbox 2184 626 2343 682; x_wconf 81' lang='lat' dir='ltr'>tibus</span> <span class='ocrx_word' id='word_1_363' title='bbox 2357 626 2652 682; x_wconf 83' lang='lat' dir='ltr'>coeiestem</span> <span class='ocrx_word' id='word_1_364' title='bbox 2667 626 2919 700; x_wconf 48' lang='lat' dir='ltr'>gloriam»</span> <span class='ocrx_word' id='word_1_365' title='bbox 2930 630 3171 685; x_wconf 79' lang='lat' dir='ltr'>mercari</span> <span class='ocrx_word' id='word_1_366' title='bbox 3179 630 3463 701; x_wconf 81' lang='lat' dir='ltr'>jubemur.</span> <span class='ocrx_word' id='word_1_367' title='bbox 3476 633 3757 693; x_wconf 77' lang='lat' dir='ltr'>Notandum</span> 
     </span>
    </p>
   </div>
   <div class='ocr_carea' id='block_1_50' title="bbox 2184 716 3761 794">
    <p class='ocr_par' dir='ltr' id='par_1_50' title="bbox 2184 716 3761 794">
     <span class='ocr_line' id='line_1_50' title="bbox 2184 716 3761 794; baseline 0.006 -24"><span class='ocrx_word' id='word_1_368' title='bbox 2184 720 2381 771; x_wconf 86' lang='lat' dir='ltr'>autem</span> <span class='ocrx_word' id='word_1_369' title='bbox 2414 716 2570 787; x_wconf 87' lang='lat' dir='ltr'>quod</span> <span class='ocrx_word' id='word_1_370' title='bbox 2602 716 2701 783; x_wconf 87' lang='lat' dir='ltr'>ait,</span> <span class='ocrx_word' id='word_1_371' title='bbox 2753 738 2779 766; x_wconf 83' lang='grc' dir='ltr'>α</span> <span class='ocrx_word' id='word_1_372' title='bbox 2813 717 3075 773; x_wconf 84' lang='lat' dir='ltr'>vendidit</span> <span class='ocrx_word' id='word_1_373' title='bbox 3125 719 3317 775; x_wconf 85' lang='lat' dir='ltr'>omnia</span> <span class='ocrx_word' id='word_1_374' title='bbox 3355 736 3474 794; x_wconf 66' lang='lat' dir='ltr'>qua!</span> <span class='ocrx_word' id='word_1_375' title='bbox 3516 721 3761 781; x_wconf 80' lang='lat' dir='ltr'>habuitet</span> 
     </span>
    </p>
   </div>
   <div class='ocr_carea' id='block_1_51' title="bbox 2184 804 3758 882">
    <p class='ocr_par' dir='ltr' id='par_1_51' title="bbox 2184 804 3758 882">
     <span class='ocr_line' id='line_1_51' title="bbox 2184 804 3758 882; baseline 0.005 -22"><span class='ocrx_word' id='word_1_376' title='bbox 2184 804 2327 860; x_wconf 85' lang='lat' dir='ltr'>emit</span> <span class='ocrx_word' id='word_1_377' title='bbox 2356 822 2507 871; x_wconf 85' lang='lat' dir='ltr'>eam,</span> <span class='ocrx_word' id='word_1_378' title='bbox 2546 828 2572 854; x_wconf 79' lang='grc' dir='ltr'>›ι</span> <span class='ocrx_word' id='word_1_379' title='bbox 2604 806 2743 877; x_wconf 85' lang='lat' dir='ltr'>quia</span> <span class='ocrx_word' id='word_1_380' title='bbox 2773 805 2869 861; x_wconf 90' lang='lat' dir='ltr'>ille</span> <span class='ocrx_word' id='word_1_381' title='bbox 2901 807 3215 879; x_wconf 85' lang='lat' dir='ltr'>pretiosam</span> <span class='ocrx_word' id='word_1_382' title='bbox 3236 809 3758 882; x_wconf 78' lang='lat' dir='ltr'>margaritamunam,</span> 
     </span>
    </p>
   </div>
   <div class='ocr_carea' id='block_1_52' title="bbox 2184 893 3765 973">
    <p class='ocr_par' dir='ltr' id='par_1_52' title="bbox 2184 893 3765 973">
     <span class='ocr_line' id='line_1_52' title="bbox 2184 893 3765 973; baseline 0.006 -25"><span class='ocrx_word' id='word_1_383' title='bbox 2184 894 2243 948; x_wconf 89' lang='lat' dir='ltr'>id</span> <span class='ocrx_word' id='word_1_384' title='bbox 2275 898 2365 950; x_wconf 90' lang='lat' dir='ltr'>est</span> <span class='ocrx_word' id='word_1_385' title='bbox 2394 893 2687 951; x_wconf 81' lang='lat' dir='ltr'>ccelestem</span> <span class='ocrx_word' id='word_1_386' title='bbox 2720 895 2992 967; x_wconf 77' lang='lat' dir='ltr'>patriam,</span> <span class='ocrx_word' id='word_1_387' title='bbox 3024 896 3178 952; x_wconf 82' lang='lat' dir='ltr'>datis</span> <span class='ocrx_word' id='word_1_388' title='bbox 3221 897 3482 954; x_wconf 83' lang='lat' dir='ltr'>omnibus</span> <span class='ocrx_word' id='word_1_389' title='bbox 3517 898 3655 968; x_wconf 79' lang='lat' dir='ltr'>emit,</span> <span class='ocrx_word' id='word_1_390' title='bbox 3682 904 3765 973; x_wconf 86' lang='lat' dir='ltr'>qui</span> 
     </span>
    </p>
   </div>
   <div class='ocr_carea' id='block_1_53' title="bbox 2187 983 3762 1061">
    <p class='ocr_par' dir='ltr' id='par_1_53' title="bbox 2187 983 3762 1061">
     <span class='ocr_line' id='line_1_53' title="bbox 2187 983 3762 1061; baseline 0.005 -22"><span class='ocrx_word' id='word_1_391' title='bbox 2187 1000 2301 1039; x_wconf 91' lang='lat' dir='ltr'>non</span> <span class='ocrx_word' id='word_1_392' title='bbox 2330 983 2526 1039; x_wconf 88' lang='lat' dir='ltr'>solum</span> <span class='ocrx_word' id='word_1_393' title='bbox 2558 983 2805 1040; x_wconf 83' lang='lat' dir='ltr'>terrenis</span> <span class='ocrx_word' id='word_1_394' title='bbox 2834 983 3230 1051; x_wconf 76' lang='lat' dir='ltr'>facultatibus,</span> <span class='ocrx_word' id='word_1_395' title='bbox 3258 986 3354 1041; x_wconf 85' lang='lat' dir='ltr'>sed</span> <span class='ocrx_word' id='word_1_396' title='bbox 3384 986 3542 1042; x_wconf 86' lang='lat' dir='ltr'>etiam</span> <span class='ocrx_word' id='word_1_397' title='bbox 3557 992 3762 1061; x_wconf 76' lang='lat' dir='ltr'>propriis</span> 
     </span>
    </p>
   </div>
   <div class='ocr_carea' id='block_1_54' title="bbox 2187 1072 3761 1148">
    <p class='ocr_par' dir='ltr' id='par_1_54' title="bbox 2187 1072 3761 1148">
     <span class='ocr_line' id='line_1_54' title="bbox 2187 1072 3761 1148; baseline -0.004 -19"><span class='ocrx_word' id='word_1_398' title='bbox 2187 1072 2487 1129; x_wconf 81' lang='lat' dir='ltr'>renuntiat</span> <span class='ocrx_word' id='word_1_399' title='bbox 2512 1072 2910 1129; x_wconf 77' lang='lat' dir='ltr'>facultatibus.</span> <span class='ocrx_word' id='word_1_400' title='bbox 2939 1074 3048 1137; x_wconf 87' lang='lat' dir='ltr'>Qui</span> <span class='ocrx_word' id='word_1_401' title='bbox 3073 1091 3215 1130; x_wconf 83' lang='lat' dir='ltr'>vero</span> <span class='ocrx_word' id='word_1_402' title='bbox 3232 1076 3669 1148; x_wconf 75' lang='lat' dir='ltr'>suapauperibus</span> <span class='ocrx_word' id='word_1_403' title='bbox 3683 1080 3761 1135; x_wconf 59' lang='grc' dir='ltr'>αἱ.</span> 
     </span>
    </p>
   </div>
   <div class='ocr_carea' id='block_1_55' title="bbox 2186 1161 3764 1236">
    <p class='ocr_par' dir='ltr' id='par_1_55' title="bbox 2186 1161 3764 1236">
     <span class='ocr_line' id='line_1_55' title="bbox 2186 1161 3764 1236; baseline 0.004 -18"><span class='ocrx_word' id='word_1_404' title='bbox 2186 1161 2335 1228; x_wconf 85' lang='lat' dir='ltr'>buit,</span> <span class='ocrx_word' id='word_1_405' title='bbox 2370 1162 2469 1217; x_wconf 88' lang='lat' dir='ltr'>sed</span> <span class='ocrx_word' id='word_1_406' title='bbox 2502 1161 2693 1217; x_wconf 86' lang='lat' dir='ltr'>adhuc</span> <span class='ocrx_word' id='word_1_407' title='bbox 2722 1162 3764 1236; x_wconf 49' lang='lat' dir='ltr'>propriiévoluntatibusservit,pretio-</span> 
     </span>
    </p>
   </div>
   <div class='ocr_carea' id='block_1_56' title="bbox 2189 1250 3771 1324">
    <p class='ocr_par' dir='ltr' id='par_1_56' title="bbox 2189 1250 3771 1324">
     <span class='ocr_line' id='line_1_56' title="bbox 2189 1250 3771 1324; baseline 0.004 -18"><span class='ocrx_word' id='word_1_408' title='bbox 2189 1267 2316 1306; x_wconf 87' lang='lat' dir='ltr'>sam</span> <span class='ocrx_word' id='word_1_409' title='bbox 2348 1250 2727 1322; x_wconf 82' lang='lat' dir='ltr'>margaritam</span> <span class='ocrx_word' id='word_1_410' title='bbox 2760 1251 3023 1307; x_wconf 89' lang='lat' dir='ltr'>nondum</span> <span class='ocrx_word' id='word_1_411' title='bbox 3055 1250 3230 1307; x_wconf 73' lang='lat' dir='ltr'>emit:</span> <span class='ocrx_word' id='word_1_412' title='bbox 3265 1250 3397 1324; x_wconf 85' lang='lat' dir='ltr'>quia</span> <span class='ocrx_word' id='word_1_413' title='bbox 3430 1253 3571 1323; x_wconf 81' lang='lat' dir='ltr'>quod</span> <span class='ocrx_word' id='word_1_414' title='bbox 3611 1254 3771 1312; x_wconf 80' lang='lat' dir='ltr'>carina</span> 
     </span>
    </p>
   </div>
   <div class='ocr_carea' id='block_1_57' title="bbox 2188 1338 3767 1411">
    <p class='ocr_par' dir='ltr' id='par_1_57' title="bbox 2188 1338 3767 1411">
     <span class='ocr_line' id='line_1_57' title="bbox 2188 1338 3767 1411; baseline 0.003 -18"><span class='ocrx_word' id='word_1_415' title='bbox 2188 1343 2303 1394; x_wconf 89' lang='lat' dir='ltr'>Deo</span> <span class='ocrx_word' id='word_1_416' title='bbox 2335 1342 2564 1411; x_wconf 77' lang='lat' dir='ltr'>poterat</span> <span class='ocrx_word' id='word_1_417' title='bbox 2588 1340 2812 1406; x_wconf 78' lang='lat' dir='ltr'>offerre,</span> <span class='ocrx_word' id='word_1_418' title='bbox 2849 1338 3106 1395; x_wconf 78' lang='lat' dir='ltr'>retinuit.</span> <span class='ocrx_word' id='word_1_419' title='bbox 3134 1340 3258 1396; x_wconf 88' lang='lat' dir='ltr'>Non</span> <span class='ocrx_word' id='word_1_420' title='bbox 3273 1340 3577 1397; x_wconf 84' lang='lat' dir='ltr'>enimDeus</span> <span class='ocrx_word' id='word_1_421' title='bbox 3590 1347 3767 1405; x_wconf 74' lang='lat' dir='ltr'>nostra,</span> 
     </span>
    </p>
   </div>
   <div class='ocr_carea' id='block_1_58' title="bbox 2190 1428 3769 1500">
    <p class='ocr_par' dir='ltr' id='par_1_58' title="bbox 2190 1428 3769 1500">
     <span class='ocr_line' id='line_1_58' title="bbox 2190 1428 3769 1500; baseline 0.001 -16"><span class='ocrx_word' id='word_1_422' title='bbox 2190 1429 2291 1484; x_wconf 89' lang='lat' dir='ltr'>sed</span> <span class='ocrx_word' id='word_1_423' title='bbox 2323 1445 2429 1483; x_wconf 90' lang='lat' dir='ltr'>nos</span> <span class='ocrx_word' id='word_1_424' title='bbox 2459 1428 2686 1500; x_wconf 67' lang='lat' dir='ltr'>quaerit,</span> <span class='ocrx_word' id='word_1_425' title='bbox 2720 1428 2821 1500; x_wconf 89' lang='lat' dir='ltr'>qui</span> <span class='ocrx_word' id='word_1_426' title='bbox 2848 1432 3139 1485; x_wconf 82' lang='lat' dir='ltr'>terrenam</span> <span class='ocrx_word' id='word_1_427' title='bbox 3169 1428 3549 1485; x_wconf 76' lang='lat' dir='ltr'>substantiam</span> <span class='ocrx_word' id='word_1_428' title='bbox 3569 1430 3769 1486; x_wconf 84' lang='lat' dir='ltr'>nonnisi</span> 
     </span>
    </p>
   </div>
   <div class='ocr_carea' id='block_1_59' title="bbox 2190 1515 3769 1591">
    <p class='ocr_par' dir='ltr' id='par_1_59' title="bbox 2190 1515 3769 1591">
     <span class='ocr_line' id='line_1_59' title="bbox 2190 1515 3769 1591; baseline 0.003 -20"><span class='ocrx_word' id='word_1_429' title='bbox 2190 1522 2425 1588; x_wconf 76' lang='lat' dir='ltr'>propter</span> <span class='ocrx_word' id='word_1_430' title='bbox 2454 1515 2688 1572; x_wconf 81' lang='lat' dir='ltr'>lucrum</span> <span class='ocrx_word' id='word_1_431' title='bbox 2719 1517 3050 1573; x_wconf 81' lang='lat' dir='ltr'>animarum</span> <span class='ocrx_word' id='word_1_432' title='bbox 3083 1518 3223 1574; x_wconf 79' lang='lat' dir='ltr'>dare</span> <span class='ocrx_word' id='word_1_433' title='bbox 3240 1517 3516 1591; x_wconf 81' lang='lat' dir='ltr'>praecepit.</span> <span class='ocrx_word' id='word_1_434' title='bbox 3532 1518 3769 1591; x_wconf 72' lang='lat' dir='ltr'>Quiaerge</span> 
     </span>
    </p>
   </div>
   <div class='ocr_carea' id='block_1_60' title="bbox 2191 1605 3772 1681">
    <p class='ocr_par' dir='ltr' id='par_1_60' title="bbox 2191 1605 3772 1681">
     <span class='ocr_line' id='line_1_60' title="bbox 2191 1605 3772 1681; baseline 0.002 -21"><span class='ocrx_word' id='word_1_435' title='bbox 2191 1605 2532 1678; x_wconf 79' lang='lat' dir='ltr'>negotiatori</span> <span class='ocrx_word' id='word_1_436' title='bbox 2565 1606 2750 1662; x_wconf 88' lang='lat' dir='ltr'>bonas</span> <span class='ocrx_word' id='word_1_437' title='bbox 2800 1605 3150 1680; x_wconf 81' lang='lat' dir='ltr'>margaritas</span> <span class='ocrx_word' id='word_1_438' title='bbox 3200 1607 3492 1681; x_wconf 69' lang='lat' dir='ltr'>quaarenti,</span> <span class='ocrx_word' id='word_1_439' title='bbox 3536 1608 3772 1679; x_wconf 76' lang='lat' dir='ltr'>bonisque</span> 
     </span>
    </p>
   </div>
   <div class='ocr_carea' id='block_1_61' title="bbox 2191 1692 3772 1766">
    <p class='ocr_par' dir='ltr' id='par_1_61' title="bbox 2191 1692 3772 1766">
     <span class='ocr_line' id='line_1_61' title="bbox 2191 1692 3772 1766; baseline 0.003 -18"><span class='ocrx_word' id='word_1_440' title='bbox 2191 1692 2525 1766; x_wconf 78' lang='lat' dir='ltr'>margaritis</span> <span class='ocrx_word' id='word_1_441' title='bbox 2555 1710 2763 1750; x_wconf 89' lang='lat' dir='ltr'>sumus</span> <span class='ocrx_word' id='word_1_442' title='bbox 2807 1694 3153 1766; x_wconf 86' lang='lat' dir='ltr'>comparati,</span> <span class='ocrx_word' id='word_1_443' title='bbox 3193 1712 3416 1752; x_wconf 79' lang='lat' dir='ltr'>servare</span> <span class='ocrx_word' id='word_1_444' title='bbox 3457 1695 3702 1752; x_wconf 83' lang='lat' dir='ltr'>debemus</span> <span class='ocrx_word' id='word_1_445' title='bbox 3726 1696 3772 1752; x_wconf 84' lang='lat' dir='ltr'>in</span> 
     </span>
    </p>
   </div>
   <div class='ocr_carea' id='block_1_62' title="bbox 2190 1783 3772 1855">
    <p class='ocr_par' dir='ltr' id='par_1_62' title="bbox 2190 1783 3772 1855">
     <span class='ocr_line' id='line_1_62' title="bbox 2190 1783 3772 1855; baseline 0.003 -19"><span class='ocrx_word' id='word_1_446' title='bbox 2190 1798 2362 1854; x_wconf 89' lang='lat' dir='ltr'>opere</span> <span class='ocrx_word' id='word_1_447' title='bbox 2388 1783 2542 1855; x_wconf 89' lang='lat' dir='ltr'>quod</span> <span class='ocrx_word' id='word_1_448' title='bbox 2575 1784 2909 1855; x_wconf 88' lang='lat' dir='ltr'>accepimus</span> <span class='ocrx_word' id='word_1_449' title='bbox 2940 1783 2997 1837; x_wconf 91' lang='lat' dir='ltr'>in</span> <span class='ocrx_word' id='word_1_450' title='bbox 3032 1784 3288 1840; x_wconf 90' lang='lat' dir='ltr'>nomine.</span> <span class='ocrx_word' id='word_1_451' title='bbox 3320 1784 3389 1840; x_wconf 90' lang='lat' dir='ltr'>Et</span> <span class='ocrx_word' id='word_1_452' title='bbox 3408 1784 3772 1841; x_wconf 80' lang='lat' dir='ltr'>sicutterrenos</span> 
     </span>
    </p>
   </div>
   <div class='ocr_carea' id='block_1_63' title="bbox 2194 1871 3774 1945">
    <p class='ocr_par' dir='ltr' id='par_1_63' title="bbox 2194 1871 3774 1945">
     <span class='ocr_line' id='line_1_63' title="bbox 2194 1871 3774 1945; baseline 0.001 -19"><span class='ocrx_word' id='word_1_453' title='bbox 2194 1871 2585 1944; x_wconf 85' lang='lat' dir='ltr'>negotiatores</span> <span class='ocrx_word' id='word_1_454' title='bbox 2618 1889 2732 1927; x_wconf 86' lang='lat' dir='ltr'>non</span> <span class='ocrx_word' id='word_1_455' title='bbox 2748 1871 2928 1927; x_wconf 81' lang='lat' dir='ltr'>maris</span> <span class='ocrx_word' id='word_1_456' title='bbox 2943 1872 3205 1944; x_wconf 88' lang='lat' dir='ltr'>pericula</span> <span class='ocrx_word' id='word_1_457' title='bbox 3216 1872 3288 1928; x_wconf 89' lang='lat' dir='ltr'>ab</span> <span class='ocrx_word' id='word_1_458' title='bbox 3301 1872 3485 1929; x_wconf 72' lang='lat' dir='ltr'>efficio</span> <span class='ocrx_word' id='word_1_459' title='bbox 3498 1872 3774 1945; x_wconf 83' lang='lat' dir='ltr'>negotiandi</span> 
     </span>
    </p>
   </div>
   <div class='ocr_carea' id='block_1_64' title="bbox 2196 1958 3781 2033">
    <p class='ocr_par' dir='ltr' id='par_1_64' title="bbox 2196 1958 3781 2033">
     <span class='ocr_line' id='line_1_64' title="bbox 2196 1958 3781 2033; baseline 0.001 -19"><span class='ocrx_word' id='word_1_460' title='bbox 2196 1960 2529 2033; x_wconf 87' lang='lat' dir='ltr'>prohibent,</span> <span class='ocrx_word' id='word_1_461' title='bbox 2560 1977 2676 2015; x_wconf 88' lang='lat' dir='ltr'>non</span> <span class='ocrx_word' id='word_1_462' title='bbox 2710 1958 3494 2028; x_wconf 73' lang='lat' dir='ltr'>latronuminsidiaeterrent,</span> <span class='ocrx_word' id='word_1_463' title='bbox 3512 1979 3613 2018; x_wconf 87' lang='lat' dir='ltr'>non</span> <span class='ocrx_word' id='word_1_464' title='bbox 3633 1960 3781 2032; x_wconf 78' lang='lat' dir='ltr'>aspexi</span> 
     </span>
    </p>
   </div>
   <div class='ocr_carea' id='block_1_65' title="bbox 2196 2047 3785 2123">
    <p class='ocr_par' dir='ltr' id='par_1_65' title="bbox 2196 2047 3785 2123">
     <span class='ocr_line' id='line_1_65' title="bbox 2196 2047 3785 2123; baseline 0.001 -20"><span class='ocrx_word' id='word_1_465' title='bbox 2196 2064 2369 2103; x_wconf 85' lang='lat' dir='ltr'>casus</span> <span class='ocrx_word' id='word_1_466' title='bbox 2400 2047 2626 2103; x_wconf 85' lang='lat' dir='ltr'>itineris</span> <span class='ocrx_word' id='word_1_467' title='bbox 2657 2051 2874 2115; x_wconf 82' lang='lat' dir='ltr'>vetant,</span> <span class='ocrx_word' id='word_1_468' title='bbox 2908 2064 3023 2103; x_wconf 90' lang='lat' dir='ltr'>non</span> <span class='ocrx_word' id='word_1_469' title='bbox 3037 2048 3483 2123; x_wconf 77' lang='lat' dir='ltr'>hyemisfrigus,</span> <span class='ocrx_word' id='word_1_470' title='bbox 3499 2066 3600 2106; x_wconf 88' lang='lat' dir='ltr'>non</span> <span class='ocrx_word' id='word_1_471' title='bbox 3613 2048 3785 2105; x_wconf 68' lang='lat' dir='ltr'>astatis</span> 
     </span>
    </p>
   </div>
   <div class='ocr_carea' id='block_1_66' title="bbox 2196 2135 3788 2210">
    <p class='ocr_par' dir='ltr' id='par_1_66' title="bbox 2196 2135 3788 2210">
     <span class='ocr_line' id='line_1_66' title="bbox 2196 2135 3788 2210; baseline 0 -18"><span class='ocrx_word' id='word_1_472' title='bbox 2196 2136 2356 2192; x_wconf 84' lang='lat' dir='ltr'>calor</span> <span class='ocrx_word' id='word_1_473' title='bbox 2385 2135 2613 2202; x_wconf 82' lang='lat' dir='ltr'>retinet,</span> <span class='ocrx_word' id='word_1_474' title='bbox 2644 2140 2874 2192; x_wconf 87' lang='lat' dir='ltr'>tantum</span> <span class='ocrx_word' id='word_1_475' title='bbox 2908 2141 2973 2192; x_wconf 92' lang='lat' dir='ltr'>ut</span> <span class='ocrx_word' id='word_1_476' title='bbox 3002 2142 3298 2194; x_wconf 87' lang='lat' dir='ltr'>terrenum</span> <span class='ocrx_word' id='word_1_477' title='bbox 3315 2137 3788 2210; x_wconf 78' lang='lat' dir='ltr'>lucrumacquirere</span> 
     </span>
    </p>
   </div>
   <div class='ocr_carea' id='block_1_67' title="bbox 2197 2224 3788 2299">
    <p class='ocr_par' dir='ltr' id='par_1_67' title="bbox 2197 2224 3788 2299">
     <span class='ocr_line' id='line_1_67' title="bbox 2197 2224 3788 2299; baseline -0.001 -18"><span class='ocrx_word' id='word_1_478' title='bbox 2197 2224 2453 2297; x_wconf 85' lang='lat' dir='ltr'>possint:</span> <span class='ocrx_word' id='word_1_479' title='bbox 2488 2224 2569 2279; x_wconf 84' lang='lat' dir='ltr'>ita</span> <span class='ocrx_word' id='word_1_480' title='bbox 2600 2230 2655 2280; x_wconf 90' lang='lat' dir='ltr'>et</span> <span class='ocrx_word' id='word_1_481' title='bbox 2687 2242 2814 2293; x_wconf 89' lang='lat' dir='ltr'>nos,</span> <span class='ocrx_word' id='word_1_482' title='bbox 2847 2225 2946 2298; x_wconf 92' lang='lat' dir='ltr'>qui</span> <span class='ocrx_word' id='word_1_483' title='bbox 2976 2225 3318 2298; x_wconf 86' lang='lat' dir='ltr'>spirituales</span> <span class='ocrx_word' id='word_1_484' title='bbox 3345 2244 3543 2283; x_wconf 85' lang='lat' dir='ltr'>sumus</span> <span class='ocrx_word' id='word_1_485' title='bbox 3577 2225 3788 2299; x_wconf 80' lang='lat' dir='ltr'>negotia-</span> 
     </span>
    </p>
   </div>
   <div class='ocr_carea' id='block_1_68' title="bbox 2197 2313 3791 2386">
    <p class='ocr_par' dir='ltr' id='par_1_68' title="bbox 2197 2313 3791 2386">
     <span class='ocr_line' id='line_1_68' title="bbox 2197 2313 3791 2386; baseline -0.001 -18"><span class='ocrx_word' id='word_1_486' title='bbox 2197 2318 2372 2378; x_wconf 81' lang='lat' dir='ltr'>tores,</span> <span class='ocrx_word' id='word_1_487' title='bbox 2404 2313 2479 2368; x_wconf 89' lang='lat' dir='ltr'>ab</span> <span class='ocrx_word' id='word_1_488' title='bbox 2516 2330 2713 2369; x_wconf 87' lang='lat' dir='ltr'>amore</span> <span class='ocrx_word' id='word_1_489' title='bbox 2746 2313 2996 2371; x_wconf 67' lang='lat' dir='ltr'>caelestis</span> <span class='ocrx_word' id='word_1_490' title='bbox 3026 2316 3228 2386; x_wconf 75' lang='lat' dir='ltr'>patriae</span> <span class='ocrx_word' id='word_1_491' title='bbox 3243 2314 3403 2372; x_wconf 85' lang='lat' dir='ltr'>nulla</span> <span class='ocrx_word' id='word_1_492' title='bbox 3417 2313 3791 2375; x_wconf 71' lang='lat' dir='ltr'>mundiblaudi</span> 
     </span>
    </p>
   </div>
   <div class='ocr_carea' id='block_1_69' title="bbox 2200 2400 3793 2474">
    <p class='ocr_par' dir='ltr' id='par_1_69' title="bbox 2200 2400 3793 2474">
     <span class='ocr_line' id='line_1_69' title="bbox 2200 2400 3793 2474; baseline 0.001 -18"><span class='ocrx_word' id='word_1_493' title='bbox 2200 2406 2397 2458; x_wconf 88' lang='lat' dir='ltr'>menta</span> <span class='ocrx_word' id='word_1_494' title='bbox 2430 2400 2737 2470; x_wconf 85' lang='lat' dir='ltr'>retineant,</span> <span class='ocrx_word' id='word_1_495' title='bbox 2772 2402 2935 2458; x_wconf 87' lang='lat' dir='ltr'>nulla</span> <span class='ocrx_word' id='word_1_496' title='bbox 2963 2404 3090 2474; x_wconf 84' lang='lat' dir='ltr'>ejus</span> <span class='ocrx_word' id='word_1_497' title='bbox 3122 2402 3443 2462; x_wconf 78' lang='lat' dir='ltr'>adversitas</span> <span class='ocrx_word' id='word_1_498' title='bbox 3472 2408 3681 2469; x_wconf 86' lang='lat' dir='ltr'>terreat,</span> <span class='ocrx_word' id='word_1_499' title='bbox 3712 2419 3793 2459; x_wconf 85' lang='lat' dir='ltr'>nec</span> 
     </span>
    </p>
   </div>
   <div class='ocr_carea' id='block_1_70' title="bbox 2199 2488 3789 2565">
    <p class='ocr_par' dir='ltr' id='par_1_70' title="bbox 2199 2488 3789 2565">
     <span class='ocr_line' id='line_1_70' title="bbox 2199 2488 3789 2565; baseline 0 -20"><span class='ocrx_word' id='word_1_500' title='bbox 2199 2489 2395 2561; x_wconf 87' lang='lat' dir='ltr'>aliqua</span> <span class='ocrx_word' id='word_1_501' title='bbox 2408 2488 2707 2547; x_wconf 90' lang='lat' dir='ltr'>tribulatio</span> <span class='ocrx_word' id='word_1_502' title='bbox 2722 2491 3044 2564; x_wconf 81' lang='lat' dir='ltr'>prohibeat,</span> <span class='ocrx_word' id='word_1_503' title='bbox 3062 2496 3127 2547; x_wconf 89' lang='lat' dir='ltr'>ut</span> <span class='ocrx_word' id='word_1_504' title='bbox 3140 2494 3458 2565; x_wconf 84' lang='lat' dir='ltr'>pretiosam</span> <span class='ocrx_word' id='word_1_505' title='bbox 3471 2493 3789 2565; x_wconf 81' lang='lat' dir='ltr'>margaritam</span> 
     </span>
    </p>
   </div>
   <div class='ocr_carea' id='block_1_71' title="bbox 2200 2577 3791 2651">
    <p class='ocr_par' dir='ltr' id='par_1_71' title="bbox 2200 2577 3791 2651">
     <span class='ocr_line' id='line_1_71' title="bbox 2200 2577 3791 2651; baseline 0.002 -18"><span class='ocrx_word' id='word_1_506' title='bbox 2200 2582 2486 2647; x_wconf 86' lang='lat' dir='ltr'>amantes,</span> <span class='ocrx_word' id='word_1_507' title='bbox 2537 2596 2671 2634; x_wconf 89' lang='lat' dir='ltr'>cum</span> <span class='ocrx_word' id='word_1_508' title='bbox 2716 2579 2992 2651; x_wconf 86' lang='lat' dir='ltr'>Apostolo</span> <span class='ocrx_word' id='word_1_509' title='bbox 3044 2579 3239 2637; x_wconf 89' lang='lat' dir='ltr'>dicere</span> <span class='ocrx_word' id='word_1_510' title='bbox 3289 2578 3602 2637; x_wconf 86' lang='lat' dir='ltr'>valeamus:</span> <span class='ocrx_word' id='word_1_511' title='bbox 3634 2577 3791 2644; x_wconf 76' lang='lat' dir='ltr'>«Quis</span> 
     </span>
    </p>
   </div>
   <div class='ocr_carea' id='block_1_72' title="bbox 2199 2666 3793 2741">
    <p class='ocr_par' dir='ltr' id='par_1_72' title="bbox 2199 2666 3793 2741">
     <span class='ocr_line' id='line_1_72' title="bbox 2199 2666 3793 2741; baseline -0.002 -18"><span class='ocrx_word' id='word_1_512' title='bbox 2199 2685 2335 2741; x_wconf 84' lang='lat' dir='ltr'>ergo</span> <span class='ocrx_word' id='word_1_513' title='bbox 2368 2685 2488 2723; x_wconf 69' lang='lat' dir='ltr'>nos.</span> <span class='ocrx_word' id='word_1_514' title='bbox 2506 2668 2804 2739; x_wconf 87' lang='lat' dir='ltr'>separabit</span> <span class='ocrx_word' id='word_1_515' title='bbox 2832 2684 2869 2722; x_wconf 86' lang='lat' dir='ltr'>a</span> <span class='ocrx_word' id='word_1_516' title='bbox 2897 2668 3176 2727; x_wconf 84' lang='lat' dir='ltr'>oharitate</span> <span class='ocrx_word' id='word_1_517' title='bbox 3208 2668 3462 2727; x_wconf 84' lang='lat' dir='ltr'>Christi?</span> <span class='ocrx_word' id='word_1_518' title='bbox 3491 2666 3793 2726; x_wconf 78' lang='lat' dir='ltr'>Tribulatio?</span> 
     </span>
    </p>
   </div>
   <div class='ocr_carea' id='block_1_73' title="bbox 2199 2754 3794 2828">
    <p class='ocr_par' dir='ltr' id='par_1_73' title="bbox 2199 2754 3794 2828">
     <span class='ocr_line' id='line_1_73' title="bbox 2199 2754 3794 2828; baseline -0.001 -17"><span class='ocrx_word' id='word_1_519' title='bbox 2199 2774 2275 2811; x_wconf 89' lang='lat' dir='ltr'>an</span> <span class='ocrx_word' id='word_1_520' title='bbox 2306 2755 2616 2828; x_wconf 80' lang='lat' dir='ltr'>angustia?</span> <span class='ocrx_word' id='word_1_521' title='bbox 2648 2774 2718 2811; x_wconf 83' lang='lat' dir='ltr'>an</span> <span class='ocrx_word' id='word_1_522' title='bbox 2753 2757 3123 2828; x_wconf 80' lang='lat' dir='ltr'>persecutio?</span> <span class='ocrx_word' id='word_1_523' title='bbox 3147 2776 3235 2815; x_wconf 79' lang='lat' dir='ltr'>an.</span> <span class='ocrx_word' id='word_1_524' title='bbox 3251 2758 3551 2815; x_wconf 84' lang='lat' dir='ltr'>fames?an</span> <span class='ocrx_word' id='word_1_525' title='bbox 3571 2754 3794 2814; x_wconf 80' lang='lat' dir='ltr'>nuditas?</span> 
     </span>
    </p>
   </div>
   <div class='ocr_carea' id='block_1_74' title="bbox 2200 2844 3795 2918">
    <p class='ocr_par' dir='ltr' id='par_1_74' title="bbox 2200 2844 3795 2918">
     <span class='ocr_line' id='line_1_74' title="bbox 2200 2844 3795 2918; baseline -0.002 -17"><span class='ocrx_word' id='word_1_526' title='bbox 2200 2862 2271 2905; x_wconf 85' lang='lat' dir='ltr'>an</span> <span class='ocrx_word' id='word_1_527' title='bbox 2307 2844 2672 2917; x_wconf 82' lang='lat' dir='ltr'>periculum?</span> <span class='ocrx_word' id='word_1_528' title='bbox 2702 2863 2776 2900; x_wconf 90' lang='lat' dir='ltr'>an</span> <span class='ocrx_word' id='word_1_529' title='bbox 2808 2844 3079 2918; x_wconf 79' lang='lat' dir='ltr'>gladius?</span> <span class='ocrx_word' id='word_1_530' title='bbox 3104 2849 3321 2905; x_wconf 85' lang='lat' dir='ltr'>Certus.</span> <span class='ocrx_word' id='word_1_531' title='bbox 3342 2866 3473 2905; x_wconf 90' lang='lat' dir='ltr'>sum</span> <span class='ocrx_word' id='word_1_532' title='bbox 3489 2852 3661 2904; x_wconf 85' lang='lat' dir='ltr'>autem</span> <span class='ocrx_word' id='word_1_533' title='bbox 3688 2844 3795 2917; x_wconf 85' lang='lat' dir='ltr'>quia</span> 
     </span>
    </p>
   </div>
   <div class='ocr_carea' id='block_1_75' title="bbox 2202 2932 3794 3011">
    <p class='ocr_par' dir='ltr' id='par_1_75' title="bbox 2202 2932 3794 3011">
     <span class='ocr_line' id='line_1_75' title="bbox 2202 2932 3794 3011; baseline -0.002 -22"><span class='ocrx_word' id='word_1_534' title='bbox 2202 2950 2389 3005; x_wconf 90' lang='lat' dir='ltr'>neque</span> <span class='ocrx_word' id='word_1_535' title='bbox 2423 2951 2601 3002; x_wconf 90' lang='lat' dir='ltr'>mors,</span> <span class='ocrx_word' id='word_1_536' title='bbox 2636 2951 2822 3006; x_wconf 89' lang='lat' dir='ltr'>neque</span> <span class='ocrx_word' id='word_1_537' title='bbox 2852 2934 3423 3011; x_wconf 79' lang='lat' dir='ltr'>vita,nequeangeli,</span> <span class='ocrx_word' id='word_1_538' title='bbox 3448 2932 3794 3008; x_wconf 84' lang='lat' dir='ltr'>nequeprinci—</span> 
     </span>
    </p>
   </div>
   <div class='ocr_carea' id='block_1_76' title="bbox 2201 3026 3795 3097">
    <p class='ocr_par' dir='ltr' id='par_1_76' title="bbox 2201 3026 3795 3097">
     <span class='ocr_line' id='line_1_76' title="bbox 2201 3026 3795 3097; baseline -0.001 -20"><span class='ocrx_word' id='word_1_539' title='bbox 2201 3027 2394 3094; x_wconf 88' lang='lat' dir='ltr'>patus,</span> <span class='ocrx_word' id='word_1_540' title='bbox 2430 3038 2622 3094; x_wconf 88' lang='lat' dir='ltr'>neque</span> <span class='ocrx_word' id='word_1_541' title='bbox 2668 3026 3009 3094; x_wconf 86' lang='lat' dir='ltr'>potestates,</span> <span class='ocrx_word' id='word_1_542' title='bbox 3064 3042 3261 3097; x_wconf 86' lang='lat' dir='ltr'>neque</span> <span class='ocrx_word' id='word_1_543' title='bbox 3310 3026 3599 3092; x_wconf 82' lang='lat' dir='ltr'>instantia,</span> <span class='ocrx_word' id='word_1_544' title='bbox 3645 3036 3795 3093; x_wconf 83' lang='lat' dir='ltr'>neque</span> 
     </span>
    </p>
   </div>
   <div class='ocr_carea' id='block_1_77' title="bbox 2202 3111 3795 3184">
    <p class='ocr_par' dir='ltr' id='par_1_77' title="bbox 2202 3111 3795 3184">
     <span class='ocr_line' id='line_1_77' title="bbox 2202 3111 3795 3184; baseline -0.001 -19"><span class='ocrx_word' id='word_1_545' title='bbox 2202 3112 2418 3177; x_wconf 86' lang='lat' dir='ltr'>futura,</span> <span class='ocrx_word' id='word_1_546' title='bbox 2445 3127 2635 3184; x_wconf 87' lang='lat' dir='ltr'>neque</span> <span class='ocrx_word' id='word_1_547' title='bbox 2662 3111 2960 3183; x_wconf 79' lang='lat' dir='ltr'>fortitudo,</span> <span class='ocrx_word' id='word_1_548' title='bbox 2993 3129 3180 3184; x_wconf 84' lang='lat' dir='ltr'>neque</span> <span class='ocrx_word' id='word_1_549' title='bbox 3213 3113 3482 3182; x_wconf 88' lang='lat' dir='ltr'>altitudo,</span> <span class='ocrx_word' id='word_1_550' title='bbox 3503 3128 3669 3184; x_wconf 87' lang='lat' dir='ltr'>neque</span> <span class='ocrx_word' id='word_1_551' title='bbox 3696 3125 3795 3182; x_wconf 82' lang='lat' dir='ltr'>pro-</span> 
     </span>
    </p>
   </div>
   <div class='ocr_carea' id='block_1_78' title="bbox 2205 3288 3796 3360">
    <p class='ocr_par' dir='ltr' id='par_1_78' title="bbox 2205 3288 3796 3360">
     <span class='ocr_line' id='line_1_78' title="bbox 2205 3288 3796 3360; baseline -0.001 -17"><span class='ocrx_word' id='word_1_552' title='bbox 2205 3290 2487 3344; x_wconf 82' lang='lat' dir='ltr'>charitate</span> <span class='ocrx_word' id='word_1_553' title='bbox 2520 3288 2634 3355; x_wconf 86' lang='lat' dir='ltr'>Dei,</span> <span class='ocrx_word' id='word_1_554' title='bbox 2671 3306 2797 3360; x_wconf 65' lang='lat' dir='ltr'>quae</span> <span class='ocrx_word' id='word_1_555' title='bbox 2828 3289 2987 3346; x_wconf 89' lang='lat' dir='ltr'>estin</span> <span class='ocrx_word' id='word_1_556' title='bbox 3006 3290 3796 3348; x_wconf 84' lang='lat' dir='ltr'>ChristoJesuDominonostro</span> 
     </span>
    </p>
   </div>
   <div class='ocr_carea' id='block_1_79' title="bbox 2205 3377 3797 3454">
    <p class='ocr_par' dir='ltr' id='par_1_79' title="bbox 2205 3377 3797 3454">
     <span class='ocr_line' id='line_1_79' title="bbox 2205 3377 3797 3454; baseline -0.003 -21"><span class='ocrx_word' id='word_1_557' title='bbox 2205 3377 2379 3450; x_wconf 77' lang='lat' dir='ltr'>(Rom.</span> <span class='ocrx_word' id='word_1_558' title='bbox 2414 3382 2560 3447; x_wconf 84' lang='lat' dir='ltr'>vm).</span> <span class='ocrx_word' id='word_1_559' title='bbox 2596 3401 2622 3426; x_wconf 86' lang='grc'>››</span> <span class='ocrx_word' id='word_1_560' title='bbox 2657 3378 2960 3434; x_wconf 86' lang='lat' dir='ltr'>Imitemur</span> <span class='ocrx_word' id='word_1_561' title='bbox 2989 3384 3044 3435; x_wconf 89' lang='lat' dir='ltr'>et</span> <span class='ocrx_word' id='word_1_562' title='bbox 3065 3379 3797 3454; x_wconf 76' lang='lat' dir='ltr'>aliudnegotiatorumopus.</span> 
     </span>
    </p>
   </div>
   <div class='ocr_carea' id='block_1_80' title="bbox 2205 3461 3800 3543">
    <p class='ocr_par' dir='ltr' id='par_1_80' title="bbox 2205 3461 3800 3543">
     <span class='ocr_line' id='line_1_80' title="bbox 2205 3461 3800 3543; baseline -0.003 -21"><span class='ocrx_word' id='word_1_563' title='bbox 2205 3467 2430 3522; x_wconf 87' lang='lat' dir='ltr'>Habent</span> <span class='ocrx_word' id='word_1_564' title='bbox 2459 3467 2627 3521; x_wconf 88' lang='lat' dir='ltr'>enim.</span> <span class='ocrx_word' id='word_1_565' title='bbox 2646 3466 2753 3522; x_wconf 89' lang='lat' dir='ltr'>hoc</span> <span class='ocrx_word' id='word_1_566' title='bbox 2783 3468 3084 3539; x_wconf 89' lang='lat' dir='ltr'>proprium</span> <span class='ocrx_word' id='word_1_567' title='bbox 3108 3467 3308 3542; x_wconf 88' lang='lat' dir='ltr'>hi,qui</span> <span class='ocrx_word' id='word_1_568' title='bbox 3328 3461 3800 3543; x_wconf 74' lang='lat' dir='ltr'>negotiandioperi-</span> 
     </span>
    </p>
   </div>
   <div class='ocr_carea' id='block_1_81' title="bbox 2205 3554 3798 3629">
    <p class='ocr_par' dir='ltr' id='par_1_81' title="bbox 2205 3554 3798 3629">
     <span class='ocr_line' id='line_1_81' title="bbox 2205 3554 3798 3629; baseline -0.003 -18"><span class='ocrx_word' id='word_1_569' title='bbox 2205 3556 2314 3611; x_wconf 90' lang='lat' dir='ltr'>bus</span> <span class='ocrx_word' id='word_1_570' title='bbox 2345 3555 2648 3622; x_wconf 85' lang='lat' dir='ltr'>insistunt,</span> <span class='ocrx_word' id='word_1_571' title='bbox 2684 3559 2748 3610; x_wconf 91' lang='lat' dir='ltr'>ut</span> <span class='ocrx_word' id='word_1_572' title='bbox 2778 3556 2825 3611; x_wconf 90' lang='lat' dir='ltr'>si</span> <span class='ocrx_word' id='word_1_573' title='bbox 2858 3556 2915 3611; x_wconf 91' lang='lat' dir='ltr'>in</span> <span class='ocrx_word' id='word_1_574' title='bbox 2947 3574 3063 3613; x_wconf 91' lang='lat' dir='ltr'>uno</span> <span class='ocrx_word' id='word_1_575' title='bbox 3096 3559 3331 3629; x_wconf 85' lang='lat' dir='ltr'>negotio</span> <span class='ocrx_word' id='word_1_576' title='bbox 3363 3558 3571 3614; x_wconf 85' lang='lat' dir='ltr'>damna</span> <span class='ocrx_word' id='word_1_577' title='bbox 3590 3554 3798 3611; x_wconf 85' lang='lat' dir='ltr'>incurre-</span> 
     </span>
    </p>
   </div>
   <div class='ocr_carea' id='block_1_82' title="bbox 2203 3640 3801 3718">
    <p class='ocr_par' dir='ltr' id='par_1_82' title="bbox 2203 3640 3801 3718">
     <span class='ocr_line' id='line_1_82' title="bbox 2203 3640 3801 3718; baseline -0.001 -19"><span class='ocrx_word' id='word_1_578' title='bbox 2203 3644 2478 3710; x_wconf 88' lang='lat' dir='ltr'>rint,stud</span> <span class='ocrx_word' id='word_1_579' title='bbox 2490 3643 2671 3700; x_wconf 89' lang='lat' dir='ltr'>iosius</span> <span class='ocrx_word' id='word_1_580' title='bbox 2685 3644 3019 3717; x_wconf 85' lang='lat' dir='ltr'>negotiandi</span> <span class='ocrx_word' id='word_1_581' title='bbox 3032 3647 3315 3718; x_wconf 90' lang='lat' dir='ltr'>operibus</span> <span class='ocrx_word' id='word_1_582' title='bbox 3328 3647 3615 3711; x_wconf 83' lang='lat' dir='ltr'>insistant,</span> <span class='ocrx_word' id='word_1_583' title='bbox 3629 3640 3801 3715; x_wconf 79' lang='lat' dir='ltr'>quoad-</span> 
     </span>
    </p>
   </div>
   <div class='ocr_carea' id='block_1_83' title="bbox 2201 3731 3798 3807">
    <p class='ocr_par' dir='ltr' id='par_1_83' title="bbox 2201 3731 3798 3807">
     <span class='ocr_line' id='line_1_83' title="bbox 2201 3731 3798 3807; baseline -0.004 -18"><span class='ocrx_word' id='word_1_584' title='bbox 2201 3750 2389 3805; x_wconf 89' lang='lat' dir='ltr'>usque</span> <span class='ocrx_word' id='word_1_585' title='bbox 2420 3733 2574 3804; x_wconf 91' lang='lat' dir='ltr'>quod</span> <span class='ocrx_word' id='word_1_586' title='bbox 2604 3733 2673 3787; x_wconf 25' lang='lat' dir='ltr'>in.</span> <span class='ocrx_word' id='word_1_587' title='bbox 2700 3749 2894 3789; x_wconf 88' lang='lat' dir='ltr'>unare</span> <span class='ocrx_word' id='word_1_588' title='bbox 2908 3735 3387 3807; x_wconf 86' lang='lat' dir='ltr'>perdiderunt,in</span> <span class='ocrx_word' id='word_1_589' title='bbox 3406 3731 3798 3806; x_wconf 80' lang='lat' dir='ltr'>aliaacquirant.</span> 
     </span>
    </p>
   </div>
   <div class='ocr_carea' id='block_1_84' title="bbox 2204 3820 3798 3895">
    <p class='ocr_par' dir='ltr' id='par_1_84' title="bbox 2204 3820 3798 3895">
     <span class='ocr_line' id='line_1_84' title="bbox 2204 3820 3798 3895; baseline -0.005 -17"><span class='ocrx_word' id='word_1_590' title='bbox 2204 3825 2288 3878; x_wconf 90' lang='lat' dir='ltr'>lta</span> <span class='ocrx_word' id='word_1_591' title='bbox 2316 3839 2452 3894; x_wconf 87' lang='lat' dir='ltr'>ergo</span> <span class='ocrx_word' id='word_1_592' title='bbox 2483 3827 2541 3877; x_wconf 86' lang='lat' dir='ltr'>et</span> <span class='ocrx_word' id='word_1_593' title='bbox 2569 3839 2700 3887; x_wconf 90' lang='lat' dir='ltr'>nos,</span> <span class='ocrx_word' id='word_1_594' title='bbox 2735 3821 2783 3877; x_wconf 91' lang='lat' dir='ltr'>si</span> <span class='ocrx_word' id='word_1_595' title='bbox 2818 3823 2877 3877; x_wconf 89' lang='lat' dir='ltr'>in</span> <span class='ocrx_word' id='word_1_596' title='bbox 2903 3822 3103 3895; x_wconf 86' lang='lat' dir='ltr'>aliquo</span> <span class='ocrx_word' id='word_1_597' title='bbox 3135 3840 3278 3879; x_wconf 90' lang='lat' dir='ltr'>casu</span> <span class='ocrx_word' id='word_1_598' title='bbox 3312 3826 3589 3880; x_wconf 85' lang='lat' dir='ltr'>damnum</span> <span class='ocrx_word' id='word_1_599' title='bbox 3632 3820 3798 3876; x_wconf 73' lang='lat' dir='ltr'>anime</span> 
     </span>
    </p>
   </div>
   <div class='ocr_carea' id='block_1_85' title="bbox 2201 3909 3796 3986">
    <p class='ocr_par' dir='ltr' id='par_1_85' title="bbox 2201 3909 3796 3986">
     <span class='ocr_line' id='line_1_85' title="bbox 2201 3909 3796 3986; baseline -0.003 -21"><span class='ocrx_word' id='word_1_600' title='bbox 2201 3909 2939 3976; x_wconf 88' lang='lat' dir='ltr'>inciderimus,studiosius</span> <span class='ocrx_word' id='word_1_601' title='bbox 2956 3911 3184 3984; x_wconf 86' lang='lat' dir='ltr'>incepto</span> <span class='ocrx_word' id='word_1_602' title='bbox 3198 3912 3356 3969; x_wconf 90' lang='lat' dir='ltr'>bono</span> <span class='ocrx_word' id='word_1_603' title='bbox 3369 3911 3796 3986; x_wconf 82' lang='lat' dir='ltr'>operiinstamus,</span> 
     </span>
    </p>
   </div>
   <div class='ocr_carea' id='block_1_86' title="bbox 2201 3998 3800 4075">
    <p class='ocr_par' dir='ltr' id='par_1_86' title="bbox 2201 3998 3800 4075">
     <span class='ocr_line' id='line_1_86' title="bbox 2201 3998 3800 4075; baseline -0.002 -21"><span class='ocrx_word' id='word_1_604' title='bbox 2201 4004 2266 4055; x_wconf 90' lang='lat' dir='ltr'>ut</span> <span class='ocrx_word' id='word_1_605' title='bbox 2288 4000 2442 4072; x_wconf 87' lang='lat' dir='ltr'>quod</span> <span class='ocrx_word' id='word_1_606' title='bbox 2460 4016 2561 4072; x_wconf 87' lang='lat' dir='ltr'>per</span> <span class='ocrx_word' id='word_1_607' title='bbox 2580 3998 2995 4072; x_wconf 82' lang='lat' dir='ltr'>negligentiam</span> <span class='ocrx_word' id='word_1_608' title='bbox 3010 4000 3346 4069; x_wconf 85' lang='lat' dir='ltr'>amisimus,</span> <span class='ocrx_word' id='word_1_609' title='bbox 3362 4002 3800 4075; x_wconf 83' lang='lat' dir='ltr'>perbonumopus</span> 
     </span>
    </p>
   </div>
   <div class='ocr_carea' id='block_1_87' title="bbox 2197 4083 3797 4163">
    <p class='ocr_par' dir='ltr' id='par_1_87' title="bbox 2197 4083 3797 4163">
     <span class='ocr_line' id='line_1_87' title="bbox 2197 4083 3797 4163; baseline -0.004 -20"><span class='ocrx_word' id='word_1_610' title='bbox 2197 4105 2630 4161; x_wconf 87' lang='lat' dir='ltr'>recuperemus,</span> <span class='ocrx_word' id='word_1_611' title='bbox 2663 4092 2955 4158; x_wconf 88' lang='lat' dir='ltr'>quatenus</span> <span class='ocrx_word' id='word_1_612' title='bbox 2977 4088 3047 4143; x_wconf 89' lang='lat' dir='ltr'>ad</span> <span class='ocrx_word' id='word_1_613' title='bbox 3087 4090 3375 4163; x_wconf 67' lang='lat' dir='ltr'>praatiosss</span> <span class='ocrx_word' id='word_1_614' title='bbox 3407 4087 3707 4161; x_wconf 73' lang='lat' dir='ltr'>margarita:</span> <span class='ocrx_word' id='word_1_615' title='bbox 3730 4083 3797 4138; x_wconf 84' lang='lat' dir='ltr'>lu-</span> 
     </span>
    </p>
   </div>
   <div class='ocr_carea' id='block_1_88' title="bbox 2197 4174 3802 4248">
    <p class='ocr_par' dir='ltr' id='par_1_88' title="bbox 2197 4174 3802 4248">
     <span class='ocr_line' id='line_1_88' title="bbox 2197 4174 3802 4248; baseline -0.004 -16"><span class='ocrx_word' id='word_1_616' title='bbox 2197 4194 2363 4233; x_wconf 92' lang='lat' dir='ltr'>crum</span> <span class='ocrx_word' id='word_1_617' title='bbox 2379 4176 2676 4248; x_wconf 90' lang='lat' dir='ltr'>pervenire</span> <span class='ocrx_word' id='word_1_618' title='bbox 2690 4174 2905 4247; x_wconf 87' lang='lat' dir='ltr'>possim</span> <span class='ocrx_word' id='word_1_619' title='bbox 2919 4176 3802 4243; x_wconf 85' lang='lat' dir='ltr'>us,etvocemDominiaudireme-</span> 
     </span>
    </p>
   </div>
   <div class='ocr_carea' id='block_1_89' title="bbox 2198 4259 3801 4337">
    <p class='ocr_par' dir='ltr' id='par_1_89' title="bbox 2198 4259 3801 4337">
     <span class='ocr_line' id='line_1_89' title="bbox 2198 4259 3801 4337; baseline -0.002 -16"><span class='ocrx_word' id='word_1_620' title='bbox 2198 4282 2450 4331; x_wconf 88' lang='lat' dir='ltr'>reamur,</span> <span class='ocrx_word' id='word_1_621' title='bbox 2474 4263 2720 4319; x_wconf 87' lang='lat' dir='ltr'>dicentis</span> <span class='ocrx_word' id='word_1_622' title='bbox 2750 4280 2761 4318; x_wconf 90' lang='lat'>:</span> <span class='ocrx_word' id='word_1_623' title='bbox 2799 4287 2825 4313; x_wconf 87' lang='grc'>‹‹</span> <span class='ocrx_word' id='word_1_624' title='bbox 2848 4264 3190 4337; x_wconf 84' lang='lat' dir='ltr'>Euge,serve</span> <span class='ocrx_word' id='word_1_625' title='bbox 3226 4266 3383 4323; x_wconf 91' lang='lat' dir='ltr'>bone</span> <span class='ocrx_word' id='word_1_626' title='bbox 3412 4270 3468 4322; x_wconf 89' lang='lat' dir='ltr'>et</span> <span class='ocrx_word' id='word_1_627' title='bbox 3489 4259 3801 4330; x_wconf 74' lang='lat' dir='ltr'>ﬁdelis,quia</span> 
     </span>
    </p>
   </div>
   <div class='ocr_carea' id='block_1_90' title="bbox 2194 4351 3800 4427">
    <p class='ocr_par' dir='ltr' id='par_1_90' title="bbox 2194 4351 3800 4427">
     <span class='ocr_line' id='line_1_90' title="bbox 2194 4351 3800 4427; baseline 0 -18"><span class='ocrx_word' id='word_1_628' title='bbox 2194 4355 2252 4409; x_wconf 93' lang='lat' dir='ltr'>in</span> <span class='ocrx_word' id='word_1_629' title='bbox 2285 4370 2467 4427; x_wconf 89' lang='lat' dir='ltr'>pauca</span> <span class='ocrx_word' id='word_1_630' title='bbox 2497 4353 2660 4408; x_wconf 81' lang='lat' dir='ltr'>fuisti</span> <span class='ocrx_word' id='word_1_631' title='bbox 2694 4352 2907 4419; x_wconf 83' lang='lat' dir='ltr'>fidelis,</span> <span class='ocrx_word' id='word_1_632' title='bbox 2938 4370 3119 4425; x_wconf 86' lang='lat' dir='ltr'>supra</span> <span class='ocrx_word' id='word_1_633' title='bbox 3147 4354 3338 4413; x_wconf 85' lang='lat' dir='ltr'>multa</span> <span class='ocrx_word' id='word_1_634' title='bbox 3376 4358 3432 4411; x_wconf 87' lang='lat' dir='ltr'>te</span> <span class='ocrx_word' id='word_1_635' title='bbox 3476 4351 3800 4410; x_wconf 75' lang='lat' dir='ltr'>constituam.</span> 
     </span>
    </p>
   </div>
   <div class='ocr_carea' id='block_1_91' title="bbox 2192 4441 3801 4515">
    <p class='ocr_par' dir='ltr' id='par_1_91' title="bbox 2192 4441 3801 4515">
     <span class='ocr_line' id='line_1_91' title="bbox 2192 4441 3801 4515; baseline -0.002 -17"><span class='ocrx_word' id='word_1_636' title='bbox 2192 4442 2348 4498; x_wconf 90' lang='lat' dir='ltr'>intra</span> <span class='ocrx_word' id='word_1_637' title='bbox 2376 4442 2432 4496; x_wconf 92' lang='lat' dir='ltr'>in</span> <span class='ocrx_word' id='word_1_638' title='bbox 2465 4441 2749 4513; x_wconf 88' lang='lat' dir='ltr'>gaudium</span> <span class='ocrx_word' id='word_1_639' title='bbox 2768 4441 2994 4496; x_wconf 87' lang='lat' dir='ltr'>Domini</span> <span class='ocrx_word' id='word_1_640' title='bbox 3015 4443 3454 4515; x_wconf 82' lang='lat' dir='ltr'>tui(Rom.vm).</span> <span class='ocrx_word' id='word_1_641' title='bbox 3473 4443 3632 4497; x_wconf 69' lang='lat' dir='ltr'>ntimo</span> <span class='ocrx_word' id='word_1_642' title='bbox 3646 4442 3801 4495; x_wconf 82' lang='lat' dir='ltr'>autem</span> 
     </span>
    </p>
   </div>
   <div class='ocr_carea' id='block_1_92' title="bbox 439 4524 3804 4618">
    <p class='ocr_par' dir='ltr' id='par_1_92' title="bbox 439 4524 3804 4618">
     <span class='ocr_line' id='line_1_92' title="bbox 439 4524 3804 4618; baseline -0.002 -33"><span class='ocrx_word' id='word_1_643' title='bbox 439 4546 766 4602; x_wconf 82' lang='lat' dir='ltr'>mosynam,</span> <span class='ocrx_word' id='word_1_644' title='bbox 799 4525 1020 4582; x_wconf 89' lang='lat' dir='ltr'>nesciat</span> <span class='ocrx_word' id='word_1_645' title='bbox 1049 4526 1288 4582; x_wconf 82' lang='lat' dir='ltr'>sinistra</span> <span class='ocrx_word' id='word_1_646' title='bbox 1316 4531 1418 4581; x_wconf 84' lang='lat' dir='ltr'>tua</span> <span class='ocrx_word' id='word_1_647' title='bbox 1448 4526 1590 4598; x_wconf 89' lang='lat' dir='ltr'>quid</span> <span class='ocrx_word' id='word_1_648' title='bbox 1629 4527 1805 4583; x_wconf 85' lang='lat' dir='ltr'>faciat</span> <span class='ocrx_word' id='word_1_649' title='bbox 1852 4528 2086 4586; x_wconf 83' lang='lat' dir='ltr'>dextera</span> <span class='ocrx_word' id='word_1_650' title='bbox 2118 4554 2162 4618; x_wconf 72' lang='grc' dir='ltr'><strong>Β</strong></span> <span class='ocrx_word' id='word_1_651' title='bbox 2195 4530 2511 4602; x_wconf 83' lang='lat' dir='ltr'>margarita</span> <span class='ocrx_word' id='word_1_652' title='bbox 2540 4532 2661 4585; x_wconf 86' lang='lat' dir='ltr'>tam</span> <span class='ocrx_word' id='word_1_653' title='bbox 2693 4547 2828 4584; x_wconf 87' lang='lat' dir='ltr'>cara</span> <span class='ocrx_word' id='word_1_654' title='bbox 2858 4534 2966 4597; x_wconf 89' lang='lat' dir='ltr'>est,</span> <span class='ocrx_word' id='word_1_655' title='bbox 3002 4534 3066 4586; x_wconf 86' lang='lat' dir='ltr'>ut</span> <span class='ocrx_word' id='word_1_656' title='bbox 3100 4530 3288 4588; x_wconf 89' lang='lat' dir='ltr'>nullis</span> <span class='ocrx_word' id='word_1_657' title='bbox 3336 4530 3581 4589; x_wconf 89' lang='lat' dir='ltr'>terrenis</span> <span class='ocrx_word' id='word_1_658' title='bbox 3625 4524 3804 4583; x_wconf 87' lang='lat' dir='ltr'>divitiis</span> 
     </span>
    </p>
   </div>
   <div class='ocr_carea' id='block_1_93' title="bbox 334 4614 2087 4695">
    <p class='ocr_par' dir='ltr' id='par_1_93' title="bbox 334 4614 2087 4695">
     <span class='ocr_line' id='line_1_93' title="bbox 334 4614 2087 4695; baseline 0.001 -24"><span class='ocrx_word' id='word_1_659' title='bbox 334 4668 337 4671; x_wconf 89' lang='lat'>.</span> <span class='ocrx_word' id='word_1_660' title='bbox 438 4625 542 4675; x_wconf 89' lang='lat' dir='ltr'>tua</span> <span class='ocrx_word' id='word_1_661' title='bbox 572 4618 777 4695; x_wconf 73' lang='lat' dir='ltr'>(Matth.</span> <span class='ocrx_word' id='word_1_662' title='bbox 806 4614 904 4685; x_wconf 81' lang='lat' dir='ltr'>vl).</span> <span class='ocrx_word' id='word_1_663' title='bbox 941 4635 969 4663; x_wconf 83' lang='lat'>»</span> <span class='ocrx_word' id='word_1_664' title='bbox 1002 4616 1070 4670; x_wconf 88' lang='lat' dir='ltr'>Et</span> <span class='ocrx_word' id='word_1_665' title='bbox 1094 4615 1335 4671; x_wconf 82' lang='lat' dir='ltr'>iterum:</span> <span class='ocrx_word' id='word_1_666' title='bbox 1371 4637 1399 4665; x_wconf 89' lang='lat'><strong><em>«</em></strong></span> <span class='ocrx_word' id='word_1_667' title='bbox 1434 4616 1517 4671; x_wconf 85' lang='lat' dir='ltr'>Tu</span> <span class='ocrx_word' id='word_1_668' title='bbox 1554 4620 1749 4672; x_wconf 87' lang='lat' dir='ltr'>autem</span> <span class='ocrx_word' id='word_1_669' title='bbox 1781 4634 1915 4672; x_wconf 91' lang='lat' dir='ltr'>cum</span> <span class='ocrx_word' id='word_1_670' title='bbox 1957 4636 2087 4674; x_wconf 89' lang='lat' dir='ltr'>ora-</span> 
     </span>
    </p>
   </div>
   <div class='ocr_carea' id='block_1_94' title="bbox 436 4703 2087 4776">
    <p class='ocr_par' dir='ltr' id='par_1_94' title="bbox 436 4703 2087 4776">
     <span class='ocr_line' id='line_1_94' title="bbox 436 4703 2087 4776; baseline -0.002 -10"><span class='ocrx_word' id='word_1_671' title='bbox 436 4708 621 4776; x_wconf 76' lang='lat' dir='ltr'>veris,</span> <span class='ocrx_word' id='word_1_672' title='bbox 643 4706 795 4763; x_wconf 88' lang='lat' dir='ltr'>intra</span> <span class='ocrx_word' id='word_1_673' title='bbox 813 4705 871 4759; x_wconf 90' lang='lat' dir='ltr'>in</span> <span class='ocrx_word' id='word_1_674' title='bbox 885 4703 1243 4773; x_wconf 87' lang='lat' dir='ltr'>cubiculum,</span> <span class='ocrx_word' id='word_1_675' title='bbox 1259 4710 1317 4760; x_wconf 80' lang='lat' dir='ltr'>et</span> <span class='ocrx_word' id='word_1_676' title='bbox 1343 4703 1542 4761; x_wconf 75' lang='lat' dir='ltr'>clauso</span> <span class='ocrx_word' id='word_1_677' title='bbox 1553 4704 1724 4771; x_wconf 83' lang='lat' dir='ltr'>ostio,</span> <span class='ocrx_word' id='word_1_678' title='bbox 1741 4723 1842 4761; x_wconf 88' lang='lat' dir='ltr'>ora</span> <span class='ocrx_word' id='word_1_679' title='bbox 1855 4711 2087 4763; x_wconf 86' lang='lat' dir='ltr'>Patrem</span> 
     </span>
    </p>
   </div>
   <div class='ocr_carea' id='block_1_95' title="bbox 434 4793 2085 4867">
    <p class='ocr_par' dir='ltr' id='par_1_95' title="bbox 434 4793 2085 4867">
     <span class='ocr_line' id='line_1_95' title="bbox 434 4793 2085 4867; baseline -0.002 -11"><span class='ocrx_word' id='word_1_680' title='bbox 434 4804 624 4863; x_wconf 81' lang='lat' dir='ltr'>tuum,</span> <span class='ocrx_word' id='word_1_681' title='bbox 657 4801 715 4853; x_wconf 85' lang='lat' dir='ltr'>et</span> <span class='ocrx_word' id='word_1_682' title='bbox 744 4796 913 4854; x_wconf 86' lang='lat' dir='ltr'>Pater</span> <span class='ocrx_word' id='word_1_683' title='bbox 934 4796 1077 4851; x_wconf 86' lang='lat' dir='ltr'>tuus</span> <span class='ocrx_word' id='word_1_684' title='bbox 1101 4794 1202 4867; x_wconf 85' lang='lat' dir='ltr'>qui</span> <span class='ocrx_word' id='word_1_685' title='bbox 1230 4793 1385 4849; x_wconf 88' lang='lat' dir='ltr'>videt</span> <span class='ocrx_word' id='word_1_686' title='bbox 1415 4794 1472 4849; x_wconf 91' lang='lat' dir='ltr'>in</span> <span class='ocrx_word' id='word_1_687' title='bbox 1495 4795 1858 4863; x_wconf 88' lang='lat' dir='ltr'>abscondito,</span> <span class='ocrx_word' id='word_1_688' title='bbox 1883 4797 2085 4852; x_wconf 88' lang='lat' dir='ltr'>reddet</span> 
     </span>
    </p>
   </div>
   <div class='ocr_carea' id='block_1_96' title="bbox 435 4883 2082 4960">
    <p class='ocr_par' dir='ltr' id='par_1_96' title="bbox 435 4883 2082 4960">
     <span class='ocr_line' id='line_1_96' title="bbox 435 4883 2082 4960; baseline -0.002 -16"><span class='ocrx_word' id='word_1_689' title='bbox 435 4889 537 4945; x_wconf 83' lang='lat' dir='ltr'>tibi</span> <span class='ocrx_word' id='word_1_690' title='bbox 570 4887 783 4960; x_wconf 62' lang='lat' dir='ltr'>(Mitt).</span> <span class='ocrx_word' id='word_1_691' title='bbox 814 4909 849 4938; x_wconf 80' lang='lat'><strong>»</strong></span> <span class='ocrx_word' id='word_1_692' title='bbox 876 4887 961 4942; x_wconf 88' lang='lat' dir='ltr'>Ad</span> <span class='ocrx_word' id='word_1_693' title='bbox 1001 4883 1435 4941; x_wconf 86' lang='lat' dir='ltr'>accendendum</span> <span class='ocrx_word' id='word_1_694' title='bbox 1491 4888 1687 4939; x_wconf 89' lang='lat' dir='ltr'>autem</span> <span class='ocrx_word' id='word_1_695' title='bbox 1733 4889 1990 4940; x_wconf 87' lang='lat' dir='ltr'>mentem</span> <span class='ocrx_word' id='word_1_696' title='bbox 2025 4887 2082 4941; x_wconf 92' lang='lat' dir='ltr'>in</span> 
     </span>
    </p>
   </div>
   <div class='ocr_carea' id='block_1_97' title="bbox 435 4971 2083 5037">
    <p class='ocr_par' dir='ltr' id='par_1_97' title="bbox 435 4971 2083 5037">
     <span class='ocr_line' id='line_1_97' title="bbox 435 4971 2083 5037; baseline -0.001 -5"><span class='ocrx_word' id='word_1_697' title='bbox 435 4990 697 5033; x_wconf 85' lang='lat' dir='ltr'>amorem</span> <span class='ocrx_word' id='word_1_698' title='bbox 726 4977 974 5033; x_wconf 60' lang='lat' dir='ltr'>celestis</span> <span class='ocrx_word' id='word_1_699' title='bbox 988 4971 1283 5037; x_wconf 87' lang='lat' dir='ltr'>desiderii,</span> <span class='ocrx_word' id='word_1_700' title='bbox 1297 4971 1410 5027; x_wconf 89' lang='lat' dir='ltr'>alia</span> <span class='ocrx_word' id='word_1_701' title='bbox 1425 4971 1748 5028; x_wconf 80' lang='lat' dir='ltr'>similitudo</span> <span class='ocrx_word' id='word_1_702' title='bbox 1762 4973 1936 5029; x_wconf 90' lang='lat' dir='ltr'>datur</span> <span class='ocrx_word' id='word_1_703' title='bbox 1947 4991 2083 5031; x_wconf 89' lang='lat' dir='ltr'>cum</span> 
     </span>
    </p>
   </div>
   <div class='ocr_carea' id='block_1_98' title="bbox 434 5065 826 5120">
    <p class='ocr_par' dir='ltr' id='par_1_98' title="bbox 434 5065 826 5120">
     <span class='ocr_line' id='line_1_98' title="bbox 434 5065 826 5120; baseline 0 -1"><span class='ocrx_word' id='word_1_704' title='bbox 434 5065 826 5120; x_wconf 80' lang='lat' dir='ltr'>subinfertur:</span> 
     </span>
    </p>
   </div>
   <div class='ocr_carea' id='block_1_99' title="bbox 504 5149 2085 5222">
    <p class='ocr_par' dir='ltr' id='par_1_99' title="bbox 504 5149 2085 5222">
     <span class='ocr_line' id='line_1_99' title="bbox 504 5149 2085 5222; baseline 0.003 -20"><span class='ocrx_word' id='word_1_705' title='bbox 504 5175 531 5201; x_wconf 84' lang='grc'>‹‹</span> <span class='ocrx_word' id='word_1_706' title='bbox 568 5152 784 5207; x_wconf 85' lang='lat' dir='ltr'>lterum</span> <span class='ocrx_word' id='word_1_707' title='bbox 814 5150 1005 5207; x_wconf 86' lang='lat' dir='ltr'>simile</span> <span class='ocrx_word' id='word_1_708' title='bbox 1026 5155 1123 5207; x_wconf 89' lang='lat' dir='ltr'>est</span> <span class='ocrx_word' id='word_1_709' title='bbox 1154 5166 1400 5222; x_wconf 88' lang='lat' dir='ltr'>regnum</span> <span class='ocrx_word' id='word_1_710' title='bbox 1429 5149 1707 5205; x_wconf 76' lang='lat' dir='ltr'>cmlorum</span> <span class='ocrx_word' id='word_1_711' title='bbox 1729 5149 1955 5206; x_wconf 89' lang='lat' dir='ltr'>homini</span> <span class='ocrx_word' id='word_1_712' title='bbox 1989 5168 2085 5207; x_wconf 87' lang='lat' dir='ltr'>ne-</span> 
     </span>
    </p>
   </div>
   <div class='ocr_carea' id='block_1_100' title="bbox 439 5239 2085 5314">
    <p class='ocr_par' dir='ltr' id='par_1_100' title="bbox 439 5239 2085 5314">
     <span class='ocr_line' id='line_1_100' title="bbox 439 5239 2085 5314; baseline 0.004 -25"><span class='ocrx_word' id='word_1_713' title='bbox 439 5264 466 5289; x_wconf 87' lang='grc'>‹‹</span> <span class='ocrx_word' id='word_1_714' title='bbox 499 5240 773 5314; x_wconf 80' lang='lat' dir='ltr'>gotiatori</span> <span class='ocrx_word' id='word_1_715' title='bbox 820 5240 1101 5312; x_wconf 60' lang='lat' dir='ltr'>quaerenti</span> <span class='ocrx_word' id='word_1_716' title='bbox 1164 5240 1348 5294; x_wconf 88' lang='lat' dir='ltr'>bonas</span> <span class='ocrx_word' id='word_1_717' title='bbox 1409 5239 1786 5310; x_wconf 86' lang='lat' dir='ltr'>margaritas:</span> <span class='ocrx_word' id='word_1_718' title='bbox 1850 5240 2085 5296; x_wconf 88' lang='lat' dir='ltr'>inventa</span> 
     </span>
    </p>
   </div>
   <div class='ocr_carea' id='block_1_101' title="bbox 440 5327 2087 5401">
    <p class='ocr_par' dir='ltr' id='par_1_101' title="bbox 440 5327 2087 5401">
     <span class='ocr_line' id='line_1_101' title="bbox 440 5327 2087 5401; baseline 0.003 -21"><span class='ocrx_word' id='word_1_719' title='bbox 440 5352 467 5380; x_wconf 76' lang='grc' dir='ltr'>α</span> <span class='ocrx_word' id='word_1_720' title='bbox 498 5335 694 5386; x_wconf 85' lang='lat' dir='ltr'>autem</span> <span class='ocrx_word' id='word_1_721' title='bbox 726 5344 843 5383; x_wconf 90' lang='lat' dir='ltr'>una</span> <span class='ocrx_word' id='word_1_722' title='bbox 869 5328 1127 5401; x_wconf 88' lang='lat' dir='ltr'>pretiosa</span> <span class='ocrx_word' id='word_1_723' title='bbox 1159 5328 1498 5399; x_wconf 86' lang='lat' dir='ltr'>margarita,</span> <span class='ocrx_word' id='word_1_724' title='bbox 1547 5327 1690 5382; x_wconf 89' lang='lat' dir='ltr'>abiit</span> <span class='ocrx_word' id='word_1_725' title='bbox 1739 5332 1795 5383; x_wconf 87' lang='lat' dir='ltr'>et</span> <span class='ocrx_word' id='word_1_726' title='bbox 1824 5330 2087 5385; x_wconf 87' lang='lat' dir='ltr'>vendidit</span> 
     </span>
    </p>
   </div>
   <div class='ocr_carea' id='block_1_102' title="bbox 436 5416 2085 5489">
    <p class='ocr_par' dir='ltr' id='par_1_102' title="bbox 436 5416 2085 5489">
     <span class='ocr_line' id='line_1_102' title="bbox 436 5416 2085 5489; baseline 0.004 -22"><span class='ocrx_word' id='word_1_727' title='bbox 436 5443 461 5467; x_wconf 80' lang='grc' dir='ltr'>α</span> <span class='ocrx_word' id='word_1_728' title='bbox 498 5418 697 5473; x_wconf 86' lang='lat' dir='ltr'>omnia</span> <span class='ocrx_word' id='word_1_729' title='bbox 726 5433 853 5487; x_wconf 69' lang='lat' dir='ltr'>quae</span> <span class='ocrx_word' id='word_1_730' title='bbox 884 5416 1092 5471; x_wconf 85' lang='lat' dir='ltr'>habuit</span> <span class='ocrx_word' id='word_1_731' title='bbox 1121 5420 1178 5470; x_wconf 90' lang='lat' dir='ltr'>et</span> <span class='ocrx_word' id='word_1_732' title='bbox 1225 5416 1368 5471; x_wconf 90' lang='lat' dir='ltr'>emit</span> <span class='ocrx_word' id='word_1_733' title='bbox 1417 5433 1566 5471; x_wconf 87' lang='lat' dir='ltr'>eam.</span> <span class='ocrx_word' id='word_1_734' title='bbox 1605 5438 1631 5465; x_wconf 83' lang='grc'>››</span> <span class='ocrx_word' id='word_1_735' title='bbox 1666 5417 1770 5472; x_wconf 92' lang='lat' dir='ltr'>Ubi</span> <span class='ocrx_word' id='word_1_736' title='bbox 1818 5417 2085 5489; x_wconf 64' lang='lat' dir='ltr'>pretiosa:</span> 
     </span>
    </p>
   </div>
   <div class='ocr_carea' id='block_1_103' title="bbox 436 5502 2083 5579">
    <p class='ocr_par' dir='ltr' id='par_1_103' title="bbox 436 5502 2083 5579">
     <span class='ocr_line' id='line_1_103' title="bbox 436 5502 2083 5579; baseline 0.001 -18"><span class='ocrx_word' id='word_1_737' title='bbox 436 5506 764 5576; x_wconf 69' lang='lat' dir='ltr'>margaritae</span> <span class='ocrx_word' id='word_1_738' title='bbox 796 5504 1031 5560; x_wconf 87' lang='lat' dir='ltr'>nomine</span> <span class='ocrx_word' id='word_1_739' title='bbox 1043 5502 1287 5559; x_wconf 88' lang='lat' dir='ltr'>dulcedo</span> <span class='ocrx_word' id='word_1_740' title='bbox 1301 5504 1383 5559; x_wconf 92' lang='lat' dir='ltr'>vel</span> <span class='ocrx_word' id='word_1_741' title='bbox 1398 5504 1633 5560; x_wconf 82' lang='lat' dir='ltr'>claritas</span> <span class='ocrx_word' id='word_1_742' title='bbox 1644 5510 1874 5561; x_wconf 56' lang='lat' dir='ltr'>aeterna:</span> <span class='ocrx_word' id='word_1_743' title='bbox 1886 5508 2083 5579; x_wconf 79' lang='lat' dir='ltr'>patriae</span> 
     </span>
    </p>
   </div>
   <div class='ocr_carea' id='block_1_104' title="bbox 434 5590 2082 5668">
    <p class='ocr_par' dir='ltr' id='par_1_104' title="bbox 434 5590 2082 5668">
     <span class='ocr_line' id='line_1_104' title="bbox 434 5590 2082 5668; baseline 0 -15"><span class='ocrx_word' id='word_1_744' title='bbox 434 5595 933 5668; x_wconf 70' lang='lat' dir='ltr'>intelligitur,quie</span> <span class='ocrx_word' id='word_1_745' title='bbox 946 5590 1349 5667; x_wconf 85' lang='lat' dir='ltr'>pretiosiorest</span> <span class='ocrx_word' id='word_1_746' title='bbox 1361 5593 1587 5649; x_wconf 85' lang='lat' dir='ltr'>cunctis</span> <span class='ocrx_word' id='word_1_747' title='bbox 1600 5594 1871 5666; x_wconf 88' lang='lat' dir='ltr'>pretiosis</span> <span class='ocrx_word' id='word_1_748' title='bbox 1887 5598 2082 5666; x_wconf 89' lang='lat' dir='ltr'>rebus,</span> 
     </span>
    </p>
   </div>
   <div class='ocr_carea' id='block_1_105' title="bbox 2198 4616 3804 4692">
    <p class='ocr_par' dir='ltr' id='par_1_105' title="bbox 2198 4616 3804 4692">
     <span class='ocr_line' id='line_1_105' title="bbox 2198 4616 3804 4692; baseline -0.005 -16"><span class='ocrx_word' id='word_1_749' title='bbox 2198 4620 2386 4692; x_wconf 89' lang='lat' dir='ltr'>possit</span> <span class='ocrx_word' id='word_1_750' title='bbox 2416 4619 2774 4690; x_wconf 87' lang='lat' dir='ltr'>comparari:</span> <span class='ocrx_word' id='word_1_751' title='bbox 2811 4622 2931 4673; x_wconf 88' lang='lat' dir='ltr'>tam</span> <span class='ocrx_word' id='word_1_752' title='bbox 2962 4617 3114 4687; x_wconf 90' lang='lat' dir='ltr'>vilis,</span> <span class='ocrx_word' id='word_1_753' title='bbox 3139 4624 3203 4675; x_wconf 90' lang='lat' dir='ltr'>ut</span> <span class='ocrx_word' id='word_1_754' title='bbox 3234 4619 3366 4677; x_wconf 88' lang='lat' dir='ltr'>sola</span> <span class='ocrx_word' id='word_1_755' title='bbox 3388 4621 3537 4677; x_wconf 86' lang='lat' dir='ltr'>bona</span> <span class='ocrx_word' id='word_1_756' title='bbox 3559 4616 3804 4675; x_wconf 75' lang='lat' dir='ltr'>voluntate</span> 
     </span>
    </p>
   </div>
   <div class='ocr_carea' id='block_1_106' title="bbox 2198 4699 3802 4783">
    <p class='ocr_par' dir='ltr' id='par_1_106' title="bbox 2198 4699 3802 4783">
     <span class='ocr_line' id='line_1_106' title="bbox 2198 4699 3802 4783; baseline -0.004 -20"><span class='ocrx_word' id='word_1_757' title='bbox 2198 4708 2382 4780; x_wconf 87' lang='lat' dir='ltr'>possit</span> <span class='ocrx_word' id='word_1_758' title='bbox 2414 4705 2657 4778; x_wconf 86' lang='lat' dir='ltr'>acquiri.</span> <span class='ocrx_word' id='word_1_759' title='bbox 2695 4705 2854 4762; x_wconf 87' lang='lat' dir='ltr'>Hanc</span> <span class='ocrx_word' id='word_1_760' title='bbox 2884 4709 3263 4780; x_wconf 87' lang='lat' dir='ltr'>margaritam</span> <span class='ocrx_word' id='word_1_761' title='bbox 3297 4710 3609 4783; x_wconf 84' lang='lat' dir='ltr'>pretiosam</span> <span class='ocrx_word' id='word_1_762' title='bbox 3638 4699 3802 4761; x_wconf 86' lang='lat' dir='ltr'>multis</span> 
     </span>
    </p>
   </div>
   <div class='ocr_carea' id='block_1_107' title="bbox 2198 4792 3800 4869">
    <p class='ocr_par' dir='ltr' id='par_1_107' title="bbox 2198 4792 3800 4869">
     <span class='ocr_line' id='line_1_107' title="bbox 2198 4792 3800 4869; baseline -0.005 -18"><span class='ocrx_word' id='word_1_763' title='bbox 2198 4795 2576 4852; x_wconf 83' lang='lat' dir='ltr'>facultatibus</span> <span class='ocrx_word' id='word_1_764' title='bbox 2605 4795 2879 4851; x_wconf 77' lang='lat' dir='ltr'>Zachzeus</span> <span class='ocrx_word' id='word_1_765' title='bbox 2909 4811 3251 4869; x_wconf 88' lang='lat' dir='ltr'>comparare</span> <span class='ocrx_word' id='word_1_766' title='bbox 3279 4799 3533 4864; x_wconf 86' lang='lat' dir='ltr'>studuit,</span> <span class='ocrx_word' id='word_1_767' title='bbox 3581 4792 3670 4869; x_wconf 90' lang='lat' dir='ltr'>qui</span> <span class='ocrx_word' id='word_1_768' title='bbox 3696 4804 3800 4847; x_wconf 87' lang='lat' dir='ltr'>cum</span> 
     </span>
    </p>
   </div>
   <div class='ocr_carea' id='block_1_108' title="bbox 2193 4880 3798 4957">
    <p class='ocr_par' dir='ltr' id='par_1_108' title="bbox 2193 4880 3798 4957">
     <span class='ocr_line' id='line_1_108' title="bbox 2193 4880 3798 4957; baseline -0.001 -17"><span class='ocrx_word' id='word_1_769' title='bbox 2193 4884 2372 4956; x_wconf 89' lang='lat' dir='ltr'>hujus</span> <span class='ocrx_word' id='word_1_770' title='bbox 2387 4883 2712 4956; x_wconf 67' lang='lat' dir='ltr'>margarita:</span> <span class='ocrx_word' id='word_1_771' title='bbox 2728 4883 3139 4957; x_wconf 86' lang='lat' dir='ltr'>largitoremin</span> <span class='ocrx_word' id='word_1_772' title='bbox 3155 4887 3331 4946; x_wconf 89' lang='lat' dir='ltr'>domo</span> <span class='ocrx_word' id='word_1_773' title='bbox 3348 4903 3456 4944; x_wconf 88' lang='lat' dir='ltr'>sua</span> <span class='ocrx_word' id='word_1_774' title='bbox 3469 4880 3798 4957; x_wconf 68' lang='lat' dir='ltr'>suscepisset.</span> 
     </span>
    </p>
   </div>
   <div class='ocr_carea' id='block_1_109' title="bbox 2192 4971 3800 5046">
    <p class='ocr_par' dir='ltr' id='par_1_109' title="bbox 2192 4971 3800 5046">
     <span class='ocr_line' id='line_1_109' title="bbox 2192 4971 3800 5046; baseline -0.002 -19"><span class='ocrx_word' id='word_1_775' title='bbox 2192 4991 2308 5046; x_wconf 83' lang='lat' dir='ltr'>prae</span> <span class='ocrx_word' id='word_1_776' title='bbox 2342 4972 2520 5027; x_wconf 86' lang='lat' dir='ltr'>nimio</span> <span class='ocrx_word' id='word_1_777' title='bbox 2550 4972 2763 5044; x_wconf 91' lang='lat' dir='ltr'>gaudio</span> <span class='ocrx_word' id='word_1_778' title='bbox 2794 4972 2970 5028; x_wconf 77' lang='lat' dir='ltr'>dixit:</span> <span class='ocrx_word' id='word_1_779' title='bbox 3006 4972 3318 5044; x_wconf 84' lang='lat' dir='ltr'>«Domine,</span> <span class='ocrx_word' id='word_1_780' title='bbox 3340 4971 3800 5033; x_wconf 80' lang='lat' dir='ltr'>dimidiumbono-</span> 
     </span>
    </p>
   </div>
   <div class='ocr_carea' id='block_1_110' title="bbox 2194 5053 3799 5135">
    <p class='ocr_par' dir='ltr' id='par_1_110' title="bbox 2194 5053 3799 5135">
     <span class='ocr_line' id='line_1_110' title="bbox 2194 5053 3799 5135; baseline -0.007 -16"><span class='ocrx_word' id='word_1_781' title='bbox 2194 5079 2324 5119; x_wconf 90' lang='lat' dir='ltr'>rum</span> <span class='ocrx_word' id='word_1_782' title='bbox 2358 5077 2621 5118; x_wconf 89' lang='lat' dir='ltr'>meorum</span> <span class='ocrx_word' id='word_1_783' title='bbox 2649 5060 2723 5115; x_wconf 92' lang='lat' dir='ltr'>do</span> <span class='ocrx_word' id='word_1_784' title='bbox 2754 5060 3134 5133; x_wconf 88' lang='lat' dir='ltr'>pauperibus,</span> <span class='ocrx_word' id='word_1_785' title='bbox 3168 5069 3229 5120; x_wconf 82' lang='lat' dir='ltr'>et</span> <span class='ocrx_word' id='word_1_786' title='bbox 3256 5065 3307 5119; x_wconf 89' lang='lat' dir='ltr'>si</span> <span class='ocrx_word' id='word_1_787' title='bbox 3336 5060 3432 5122; x_wconf 90' lang='lat' dir='ltr'>cui</span> <span class='ocrx_word' id='word_1_788' title='bbox 3462 5059 3666 5135; x_wconf 87' lang='lat' dir='ltr'>aliquid</span> <span class='ocrx_word' id='word_1_789' title='bbox 3693 5053 3799 5122; x_wconf 89' lang='lat' dir='ltr'>tuli,</span> 
     </span>
    </p>
   </div>
   <div class='ocr_carea' id='block_1_111' title="bbox 2190 5148 3800 5224">
    <p class='ocr_par' dir='ltr' id='par_1_111' title="bbox 2190 5148 3800 5224">
     <span class='ocr_line' id='line_1_111' title="bbox 2190 5148 3800 5224; baseline -0.002 -17"><span class='ocrx_word' id='word_1_790' title='bbox 2190 5152 2251 5207; x_wconf 89' lang='lat' dir='ltr'>in</span> <span class='ocrx_word' id='word_1_791' title='bbox 2281 5148 3800 5224; x_wconf 75' lang='lat' dir='ltr'>quadruplumrestituo(Luc.xrx).»Hancquoquemar-</span> 
     </span>
    </p>
   </div>
   <div class='ocr_carea' id='block_1_112' title="bbox 2193 5229 3799 5314">
    <p class='ocr_par' dir='ltr' id='par_1_112' title="bbox 2193 5229 3799 5314">
     <span class='ocr_line' id='line_1_112' title="bbox 2193 5229 3799 5314; baseline -0.006 -18"><span class='ocrx_word' id='word_1_792' title='bbox 2193 5240 2444 5314; x_wconf 85' lang='lat' dir='ltr'>garitam</span> <span class='ocrx_word' id='word_1_793' title='bbox 2474 5236 2565 5293; x_wconf 89' lang='lat' dir='ltr'>vid</span> <span class='ocrx_word' id='word_1_794' title='bbox 2576 5237 2760 5294; x_wconf 89' lang='lat' dir='ltr'>uailla</span> <span class='ocrx_word' id='word_1_795' title='bbox 2774 5238 3004 5296; x_wconf 88' lang='lat' dir='ltr'>duobus</span> <span class='ocrx_word' id='word_1_796' title='bbox 3016 5241 3150 5298; x_wconf 85' lang='lat' dir='ltr'>aeris</span> <span class='ocrx_word' id='word_1_797' title='bbox 3169 5229 3441 5310; x_wconf 85' lang='lat' dir='ltr'>minutis,</span> <span class='ocrx_word' id='word_1_798' title='bbox 3475 5240 3532 5295; x_wconf 89' lang='lat' dir='ltr'>in</span> <span class='ocrx_word' id='word_1_799' title='bbox 3552 5232 3799 5311; x_wconf 75' lang='lat' dir='ltr'>gazophy-</span> 
     </span>
    </p>
   </div>
   <div class='ocr_carea' id='block_1_113' title="bbox 2194 5320 3801 5405">
    <p class='ocr_par' dir='ltr' id='par_1_113' title="bbox 2194 5320 3801 5405">
     <span class='ocr_line' id='line_1_113' title="bbox 2194 5320 3801 5405; baseline -0.007 -22"><span class='ocrx_word' id='word_1_800' title='bbox 2194 5329 2340 5386; x_wconf 89' lang='lat' dir='ltr'>lacio</span> <span class='ocrx_word' id='word_1_801' title='bbox 2362 5327 2600 5399; x_wconf 81' lang='lat' dir='ltr'>jactatis</span> <span class='ocrx_word' id='word_1_802' title='bbox 2631 5329 3006 5399; x_wconf 84' lang='lat' dir='ltr'>comparavit.</span> <span class='ocrx_word' id='word_1_803' title='bbox 3032 5328 3213 5405; x_wconf 80' lang='lat' dir='ltr'>Cujus</span> <span class='ocrx_word' id='word_1_804' title='bbox 3235 5330 3493 5402; x_wconf 81' lang='lat' dir='ltr'>pretium</span> <span class='ocrx_word' id='word_1_805' title='bbox 3525 5328 3640 5400; x_wconf 84' lang='lat' dir='ltr'>ipse</span> <span class='ocrx_word' id='word_1_806' title='bbox 3667 5320 3801 5379; x_wconf 84' lang='lat' dir='ltr'>testis</span> 
     </span>
    </p>
   </div>
   <div class='ocr_carea' id='block_1_114' title="bbox 2195 5414 3798 5484">
    <p class='ocr_par' dir='ltr' id='par_1_114' title="bbox 2195 5414 3798 5484">
     <span class='ocr_line' id='line_1_114' title="bbox 2195 5414 3798 5484; baseline -0.007 -9"><span class='ocrx_word' id='word_1_807' title='bbox 2195 5415 2582 5481; x_wconf 65' lang='lat' dir='ltr'>conscientiae,</span> <span class='ocrx_word' id='word_1_808' title='bbox 2608 5414 2893 5471; x_wconf 90' lang='lat' dir='ltr'>Dominus</span> <span class='ocrx_word' id='word_1_809' title='bbox 2933 5416 3172 5484; x_wconf 86' lang='lat' dir='ltr'>scilicet,</span> <span class='ocrx_word' id='word_1_810' title='bbox 3210 5417 3577 5483; x_wconf 90' lang='lat' dir='ltr'>collaudavit,</span> <span class='ocrx_word' id='word_1_811' title='bbox 3607 5414 3798 5469; x_wconf 84' lang='lat' dir='ltr'>dicens:</span> 
     </span>
    </p>
   </div>
   <div class='ocr_carea' id='block_1_115' title="bbox 2194 5498 3802 5581">
    <p class='ocr_par' dir='ltr' id='par_1_115' title="bbox 2194 5498 3802 5581">
     <span class='ocr_line' id='line_1_115' title="bbox 2194 5498 3802 5581; baseline -0.005 -18"><span class='ocrx_word' id='word_1_812' title='bbox 2194 5531 2221 5557; x_wconf 92' lang='grc'>‹‹</span> <span class='ocrx_word' id='word_1_813' title='bbox 2256 5509 2439 5562; x_wconf 87' lang='lat' dir='ltr'>Amen</span> <span class='ocrx_word' id='word_1_814' title='bbox 2454 5505 2582 5560; x_wconf 84' lang='lat' dir='ltr'>dico</span> <span class='ocrx_word' id='word_1_815' title='bbox 2598 5505 2779 5571; x_wconf 87' lang='lat' dir='ltr'>vobis,</span> <span class='ocrx_word' id='word_1_816' title='bbox 2797 5504 2936 5577; x_wconf 88' lang='lat' dir='ltr'>quia</span> <span class='ocrx_word' id='word_1_817' title='bbox 2950 5505 3122 5562; x_wconf 86' lang='lat' dir='ltr'>vidua</span> <span class='ocrx_word' id='word_1_818' title='bbox 3135 5507 3255 5565; x_wconf 76' lang='lat' dir='ltr'>haec</span> <span class='ocrx_word' id='word_1_819' title='bbox 3272 5505 3635 5581; x_wconf 88' lang='lat' dir='ltr'>pauperplus</span> <span class='ocrx_word' id='word_1_820' title='bbox 3651 5498 3802 5557; x_wconf 78' lang='lat' dir='ltr'>Omni-</span> 
     </span>
    </p>
   </div>
   <div class='ocr_carea' id='block_1_116' title="bbox 2193 5592 3800 5671">
    <p class='ocr_par' dir='ltr' id='par_1_116' title="bbox 2193 5592 3800 5671">
     <span class='ocr_line' id='line_1_116' title="bbox 2193 5592 3800 5671; baseline -0.006 -20"><span class='ocrx_word' id='word_1_821' title='bbox 2193 5598 2305 5652; x_wconf 90' lang='lat' dir='ltr'>bus</span> <span class='ocrx_word' id='word_1_822' title='bbox 2336 5594 2518 5664; x_wconf 88' lang='lat' dir='ltr'>misit,</span> <span class='ocrx_word' id='word_1_823' title='bbox 2541 5592 2640 5665; x_wconf 89' lang='lat' dir='ltr'>qui</span> <span class='ocrx_word' id='word_1_824' title='bbox 2674 5593 2964 5651; x_wconf 87' lang='lat' dir='ltr'>miserunt</span> <span class='ocrx_word' id='word_1_825' title='bbox 2999 5595 3057 5650; x_wconf 92' lang='lat' dir='ltr'>in</span> <span class='ocrx_word' id='word_1_826' title='bbox 3092 5596 3589 5671; x_wconf 78' lang='lat' dir='ltr'>gazophylacium.</span> <span class='ocrx_word' id='word_1_827' title='bbox 3620 5592 3800 5647; x_wconf 84' lang='lat' dir='ltr'>Omnes</span> 
     </span>
    </p>
   </div>
  </div>
