3980 6174
222 281 336 389 m
352 342 355 345 λ

1472 319 1822 383 HOMlLl/E
1866 316 1973 380 DE
2015 316 2361 382 SANCTIS.

3497 313 3619 378 794

225 457 365 519 enim
384 472 455 515 ex
481 454 1210 530 eoquodvabundavltillis,
1234 455 1554 512 miserunt:
1581 454 1705 511 hare
1724 468 1858 509 vero
1885 452 1947 519 Α,
1969 450 2277 525 Evangelia
2325 451 2510 508 dicit:
2564 471 2595 505 ιι
2622 448 3026 510 Mittet-Filius
3072 449 3332 508 hominis
3376 449 3615 525 angelos

224 549 293 604 de
314 544 557 620 penuria
585 562 694 607 sua
736 546 893 619 quod
942 545 1168 612 habuit,
1214 544 1381 602 misit
1418 548 1610 601 totum
1637 544 1854 601 victum
1964 557 2123 609 suos,
2156 544 2214 597 et
2239 539 2516 614 colligant
2555 542 2627 597 de
2680 555 2859 614 regno
2905 540 3035 611 ejus
3090 540 3289 596 omnia
3340 539 3617 597 scandala

225 651 387 693 suum
414 636 599 705 (Marc.
623 635 744 705 ιω).
770 634 957 706 Hujus
978 632 1307 707 margaritas
1355 632 1855 706 pulchritudinem

225 722 553 782 beatissima
572 725 638 780 N.
663 740 730 779 cu
729 723 831 795 jus
844 723 1017 779 hodie
1038 724 1303 780 festivam
1323 721 1689 779 celebramus
1707 719 1864 776 festi-

222 813 471 880 vitatem,
514 812 719 869 multis
746 811 967 869 divitiis
1014 812 1170 869 datis
1211 810 1587 883 comparavit,
1622 810 1858 882 quando

223 919 319 976 pro
347 904 476 974 ejus
506 916 705 958 amore
757 901 919 974 regni
963 899 1287 974 potentiam
1337 899 1771 971 derelinquens,
1804 901 1862 953 et

224 993 450 1049 thorum
470 990 684 1064 regalis
696 989 1367 1062 matrimoniispernens,
1389 989 1458 1044 ad
1474 992 1857 1061 spontaneum

223 1083 612 1155 paupertatem
637 1093 700 1136 se
719 1078 1155 1136 eontulit.Unde
1175 1078 1303 1135 sine
1323 1077 1522 1143 dubio,
1546 1077 1687 1149 quia
1708 1076 1862 1150 regis

223 1168 428 1225 terreni
439 1168 779 1241 conjugium
792 1166 1388 1241 contempsit,sponsa
1398 1166 1601 1222 eﬂ'ecta
1611 1169 1702 1222 est
1710 1164 1862 1237 regis

223 1255 507 1312 cmlestis:
549 1259 609 1310 et
637 1271 769 1326 quis
815 1253 1004 1310 noluit
1030 1271 1164 1313 eum
1196 1258 1425 1311 terreno
1457 1270 1591 1325 rege
1621 1267 1863 1325 regnare

223 1346 279 1401 in
309 1344 553 1409 mundo,
575 1348 780 1414 regnat
796 1360 933 1398 cum
964 1342 1195 1400 Christo
1225 1343 1284 1397 in
1309 1342 1471 1399 ccnlo.
1498 1343 1567 1399 Et
1593 1342 1733 1414 quia
1769 1358 1868 1397 sa-

224 1432 533 1491 lutationes
561 1436 620 1489 et
648 1431 845 1489 ofﬁcia
875 1431 1090 1505 refugit
1117 1432 1405 1506 regalium
1434 1430 1866 1501 ministrorum,

225 1523 519 1579 nriaistrat
540 1536 697 1578 nunc
724 1537 857 1578 cum
889 1522 1143 1593 Christo,
1170 1522 1483 1593 conjuncta
1501 1520 1748 1577 cratibus
1769 1535 1870 1575 an-

225 1612 502 1685 gelorum.
536 1611 605 1667 Et
633 1608 764 1666 ideo
793 1610 1042 1684 dignum
1079 1616 1188 1677 est,
1224 1614 1289 1666 ut
1333 1609 1436 1682 qui
1486 1608 1867 1681 temporalem

227 1700 483 1775 reginam
513 1699 737 1756 honore
748 1698 945 1755 debito
966 1715 1331 1765 veneramur,
1361 1699 1512 1755 hanc
1529 1698 1645 1755 Deo
1666 1712 1870 1770 accep-

227 1794 339 1847 tam
361 1789 628 1863 reginam
649 1787 872 1845 devotis
893 1787 1163 1861 precibus
1186 1788 1617 1861 supplicamus:
1644 1792 1709 1841 ut
1732 1786 1872 1858 quia

232 1895 333 1935 nos
352 1895 461 1934 sue
481 1877 747 1949 exemplo
762 1876 820 1932 in
846 1876 1079 1933 nomine
1096 1876 1305 1933 Christi
1332 1876 1722 1949 congregavit,
1747 1875 1872 1932 suis

234 1984 334 2024 nos
357 1965 586 2021 meritis
603 1970 663 2021 et
683 1964 1048 2021 orationibus
1070 1963 1128 2021 in
1154 1964 1427 2037 prensanti
1446 1964 1563 2020 vita
1575 1963 1877 2035 jucundos

232 2055 463 2121 efﬁciat,
491 2058 549 2110 et
578 2055 639 2110 in
671 2054 867 2110 futuro
898 2058 1166 2126 acceptos
1196 2054 1422 2110 reddat.
1542 2048 1543 2051 “

293 2168 321 2195 κ
356 2144 573 2198 Iterum
592 2142 785 2199 simile
814 2145 911 2197 est
925 2158 1171 2215 regnum
1190 2140 1469 2197 caelorum
1488 2153 1716 2213 sagenee
1739 2139 1879 2195 mis-

230 2256 256 2283 «
286 2250 360 2289 se
378 2232 441 2287 in
455 2230 604 2288 mari
621 2235 757 2287 etex
767 2246 860 2287 om
870 2231 928 2285 ni
944 2247 1154 2303 genere
1164 2229 1421 2303 piscium
1438 2230 1873 2303 congreganti.»

229 2320 469 2379 Pulchre
492 2337 723 2393 sagenaa
752 2318 1114 2376 asshnilatur
1133 2318 1413 2385 Ecclesia,
1437 2318 1581 2391 quia
1605 2324 1663 2374 et
1692 2320 1879 2391 pisca-

226 2409 423 2467 toriest
436 2410 775 2479 commissa,
804 2407 1157 2465 etintrarete
1170 2408 1303 2465 fidei
1317 2407 1580 2480 quotidie
1607 2408 1877 2465 homines

229 2499 399 2572 capit.
435 2498 598 2555 Sicut
629 2497 786 2554 enim
820 2496 1180 2570 piscatorum
1221 2502 1329 2564 est,
1360 2512 1499 2553 cum
1547 2514 1766 2570 segem
1805 2498 1878 2554 de

228 2586 530 2660 profundis
580 2586 918 2660 gurgitibus
949 2586 1139 2657 pisces
1171 2586 1241 2642 ad
1293 2585 1460 2642 littus
1484 2586 1736 2654 trahere,
1793 2587 1877 2642 sic

228 2675 487 2748 quotidie
510 2674 792 2741 Ecclesia,
825 2692 927 2748 per
954 2674 1280 2731 doctrinam
1305 2673 1773 2748 praedicatorum,
1804 2675 1878 2729 de

229 2764 593 2823 turbulentis
613 2773 669 2821 et
689 2762 911 2821 amaris
929 2763 1263 2837 gurgitibus
1280 2763 1508 2831 mundi,
1534 2766 1760 2820 mentes
1780 2762 1880 2819 ὴοη

228 2854 457 2913 minurn
480 2854 775 2911 adversm
798 2853 995 2909 lucem.
1010 2853 1241 2910 trahere
1260 2853 1477 2909 studet.
1501 2853 1573 2909 Et
1599 2852 1879 2924 quoniam

227 2944 490 3017 quandiu
522 2942 581 2998 in
603 2943 873 3015 presenti
893 2942 1014 2999 vita
1030 2941 1288 3000 Ecclesia
1309 2958 1445 2999 cum
1466 2941 1639 2999 bouis
1659 2939 1885 3014 colligit:

226 3038 279 3089 et
307 3030 520 3100 malos,
552 3036 719 3087 recte
734 3032 805 3086 de
834 3032 1037 3087 eadem
1070 3047 1286 3104 sagona
1317 3031 1627 3087 subditur:

295 3144 325 3171 α
359 3123 569 3188 Quam,
602 3136 737 3177 cum
768 3119 1009 3192 impleta
1037 3123 1211 3187 esset,
1243 3119 1578 3184 educentes,
1622 3123 1680 3175 et
1708 3130 1881 3176 secus

1968 631 2177 702 (Matth.
2208 631 2349 699 xm).
2387 654 2414 679 ››
2465 632 2536 686 Et
2582 631 2721 687 item
2770 628 2842 685 de
2882 628 3121 685 zizaniis
3165 644 3295 701 qua!
3340 627 3616 684 inimicus

1968 720 2144 777 homo
2173 720 2662 792 superseminavit
2683 718 2897 784 tritico,
2920 718 3311 791 interrogatus
3340 718 3423 773 ait
3447 733 3460 772 :
3488 738 3517 766 α
3536 715 3621 772 Si-

1969 809 2088 864 nite
2117 814 2368 880 utraque
2397 825 2655 865 crescere
2684 824 2875 881 usque
2894 810 2969 865 ad
2999 823 3276 873 messem,
3307 811 3365 863 et
3392 807 3452 864 in
3477 811 3620 863 tem-

1969 914 2107 971 pore
2139 898 2349 955 messis
2378 899 2567 955 dicam
2603 898 2997 974 messoribus:
3043 895 3311 971 Colligite
3359 895 3615 969 primum

1969 986 2598 1061 zizania,alligateeain
2613 985 2923 1042 fasciculos
2934 987 3003 1041 ad
3029 985 3621 1053 comburendum,tri~

1970 1078 2151 1133 ticum
2176 1082 2373 1133 autem
2396 1081 2741 1149 congregato
2762 1074 2820 1130 in
2845 1075 3121 1131 horreum
3144 1090 3343 1131 meum
3371 1074 3620 1141 abitu.»

1972 1165 2236 1238 Idipsum
2259 1166 2525 1238 estquod
2551 1165 2691 1220 alibi
2714 1163 2929 1221 dicitur
2952 1182 2987 1221 a
3020 1164 3290 1221 Domino:
3318 1188 3345 1214 ‹‹
3369 1163 3512 1220 Cum
3535 1180 3622 1220 εθ-

1972 1256 2124 1312 derit
2148 1254 2331 1311 Filius
2361 1253 2619 1311 hominis
2638 1254 2695 1309 in
2720 1255 2856 1309 sede
2877 1252 3202 1325 majestatis
3224 1258 3360 1314 sum;
3385 1268 3622 1325 congre-

1973 1345 2271 1417 gabuntur
2299 1346 2432 1399 ante
2462 1359 2597 1400 eum
2626 1358 2831 1399 omnes
2860 1347 3082 1413 gentes,
3112 1340 3171 1397 et
3200 1340 3494 1416 separabit
3523 1357 3623 1397 eos

1974 1434 2047 1490 ab
2079 1433 2354 1498 invicem,
2384 1432 2541 1488 sicut
2574 1432 2793 1505 pastor
2838 1435 3107 1504 segregat
3162 1447 3295 1487 oves
3324 1430 3396 1486 ab
3440 1429 3624 1486 haedis

1976 1522 2180 1593 (Matth.
2232 1522 2382 1593 xxv),
2412 1543 2438 1571 »
2489 1526 2597 1577 etc.
2653 1523 2716 1577 In
2749 1537 2823 1577 eo
2859 1525 3054 1577 autem
3106 1521 3258 1593 quod
3308 1519 3620 1575 subdimr:

1977 1634 2005 1662 «
2031 1611 2113 1668 ibi
2136 1611 2248 1667 er‘rt
2266 1610 2440 1668 ﬂetus
2462 1613 2520 1667 et
2535 1609 2761 1667 stridor.
2774 1609 3100 1677 dentium,»
3113 1609 3423 1666 manifeste
3434 1607 3624 1680 quali-

1976 1703 2068 1756 tas
2090 1712 2394 1773 positarum
2413 1698 2951 1756 describihrrﬂculi
2968 1697 3125 1754 enim
3141 1697 3625 1771 prmnimiotumo

1981 1790 2159 1846 ﬂuere
2172 1788 2461 1862 laerymas
2481 1788 2692 1855 solent,
2706 1790 2911 1844 dentes
2923 1787 3257 1843 vehementi
3267 1787 3481 1860 trigmo
3497 1786 3628 1842 stri-

1983 1879 2237 1935 descere.
2288 1879 2434 1934 Cum
2479 1892 2619 1934 vero
2645 1877 2747 1943 ait,
2776 1898 2807 1927 ι
2836 1877 2923 1932 lbi
2959 1876 3069 1933 erit
3097 1877 3269 1932 fletus
3326 1880 3385 1933 et
3408 1875 3630 1932 stridor

1981 1967 2268 2032 dhnt‘ium,
2302 1989 2331 2018 »
2384 1965 2644 2024 ostendit
2687 1964 2835 2038 quia
2873 1964 3102 2037 reprobi
3149 1965 3211 2020 in
3253 1964 3541 2038 gehenna,
3573 1967 3633 2020 et

1982 2057 2177 2130 frigus
2200 2053 2589 2124 intolerabile,
2609 2058 2670 2112 et
2693 2054 2946 2111 calorem
2972 2052 3439 2110 inaestimabilem
3459 2051 3635 2107 susti-

1983 2147 2226 2213 nebunt,
2252 2146 2425 2217 juxta
2453 2143 2600 2200 illud
2651 2144 2807 2216 quod
2838 2159 2942 2216 per
2989 2142 3235 2199 beatum.
3278 2143 3389 2198 Job
3417 2140 3637 2197 dicitur

1985 2233 2125 2306 (cap.
2156 2234 2337 2305 xxiv):
2389 2256 2417 2284 «
2448 2234 2532 2289 Ad
2576 2231 2830 2289 calorem
2882 2232 3132 2287 nimium
3179 2230 3521 2287 transibunt
3560 2229 3634 2285 ab

1984 2323 2153 2394 aquis
2180 2322 2424 2388 nivium,
2456 2326 2513 2377 et
2542 2338 2729 2393 usque
2760 2321 2833 2376 ad
2866 2320 3084 2376 inferos
3116 2322 3419 2392 peccatum
3450 2316 3632 2387 illius,

1984 2410 2360 2467 obliviscatur
2391 2412 2519 2484 ejus
2571 2408 2996 2474 misericordia,
3044 2407 3290 2464 dulcedo
3324 2406 3481 2463 illius
3508 2423 3634 2463 ver-

1986 2499 2181 2559 mis.»
2215 2499 2407 2561 Finita
2436 2496 3058 2569 autemsimilitudine,
3091 2497 3166 2554 de
3186 2494 3636 2565 ejueintellectu

1985 2589 2248 2645 Salvator
2295 2587 2615 2660 discipulos
2658 2585 2919 2658 requirit,
2952 2586 3265 2643 ostendens
3312 2585 3424 2657 piis
3450 2585 3635 2658 magi-

1986 2677 2147 2744 stris,
2173 2680 2238 2733 ut
2254 2676 2399 2732 alios
2422 2676 2652 2748 possint
2670 2674 2921 2741 erudire,
2941 2673 3258 2746 aliquando
3281 2673 3636 2745 interrogem

1986 2765 2217 2822 debere.
2250 2764 2343 2820 Ait
2369 2764 2562 2821 enim:

2061 2876 2091 2905 ‹‹
2121 2851 2495 2910 lntellexietis
2551 2851 2673 2908 hac
2721 2849 2967 2908 omnia?
3012 2872 3039 2901 ιο
3109 2849 3348 2922 [Hisque
3391 2847 3639 2906 dicenti-

1988 2944 2122 3010 bus,
2179 2965 2208 2993 «
2243 2941 2449 3010 Etim,
2485 2963 2508 2992 ι
2543 2941 2903 3013 ὰθίρωευειυ
2952 2939 3191 2997 illorum
3254 2938 3634 3013 gloriabatur,

1990 3032 2199 3089 dicens
2219 3048 2233 3086 :

2059 3144 2088 3171 ‹‹
2115 3119 2677 3177 ldeoomnisscriba
2698 3119 2904 3175 doctus
2935 3117 2993 3174 in
3017 3135 3199 3193 regno
3226 3117 3525 3185 calorum,
3559 3115 3641 3174 si-

225 3236 252 3259 ‹‹
284 3210 458 3267 littus
476 3210 753 3267 sedentes
766 3207 1070 3282 elegerunt
1091 3209 1278 3265 bones
1304 3208 1363 3264 in
1385 3225 1523 3265 vasa
1552 3207 1895 3276 summalos
1911 3194 1957 3261 (ἶ
1995 3232 2023 3259 ‹‹
2046 3208 2209 3266 milis
2235 3213 2323 3267 est
2350 3209 2574 3265 homini
2598 3207 3135 3282 patrifamilias,qui
3166 3208 3386 3281 profert:
3413 3207 3485 3263 de
3508 3206 3639 3262 the-

227 3319 255 3351 ι
285 3302 484 3354 autem
518 3298 681 3353 foras
705 3297 1011 3353 miserunt.
1035 3319 1063 3346 »
1089 3296 1193 3353 Ubi
1217 3313 1351 3352 cum
1378 3296 1513 3352 boni
1542 3295 1759 3353 etmeli
1782 3314 1883 3351 no-

229 3388 559 3455 minantur,
589 3386 893 3459 presentis
923 3385 1209 3458 temporis
1226 3384 1487 3442 Ecclesia
1514 3385 1877 3457 designatur.

222 3476 369 3537 Boni
391 3476 551 3532 enim
575 3473 691 3531 soli
715 3491 1006 3548 nusquam
1032 3477 1173 3531 sunt
1192 3473 1307 3530 nisi
1326 3473 1386 3529 in
1408 3473 1573 3541 coelo,
1606 3472 1754 3530 mali'
1776 3488 1882 3531 slu-

225 3570 346 3622 tem
370 3580 667 3636 nusquam
694 3562 801 3619 soli
831 3568 971 3620 sunt
999 3562 1114 3619 nisi
1145 3561 1207 3619 in
1236 3563 1485 3619 interno.
1519 3563 1650 3619 Haec
1681 3568 1877 3619 autem

220 3653 485 3711 Ecclesia
532 3669 658 3725 quae
686 3651 753 3709 in
796 3652 988 3709 medio
1019 3651 1312 3716 consistit,
1343 3652 1653 3723 utriusque
1682 3652 1885 3724 patriae

221 3744 378 3800 cives
409 3741 633 3813 recipit,
665 3740 820 3797 sicut
847 3757 949 3813 per
989 3739 1375 3798 Psalmistam
1415 3740 1634 3797 dicitur
1661 3757 1675 3795 :
1710 3764 1738 3792 (ς
1769 3743 1881 3797 An-

218 3829 499 3889 nuntiavi
523 3834 581 3886 et
611 3829 841 3886 locutus
862 3827 1397 3901 sum,multipl:icati
1418 3833 1567 3885 sunt-
1579 3847 1757 3902 super
1775 3847 1882 3886 nu-

219 3935 458 3976 merum
491 3919 660 3989 (Psal.
693 3919 906 3991 χχχιχ).
926 3941 955 3968 ››
986 3917 1095 3975 Ubi
1114 3918 1611 3975 considerandum
1628 3918 1880 3991 estquia

215 4022 404 4080 super
434 4023 745 4063 numerum
780 4006 1095 4064 electorum
1129 4006 1304 4062 modo
1337 4006 1395 4061 in
1426 4005 1687 4063 Ecclesia
1707 4006 1876 4069 multi

212 4095 457 4170 reprobi
476 4095 693 4177 intrare
704 4095 1089 4168 -possunt,sed
1108 4092 1170 4151 in
1189 4112 1435 4168 regnum
1457 4094 1736 4151 crebrum
1761 4111 1883 4151 non

214 4188 496 4257 possunt.
528 4184 690 4242 Unde
714 4187 771 4239 et
792 4185 937 4240 bene
956 4181 1197 4240 dicitur:
1224 4206 1254 4233 ‹‹
1275 4183 1587 4257 Elegerunt
1610 4182 1879 4239 honoein-

209 4292 364 4329 vasa
388 4290 528 4340 sua,
548 4271 733 4328 malos
764 4275 961 4329 autem
985 4273 1149 4328 foras.
1169 4273 1477 4329 miserunt.
1506 4294 1535 4322 α
1565 4272 1629 4328 In
1659 4270 1876 4345 quibus

208 4364 421 4420 verbis
452 4360 759 4418 manifeste
785 4361 1057 4418 discretio
1078 4360 1394 4418 electorum
1416 4366 1475 4418 et
1492 4360 1888 4434 reproborum

205 4451 273 4508 in
311 4452 436 4507 ﬁne
466 4448 667 4506 saeculi
714 4450 916 4505 futura
940 4465 1068 4507 esse
1116 4450 1469 4507 ostenditur.
1510 4449 1672 4507 Sicut
1717 4449 1875 4506 enim

1991 3322 2019 3349 ‹‹
2053 3315 2230 3355 sauro
2258 3315 2365 3354 suo
2395 3314 2543 3353 nova
2589 3302 2647 3354 et
2672 3301 2885 3353 vetera.
2919 3318 2951 3347 ››
2991 3296 3152 3360 Quod
3206 3295 3537 3368 specialiter
3564 3295 3638 3352 ad

1988 3386 2285 3460 apostolos
2316 3386 2607 3459 pertinere
2635 3403 2705 3443 ex
2733 3403 2800 3443 eo
2832 3384 3211 3442 manifestum
3239 3388 3328 3441 est
3358 3383 3519 3457 quod
3540 3383 3641 3443 h0-

1990 3475 2134 3531 n‘ini
2149 3475 2561 3549 patrifamilias
2578 3478 3016 3547 comparantur,
3038 3497 3067 3525 ‹‹
3093 3473 3411 3547 prolbrenti
3427 3473 3502 3529 de
3517 3471 3641 3528 the-

1990 3581 2163 3622 sauro
2194 3582 2301 3621 suo
2333 3582 2483 3621 nova
2504 3568 2561 3621 et
2586 3568 2801 3620 vetera.
2840 3586 2867 3613 »
2899 3563 2959 3621 Si
2990 3561 3149 3619 enim
3177 3578 3280 3635 per
3308 3575 3459 3618 nova
3475 3565 3538 3616 et
3550 3572 3643 3615 ve-

1988 3658 2116 3712 tera
2146 3654 2331 3710 Vetus
2358 3658 2416 3711 et
2444 3654 2668 3711 Novum
2701 3644 3511 3724 Testamentumlaccipimm,
3529 3649 3643 3705 Ab—

1989 3742 2197 3803 raham
2213 3746 2272 3801 et
2294 3743 2532 3817 Moysen
2555 3746 2911 3815 ceterosque
2932 3741 3133 3798 Patres
3146 3739 3396 3813 quiante
3410 3738 3643 3797 Domini

1990 3833 2306 3890 adventum
2338 3833 2597 3900 fuerunt,
2629 3848 2777 3889 nova
2805 3848 2940 3887 cum
2971 3830 3266 3887 veteribus
3296 3844 3413 3887 non
3442 3832 3642 3903 protu-

1986 3921 2128 3978 lisse
2154 3921 2597 3994 cognoscimus:
2628 3920 2773 3992 quia
2797 3920 2909 3977 etsi
2938 3937 3089 3976 nova
3107 3924 3508 3988 narraverint,
3531 3918 3641 3975 Do-

1989 4010 2137 4067 mini
2158 4015 2357 4066 tamen
2377 4010 2838 4066 incarnationem
2860 4024 3068 4065 novam
3091 4007 3501 4079 corporalibus
3512 4024 3645 4063 acu.

1984 4098 2059 4156 lis
2089 4116 2205 4156 non
2238 4098 2530 4165 viderunt,
2586 4099 2743 4154 sicut
2799 4098 2926 4170 ipse
2974 4095 3295 4169 discipulis
3345 4094 3472 4151 suis
3518 4094 3638 4151 ait:

1983 4212 2013 4239 ‹‹
2046 4186 2215 4245 Multi
2245 4200 2414 4260 reges
2439 4191 2497 4243 et
2517 4186 2809 4258 prophetae
2827 4184 3364 4243 volueruntvidsre
3382 4199 3515 4255 quas
3537 4199 3643 4239 vos

1982 4276 2213 4343 videtis,
2244 4280 2303 4332 et
2330 4293 2447 4333 non
2478 4275 2779 4332 viderunt:
2811 4278 2872 4332 et
2911 4272 3119 4330 audire
3144 4289 3273 4346 qua:
3313 4269 3551 4337 auditis,
3583 4275 3645 4327 et

1984 4382 2100 4424 non
2132 4365 2448 4422 audierunt
2494 4366 2647 4437 (ιω.
2676 4363 2756 4437 x).
2794 4386 2819 4412 ιι
2854 4362 3119 4436 Apostoli
3167 4363 3365 4417 autem
3408 4375 3557 4415 nova
3584 4362 3642 4416 et

1988 4458 2184 4511 vetera
2211 4452 2600 4526 spiritualiter
2630 4451 3058 4517 intellexerunt,
3088 4455 3148 4508 et
3167 4466 3314 4507 nova
3333 4447 3642 4521 comportati-

205 4556 387 4599 mare
420 4537 723 4608 saeclum,
751 4537 835 4595 sic
854 4537 1021 4595 littus
1047 4539 1226 4596 maris
1459 4538 1757 4612 signiﬁcat
1773 4554 1877 4595 sm-
1908 4563 1957 4627 Π
1990 4543 2107 4599 bus
2134 4542 2323 4599 oculis
2350 4542 2647 4599 viderunt.
2679 4541 2902 4609 Quibus
2934 4541 3063 4613 ipse
3093 4540 3174 4596 ait
3201 4555 3214 4593 :
3252 4559 3283 4591 ce
3302 4539 3642 4627 Mandatum

198 4628 360 4685 culi.
395 4628 462 4685 In
495 4627 690 4684 littore
720 4627 875 4683 enim
899 4627 1195 4698 sedentes,
1230 4650 1251 4676 ι
1278 4626 1582 4701 elegerunt
1608 4629 1798 4686 bonos
1820 4628 1881 4684 in
1912 4626 1923 4627 ί
1992 4648 2211 4689 novum
2228 4632 2302 4688 do
2335 4631 2520 4699 vobis,
2564 4636 2631 4687 ut
2656 4629 2925 4704 diligatis
2946 4629 3197 4686 invicem
3229 4628 3405 4697 (Im.
3436 4626 3577 4699 xm).
3612 4649 3640 4676 »

197 4734 513 4784 vasasua,
533 4716 720 4774 malos
740 4720 939 4773 autem
963 4717 1120 4773 foras
1141 4716 1449 4785 miserunt,
1467 4740 1503 4767 ν
1521 4719 1671 4790 quia
1686 4719 1743 4774 in
1768 4719 1884 4775 line

199 4805 425 4865 saeculi
454 4804 617 4863 electi
648 4808 1028 4862 assumentur
1055 4806 1129 4861 ad
1154 4805 1424 4877 gloriam,
1447 4812 1511 4861 et
1533 4807 1761 4880 reprobi
1794 4823 1883 4864 se-

200 4896 597 4969 parabuntur
612 4896 687 4952 ad
705 4895 1127 4967 poenamJuxta
1147 4895 1303 4968 quod
1326 4894 1469 4951 alibi
1493 4896 1773 4953 Dominus
1800 4896 1882 4953 ait

198 4985 275 5042 in
303 4982 653 5057 Evangelia:
686 5007 714 5034 «
741 4983 806 5040 In
829 4982 929 5039 illa
949 4988 1119 5041 nocte
1137 4986 1313 5040 erant
1332 4984 1448 5041 duo
1472 4984 1531 5041 in
1556 4984 1715 5042 lecto
1727 5002 1877 5043 uno:

201 5091 389 5131 unus
421 5076 778 5141 assumatur,
808 5077 867 5129 et
894 5090 1050 5135 unus
1081 5072 1444 5145 relinquetur
1468 5075 1618 5147 (Luc.
1650 5074 1813 5146 xvn).
1846 5097 1882 5127 »

200 5162 395 5219 Unde
447 5164 508 5218 et
558 5178 863 5235 exponens.
910 5160 1194 5219 Dominus
1245 5160 1727 5233 similitudinem,
1776 5165 1881 5220 ad-

178 5251 452 5325 junxit:

274 5341 382 5396 Sic
414 5339 527 5396 erit
570 5338 639 5396 in
679 5340 1183 5397 consummatione
1230 5339 1449 5397 saeculi.
1490 5341 1746 5398 Exibunt
1773 5360 1879 5401 an-

186 5453 225 5481 α
262 5428 397 5505 geli
429 5433 488 5486 et
517 5428 875 5502 separabunt
912 5428 1101 5486 malos
1128 5430 1200 5486 de
1231 5428 1424 5486 medio
1444 5430 1769 5502 justorum,
1822 5437 1881 5490 et

187 5544 221 5569 ε(
258 5519 517 5576 mittent
545 5534 647 5574 eos
685 5516 742 5572 in
773 5516 1072 5595 caminum
1101 5518 1276 5593 ignis,
1306 5519 1386 5575 ibi
1427 5520 1540 5575 erit
1595 5521 1765 5578 fletus
1821 5527 1880 5579 et

187 5632 221 5659 ‹‹
260 5608 506 5667 stridor
534 5606 821 5664 dentium.
849 5627 881 5655 ιι
913 5606 1031 5664 Hoc
1062 5609 1331 5681 estquod
1348 5607 1633 5667 Dominus
1652 5609 1894 5675 inalibi.

1993 4721 2126 4778 Sive
2151 4720 2358 4779 aliter:
2390 4720 2602 4777 Vetera
2641 4721 2716 4776 ad
2745 4735 3007 4793 mnam,
3034 4734 3183 4776 nova
3228 4716 3523 4789 pertinent
3566 4714 3639 4770 ad

1991 4808 2260 4884 gloriam.
2283 4809 2597 4866 Vetustum
2615 4808 2773 4866 enim
2795 4812 2929 4865 erat;
2940 4807 3165 4865 homini
3187 4808 3318 4878 post
3337 4807 3640 4877 peccatum

1990 4898 2073 4957 ire
2084 4899 2159 4955 ad
2181 4915 2411 4970 pmnam
2422 4896 2534 4967 ,cui
2545 4896 2772 4970 aliquid
2789 4912 3005 4953 norum
3018 4912 3121 4969 per
3137 4890 3643 4965 Redemptorisadt

1987 4990 2226 5044 ventum
2249 4986 2755 5060 contigit,me
2776 4980 3530 5057 beneoperantibusgloria
3553 4984 3645 5036 est

1989 5076 2679 5150 repmmissaﬂumergo
2686 5074 2979 5131 Dominus
2988 5070 3311 5145 discipulos
3324 5069 3641 5135 collaudat,

1987 5167 2210 5227 dicens:
2220 5189 2251 5217 (ι
2264 5165 2469 5222 Omnis
2480 5164 2677 5221 scriba
2689 5164 2895 5221 doctus
2909 5161 2967 5218 in
2982 5156 3617 5234 regnocmlornm,simi

1988 5254 2067 5313 lis
2092 5259 2183 5313 est
2212 5254 2441 5312 homini
2464 5251 3004 5328 patrifamiliasqui
3028 5250 3248 5323 profert
3271 5249 3344 5306 de
3364 5248 3642 5306 thesauro

1987 5360 2095 5402 suo
2126 5362 2277 5401 nova
2302 5348 2360 5401 et
2403 5347 2620 5399 vetera,
2646 5364 2675 5391 η
2706 5340 2977 5398 Ostendit
3028 5340 3193 5396 hunc
3228 5338 3493 5394 ordinem
3537 5337 3642 5393 (1ος

1988 5434 2249 5491 ctoribus
2275 5434 2335 5489 in
2367 5430 2775 5504 praedicatione
2808 5431 3182 5497 servandum,
3204 5432 3271 5486 nt
3299 5432 3495 5485 vetera
3514 5443 3643 5498 pro-

1988 5523 2176 5580 ferant
2205 5523 2276 5578 de
2306 5526 2523 5579 terrore
2554 5519 2848 5593 supplicii,
2880 5523 2941 5576 et
2968 5535 3118 5577 nova
3146 5519 3217 5575 de
3249 5514 3640 5593 promissione

1987 5611 2236 5689 praemii.
2267 5611 2437 5682 Quod
2460 5615 2523 5668 et
2546 5610 2607 5668 in
2638 5609 2824 5681 huius
2847 5608 3126 5669 lectionis
3145 5608 3301 5667 serie
3325 5625 3432 5666 suo
3452 5621 3641 5664 exem-
