4060 6178
381 301 498 363 795

943 292 1351 357 HAYMONIS
1397 286 1932 350 HALBERSTAT.
1979 282 2224 346 EPISC.
2274 285 2444 348 OPP.
2491 287 2691 351 PARS
2737 289 2814 352 II.
2845 320 2923 338 -ι
2953 289 3218 354 liOMlL.

3634 293 3762 358 796'-

384 436 480 510 plo
511 431 797 490 Dominus
827 428 1100 496 ostendit,
1130 444 1262 484 cum
1294 424 1354 482 in
1387 423 1680 497 prioribus
1698 420 2033 477 similitudi-
2059 417 2116 486 Α
2145 425 2298 482 sicut
2328 426 2578 500 legimus
2609 427 2680 484 de
2707 427 3258 497 Nabuchodonosor,
3287 427 3386 502 qui
3411 427 3545 486 dum
3573 429 3739 488 deam-

383 526 561 582 nibus
592 520 854 579 incitavit
874 519 946 575 ad
969 517 1294 592 praemium,
1319 519 1377 570 et
1398 514 1455 569 in
1478 510 1860 585 sequentibus
1882 527 2036 566 com-

385 615 648 671 minatur
663 609 1040 684 supplicium,
1056 607 1392 670 ostendens,
1414 602 1706 660 utdictum
1726 601 2034 667 est,docto-

386 705 550 761 ribus
583 701 720 775 quia
746 699 829 755 sic
859 700 1004 754 bene
1037 694 1416 768 operantibus
1457 692 1670 748 debent
1700 691 2035 762 promittere

385 793 656 866 gloriam,
683 793 746 846 ut
768 807 882 845 non
905 790 1133 843 cessent
1159 782 1534 857 peccantibus
1557 779 1902 836 comminari
1926 797 2037 851 poe-

388 901 544 939 nam.
571 881 732 948 Quod
765 879 937 934 etiam
973 876 1029 930 in
1061 875 1184 948 lege
1218 874 1464 945 figurate
1497 869 1768 936 ostendit,
1803 869 2036 940 quando

388 989 491 1046 per
520 972 751 1040 Moysen
780 966 893 1020 tale
926 967 1281 1037 prmceptum
1331 961 1508 1028 dedit,
1561 960 1800 1015 dicens:
1836 982 1862 1006 «
1911 958 2035 1011 Non

388 1059 636 1134 accipies
657 1059 780 1112 loco
813 1052 1072 1127 pignoris
1095 1051 1456 1123 superiorem
1488 1053 1545 1104 et
1565 1047 1896 1103 inferiorem
1922 1063 2040 1102 mo-

387 1151 526 1215 lam,
551 1147 689 1220 quia
719 1143 991 1217 apposuit
1013 1142 1117 1198 tibi
1141 1141 1398 1197 animam
1426 1157 1592 1196 suam
1617 1144 1799 1209 (Deut.
1817 1138 2037 1208 ,xxrv)»

386 1237 661 1311 Superior
688 1235 844 1290 enim
878 1237 936 1288 et
965 1232 1204 1288 inferior
1237 1229 1391 1285 mola
1420 1247 1554 1301 spes
1586 1232 1643 1283 et
1687 1228 1862 1283 timor
1891 1227 2037 1282 acci-

388 1329 564 1402 pitur.
600 1324 772 1390 Quasi
806 1322 960 1378 enim
996 1341 1028 1376 a
1062 1319 1426 1377 debitoribus
1454 1318 1669 1390 pignus
1695 1316 2038 1391 accipimus.

388 1433 518 1472 eum
551 1414 978 1470 cciifessTonem
1011 1408 1330 1483 peccatoris
1362 1407 1707 1480 accipimus.
1729 1405 1830 1461 Cui
1858 1405 1906 1461 si
1930 1422 2044 1476 poc-

388 1504 592 1562 nitenti
618 1520 782 1576 spem
817 1519 932 1556 non
964 1498 1449 1572 repromittimus,
1474 1495 1704 1552 veniam
1737 1509 2040 1567 negamus,

387 1594 747 1669 superiorem
770 1591 984 1647 molam
1017 1587 1298 1645 tollimus.
1323 1587 1381 1643 Si
1417 1589 1614 1642 autem
1647 1583 1934 1656 peccatori
1955 1599 2042 1639 se-

385 1686 694 1742 curitatem
708 1682 837 1737 dam
849 1698 916 1736 us
930 1677 1258 1734 inferiorem
1277 1673 1810 1732 abstrahimus.Sed
1827 1676 1959 1727 utru
1969 1689 2047 1727 m-

2146 516 2373 573 bularet
2402 517 2677 574 dominus
2706 517 2765 574 in
2799 517 2933 575 aula
2959 517 3120 592 regni
3145 518 3232 573 sui
3265 519 3336 575 in.
3357 518 3646 592 Babylonia
3673 524 3740 576 tuo

2145 621 2312 660 mens
2343 605 2635 678 superbia,
2669 606 3002 679 respondit:
3041 629 3070 658 α
3099 608 3299 664 Nonne
3328 607 3446 663 haec
3475 613 3557 663 est
3586 610 3739 683 Baby-

2144 693 2241 749 lon
2269 694 2389 760 illa,
2414 712 2590 767 quam
2622 712 2726 769 ego
2749 696 3025 752 aedificavi
3052 697 3106 752 in
3142 698 3342 753 robore
3371 701 3426 752 et
3455 697 3508 751 in
3540 699 3742 756 brachio

2149 783 2507 839 fortitudinis
2535 801 2675 841 meae
2694 785 2720 839 ?
2745 808 2771 833 »
2805 790 2968 851 (Dan.
3004 790 3105 853 ιν.)
3137 787 3247 842 Sed
3269 787 3538 843 Dominus
3560 805 3658 843 non
3683 793 3746 844 ta-

2147 871 2280 928 liter
2300 874 2602 946 respondit
2623 875 2776 930 sicut
2792 873 3354 931 Nabuchodonosor:
3371 876 3468 931 sed
3491 879 3749 948 respondit

2149 962 2488 1018 humanitas
2511 963 2955 1032 Divinitati,imo
2976 963 3158 1019 Filius
3179 965 3251 1020 ad
3275 965 3515 1020 Patrem.
3540 966 3749 1023 Videbat

2148 1051 2304 1107 enim
2339 1051 2651 1108 simulacra
2704 1053 3124 1109 daemoniorum
3174 1053 3415 1120 destrui,
3467 1054 3744 1127 principem

2150 1141 2356 1196 mundi
2387 1140 2517 1210 ejici
2553 1141 2726 1207 foras,
2773 1146 2830 1196 et
2859 1160 3035 1198 suum
3069 1159 3380 1198 numerum
3431 1159 3681 1208 crescere,
3707 1147 3750 1198 et

2149 1231 2278 1286 ideo
2305 1229 2615 1286 exsultavit
2639 1235 2695 1287 et
2724 1230 2902 1286 dixit:
2936 1256 2962 1282 «
2997 1231 3304 1288 Confiteor.
3339 1254 3366 1281 ›ο
3399 1231 3597 1287 Tribus
3623 1232 3748 1287 enim

2152 1320 2343 1376 modis
2397 1320 2684 1376 confessio
2733 1320 2966 1376 dicitur.
3018 1323 3122 1377 Est
3151 1321 3436 1377 confessio
3485 1321 3539 1376 in
3567 1322 3682 1391 ﬁde,
3708 1328 3753 1376 et

2153 1409 2440 1465 confessio
2472 1409 2531 1464 in
2565 1409 2838 1481 peccatis,
2883 1414 2969 1466 est
2999 1414 3056 1466 et
3084 1409 3372 1467 confessio
3401 1410 3458 1466 in
3489 1409 3659 1465 laude.
3704 1410 3751 1465 In

2155 1500 2288 1566 fide,
2323 1499 2477 1554 sicut
2507 1499 2815 1555 confitetur
2835 1499 3182 1556 universalis
3207 1499 3459 1556 Ecclesia
3479 1517 3600 1555 cum
3621 1500 3752 1555 dicit:

2155 1612 2182 1637 «
2215 1587 2396 1643 Credo
2442 1588 2500 1642 in
2544 1588 2746 1644 Deum.
2783 1611 2810 1639 η
2847 1590 2944 1644 Est
2973 1589 3263 1645 confessio
3298 1590 3356 1644 in
3409 1588 3658 1662 peccatis,
3701 1588 3757 1643 de

2156 1695 2271 1749 qua
2302 1675 2602 1748 apostolus
2635 1676 2813 1734 dicit:
2846 1701 2872 1727 ‹‹
2903 1678 3271 1734 Confitemini
3307 1677 3630 1734 alterutrum
3659 1692 3759 1748 pec-

386 1790 499 1847 qne
544 1770 974 1828 observandum
1033 1771 1142 1829 est,
1193 1770 1256 1820 ut
1305 1763 1390 1859 sic
1445 1761 1858 1835 paenitentibus
1913 1778 2043 1833 pro-
2073 1794 2122 1859 B
2156 1770 2282 1820 cata
2311 1771 2501 1822 vestra
2533 1767 2666 1839 (Jac.
2700 1771 2775 1837 v).
2814 1789 2839 1816 n
2871 1767 2971 1824 Est
3005 1772 3061 1823 et
3089 1766 3148 1823 in
3193 1766 3391 1834 laude,
3421 1767 3489 1824 de
3517 1782 3623 1838 qua
3648 1765 3758 1820 Pro-

389 1864 698 1918 mittamus
724 1859 975 1922 veniam,
1003 1860 1293 1926 quatenus
1324 1851 1383 1906 in
1409 1854 1643 1924 peccato
1667 1865 2042 1922 perseveran-

387 1951 549 2005 tibus
579 1946 1008 2003 comminemur
1024 1959 1274 2014 pmnain,
1311 1945 1376 1994 ut
1407 1957 1553 2012 quos
1586 1955 1698 1994 non
1730 1942 2043 2011 provocant

392 2039 464 2093 ad
494 2038 643 2092 bene
674 2034 964 2106 agendum
990 2031 1228 2103 praemia
1247 2028 1560 2103 promissa,
1586 2028 1791 2083 saltem
1815 2029 2040 2084 denun-

391 2127 533 2182 tiata
550 2127 805 2180 terreant
820 2121 1124 2195 supplicia.
1141 2122 1228 2177 Tu
1247 2123 1466 2186 autem,
1482 2118 1745 2185 Domine,
1768 2115 2043 2173 miserere

393 2214 603 2273 nostri.

981 2397 1290 2455 HOMILIA
1328 2397 1444 2452 XII.

396 2510 585 2552 SERMO
625 2509 696 2549 DE
732 2505 1111 2547 CONFESSIONE
1137 2504 1270 2543 JESU
1303 2504 1374 2542 AD
1414 2504 1662 2554 PATRBM,
1704 2505 1770 2542 ΕΤ
1811 2504 1880 2542 DE
1915 2503 2042 2542 JUGI

647 2598 782 2638 EJUS
821 2595 1130 2636 SUAV’ITATE
1169 2594 1236 2632 ET
1273 2593 1478 2632 ONERIS
1511 2595 1792 2632 LEVITATE.

471 2754 713 2825 (Mx'rrn.
746 2750 845 2823 x1).
882 2773 908 2798 «
945 2749 1007 2804 In
1038 2747 1134 2804 illo
1171 2750 1450 2820 tempore,
1485 2747 1842 2820 respondens
1873 2747 2046 2803 Jesus

402 2868 428 2893 ‹‹
456 2841 626 2898 dixit:
659 2841 948 2896 Confiteor
977 2837 1104 2904 tibi,
1128 2838 1314 2903 Pater,
1338 2835 1580 2891 Domine
1611 2835 1737 2891 cceli
1772 2841 1830 2891 et
1860 2839 2044 2900 terrea,

401 2956 429 2982 «
451 2930 589 3004 quia
607 2927 961 2985 abscondisti
978 2927 1098 2983 haec
1112 2945 1144 2981 a
1155 2925 1519 2999 sapientibus
1532 2929 1588 2981 et
1601 2925 2006 2997 prudentibus.
2019 2946 2044 2971 ››

403 3021 470 3076 Et
499 3018 812 3090 reliqua.ln
837 3017 1022 3071 fronte
1044 3016 1222 3086 hujus
1245 3013 1509 3070 lectionis
1532 3013 1874 3086 evangelica:
1895 3031 2048 3086 quae-

403 3109 514 3165 stio
539 3107 996 3173 suboritur,cum
1021 3122 1126 3160 nec
1148 3103 1416 3176 superius
1441 3119 1544 3159 nec
1567 3102 1813 3159 inferius
1835 3102 2048 3158 descri-

401 3197 593 3265 batur,
613 3195 764 3266 quod
782 3168 1142 3265 aliquiscum
1164 3168 1879 3264 interrogassetLegimus
1893 3189 2049 3245 enim
2080 3168 2124 3234 (ἶ

403 3287 460 3341 in
495 3283 625 3340 aliis
656 3282 819 3348 locis,
853 3282 1008 3354 quod
1040 3281 1431 3352 interrogatus
1456 3284 1545 3336 est
1575 3297 1608 3334 a
1637 3279 1964 3351 discipulis,
1995 3283 2052 3334 ct

402 3372 724 3447 respondit.
761 3373 1263 3444 Interrogaverunt
1283 3385 1416 3426 eum
1441 3368 1651 3426 Scriba:
1676 3372 1732 3424 et
1752 3368 2049 3444 Pharisaei,

404 3467 459 3520 et
476 3460 794 3535 respondit.
827 3459 929 3515 llic
961 3459 1136 3514 datur
1158 3457 1402 3530 intelligi
1429 3459 1569 3530 quia
1587 3457 1732 3512 nihil
1763 3456 1876 3512 tale
1896 3474 2051 3529 repe-

407 3553 572 3619 ritur,
605 3550 704 3605 sed
762 3548 1171 3604 tantummodo
1225 3546 1492 3602 absolute
1537 3547 1698 3613 dicit,
1752 3546 2056 3618 respondit

405 3638 925 3697 Jesus.Concordia
946 3638 1106 3692 Lucae
1139 3635 1502 3708 evangelistze
1528 3635 1788 3691 facienda
1812 3639 1918 3704 est,
1953 3635 2052 3707 qui

408 3730 517 3785 hoc
567 3727 761 3801 aptius
815 3726 1173 3795 manifestat,
1223 3741 1356 3781 cum
1389 3723 1530 3780 dicit
1575 3727 1726 3792 (Luc.
1759 3724 1843 3795 x):
1880 3747 1906 3777 «
1943 3724 2055 3779 De-

409 3815 659 3892 signavit
680 3815 964 3871 Dominus
985 3818 1043 3869 et
1073 3813 1221 3870 alios
1242 3812 1609 3886 septuaginta
1633 3813 1800 3880 duos,
1819 3818 1876 3868 et
1897 3812 2057 3869 misit

409 3908 541 3963 illos
562 3905 732 3961 binos
755 3907 888 3960 ante
906 3903 1112 3959 faciem
1145 3921 1312 3959 suam
1344 3903 1404 3958 in
1435 3919 1668 3959 omnem
1692 3901 1976 3959 civitatem
2001 3907 2058 3958 et

408 3996 747 4067 locum,quo
769 3996 893 4050 erat
925 3992 1047 4065 ipse
1075 3995 1476 4064 venturus,uct
1497 3991 1654 4047 dedit
1669 3992 1786 4048 eis»
1812 3995 2059 4065 potesta-

410 4090 526 4142 tem
551 4083 810 4141 calcandi
840 4099 1016 4156 super
1035 4085 1336 4155 serpentes
1359 4087 1417 4138 et
1440 4081 1860 4154 scorpiones,et
1881 4098 2061 4153 supra

412 4191 644 4230 omnem
667 4174 940 4229 virtutem
960 4171 1268 4240 inimici,et
1285 4169 1430 4226 nihil
1449 4170 1614 4226 vobis
1637 4170 2060 4238 nocebit,»etut

414 4268 690 4320 sanarent
712 4262 977 4317 inﬁrmos
999 4265 1056 4316 et
1080 4264 1316 4314 caeteras
1341 4258 1585 4315 virtutes
1609 4259 2057 4322 facerent.Quod

414 4353 568 4408 idem
597 4354 782 4407 Lucas
805 4350 862 4404 in
887 4348 1270 4421 sequentibus
1288 4351 1556 4416 testatur,
1591 4364 1726 4402 cum
1757 4348 1926 4403 dicit:
1951 4347 2059 4412 Qui

415 4444 640 4506 euntes,
669 4440 930 4494 fecerunt
960 4437 1112 4492 sicut
1141 4433 1444 4492 constituit
1474 4435 1557 4491 eis
1578 4435 1772 4503 Jesus,
1808 4439 1864 4491 et
1891 4435 2059 4492 facie-

2154 1854 2328 1926 pheta
2358 1854 2534 1910 dicit:
2569 1878 2597 1906 ‹‹
2623 1855 2991 1912 Conﬁtemini
3021 1857 3271 1913 Domino
3295 1855 3561 1928 quoniam
3580 1856 3754 1921 bonus,

2152 1942 2429 2015 quoniam
2462 1942 2520 1998 in
2554 1943 2834 2000 sacculum
2863 1945 3263 2001 misericordia
3287 1946 3414 2016 ejus
3439 1944 3598 2013 (Psal.
3625 1946 3755 2008 cv).»

2153 2033 2264 2088 Sed
2296 2032 2579 2089 Dominus
2616 2050 2720 2088 nec
2752 2033 2812 2088 in
2864 2034 2996 2100 fide,
3032 2051 3137 2091 nec
3185 2034 3248 2090 in
3291 2033 3534 2106 peccatis
3581 2027 3758 2087 dicitur

2154 2121 2437 2188 confiteri,
2471 2123 2570 2178 sed
2602 2124 3008 2180 tantummodo
3042 2125 3100 2178 in
3133 2123 3328 2180 laude.
3361 2122 3460 2179 Vel
3490 2124 3628 2177 certe
3648 2118 3758 2174 diei-

2154 2215 2250 2266 tur
2301 2212 2587 2281 confiteri,
2632 2229 2698 2268 eo
2742 2213 2898 2284 quod
2933 2214 3150 2270 sanctis
3204 2213 3317 2269 hoc
3371 2211 3537 2269 faciat
3585 2210 3754 2265 facere.

2156 2321 2184 2349 ‹‹
2217 2299 2529 2356 Confitetor
2546 2300 2674 2368 tibi,
2703 2302 2965 2358 Domine.
3001 2325 3028 2353 »
3063 2303 3146 2358 Ad
3178 2302 3305 2358 haec
3335 2303 3644 2373 surgentes,
3671 2297 3760 2353 ha:-

2156 2388 2317 2444 retici
2351 2388 2623 2445 dixerunt
2652 2391 2806 2462 quod
2840 2391 3124 2449 Dominus
3167 2393 3340 2448 Jesus
3392 2389 3638 2446 Christus
3665 2402 3758 2442 non

2155 2477 2366 2533 fuisset
2387 2493 2558 2535 verus
2581 2479 2761 2536 Filius
2788 2480 2890 2536 Dei
2913 2496 3016 2553 per
3033 2482 3450 2553 proprietatem
3472 2474 3759 2536 nature.di~

2155 2570 2350 2623 centes
2372 2567 2512 2639 quia
2536 2566 2586 2623 si
2607 2567 2813 2625 fuisset
2827 2569 3008 2626 Filius
3022 2570 3122 2626 Dei
3145 2583 3630 2642 verus,nunquam
3651 2579 3758 2620 eum

2155 2655 2469 2712 Dominum
2493 2655 2862 2729 appellasset,
2891 2676 3005 2714 non
3033 2659 3468 2716 considerantes
3493 2657 3760 2725 illud,quo-

2157 2742 2313 2800 niam
2346 2744 2470 2818 ipse
2501 2762 2605 2818 per
2651 2745 3080 2804 humanitatem
3116 2748 3314 2805 mincr
3343 2754 3430 2804 est
3459 2742 3761 2810 Patre,sicut

2155 2831 2281 2904 ipse
2311 2832 2430 2888 ait:
2487 2857 2514 2884 «
2547 2835 2719 2891 Pater
2775 2836 2963 2908 major
3018 2853 3112 2892 me
3164 2841 3257 2892 est
3287 2839 3461 2903 (Joan.
3493 2835 3616 2902 xlv),
3647 2855 3669 2881 n
3713 2829 3757 2882 in

2155 2920 2458 2978 divinitate
2492 2941 2745 2995 namque
2773 2924 3016 2997 aequalis
3046 2929 3134 2981 est
3161 2924 3336 2993 Patri,
3368 2925 3538 2981 veluti
3560 2924 3668 2998 ipse
3689 2919 3756 2975 di-

2157 3007 2266 3065 cit:
2309 3034 2330 3060 ιι
2368 3011 2482 3084 Ego
2515 3016 2571 3068 et
2601 3013 2768 3069 Pater
2811 3031 2995 3070 unum
3048 3031 3261 3070 sumus
3308 3015 3479 3086 (Ιοαη.
3506 3015 3578 3084 x).
3610 3036 3634 3062 »ι
3676 3017 3756 3068 Se-

2157 3101 2414 3155 cundum
2428 3101 2584 3157 enim
2598 3101 3025 3159 humanitatem
3036 3103 3350 3159 Dominum
3363 3102 3757 3176 appellat.Unde

2163 3192 2218 3244 et
2249 3190 2419 3246 Pater
2437 3192 2509 3246 ad
2553 3207 2686 3246 eum
2711 3209 2812 3264 per
2831 3188 3390 3264 prophetamdicit:
3424 3191 3542 3248 Noli
3570 3191 3756 3256 timere,

2162 3295 2328 3334 serve
2355 3282 2805 3337 meus.Etbeata
2835 3281 3020 3338 Maria
3041 3299 3102 3338 se
3125 3281 3400 3339 ancillam
3425 3281 3570 3338 illius
3598 3277 3757 3352 appel-

2162 3366 2324 3424 latet
2354 3366 2528 3424 dicit:
2563 3391 2591 3420 ‹‹
2651 3371 2793 3426 Ecce
2839 3370 3054 3426 ancilla
3100 3371 3333 3427 Domini
3385 3373 3528 3445 (Luc.
3573 3370 3626 3440 ι).
3659 3393 3680 3419 υ
3708 3395 3760 3406 -—

2165 3480 2192 3508 «
2225 3459 2393 3513 Pater
2421 3458 2547 3514 οωιί
2577 3462 2633 3514 et
2661 3463 2885 3515 terras.»
2911 3461 2981 3515 Et
3012 3465 3165 3516 recte
3188 3477 3326 3518 eum
3351 3463 3570 3518 Patrem
3599 3454 3759 3530 appel-

2164 3545 2266 3610 lat,
2299 3547 2438 3618 quia
2466 3547 2591 3619 ipse
2621 3549 2942 3605 ascendens
2971 3549 3031 3604 in
3048 3549 3280 3620 coelum,
3307 3549 3481 3607 dixit:
3505 3545 3760 3605 «Ascendo

2166 3636 2237 3692 ad
2268 3637 2496 3691 Patrem
2527 3654 2722 3693 meum
2754 3641 2944 3706 (Joan.
2980 3642 3093 3707 xx).
3134 3662 3154 3688 ι
3183 3640 3433 3705 Quidam
3471 3655 3567 3710 per
3591 3637 3761 3708 hyper«

2167 3726 2343 3781 baton
2361 3724 2469 3781 hoc
2507 3724 2710 3782 volunt
2751 3726 3093 3801 inteliigere,
3128 3728 3184 3784 id
3236 3732 3349 3796 est,
3381 3745 3478 3801 per
3507 3731 3759 3782 transcen-

2167 3813 2390 3870 sionem
2421 3815 3381 3883 verborum,dicenies:«Confiteor
3399 3817 3520 3883 tibi,
3555 3816 3710 3870 Pater.
3739 3832 3759 3857 n

2169 3903 2383 3959 Deinde
2398 3903 2860 3961 subinferrentet
2873 3904 3405 3964 dicerentzDomine
3417 3905 3535 3961 cceli
3549 3907 3758 3959 etterraa.

2170 3992 2257 4048 Uu
2291 3993 2364 4049 sit
2386 4009 2596 4050 sensus
2621 3995 2796 4065 :quod
2821 3993 2899 4049 sit
2917 3993 3104 4065 ipsius
3119 3995 3371 4064 Pater,et
3391 3993 3649 4051 Dominus
3661 3987 3761 4045 cceli

2170 4085 2226 4137 et
2255 4086 2440 4138 terra}.
2474 4085 2819 4155 Quanquam
2855 4083 2935 4138 ita
2956 4083 3141 4156 possit
3190 4083 3456 4156 intelligi,
3488 4087 3664 4138 tamen
3692 4091 3761 4133 se-

2171 4171 2434 4227 cundum
2465 4170 2769 4244 praefatum
2803 4188 3045 4228 sensum
3099 4172 3501 4245 accipiendum
3532 4174 3625 4236 est,
3655 4164 3763 4238 Quia

2172 4260 2815 4332 ipsemqualisestPatri
2833 4278 2934 4334 per
2967 4261 3356 4317 divinitatem.
3392 4262 3549 4316 Pater
3573 4254 3697 4322 coali,
3717 4251 3760 4306 id

2172 4352 2279 4416 est,
2315 4348 2693 4422 angelorum:
2742 4354 2906 4405 terra:
2960 4367 3113 4416 vero,
3145 4349 3472 4406 hominum.
3503 4347 3660 4402 Aliter
3683 4358 3762 4397 auo

2172 4440 2290 4492 tem
2323 4437 2490 4493 Pater
2512 4437 2660 4504 coeli,
2695 4437 2753 4494 id
2794 4442 2904 4506 est,
2935 4455 3235 4495 sacrarum
3270 4440 3600 4495 animarum.
3634 4428 3762 4488 Unde

417 4531 558 4584 bant
579 4525 764 4581 multa
790 4522 1153 4592 miracula,et
1174 4523 1325 4580 inter
1339 4527 1545 4580 caetera
1563 4524 1850 4580 daemonia
1870 4523 2061 4596 ejicio-
2093 4542 2142 4607 ι)
2176 4526 2460 4598 scriptum
2475 4531 2566 4583 est
2588 4543 2601 4582 :
2637 4551 2664 4577 ‹‹
2699 4526 2833 4584 Cceli
2855 4531 3130 4585 enarrant
3145 4527 3391 4601 gloriam
3410 4525 3522 4594 Dei,
3552 4527 3602 4580 et
3625 4532 3764 4591 opera

417 4618 580 4672 bant.
616 4613 779 4670 Unde
810 4612 1022 4669 reversi
1051 4630 1186 4668 cum
1217 4612 1430 4686 gaudio
1461 4613 1530 4669 ad
1566 4612 1878 4669 Dominum
1907 4613 2063 4669 dixe-

418 4709 558 4762 runt
584 4723 596 4760 :
630 4729 656 4754 ‹‹
684 4700 945 4767 Domine,
971 4701 1146 4758 etiam
1169 4702 1458 4758 daemonia
1478 4702 1875 4774 subjiciuntur
1895 4703 2063 4759 nobis

421 4797 478 4850 in
514 4793 748 4850 nomine
777 4796 898 4847 tuo.
933 4813 958 4840 ››
991 4792 1059 4847 Et
1089 4789 1302 4847 aitillis
1317 4791 1517 4847 Jesus:
1544 4815 1571 4841 «
1595 4790 1878 4848 Videbam
1902 4794 2064 4849 Sata-

421 4901 556 4939 nam
617 4884 771 4945 sicut
814 4879 1013 4954 fulgur
1071 4881 1142 4937 de
1194 4879 1333 4935 coelo
1383 4881 1707 4936 cadentem.
1758 4880 2066 4936 Verumta-

423 4989 554 5027 men
576 4970 754 5027 nolite
778 4970 836 5026 in
859 4970 970 5026 hoc
991 4970 1244 5043 gaudere
1266 4967 1406 5041 quia
1426 4968 1667 5041 spiritus
1687 4968 1852 5024 vobis
1882 4969 2066 5041 subji-

424 5059 686 5126 ciuntur;
713 5060 959 5132 gaudete
984 5063 1177 5116 autem
1203 5057 1358 5130 quod
1384 5059 1620 5114 nomina
1643 5062 1835 5114 vestra
1855 5057 2072 5130 scripta

427 5149 563 5201 sunt
583 5146 642 5200 in
671 5146 827 5201 cmlis
864 5147 1075 5219 (102711.).
1104 5170 1132 5197 δ)
1159 5149 1297 5202 Indc
1329 5146 1617 5203 subinfert
1647 5150 1703 5202 et
1732 5146 1872 5201 dicit
1897 5164 1908 5201 :
1944 5170 1971 5196 «
2008 5148 2068 5201 In

429 5235 557 5307 ipsa
583 5233 726 5289 hora
766 5234 1074 5290 exsultavit
1108 5235 1280 5291 Jesus
1323 5235 1538 5305 Spiritu
1571 5239 1793 5304 sancto,
1828 5239 1886 5290 et
1932 5234 2072 5291 dicit

428 5321 622 5390 (Ιὺίιί.)
639 5338 651 5375 :
671 5340 696 5372 η
723 5352 789 5360 -
815 5344 840 5368 ‹‹
864 5322 1155 5377 Conﬁteor
1175 5322 1298 5390 tibi,
1324 5324 1586 5380 Domine.
1617 5347 1642 5372 ››
1666 5324 1784 5379 Hoc
1806 5327 1894 5379 est
1914 5325 2071 5396 quod

429 5411 569 5467 dicit
592 5411 792 5466 Jesus:
821 5410 1123 5465 sciendum
1147 5415 1234 5466 est
1263 5412 1417 5466 enim
1441 5412 1579 5485 quia
1603 5412 1662 5466 in
1697 5431 1812 5468 uno
1833 5412 2074 5469 homine

431 5502 546 5557 duo
573 5501 842 5556 homines
878 5503 1033 5566 sunt,
1077 5499 1318 5554 interior
1347 5506 1403 5555 et
1432 5501 1697 5558 exterior.
1730 5501 1887 5558 Solet
1917 5504 2073 5559 enim

429 5591 673 5650 interior
711 5587 979 5647 exteriori
1030 5589 1400 5661 respondere,
1433 5596 1489 5646 et
1518 5590 1764 5648 exterior
1792 5591 2073 5662 interiori,

2177 4632 2461 4671 manuum
2494 4616 2669 4685 (Ρδαι.
2726 4615 2908 4688 xvm),
2951 4639 2979 4666 ››
3027 4620 3168 4684 etc.;
3235 4621 3399 4672 terra:
3447 4630 3571 4670 vero
3610 4603 3761 4665 homi-

2175 4721 2339 4771 num,
2361 4703 2459 4776 qui
2491 4705 2683 4762 adhuc
2711 4705 2772 4762 in
2800 4705 3048 4762 terrenis
3079 4709 3219 4762 sunt
3248 4696 3761 4779 implicati,necdum

2176 4795 2426 4865 possunt
2446 4791 2829 4866 contemplari
2877 4791 3133 4849 cmlestia
3162 4808 3264 4864 per
3312 4793 3538 4850 oculum
3569 4781 3760 4844 mentis,

2177 4898 2282 4937 nec
2309 4880 2502 4938 valent
2545 4881 2735 4938 dicere
2784 4898 2918 4938 cum
2975 4880 3288 4954 Apostolo:
3326 4903 3353 4932 «
3385 4881 3580 4936 Nostra
3603 4876 3762 4930 autem

2178 4970 2539 5027 conversatio
2563 4971 2622 5026 in
2654 4970 2813 5026 cmlis
2853 4975 2943 5027 est
2971 4971 3137 5043 (Phil.
3173 4970 3278 5042 in).
3317 4992 3344 5020 »
3375 4970 3442 5026 Et
3469 4969 3607 5023 recte
3633 4962 3766 5016 Pater

2180 5059 2307 5115 cmli
2339 5063 2397 5116 et
2417 5063 2583 5116 terrae
2599 5058 2946 5132 appellatur,
2972 5060 3109 5132 quia
3137 5059 3262 5133 ipse
3283 5061 3487 5116 cuncta
3507 5049 3692 5111 creavit
3713 5059 3765 5133 ex

2181 5147 2363 5204 nihilo
2385 5147 2638 5203 visibilia
2654 5152 2710 5203 et
2733 5132 3232 5216 invisibilia,sicut
3261 5148 3534 5221 scriptum
3567 5143 3643 5197 est
3663 5132 3763 5192 :«ln

2182 5234 2466 5308 principio
2494 5235 2708 5293 creavit
2735 5237 2888 5293 Deus
2920 5235 3128 5292 coelum
3177 5241 3232 5292 et
3262 5242 3472 5292 terram
3501 5224 3715 5316 (Gen-(ll
3740 5241 3764 5316 ξ’

2182 5327 2252 5382 Et
2278 5325 2415 5381 alibi
2443 5343 2455 5381 :
2490 5347 2517 5375 ‹‹
2541 5325 2648 5390 Qui
2679 5331 2876 5383 manet
2906 5325 2966 5381 in
2994 5323 3509 5392 reternum,creavit
3524 5315 3696 5378 omnia
3712 5315 3769 5363 si-

2185 5413 2307 5470 mul
2343 5416 2713 5486 (Ecclz'.xvm).
2738 5414 2937 5471 nUnde
2967 5420 3026 5470 et
3055 5432 3161 5472 nos
3191 5413 3444 5488 quotidie
3471 5411 3528 5466 in
3551 5403 3766 5464 oratione

2186 5503 2440 5560 dicimus
2459 5504 2685 5560 :«Patcr
2714 5507 2912 5559 noster
2942 5504 3089 5576 (Luc.
3124 5504 3221 5575 xi).
3242 5526 3268 5553 ››
3299 5502 3502 5575 Etipse
3529 5491 3648 5553 alibi
3676 5490 3767 5580 siti

2190 5615 2216 5642 «
2243 5592 2410 5650 Unus
2420 5595 2509 5648 est
2523 5591 2682 5649 enim
2697 5591 2862 5649 Pater
2881 5596 3073 5650 vester
3105 5591 3316 5664 (Matth.
3330 5588 3538 5660 mul.»
3561 5613 3617 5625 —
3634 5601 3658 5629 α
3683 5577 3768 5641 011i
