3980 6174
234 322 328 383 801

1442 306 1797 369 HOMILI'IE
1837 306 1937 367 DE
1983 305 2334 373 SANCTIS.

3472 310 3593 372 802

233 468 363 513 mus.
391 447 474 507 Ait
494 444 685 503 enim:
720 464 749 493 «
782 441 951 503 Pater
980 441 1178 499 noster
1220 439 1321 515 qui
1369 455 1430 496 es
1478 439 1538 495 in
1587 438 1770 495 caelis.
1805 460 1834 488 »
1863 438 1919 509 Α
1951 437 2059 495 ibis
2090 438 2238 509 (Gen.
2278 441 2382 513 In).
2411 461 2439 489 ››
2468 441 2537 497 Et
2566 440 2675 496 hoc
2696 440 2973 514 petimus,
2994 446 3057 497 ut
3081 440 3233 499 sicut
3252 443 3441 519 angeli
3463 444 3594 521 ejus

233 540 322 599 Ubi
348 531 814 594 considerandum
842 529 1100 605 est,quia
1120 546 1250 585 cum
1276 527 1528 602 singulis
1544 527 1695 584 hanc
1713 545 1838 584 ora-

228 629 415 687 tionem
430 621 731 680 dicandam
765 618 987 689 docuit,
1018 636 1133 675 non
1165 617 1440 686 dicimus,
1470 617 1642 673 Pater
1667 633 1836 672 meus

225 712 580 792 singulariter,
605 709 707 766 sed
723 732 749 758 «
766 709 935 765 Pater
946 712 1145 771 noster
1162 730 1189 759 υ
1194 706 1520 782 pluraliter,
1540 710 1605 762 ut
1620 706 1839 763 intelli-

221 802 555 883 gamushanc
568 796 980 871 paternitatem
1010 815 1130 853 non
1142 796 1216 855 ad
1232 800 1502 852 naturam
1528 794 1836 869 pertinere,

222 893 311 957 sed
334 892 405 952 ad
426 886 818 962 gratiamlioc
831 886 989 943 enim
1016 885 1157 942 dicit
1187 884 1639 959 imperator,hoc
1661 886 1837 942 etiam

222 979 389 1052 miles,
418 977 522 1035 hoc
550 974 846 1044 dominus,
881 974 990 1033 hoc
1050 991 1273 1039 servus,
1322 972 1432 1029 hoc
1491 973 1670 1041 dives,
1726 973 1840 1028 hoc

224 1084 435 1142 pauper.
478 1063 689 1123 Omnes
738 1061 1038 1136 aequaliter
1103 1061 1327 1134 dicunt,
1388 1060 1556 1121 Pater
1622 1066 1838 1131 noster,

226 1180 251 1210 α
279 1156 401 1230 quia
430 1169 533 1210 non
563 1155 656 1211 est
693 1167 1076 1225 personarum
1125 1153 1392 1224 acceptor
1437 1150 1614 1222 Deus,
1646 1150 1747 1207 sed
1782 1150 1840 1205 in

224 1245 361 1305 omni
387 1246 552 1318 gente
584 1241 683 1313 qui
716 1244 992 1314 Operatur
1012 1238 1330 1312 justitiam,
1350 1242 1622 1312 acceptus
1648 1243 1737 1295 est
1755 1238 1842 1295 illi

224 1336 341 1407 (Act.
369 1332 440 1403 χ).
475 1353 503 1381 ι)
533 1328 642 1386 Ubi
695 1345 890 1385 revera
944 1344 1159 1402 magna
1196 1326 1456 1402 dignatio
1504 1327 1844 1389 hominibus

221 1423 389 1488 datur,
423 1424 485 1481 ut
512 1418 827 1476 Dominum
858 1422 914 1473 et
943 1420 1269 1472 Creatorem
1285 1433 1462 1473 suum
1497 1420 1720 1489 patrem
1740 1434 1843 1472 au-

220 1510 375 1569 deant
403 1505 709 1583 appellare.
729 1505 879 1571 Sive,
903 1508 1056 1561 certe
1069 1521 1200 1561 eum
1217 1504 1609 1561 communiter
1619 1508 1842 1577 patrem

219 1596 580 1654 invocandum
613 1611 741 1651 esse
763 1592 1338 1666 docuit,spirilaliter
1358 1610 1465 1649 nos
1495 1592 1702 1650 fratres
1718 1610 1847 1651 esse
1876 1603 1889 1614 '

219 1687 404 1744 debere
432 1685 713 1753 insinuat,
752 1685 922 1756 juxta
969 1681 1113 1737 illud
1165 1682 1319 1756 quod
1380 1683 1503 1756 ipse
1558 1682 1695 1739 alibi
1723 1683 1842 1738 ait:

220 1794 241 1822 ι
268 1775 467 1833 Omnes
482 1773 643 1830 enim
665 1788 767 1828 vos
808 1772 1018 1828 fratres
1057 1771 1198 1829 estis
1227 1771 1432 1845 (Matth.
1462 1770 1647 1844 xxxii).
1677 1795 1707 1822 ››
1739 1771 1845 1840 Qui

216 1864 352 1921 enim
373 1878 549 1921 unum
571 1862 845 1921 invocant
864 1866 1110 1935 patrem,
1137 1859 1475 1919 unanimem
1499 1862 1713 1919 debent
1742 1861 1845 1918 ha-

215 1953 334 2011 bere
361 1945 1295 2018 fraternitatem,secundumillud
1313 1950 1467 2023 quod
1486 1965 1589 2025 per
1608 1949 1848 2006 Psalmi-

215 2047 354 2099 stam
386 2039 601 2099 dicitur
627 2058 647 2096 :
678 2063 705 2091 ‹‹
738 2039 883 2095 Ecce
906 2055 1082 2114 quam
1113 2038 1335 2097 bonum
1366 2042 1423 2093 et
1451 2055 1628 2112 quam
1634 2039 1851 2110 jucun-

214 2130 337 2186 dum
356 2128 629 2186 habitare
660 2129 867 2184 fratres
900 2127 960 2183 in
992 2143 1177 2182 unum
1210 2127 1383 2195 (Psal.
1409 2132 1678 2196 cxxxn).»
1700 2127 1848 2184 Cum

210 2235 328 2275 vero
354 2218 505 2275 Deus
526 2218 750 2292 ubique
781 2215 859 2273 sit
887 2221 1067 2284 totus,
1101 2216 1320 2288 ubique
1349 2216 1851 2289 praesens.specia-

211 2306 329 2365 liter
355 2307 410 2362 in
442 2306 606 2364 cmlis
624 2323 753 2363 esse
770 2304 1108 2374 dicitur,ubi
1140 2303 1483 2378 angelorum
1515 2305 1850 2378 agminibus

209 2395 414 2459 vicinus
441 2399 778 2471 apparet,et
808 2392 1127 2451 sublimius
1158 2392 1659 2450 collaudaturzubi
1684 2393 1853 2451 nobis

208 2484 402 2554 innuit,
443 2485 586 2559 quia
609 2483 710 2557 qui
740 2483 968 2539 Patrem
1022 2499 1131 2539 nos
1179 2482 1392 2538 habere
1442 2482 1765 2556 gloriamur
1794 2484 1851 2539 in

206 2574 540 2646 cmlis,juste
570 2573 860 2631 debemus
889 2571 1079 2628 vivere
1111 2572 1169 2626 in
1201 2571 1469 2639 terris,ut
1501 2572 1853 2645 quandoque

206 2663 673 2735 terrenopulvere
699 2661 877 2728 exuti,
903 2654 1216 2716 ascendere
1232 2676 1566 2716 mereamur
1581 2661 1638 2715 in
1657 2659 1852 2729 caelos,

207 2748 296 2806 ubi
326 2750 550 2807 Patrem
585 2748 849 2823 quotidie
878 2749 1241 2805 invocamus.
1276 2749 1438 2815 Quod
1481 2765 1615 2805 vero
1647 2749 1853 2805 subdi-

205 2842 322 2895 tur:
357 2864 382 2890 α
409 2839 825 2897 Sanctiﬁcetur
844 2854 1055 2894 nomen
1072 2840 1263 2903 tuum,
1300 2843 1487 2893 neum~
1512 2854 1724 2893 nomen
1754 2836 1856 2894 Dei

210 2928 260 2984 in
285 2945 345 2985 se
358 2945 595 3002 semper
625 2931 896 2984 sanctum
928 2926 1023 2993 sit,
1055 2924 1116 2981 in
1149 2924 1317 2981 nobis
1347 2925 1856 3000 sanctificaripeti-

208 3017 668 3083 mus,utscilicet
688 3032 796 3072 nos
826 3016 887 3070 in
912 3015 1131 3087 quibus
1148 3030 1360 3071 nomen
1382 3015 1512 3086 ejus
1524 3015 1859 3071 invocatum

1942 527 2301 584 voluntatem
2334 528 2557 585 faciunt
2586 529 2642 584 in
2672 528 2837 599 cmlo,
2871 529 2950 585 ita
2999 533 3055 586 et
3086 548 3191 587 nos
3221 531 3504 589 faciamus
3531 532 3593 599 in

1944 615 2134 675 terris.
2157 617 2286 673 Sive
2309 616 2478 674 aliter
2499 616 2625 675 cmli
2656 617 2914 685 nomine,
2931 619 3127 690 justos
3154 619 3493 693 accipimus,
3523 623 3596 678 de

1946 704 2161 779 quibus
2193 706 2476 779 scriptum
2509 712 2596 762 est
2629 723 2644 762 :
2679 730 2707 757 ‹‹
2739 706 2878 762 Coeli
2920 712 3195 764 enarrant
3220 707 3469 783 gloriam
3502 708 3599 766 Dei

1943 796 2126 865 (Psal.
2160 796 2319 868 xvm)
2354 813 2366 852 :
2405 820 2427 846 ι
2461 800 2627 854 terrae
2678 796 2934 863 nomine,
2962 802 3320 870 peccatores.
3352 797 3423 853 Et
3464 815 3597 862 cum

1948 884 2201 949 dicimus
2231 902 2243 940 :
2278 907 2305 935 «
2340 884 2465 940 Fiat
2514 883 2785 940 voluntas
2832 889 2935 941 tua
2981 884 3132 941 sicut
3173 884 3233 943 in
3277 886 3419 943 cmlo
3450 891 3509 943 et
3539 887 3599 943 in

1948 978 2167 1043 terra,»
2188 973 2298 1029 hoc
2312 973 2660 1047 petimus,ut
2677 973 2830 1029 sicut
2837 973 2985 1045 justi
3009 974 3138 1044 ejus
3160 973 3383 1033 faciunt
3402 975 3604 1033 volun-

1948 1066 2148 1130 tatem,
2179 1062 2261 1118 ita
2309 1062 2381 1118 ad
2412 1062 2540 1139 ejus
2569 1062 2925 1119 voluntatem
2970 1064 3331 1137 sequendam
3363 1080 3601 1122 conver-

1948 1154 2149 1207 tantur
2177 1151 2353 1207 etiam
2386 1150 2843 1227 peccatores.Vel
2871 1154 3043 1218 certe,
3078 1151 3203 1208 cceli
3238 1153 3473 1213 nomine
3502 1154 3604 1210 Eo-

1950 1239 2209 1307 closiam,
2230 1243 2395 1296 terrae
2416 1257 2548 1295 vero
2572 1239 2904 1296 incredulos
2926 1245 2981 1295 et
3001 1255 3260 1314 paganos
3282 1257 3603 1317 possumus

1950 1327 2304 1402 accipere.Et
2323 1345 2457 1385 cum
2478 1327 2730 1385 dicimus
2752 1346 2763 1384 :
2785 1352 2813 1378 «
2837 1327 2963 1384 Fiat
2980 1328 3250 1385 voluntas
3268 1334 3390 1401 tua,
3416 1352 3443 1379 »
3465 1337 3600 1399 ctc.,

1942 1416 2057 1472 hoc
2084 1418 2364 1489 petimus,
2399 1420 2465 1472 ut
2495 1417 2670 1474 etiam
2721 1416 3004 1473 increduli
3038 1423 3093 1474 et
3124 1419 3333 1493 pagani
3365 1436 3601 1478 conver-

1951 1510 2152 1561 tantur
2182 1506 2254 1561 ad
2286 1506 2488 1563 ﬁdem.

2024 1617 2051 1645 ‹‹
2087 1592 2299 1650 Panem
2331 1599 2598 1650 nostrum
2633 1593 3044 1668 quotidianum
3075 1594 3150 1650 da
3169 1594 3338 1651 nobis
3358 1595 3551 1652 hodie.
3572 1617 3601 1645 ››

1952 1682 2126 1738 Panis
2157 1683 2538 1757 quotidianus
2570 1684 2640 1739 ad
2690 1682 2902 1739 victum
2938 1682 3192 1755 pertinet
3219 1686 3278 1739 et
3304 1684 3602 1751 vestitum,

1955 1773 2170 1845 quibus
2186 1773 2511 1829 secundum
2523 1771 3133 1844 Apostolumcontenti
3151 1789 3278 1829 esse
3298 1773 3604 1841 debemus,

1952 1861 2016 1917 in
2050 1861 2267 1933 quibus
2286 1861 2479 1917 verbis
2504 1864 2824 1934 spontanee
2844 1864 3157 1937 paupertas
3176 1862 3610 1936 poscitur.Qw

1959 1950 2115 2005 niam
2149 1949 2301 2007 sicut
2329 1948 2614 2006 Dominus
2646 1947 2726 2005 ait
2759 1965 2772 2004 :
2810 1972 2838 2000 ‹‹
2869 1949 3027 2005 Beati
3058 1965 3345 2025 pauperes
3373 1951 3607 2024 spiritu,

1957 2038 2236 2111 quoniam
2269 2038 2531 2112 ipsorum
2558 2042 2647 2094 est
2678 2053 2924 2112 regnum
2946 2037 3226 2097 caelorum
3251 2038 3458 2111 (Matth.
3482 2040 3557 2113 ν),
3582 2062 3611 2090 ››

1958 2127 2064 2194 Qui
2097 2127 2253 2182 enim
2284 2143 2495 2199 panem
2527 2126 2936 2199 quotidianum
2958 2126 3125 2200 petit,
3146 2127 3612 2200 superﬂuitatem

1959 2214 2294 2271 divitiarum
2328 2233 2440 2271 non
2475 2214 2699 2288 quaerit.
2730 2238 2756 2263 ‹‹
2782 2214 2963 2273 Hodie
2998 2239 3018 2264 ι
3054 2232 3187 2271 vero
3218 2232 3352 2272 cum
3378 2216 3611 2285 dicitur,

1961 2319 2134 2359 omne
2167 2308 2398 2376 tempus
2427 2304 2555 2359 vita:
2586 2303 2891 2375 praesentis
2912 2302 3226 2377 signiﬁcat.
3246 2305 3352 2368 Qui
3375 2322 3511 2378 ergo
3533 2305 3616 2361 di-

1961 2396 2101 2448 cunt
2126 2410 2138 2446 :
2166 2415 2193 2443 ‹‹
2226 2392 2439 2447 Panem
2474 2395 2741 2448 nostrum
2771 2392 3179 2465 quotidianum
3211 2393 3287 2449 da
3310 2394 3480 2450 nobis
3510 2393 3615 2451 bo-

1962 2481 2077 2553 die,
2110 2503 2138 2531 »
2162 2480 2457 2557 jubentur
2480 2480 2550 2537 de
2581 2480 2835 2536 crastino
2866 2497 2980 2536 non
3011 2481 3266 2553 cogitare
3289 2498 3303 2536 :
3325 2482 3411 2540 vel
3439 2488 3613 2548 certe,

1963 2570 2103 2642 quia
2125 2569 2294 2639 juxta
2324 2568 2555 2625 Domini
2586 2585 2805 2635 vocem,
2840 2590 2868 2618 ‹‹
2911 2586 3025 2625 non
3061 2570 3118 2624 in
3152 2569 3274 2625 solo
3304 2587 3454 2642 pane
3481 2571 3619 2628 vivit

1964 2658 2161 2725 homo,
2194 2658 2294 2712 sed
2322 2656 2380 2715 in
2413 2657 2572 2712 omni
2601 2657 2775 2712 verbo
2807 2656 2960 2728 quod
2991 2657 3251 2729 procedit
3282 2658 3355 2713 ab
3385 2675 3485 2714 ore
3514 2658 3615 2715 Dei

1965 2746 2117 2818 (Luc.
2152 2744 2247 2819 1v).
2272 2768 2299 2795 ››
2325 2746 2469 2801 Cum
2493 2745 2648 2801 enim
2675 2744 2947 2811 dicimus,
2967 2760 3175 2816 panem
3201 2746 3617 2815 nostrum,hoc

1966 2851 2229 2903 oramus,
2260 2837 2325 2889 ut
2353 2833 2560 2891 anima:
2591 2833 2787 2890 cibum
2820 2832 3143 2905 spiritalem
3174 2833 3412 2903 tribuat,
3436 2835 3494 2890 id
3530 2839 3621 2891 est

1965 2924 2208 2979 verbum
2240 2922 2362 2979 Dei.
2394 2924 2463 2978 Et
2503 2922 2656 2978 sicut
2685 2921 2945 2995 quotidie
2977 2922 3271 2978 morituras
3301 2916 3463 2979 carni
3491 2939 3617 2980 car-

1969 3011 2100 3068 nale
2129 3011 2335 3068 tribuit
2365 3009 2834 3079 alimentum,sic
2864 3010 3071 3069 anima:
3097 3011 3225 3067 sine
3255 3012 3369 3069 fine
3396 3011 3621 3070 victum

206 3110 305 3176 est,
330 3111 532 3164 sancte
561 3109 625 3162 et
665 3106 826 3178 juste
884 3103 1171 3160 vivamus.
1205 3103 1369 3159 Unde
1412 3102 1861 3177 diligentissime
1900 3173 1932 3178 ᾧ
1968 3102 2192 3158 tribuat
2220 3100 2441 3158 esurire
2469 3101 2712 3158 verbum
2743 3100 2844 3156 Dei
2880 3118 2893 3156 :
2927 3100 3065 3172 quia
3094 3123 3123 3151 «
3154 3100 3328 3168 beati,
3363 3124 3390 3152 ››
3422 3106 3488 3158 ut
3514 3102 3622 3158 Do-

207 3173 538 3266 cavendum,
575 3173 747 3251 nead
764 3209 876 3250 nos
912 3192 1016 3249 illa
1037 3192 1328 3253 sententia
1347 3173 1623 3253 terribilis
1643 3193 1858 3268 diriga-
1889 3173 1934 3242 C
1972 3191 2171 3249 minus
2202 3190 2305 3256 ait,
2339 3212 2367 3240 «
2400 3188 2501 3261 qui
2531 3187 2799 3246 esuriunt
2822 3192 2881 3245 et
2910 3187 3118 3249 sitiunt
3135 3188 3456 3259 justitiam,
3482 3191 3622 3262 quia

206 3286 308 3353 tur,
341 3301 456 3357 qua
487 3284 750 3342 dicitur:
787 3306 814 3333 (ι
846 3282 963 3340 Vos
1003 3280 1299 3355 polluistis
1347 3298 1559 3337 nomen
1590 3287 1858 3340 sanctum

204 3388 387 3429 meum
419 3374 645 3447 (Ezech.
669 3371 883 3445 xxxvu),
906 3370 1043 3427 nsed
1066 3370 1261 3444 potius
1282 3369 1427 3426 tales
1448 3370 1657 3440 simus,
1691 3376 1755 3427 ut
1785 3374 1857 3429 ad

203 3476 300 3518 nos
326 3462 629 3536 pertineat
658 3461 743 3518 vel
774 3461 835 3517 in
867 3459 1370 3537 nobisimpleatnr
1389 3462 1543 3535 quod
1579 3461 1702 3537 ipse
1721 3461 1859 3519 alibi

202 3548 357 3606 dicit:
392 3576 420 3603 ‹‹
445 3552 656 3610 Sancti
674 3553 883 3620 estote,
917 3549 1059 3625 quia
1085 3566 1190 3623 ego
1222 3553 1461 3606 sanctus
1493 3566 1626 3606 sum
1662 3551 1859 3607 Domi-

200 3655 304 3698 nus
332 3643 487 3698 Deus
516 3645 720 3698 vester
748 3639 939 3713 (Levii.
972 3642 1076 3710 χι).
1106 3660 1134 3692 ›ι

268 3752 288 3778 ι
318 3730 615 3787 Adveniat
649 3744 895 3802 regnum
927 3731 1119 3785 tuum.
1152 3726 1584 3801 ullegnumDei
1607 3726 1859 3784 illudhjc

201 3823 622 3877 commemorat
643 3816 1155 3892 specialiter,quod
1172 3819 1483 3873 venturum
1496 3821 1584 3872 est
1600 3832 1705 3890 per
1729 3815 1857 3872 uni-

197 3906 406 3964 versale
422 3905 864 3981 judicium,ubi
888 3905 1218 3983 regnabunt
1242 3906 1428 3962 sancti
1444 3922 1587 3961 .cum
1604 3905 1858 3963 Domino

198 3992 250 4047 in
277 3994 483 4068 gloria,
509 3996 618 4070 qui
654 4013 768 4051 non
800 3993 1151 4068 permittunt
1179 3994 1353 4051 modo
1395 4010 1638 4066 regnare
1668 3993 1727 4049 in
1750 4011 1857 4050 suo

195 4084 413 4141 mortali
448 4100 702 4161 corpore
724 4082 1207 4159 peccata.Quales
1232 4087 1399 4139 erant
1427 4081 1695 4156 apostoli,
1727 4081 1855 4155 qui-

194 4167 296 4225 bus
324 4189 357 4229 a
380 4172 649 4229 Domino
679 4172 902 4228 dictum
925 4175 1051 4228 est:
1088 4195 1115 4222 «
1140 4170 1256 4228 Vos
1287 4172 1430 4227 estis
1462 4170 1561 4245 qui
1590 4187 1859 4244 perman-

192 4258 342 4317 sistis
376 4279 626 4319 mecum
660 4261 718 4316 in
750 4261 1176 4317 tentationibus
1193 4258 1362 4329 meis,
1383 4263 1440 4316 et
1471 4275 1577 4334 ego
1609 4260 1856 4333 dispono

191 4348 366 4418 vobis,
401 4351 567 4408 sicut
598 4348 896 4423 disposuit
924 4348 1070 4404 mihi
1095 4349 1265 4405 Pater
1292 4365 1460 4404 meus
1491 4364 1759 4423 regnum.
1782 4353 1860 4423 aut

190 4436 436 4495 sedeatis
463 4455 658 4513 super
686 4437 927 4494 thronos
960 4436 1624 4513 duodecimJudicantes
1646 4437 1860 4495 duode-

192 4523 296 4613 cim
328 4526 527 4584 tribus
562 4524 749 4583 Israel
781 4530 935 4598 (Luc.
990 4526 1153 4599 χχιι).
1192 4548 1220 4575 ››
1276 4526 1393 4582 Hoc
1423 4543 1559 4600 ergo
1587 4544 1857 4601 regnum,
1890 4548 1938 4613 D

188 4612 431 4674 velimus
466 4616 762 4685 nolimus,
789 4618 1103 4675 venturum
1134 4619 1256 4672 est:
1290 4618 1485 4672 tamen
1536 4615 1585 4671 si
1607 4616 1680 4672 ad
1711 4615 1856 4673 illud

190 4719 290 4759 nos
318 4706 633 4785 pertinere
689 4703 1063 4772 conﬁdimus,
1099 4704 1237 4761 totis
1292 4702 1538 4777 viribus,
1574 4709 1637 4762 ut
1662 4705 1858 4762 veniat

187 4796 380 4864 optare
413 4793 739 4851 debemus.
789 4792 932 4849 Cum
983 4809 1117 4849 vero
1168 4791 1622 4866 subjungimus:
1658 4817 1686 4845 «
1737 4794 1861 4850 Fiat

186 4879 459 4940 voluntas
490 4886 626 4943 tua.
648 4882 1100 4956 nilognoscimus
1129 4882 1269 4957 quia
1300 4899 1416 4938 non
1448 4883 1665 4939 nostris
1694 4883 1861 4941 volu-

181 4969 449 5041 ptatibus
461 4971 1010 5045 obtemperare,sed
1022 4970 1380 5031 voluntatem
1393 4970 1496 5028 Dei
1510 4970 1569 5027 in
1583 4972 1861 5030 omnibus

185 5058 473 5118 debemus
486 5077 778 5135 quaerere,
807 5065 876 5117 ut
890 5061 1064 5134 juxta
1080 5059 1543 5117 admonitionem
1572 5060 1856 5135 Apostoli,

181 5148 505 5220 probantes
538 5166 673 5223 qua:
699 5149 779 5207 sit
800 5148 1069 5207 voluntas
1115 5149 1218 5206 Dei
1265 5150 1442 5218 bona,
1473 5153 1530 5206 et
1561 5149 1709 5208 bene
1734 5150 1858 5224 pla-

182 5253 317 5297 cens
346 5243 407 5295 et
432 5238 850 5312 perfecta,hoc
869 5238 1222 5312 impleamus
1244 5238 1302 5294 in
1325 5240 1677 5313 opere,quod
1700 5238 1861 5303 illius

181 5326 467 5385 voluntati
488 5326 737 5402 placere
760 5328 934 5384 fuerit
974 5329 1443 5402 comprobatum.
1472 5329 1634 5394 Quod
1662 5333 1857 5385 autem

180 5415 439 5473 dicimus
467 5434 522 5475 ;‹‹
562 5416 730 5473 Sicut
758 5415 817 5471 in
851 5416 993 5473 cmlo
1024 5420 1081 5473 et
1109 5418 1170 5472 in
1204 5421 1376 5483 terra,
1405 5439 1432 5466 »
1464 5416 1593 5473 coeli
1622 5417 1861 5475 nomine

178 5505 529 5580 angelicam
576 5508 906 5563 creaturam
963 5522 1282 5580 possumus
1325 5505 1618 5581 accipere:
1669 5511 1857 5575 terra,

175 5592 540 5665 humanam,
580 5593 676 5651 cui
707 5594 930 5654 dictum
951 5597 1067 5655 est:
1101 5618 1129 5649 ‹‹
1156 5596 1334 5655 Terra
1360 5611 1442 5667 es,
1475 5593 1615 5652 etin
1642 5598 1859 5656 terram

1968 3279 2079 3352 ipsi
2140 3278 2565 3335 saturabuntur
2613 3276 2819 3346 (Matth.
2853 3280 2930 3347 v).
2985 3298 3013 3327 »
3056 3276 3185 3333 Sive
3232 3277 3443 3334 aliter:
3476 3278 3620 3335 Cum

1965 3369 2218 3427 dicimus
2249 3391 2278 3419 «
2312 3383 2523 3440 panem
2556 3360 2826 3424 nostrain
2871 3366 3283 3439 quotidianum
3331 3369 3409 3424 da
3449 3368 3622 3425 nobis

1967 3458 2206 3527 hodie,»
2228 3473 2546 3530 possumus
2578 3457 2649 3513 de
2681 3456 3050 3528 perceptione
3080 3456 3444 3513 eucharistias
3476 3456 3621 3513 acci-

1966 3564 2123 3621 pere,
2157 3548 2228 3603 de
2258 3546 2592 3619 acceptione
2630 3545 2889 3616 corporis
2936 3547 2993 3600 et
3023 3545 3331 3618 sanguinis
3362 3545 3619 3602 Domini.

1966 3637 2037 3692 Et
2066 3637 2173 3694 hoc
2202 3652 2459 3703 oramus,
2488 3639 2554 3690 ut
2583 3634 2723 3706 quia
2751 3634 2877 3690 sine
2907 3638 3144 3707 peccato
3175 3650 3304 3691 esse
3335 3651 3451 3691 non
3484 3652 3621 3709 pos-
3656 3673 3662 3678 ς

1967 3726 2302 3794 sumus,.sic
2334 3722 2503 3781 nobis
2534 3723 2712 3779 vitam
2743 3727 3089 3796 praesentem
3122 3722 3342 3780 tribuat
3372 3724 3498 3782 sine
3518 3725 3625 3781 cri-

1967 3816 2128 3871 mine
2160 3813 2429 3883 transire,
2464 3817 2528 3869 ut
2557 3812 2630 3868 ab
2680 3811 3050 3869 eucharistize
3090 3813 3475 3887 perceptione
3494 3830 3622 3869 non

1966 3920 2329 3976 separemur.

2038 4016 2066 4044 ι(
2098 3992 2168 4046 Et
2196 3992 2425 4047 dimitte
2456 3990 2625 4048 nobis
2656 3990 2853 4047 debita
2874 3994 3091 4047 nostra.
3121 4013 3152 4042 »
3175 3989 3336 4057 Quod
3360 3989 3621 4046 debitum

1964 4080 2025 4137 in
2053 4079 2371 4152 Scripturis
2399 4080 2471 4135 ad
2515 4082 2822 4152 peccatum
2872 4078 3181 4150 pertineat,
3216 4077 3316 4134 illa
3343 4078 3622 4152 parabola

1965 4167 2260 4243 Evangelii
2293 4168 2536 4233 indicat,
2570 4166 2670 4224 ubi
2703 4183 2907 4223 servus
2939 4166 3038 4240 qui
3070 4167 3271 4222 decem
3315 4165 3501 4222 millia
3532 4171 3620 4222 ta-

1964 4257 2123 4315 lenta
2152 4256 2418 4328 debebat,
2439 4257 2510 4312 ad
2535 4272 2712 4312 unam
2736 4254 3076 4328 petitionem
3102 4253 3436 4329 impetravit
3457 4253 3621 4315 abso-

1964 4347 2268 4405 lutionem.
2289 4345 2434 4403 Cum
2454 4362 2592 4420 ergo
2614 4343 2901 4400 dicimus:
2929 4364 2951 4392 ι
2976 4342 3211 4400 Dimitte
3233 4342 3621 4399 nobisdebita

1966 4439 2188 4505 nostra,
2217 4458 2247 4485 ››
2272 4435 2387 4491 hoc
2418 4450 2746 4506 precamur,
2780 4437 2846 4489 ut
2891 4431 3150 4491 dimittat
3178 4430 3347 4489 nobis
3385 4435 3623 4505 peccata

1968 4529 2197 4594 nostra;
2230 4523 2385 4597 quod
2420 4522 2544 4579 sine
2574 4521 2752 4578 dubio
2785 4539 2899 4585 non
2930 4520 3251 4596 negabit,si
3284 4537 3389 4577 nos
3420 4521 3621 4577 feceri-

1969 4632 2103 4671 mus
2135 4613 2289 4686 quod
2321 4611 2629 4669 subditur:
2662 4633 2690 4661 ‹‹
2725 4610 2886 4667 Sicut
2914 4614 2973 4667 et
3001 4627 3110 4666 nos
3144 4609 3498 4666 dimittimus
3526 4609 3621 4664 de-

1967 4726 1996 4755 ‹‹
2030 4701 2318 4759 bitoribus
2341 4700 2577 4757 nostris.
2601 4721 2627 4749 ››
2650 4698 2937 4772 Regulam
2960 4696 3115 4754 enim
3140 4696 3473 4754 dimittendi
3491 4713 3622 4770 pec-

1969 4796 2097 4851 cata
2124 4795 2325 4848 nostra
2342 4790 2405 4845 in
2429 4788 2748 4862 nobisipsis
2768 4788 3077 4857 habemus,
3094 4790 3158 4844 ut
3178 4785 3331 4842 sicut
3350 4784 3620 4842 volumus

1969 4885 2169 4939 nostra
2196 4897 2231 4936 a
2261 4880 2378 4935 Deo
2409 4877 2626 4935 dimitti
2652 4878 2821 4935 nobis
2849 4880 3107 4952 peccata,
3140 4875 3223 4932 sic
3254 4873 3622 4930 dimittamus

1969 4975 2028 5027 et
2075 4968 2356 5043 proximis
2403 4983 2767 5041 quaecunque
2814 4966 2876 5020 in
2929 4964 3098 5022 nobis
3142 4962 3521 5037 peccaverint.
3555 4961 3624 5019 Et

1969 5060 2123 5117 sicut
2150 5057 2423 5115 volumus
2458 5059 2595 5130 post
2641 5058 2945 5128 peccatum
2992 5052 3314 5127 benignum
3362 5050 3623 5108 invenire

1969 5148 2177 5216 Deum,
2196 5146 2279 5204 sic
2310 5162 2418 5202 nos
2448 5144 2542 5200 his
2573 5143 2673 5217 qui
2697 5142 2757 5199 in
2781 5142 2951 5199 nobis
2970 5140 3356 5215 peccaverint,
3375 5138 3625 5197 clemen-

1968 5243 2057 5299 tes
2088 5237 2276 5294 simus
2306 5238 2363 5291 et
2399 5232 2659 5308 benigni,
2708 5235 2945 5307 propter
2971 5229 3118 5286 illud
3150 5230 3303 5302 quod
3337 5227 3622 5288 Dominus

1969 5327 2053 5384 ait
2087 5345 2099 5382 :
2136 5348 2165 5375 ‹‹
2198 5325 2345 5380 Cum
2377 5320 2609 5385 stabitis
2638 5320 2708 5376 ad
2740 5319 3051 5385 orandum,
3085 5316 3363 5374 dimittite
3402 5317 3450 5373 si
3481 5317 3622 5391 quid

1969 5415 2199 5472 habetis
2228 5413 2508 5469 adversus
2538 5409 2818 5482 aliquem,
2841 5412 2908 5464 ut
2934 5413 2994 5464 et
3021 5406 3191 5465 Pater
3217 5410 3410 5464 vester
3440 5406 3540 5483 qui
3562 5406 3621 5460 in

1969 5504 2129 5563 ccalis
2156 5498 2529 5574 est,dimittat
2557 5498 2723 5556 vobis
2753 5502 2993 5572 peccata
3020 5500 3215 5554 vestra
3243 5494 3426 5566 (Marc.
3458 5494 3560 5568 χι).
3589 5514 3619 5545 ››

1969 5594 2077 5655 Ubi
2110 5597 2165 5651 et
2197 5588 2468 5650 discretio
2490 5588 2820 5647 necessaria
2840 5591 2948 5659 est,
2973 5590 3038 5645 ut
3059 5585 3460 5646 discernamus
3482 5580 3621 5658 quia
