3980 6174
422 356 552 416 ’903

993 350 1404 415 HAYMONIS
1449 350 1992 414 HALBEltSTA’l‘.
2040 345 2282 411 EPiSG.
2329 351 2502 412 OPP.
2549 348 2747 413 PARS
2792 349 2870 415 ΙΙ.
2900 385 2979 397 -
3007 348 3272 418 Hom.

3651 352 3742 419 801

436 488 549 545 alia
580 492 719 543 sunt
749 490 986 560 peccata
1014 504 1142 559 qua:
1175 486 1233 542 in
1262 485 1429 542 nobis
1452 487 1658 541 fratres
1680 484 2078 552 committunt,
2108 483 2164 551 Α
2197 500 2324 540 meo
2357 485 2664 557 sanguine,
2697 484 2797 557 qui
2831 502 2933 558 pro
2949 484 3107 542 vobis
3128 489 3183 542 et
3210 501 3311 558 pro
3338 484 3521 541 multis
3547 488 3747 544 ell'unde—

433 582 491 634 et
512 577 625 633 alia
653 594 782 649 qua:
814 577 872 631 in
907 578 1086 632 Deum
1112 593 1125 631 :
1152 580 1217 631 ut
1247 575 1469 631 scilicet
1497 592 1630 630 cum
1663 575 1721 630 in
1755 573 1924 630 nobis
1953 589 2081 645 pec-

432 667 711 733 caverint,
734 664 899 720 facile
928 664 1297 720 dimittamus
1322 681 1334 717 :
1360 681 1494 719 cum
1515 680 1649 719 vero
1671 663 1730 718 in
1760 667 2083 730 Deum,non

432 754 559 811 sine
589 754 968 827 castigatione
1013 752 1101 808 vel
1151 750 1530 825 correptione,
1564 752 1652 808 vel
1684 752 1733 807 si
1768 750 2084 808 necessitas

330 890 337 895 .
432 842 627 910 fuerit,
662 841 1074 898 districtiorem
1101 840 1487 896 adhibeamus
1517 840 1910 913 disciplinam.
1944 840 2083 895 Per-

428 946 595 987 verso
624 929 778 986 enim
810 929 1017 985 itinere
1046 929 1333 1002 graditur,
1365 929 1466 1002 qui
1504 929 1563 985 in
1594 945 1657 985 se
1705 928 2081 1002 peccantibus

430 1017 771 1084 vindictam,
806 1021 863 1072 et
893 1017 986 1072 his
1017 1017 1119 1089 qui
1153 1017 1212 1072 in
1239 1021 1451 1073 ‘Deum
1501 1021 1763 1090 peccant,
1809 1016 2083 1072 exhibent

432 1106 795 1179 patientiam.
826 1105 1156 1161 Notandum
1209 1109 1404 1161 autem
1438 1106 1580 1179 quia
1610 1123 1725 1161 non
1757 1104 1947 1161 solum
1980 1121 2083 1177 per

429 1195 811 1268 baptismum,
836 1194 936 1250 sed
967 1194 1141 1249 etiam
1176 1199 1308 1267 post
1335 1193 1698 1266 baptismum
1727 1193 1859 1250 aliis
1891 1193 2081 1249 modis

429 1283 488 1338 in
519 1281 770 1339 Ecclesia
800 1282 1069 1339 remissio
1110 1283 1391 1339 tribuitur
1419 1289 1811 1355 peccatorum.
1846 1284 2079 1354 Septem

428 1371 583 1427 enim
643 1371 836 1427 modis
884 1370 1153 1427 remissio
1205 1376 1577 1444 peccatorum
1626 1372 1751 1427 dari
1803 1371 2077 1427 creditur.

429 1461 621 1516 Primo
644 1476 746 1533 per
764 1460 1151 1532 baptismum,
1167 1460 1318 1516 sicut
1341 1460 1624 1517 Dominus
1646 1460 1725 1516 ait
1745 1478 1758 1516 :
1779 1483 1805 1509 «
1831 1460 1939 1526 Qui
1963 1476 2082 1515 cre-

429 1549 643 1605 diderit
659 1553 718 1605 et
738 1549 1068 1621 baptizatus
1094 1549 1286 1617 fuerit,
1312 1548 1507 1605 salvus
1526 1549 1635 1605 erit
1667 1550 1853 1619 (Marc.
1878 1549 2014 1621 xvi).
2054 1572 2075 1598 ι

426 1638 692 1694 Secundo
739 1656 842 1711 per
887 1637 1311 1710 pusuitentiam,
1346 1638 1417 1693 de
1465 1653 1582 1709 qua
1626 1638 1911 1694 Dominus
1942 1637 2081 1694 alibi

364 1785 375 1789 _
428 1728 548 1785 ait:
580 1751 606 1777 «
643 1727 1050 1783 Pmnitentiam
1082 1727 1257 1799 agite,
1287 1725 1782 1799 appropinquabit
1810 1726 1967 1782 enim
2000 1743 2083 1781 re-

414 1824 612 1890 gnum
665 1815 941 1915 cmlerum
992 1815 1205 1888 (Matth.
1233 1821 1353 1915 μγ),
1391 1838 1438 1915 υ.
1462 1820 1572 1872 etc.
1623 1814 1818 1915 Tertio
1868 1815 1932 1871 fit
1978 1832 2081 1888 per
2112 1850 2159 1915 B

428 1904 1066 1977 elcemosynam,juxta
1094 1904 1250 1976 quod
1280 1903 1560 1959 Dominus
1590 1902 1727 1958 alibi
1758 1903 1840 1959 ait
1859 1920 1871 1958 :
1893 1925 1920 1953 ‹‹
1943 1908 2081 1960 Date

429 1992 879 2066 eleemosynam,
931 1997 988 2047 et
1036 2008 1167 2047 ecce
1213 1992 1411 2047 omnia
1458 1992 1683 2048 munda
1728 1997 1869 2048 sunt
1913 1992 2080 2049 vobis

428 2084 581 2150 (Luc.
614 2082 714 2152 xu).
753 2104 778 2130 ››
811 2082 1026 2145 Quarto
1056 2081 1123 2136 fit
1165 2097 1267 2154 per
1316 2080 1741 2153 indulgentiam
1787 2082 2078 2153 proximo-

430 2188 583 2239 rum,
603 2171 674 2225 dc
698 2187 815 2243 qua
835 2168 1119 2226 Dominus
1142 2169 1316 2225 dicit:
1344 2193 1370 2219 «
1395 2170 1450 2224 Si
1476 2169 1820 2226 dimiseritis
1836 2169 2083 2225 homini-

410 2260 542 2315 ‘bus
572 2263 808 2332 peccata
855 2275 1078 2325 eorum,
1112 2263 1169 2313 ct
1198 2258 1365 2314 Pater
1394 2263 1583 2315 vester
1609 2258 1860 2315 caelestis
1891 2257 2077 2327 (Marc.

430 2348 531 2419 χι),
567 2369 593 2397 ››
626 2353 735 2403 etc.
770 2346 985 2412 Quinto
1017 2364 1119 2419 per
1143 2346 1566 2419 correptionem
1589 2364 1733 2402 vera:
1755 2346 2079 2418 charitatis,

428 2438 499 2493 de
529 2454 645 2508 qua
674 2454 777 2510 per
804 2436 1086 2493 Jacobum
1119 2434 1449 2507 apostolum
1481 2436 1729 2491 dicitur:
1759 2458 1785 2486 «
1809 2436 1915 2503 Qui
1938 2453 2081 2492 con-

427 2525 571 2582 verti
604 2524 802 2582 fecerit
832 2528 1191 2598 peccatorem
1224 2525 1294 2579 ab
1327 2540 1520 2580 errore
1547 2524 1650 2578 viae
1676 2524 2081 2592 sum,salvabit

428 2613 687 2670 animam
718 2615 845 2685 ejus
875 2631 908 2669 a
940 2618 1125 2671 morte
1174 2615 1305 2682 (Jac.
1341 2613 1415 2686 v),
1455 2637 1475 2662 ι
1513 2618 1621 2669 etc.
1675 2614 1844 2669 Sexto
1885 2614 1950 2668 fit
1980 2630 2083 2686 per

427 2703 888 2776 assumptionem
922 2702 1183 2775 corporis
1211 2706 1269 2758 et
1304 2700 1613 2774 sanguinis
1641 2701 1892 2769 Domini,
1927 2702 2082 2757 sicut

426 2788 730 2860 Dominus,
747 2809 880 2847 cum
901 2792 1165 2863 ejusdem
1187 2795 1619 2847 sacramentum
1642 2790 1946 2863 discipulis
1970 2796 2082 2846 tra-

426 2881 609 2950 deret,
644 2881 721 2935 ait
756 2898 769 2935 :
809 2905 828 2929 ιι
867 2879 969 2935 Hic
995 2878 1145 2935 calix
1174 2880 1397 2935 Novum
1430 2880 1871 2937 Testamentum
1899 2883 1989 2936 est
2020 2880 2079 2934 in

2195 576 2294 627 tur
2324 574 2381 628 in
2415 573 2822 630 remissionem
2844 573 3360 646 peccatorumleec
3382 574 3532 630 facite
3548 577 3750 648 quoties-

2191 677 2424 734 cunque
2450 662 2785 729 l'eceritis,in
2809 679 3002 718 meam
3034 664 3339 732 (Lucam),
3375 686 3394 712 ι
3428 667 3525 719 etc.
3544 665 3751 735 Septimo

2188 766 2323 806 vero
2354 752 2419 806 fit
2450 768 2552 823 per
2579 751 2884 825 sanguinis
2915 752 3251 807 effusionem
3282 752 3337 806 in
3362 751 3753 824 martyrio,sicut

2191 839 2382 913 angeli
2414 856 2551 895 voce
2582 839 2641 895 in
2665 838 3010 914 Apocalypsi
3067 839 3309 895 dicitur:
3344 863 3370 891 «
3398 840 3491 895 Isti
3542 844 3656 895 sunt
3676 842 3752 912 qui

2187 931 2474 984 venerunt
2502 946 2570 984 ex
2601 945 2816 1003 magna
2847 927 3243 993 tribulatione,
3271 932 3325 983 et
3357 927 3593 984 laverunt
3614 929 3753 986 stolas

2190 1034 2329 1073 suas
2360 1017 2420 1072 in
2465 1017 2751 1090 sanguine
2801 1016 2949 1092 Agni
2999 1018 3177 1090 (Apoc.
3217 1017 3370 1088 χχιι).
3402 1039 3428 1067 »
3472 1018 3528 1071 In
3555 1020 3751 1089 eoquod

2189 1107 2491 1163 subditur:
2527 1108 2631 1162 «Et
2661 1124 2732 1162 ne
2758 1124 2865 1163 nos
2893 1106 3139 1162 inducas
3171 1107 3227 1161 in
3258 1106 3753 1172 tentationem,»hoc

2188 1195 2463 1267 petimus,
2497 1211 2568 1250 ne
2601 1212 2706 1250 nos
2735 1194 3033 1267 permittat
3069 1194 3321 1251 incidere
3348 1194 3403 1250 in
3426 1193 3751 1251 tentationem.

2189 1283 2535 1350 Quasienim
2570 1288 2722 1339 Deus
2754 1300 2861 1340 nos
2883 1284 2943 1338 in
2985 1283 3356 1339 tentationem
3388 1283 3629 1339 inducere
3646 1283 3753 1337 dici-

2189 1372 2550 1444 tur,quando
2578 1389 2613 1428 a
2641 1372 2963 1428 tentatione
2992 1388 3109 1428 non
3143 1371 3365 1439 liberat,
3388 1371 3527 1427 sicut
3563 1373 3622 1427 de
3648 1371 3756 1427 Phao

2191 1477 2367 1516 raone
2398 1461 2622 1516 dictum
2653 1466 2741 1517 est
2766 1478 2779 1517 :
2814 1452 2863 1512 ‹‹’
2895 1460 3347 1534 Εεοκὶηάυτδῦσ
3391 1476 3483 1515 cor
3508 1459 3757 1515 Pharaonis

2188 1548 2381 1618 (Exod.
2418 1549 2517 1621 IV),
2553 1571 2581 1599 ››
2613 1566 2748 1605 cum
2781 1548 2929 1606 nihil
2979 1548 3139 1604 aliud
3163 1549 3242 1605 sit
3264 1554 3372 1604 Deo
3391 1548 3649 1616 indurare,
3675 1549 3759 1603 nisi

2178 1653 2223 1711 ‘a
2254 1637 2473 1693 duritia
2515 1654 2630 1692 non
2682 1637 2952 1694 liberare.
2986 1637 3349 1710 Quapropter
3399 1637 3759 1692 considerantes

2190 1725 2567 1799 fragilitatem
2594 1731 2852 1782 nostram
2869 1726 3062 1782 cordis
3084 1726 3321 1781 vocibus
3342 1723 3759 1797 supplicemus,ne

2190 1832 2296 1869 nos
2326 1815 2566 1870 inducat
2595 1813 3072 1883 intentationem,
3094 1815 3219 1880 sed,
3235 1815 3400 1886 juxta
3413 1812 3637 1886 Apostoli
3663 1829 3759 1867 sen-

2192 1904 2455 1973 tentiam,
2491 1904 2664 1959 faciat
2692 1921 2825 1966 cum
2859 1904 3180 1960 tentatione
3209 1903 3379 1960 etiam
3405 1904 3761 1975 proventum,ut

2191 1994 2489 2067 possimus
2519 1994 2808 2049 sustinere
2826 1995 2874 2058 (1
2892 1993 3013 2049 Cor.
3036 1996 3114 2061 κ).
3152 1993 3314 2059 Quod
3344 2008 3469 2050 vero
3495 1991 3758 2055 subdimus,

2193 2106 2219 2133 ‹‹
2237 2082 2348 2137 Sed
2369 2081 2549 2137 libera
2564 2098 2670 2137 nos
2692 2099 2726 2137 a
2738 2081 3042 2149 malo,»vel
3056 2080 3480 2154 generaliterab
3500 2078 3759 2151 omniquod

2192 2171 2416 2226 malum
2448 2176 2557 2233 est,
2588 2187 2695 2226 nos
2725 2169 2958 2226 liberari
2995 2171 3276 2243 petimus,
3308 2171 3392 2226 vel
3445 2168 3718 2243 specialiter
3738 2184 3763 2221 a

2190 2259 2551 2332 diabolo,qui
2587 2264 2676 2315 est
2705 2259 2971 2315 inventor
3000 2259 3271 2315 omnium
3303 2258 3761 2329 malorum.Dequo

2190 2347 2332 2404 alibi
2362 2347 2646 2404 Dominus
2676 2347 2757 2403 ait
2778 2346 3039 2403 :«Omnis
3069 2348 3174 2420 qui
3206 2347 3367 2404 audit
3387 2347 3604 2403 verbum
3624 2343 3760 2418 regni.

2189 2442 2247 2493 et
2276 2453 2392 2493 non
2424 2436 2882 2509 intelligit,venit
2912 2435 3103 2492 malus
3120 2443 3181 2493 et
3211 2438 3365 2510 rapit
3394 2436 3579 2504 (Matth.
3607 2434 3717 2505 xm).
3742 2454 3761 2477 ιι

2187 2526 2274 2580 Ab
2295 2524 2474 2597 hujus
2489 2541 2624 2597 ergo
2638 2524 2860 2580 malitia
2877 2541 3258 2598 nequaquam
3278 2520 3762 2599 possimusliberari,

2190 2614 2304 2670 nisi
2338 2631 2439 2687 per
2463 2615 2589 2684 ejus
2645 2613 3026 2685 adjutorium,
3056 2615 3159 2687 qui
3200 2615 3319 2670 ait:
3358 2638 3378 2663 α
3408 2614 3570 2668 Nemo
3602 2612 3760 2668 bonus.

2190 2702 2301 2759 nisi
2336 2702 2497 2758 solus
2530 2706 2678 2758 Deus
2711 2703 2896 2771 (Marc.
2931 2704 3009 2773 x),
3045 2724 3072 2752 ››
3114 2704 3219 2775 qui
3274 2707 3361 2759 est
3408 2701 3698 2758 benedictus
3720 2696 3761 2753 in

2188 2792 2403 2851 saecula
2426 2791 2795 2847 saeculorum.
2822 2793 3027 2846 Amen.

998 3195 1518 3286 HOMILIXE
1556 3197 1669 3285 IN
1712 3195 2239 3310 ALIQUOT
2278 3198 2889 3285 EPIS'l’OLAS
2934 3199 3273 3287 PAULI

947 3506 1250 3563 IIOMlLlA
1290 3507 1533 3563 PRIMA.

616 3628 885 3668 DOMINICA
924 3629 1135 3668 DECIMA
1178 3629 1329 3667 NONA
1368 3629 1506 3667 POST
1540 3630 1877 3668 TRINITATIS.

493 3768 725 3837 (Epnss.
758 3770 857 3841 IV.)
888 3793 913 3818 ‹‹
954 3769 1219 3824 Fratres:
1257 3769 1634 3825 Renovamini
1669 3769 1876 3843 spiritu
1910 3788 2071 3827 men-

427 3879 455 3907 ‹‹
485 3856 562 3911 tis
593 3862 815 3923 vestrm,
834 3861 891 3912 et
921 3857 1145 3912 induite
1178 3872 1388 3913 novum
1414 3858 1845 3933 hominem,qui
1869 3878 2073 3916 secun-

424 3967 451 3994 ‹‹
485 3944 626 4000 dum
660 3943 842 4000 Deum
873 3948 1104 4000 creatus
1133 3951 1241 4016 est,
1293 3947 1351 4001 in
1393 3946 1629 4017 justitia
1659 3953 1715 4004 et
1766 3949 2074 4006 sanctitate

423 4056 451 4083 ‹‹
484 4033 765 4089 veritatis.
803 4057 831 4083 ››
863 4033 992 4090 llam
1022 4035 1197 4090 verba
1244 4035 1503 4107 Apostoli
1556 4054 1625 4093 ex
1673 4038 2073 4111 superioribus

420 4122 694 4196 pendent.
727 4122 817 4179 Sic
848 4138 1106 4196 namque
1131 4123 1393 4196 loquitur
1421 4125 1689 4198 Ephesiis
1722 4142 1736 4183 :

496 4231 519 4260 ι
556 4211 832 4284 Deponite
865 4229 967 4267 vos
997 4212 1321 4268 secundum
1345 4213 1651 4285 pristinam
1685 4216 2072 4273 conversatio-

421 4324 449 4350 ‹‹
468 4317 604 4358 nem
621 4306 870 4357 veterem
891 4300 1318 4374 hominem,qui
1337 4304 1733 4375 corrumpitur
1748 4307 2072 4362 secundum

420 4412 449 4440 «
483 4388 771 4445 desideria
802 4389 1034 4446 erroris.
1070 4413 1096 4438 ››
1127 4393 1206 4445 Ac
1236 4391 1445 4446 deinde
1475 4393 1673 4448 subdit
1707 4410 1717 4449 :
1754 4417 1781 4444 ‹‹
1816 4395 2073 4451 Renova-

422 4478 566 4533 mini
614 4483 808 4533 autem
844 4479 1054 4550 spiritu
1090 4479 1303 4535 mentis
1334 4485 1556 4537 vestras.
1595 4504 1622 4531 ››
1654 4481 1907 4539 Pristina
1937 4501 2075 4540 con-

418 4563 691 4633 versatio,
720 4569 810 4620 est
838 4569 1205 4636 pcccatorem
1245 4565 1304 4620 in
1336 4567 1589 4639 peccatis
1620 4586 1877 4639 manere,
1909 4575 2075 4628 vetus

421 4658 618 4710 autem
652 4652 848 4721 homo,
868 4652 1078 4709 veteris
1107 4655 1467 4711 conversatio
1494 4656 1749 4714 hominis
1770 4659 2077 4726 Adze.Qui-

421 4758 655 4815 cunque
684 4743 841 4798 enim
880 4743 933 4797 in
969 4748 1199 4815 peccato
1222 4749 1437 4810 manet,
1462 4747 1960 4803 conversationem
1982 4766 2072 4804 ve-

421 4832 564 4887 teris
594 4831 850 4887 hominis
900 4832 1094 4897 habet,
1143 4831 1241 4903 qui
1276 4832 1471 4899 homo,
1508 4833 1566 4888 id
1596 4839 1686 4890 est
1714 4837 2075 4893 conversatio

422 4917 544 4987 illa,
564 4920 963 4993 corrdmpitur
992 4922 1049 4975 et
1070 4920 1419 4992 depravatur
1440 4923 1765 4978 secundum
1792 4924 2081 4982 desideria

424 5022 686 5063 errorum
717 5014 774 5063 et
802 5008 1096 5064 vitiorum.
1124 5032 1151 5059 ‹‹
1184 5009 1585 5077 Renovamini,
1611 5034 1639 5061 ››
1664 5011 1876 5085 inquit,
1902 5038 1930 5063 ‹‹
1958 5014 2078 5087 spi-

425 5091 539 5147 ritu
574 5096 788 5152 mentis
816 5102 1040 5153 vestrae.
1062 5120 1081 5148 ι
1110 5098 1393 5171 Spiritum
1421 5102 1478 5153 et
1509 5104 1899 5173 mentempro
1925 5102 2077 5159 bono

426 5179 708 5237 debemus
739 5183 1019 5256 accipere,
1042 5186 1365 5241 secundum
1401 5186 1632 5243 beatum
1656 5190 2075 5261 Augustinum,

425 5267 489 5322 Id
517 5271 625 5337 est,
662 5285 764 5339 pro
796 5270 1245 5330 rationabilitate
1275 5274 1510 5330 mentis.
1545 5274 1680 5330 Duae
1712 5280 1906 5332 autem
1939 5283 2081 5334 sunt

426 5356 849 5412 renovationes.
883 5358 1008 5414 Una
1041 5366 1129 5416 est
1170 5363 1491 5419 subitanea'
1530 5380 1595 5419 ac
1644 5371 2075 5435 momentanea,

427 5461 554 5518 quas
586 5443 651 5499 fit
684 5445 740 5500 in
772 5444 1146 5520 baptismate,
1169 5451 1226 5505 in
1256 5468 1373 5523 qua
1404 5468 1755 5510 renovamur
1782 5455 1853 5511 ab
1884 5457 2079 5512 omni-

423 5537 539 5592 bus
573 5533 825 5608 peccatis
855 5535 1239 5609 originalibus
1261 5544 1317 5595 et
1345 5539 1694 5599 actualihus.
1726 5543 1921 5601 Altera
1950 5563 2077 5619 quae

422 5624 492 5689 αι
513 5641 620 5704 per
637 5624 895 5702 spatium
919 5626 1221 5705 temporis,
1238 5634 1294 5686 et
1312 5644 1418 5706 per
1440 5629 1846 5694 assiduitatem
1879 5634 2076 5695 lectio-

2100 3510 2143 3578 C

2109 4880 2156 4946 D

2182 3506 2358 3576 nis,et
2381 3524 2483 3581 per
2504 3508 2896 3581 operationem
2920 3508 3209 3566 honorum
3233 3507 3560 3583 operum,de
3584 3521 3678 3578 qua
3692 3499 3759 3556 hic

2182 3596 2343 3653 dicit.
2376 3597 2526 3653 Dum
2557 3597 2713 3654 enim
2744 3614 2813 3653 ea
2859 3598 3093 3653 animus
3142 3599 3410 3670 quotidie
3446 3615 3540 3670 per
3556 3591 3762 3650 stu-dium

2183 3684 2449 3742 lectionis
2481 3687 2551 3742 de
2591 3686 2706 3742 Deo
2753 3686 3043 3760 intelligit,
3078 3705 3205 3759 qua:
3243 3693 3378 3744 ante
3420 3683 3699 3759 ignorabat,
3723 3680 3763 3732 εί

2183 3775 2324 3829 dum
2356 3775 2585 3847 proficit
2598 3776 2853 3848 quotidie
2868 3776 2937 3832 de
2948 3776 3163 3832 virtute
3180 3775 3245 3832 in
3263 3777 3544 3843 virtutem,
3561 3766 3761 3844 quotidie

2183 3862 2513 3919 innovatur.
2549 3862 2687 3919 Tale
2708 3868 2797 3919 est
2813 3880 2950 3937 ergo
2989 3881 3055 3919 ac
3088 3864 3137 3920 si
3195 3865 3452 3921 diceret:
3484 3862 3619 3919 Estis
3644 3870 3761 3913 reno-

2181 3952 2296 4007 vati
2329 3952 2388 4007 in
2421 3952 3435 4025 baptismate,quotidierenovamini
3458 3945 3760 4025 perstudium

2182 4040 2543 4108 lectionis,ea
2573 4041 2642 4097 de
2673 4042 2788 4096 Deo
2819 4040 3223 4115 intelligendo,
3248 4060 3378 4115 qua:
3410 4045 3532 4097 ante
3559 4033 3765 4093 noslate-

2183 4129 2408 4198 bant,et
2437 4130 2750 4186 crescendo
2780 4130 2851 4185 de
2899 4130 3113 4186 virtute
3162 4131 3221 4186 in
3265 4131 3549 4187 virtutem.
3580 4150 3604 4176 ››
3634 4123 3681 4180 Ei
3706 4122 3767 4175 in-

2184 4218 2365 4286 duite,
2402 4241 2429 4267 »
2462 4218 2671 4291 inquit,
2708 4240 2736 4268 ‹‹
2792 4235 3006 4275 novum
3058 4219 3383 4289 hominem,
3420 4242 3447 4268 »
3476 4217 3528 4273 id
3556 4210 3763 4282 est,novi

2183 4305 2441 4362 hominis
2453 4306 3068 4375 conversationem,vel
3083 4307 3579 4379 ipsumDominum
3590 4304 3763 4359 Jesum.

2183 4394 2502 4451 Videamus
2524 4396 2817 4468 quomodo
2832 4396 2906 4451 sit
2919 4397 3042 4470 ipse
3055 4414 3241 4453 novus
3255 4396 3450 4461 homo,
3472 4400 3526 4451 et
3537 4387 3765 4466 quomodo

2186 4484 2514 4540 secundum
2543 4488 2723 4540 Deum
2746 4488 2977 4541 creatus
2993 4490 3101 4540 est.
3126 4484 3453 4558 Conceptus
3475 4481 3617 4539 estin
3644 4483 3764 4533 utero

2185 4570 2456 4645 virginali
2492 4588 2662 4645 opere
2691 4572 2877 4629 sancti
2911 4573 3185 4646 Spiritus,
3220 4591 3290 4629 ex
3321 4572 3533 4630 semine
3560 4563 3763 4624 mulieris

2186 4660 2313 4716 sine
2331 4661 2553 4717 semine
2574 4661 2683 4716 viri
2703 4661 2832 4731 ;hoc
2852 4678 3067 4720 novum
3091 4662 3217 4718 fuit.
3254 4655 3764 4725 Fecitmiraculaquc

2185 4764 2357 4805 nemo
2387 4748 2539 4805 alius
2561 4750 2713 4818 fecit,
2746 4754 3125 4807 conversatus
3155 4752 3385 4809 estsine
3399 4744 3668 4823 peccatoin
3685 4741 3763 4795 hoc

2186 4836 2409 4893 mundo
2429 4855 2598 4894 verus
2625 4844 2775 4894 Deus
2790 4844 2848 4894 et
2869 4855 3040 4895 verus
3061 4839 3257 4908 homo,
3282 4836 3581 4896 resurrexit
3605 4850 3634 4889 a
3654 4843 3766 4885 mor-

2188 4926 2328 4993 tuis,
2360 4931 2417 4981 et
2447 4926 2567 4983 haec
2597 4944 2745 4983 nova
2768 4927 2967 4984 omnia
3007 4929 3243 4985 fuerunt
3284 4932 3343 4986 et
3370 4931 3519 4985 sunt.
3549 4947 3573 4975 «
3599 4926 3765 4977 Secun-

2186 5015 2327 5070 dum
2348 5014 2530 5070 Deum
2554 5020 2783 5072 creatus
2805 5021 2897 5072 est
2913 5017 2971 5071 in
2984 5018 3241 5089 justitia,
3274 5040 3301 5069 ››
3334 5016 3470 5090 quia
3491 5015 3663 5086 justus
3686 5008 3765 5063 est.

2186 5126 2214 5153 ‹‹
2245 5102 2305 5158 in
2336 5104 2649 5160 sanctitate
2676 5110 2733 5161 et
2758 5104 3020 5173 veritate,
3055 5129 3082 5155 ››
3112 5106 3250 5179 quia
3279 5108 3511 5162 sanctus
3555 5104 3605 5156 et
3637 5107 3765 5151 verus

2186 5193 2370 5249 est.Et
2397 5208 2513 5247 non
2539 5192 2732 5249 solum
2758 5196 3246 5266 sanctusJustus,
3265 5199 3321 5251 et
3343 5187 3620 5259 verus,sed
3646 5186 3767 5240 insu-

2186 5297 2290 5354 per
2318 5281 2447 5353 ipsa
2467 5282 2859 5355 justitia,ipsa
2888 5284 3169 5339 sanctitas
3195 5288 3252 5339 et
3280 5274 3649 5344 veritas.Quod
3664 5282 3766 5363 erga

2186 5369 2363 5426 dicit:
2398 5394 2429 5420 (ι
2462 5370 2690 5427 lnduite
2741 5388 2957 5428 novum
3015 5372 3332 5441 hominem,
3367 5394 3396 5420 ››
3427 5366 3537 5425 tale
3562 5366 3637 5421 est
3660 5374 3711 5415 ac
3734 5371 3769 5410 ει

2186 5458 2437 5515 diceret:
2472 5458 2699 5516 lnduite
2724 5462 3035 5517 Dominum
3064 5462 3264 5518 Jesum
3298 5458 3596 5517 Christum,
3622 5449 3669 5505 id
3686 5449 3766 5510 est,

2186 5548 2683 5605 conversationem
2711 5551 2838 5605 novi
2856 5549 3199 5619 hominis,et
3213 5566 3411 5607 omnes
3424 5545 3640 5601 virtutes
3657 5547 3768 5608 quas

2186 5635 2515 5712 intelligilis
2547 5637 2605 5695 in
2634 5636 2862 5702 Christo
2911 5655 3059 5700 esse.
3110 5640 3444 5715 Quicunque
3483 5630 3620 5690 enim
3644 5637 3768 5683 assu-
