3980 6174
242 312 338 374 805
1121 364 1132 376 ,
1439 302 1790 377 ΙΙΟΜΙΙΛᾸΞ
1835 303 1846 361 l

1982 298 2330 362 SANCTIS.
3469 304 3590 364 806

240 437 679 513 muntjustitiam,
704 437 1095 506 sanctitatem,
1117 435 1830 508 veritatem,sapicntiam,
1861 435 1917 500 Α
2017 455 2044 484 ‹‹
2079 432 2220 500 Quis
2251 433 2559 489 furabatur
2591 458 2618 482 »
2646 434 2796 490 bona
2841 434 3110 502 aliorum,
3145 459 3171 486 «
3199 437 3323 508 jam
3356 455 3469 493 non
3501 439 3590 495 t‘u-

238 531 554 595 charitatem,
579 543 895 598 omnesque
927 527 1170 583 virtutes
1200 543 1345 598 quas
1387 525 1447 591 in
1479 524 1706 580 Christo
1738 540 1831 580 co-
1947 525 2122 577 retur.
2159 545 2186 572 ››
2218 522 2340 590 Vel,
2362 523 2462 595 qui
2482 523 2978 580 furabaturverba
2993 529 3050 580 et
3078 526 3401 582 doctrinam
3418 527 3594 583 Evan-

232 618 428 695 guoscit
451 633 587 682 esse,
619 615 912 672 Christum
945 616 1148 689 utique
1178 616 1390 671 induit.
1945 611 2103 684 gelii,
2131 629 2233 683 per
2255 610 2570 668 hereticam
2596 613 3128 685 pravitatem,sicut
3150 615 3443 687 prophetae
3469 615 3592 681 ﬁlii,

293 709 548 778 «PrOpter
566 705 714 776 quod
741 705 1096 776 deponentes
1115 699 1835 774 mendacium,loquimini
1947 700 2018 754 de
2049 701 2264 772 quibus
2295 699 2509 756 dicitur
2541 717 2554 756 :
2590 725 2618 751 «
2651 701 2864 757 Vident
2893 720 3041 758 vana
3072 706 3129 758 et
3157 703 3420 757 divinant
3441 719 3598 759 men-
3699 761 3704 768 ,

229 823 252 848 «ι
282 797 554 853 veritatem
586 793 993 866 unusquisque
1024 811 1158 850 cum
1192 793 1454 867 proximo
1486 810 1612 848 suo.
1636 815 1663 838 η
1692 790 1838 857 Quia

227 901 372 943 omne
401 883 760 939 mendacium
791 899 826 938 a
853 882 1086 939 diabolo
1117 887 1226 951 est,
1257 881 1356 955 qui
1388 886 1477 938 est
1502 882 1751 938 mendax
1781 883 1839 935 et

226 979 368 1048 pater
392 970 663 1027 mendacii
697 972 870 1038 (Joan.
904 974 1049 1040 vu-),
1080 971 1421 1042 Quicunque
1445 969 1547 1025 ﬁlii
1578 969 1838 1026 veritatis

228 1064 360 1128 sunt,
383 1060 581 1116 debent
611 1059 898 1132 deponere
915 1063 971 1115 et
991 1060 1243 1131 abjicere
1274 1059 1667 1129 mendacium,
1686 1057 1841 1114 dolo-

226 1151 430 1206 silatem
442 1153 496 1204 et
508 1146 1003 1220 duplicitatem,et
1029 1147 1188 1221 loqui
1221 1148 1522 1204 veritatem
1546 1149 1618 1203 de
1643 1147 1838 1204 animo

227 1254 367 1311 puro,
382 1253 506 1293 cum
528 1237 686 1291 omni
709 1236 967 1304 homine,
984 1253 1100 1292 non
1114 1236 1306 1292 solum
1325 1253 1458 1292 cum
1484 1236 1838 1301 Christiano,

226 1343 398 1382 verum
431 1325 598 1380 etiam
631 1341 764 1381 cum
798 1325 1067 1381 haeretico
1100 1331 1156 1381 et
1187 1343 1433 1398 pagano,
1469 1327 1606 1397 quia
1635 1341 1840 1380 omnes

226 1420 342 1470 sunt
369 1413 540 1468 nostri
573 1414 819 1486 proximi
853 1414 1008 1486 (Eph.
1041 1416 1118 1486 v).
1154 1415 1224 1470 Et
1254 1431 1433 1486 quare
1461 1415 1742 1473 debemus
1764 1413 1843 1468 lo-

226 1503 307 1576 qui
337 1503 624 1573 vcritatem
647 1519 780 1558 cum
814 1502 1137 1575 proximo?“
1157 1504 1442 1570 Quoniam
1474 1520 1683 1559 sumus
1703 1502 1844 1558 invi-

223 1609 326 1647 cem
357 1592 632 1647 membra.
668 1616 690 1645 ι
729 1593 828 1648 Est
857 1592 1124 1649 Christus
1155 1596 1351 1664 caput,
1388 1592 1655 1648 membra
1685 1591 1843 1647 illius

221 1684 338 1736 sunt
364 1679 541 1736 electi.
559 1680 629 1735 Et
643 1680 796 1736 sicut
809 1681 1075 1737 membra
1089 1682 1272 1736 nostri
1300 1681 1559 1754 corporis
1581 1679 1843 1737 suntsibi

216 1767 434 1824 invicem
467 1770 816 1838 necessaria,
841 1775 896 1825 et
933 1770 1044 1825 sibi
1067 1770 1404 1826 ministrant
1436 1771 1682 1826 invicem
1717 1787 1843 1842 quae

218 1858 515 1913 necessaria
543 1863 722 1914 sunt:
756 1859 911 1916 verbi
945 1859 1133 1931 gratia
1155 1862 1202 1927 (I
1235 1861 1362 1915 Cor.
1389 1877 1502 1927 xu;
1536 1861 1686 1914 Rom.
1712 1865 1842 1927 xu):

216 1946 408 2000 Oculus
421 1948 890 2002 estnecessarius
915 1948 1113 2002 manui
1135 1953 1191 2002 et
1214 1947 1368 2019 pedi,
1386 1952 1442 2003 et
1464 1963 1696 2015 manus,
1722 1964 1847 2018 pes,

217 2033 382 2100 oculo,
413 2034 661 2107 ideoque
693 2035 990 2091 ministrat
1019 2035 1227 2091 oculus
1261 2036 1459 2090 manui
1493 2042 1550 2090 et
1591 2035 1722 2107 pedi
1755 2034 1846 2090 lu-

215 2139 354 2189 men,
384 2139 596 2178 manus
631 2128 826 2179 autem
860 2123 1142 2195 abstergit
1166 2123 1332 2179 illum
1357 2128 1413 2179 et
1432 2124 1584 2179 lavat
1615 2141 1647 2178 a
1669 2124 1849 2179 sordi-

215 2212 328 2278 bus;
361 2212 438 2266 sic
469 2212 528 2267 in
562 2216 770 2267 sancta
799 2211 1054 2269 Ecclesia
1085 2213 1428 2284 praedicator
1472 2212 1714 2285 quilibet
1748 2213 1845 2284 qui

215 2305 291 2354 est.
315 2299 535 2368 oculus,
558 2301 737 2356 debet
769 2300 1101 2356 ministrare
1132 2300 1330 2356 lumen
1353 2302 1611 2357 scientia:
1630 2307 1686 2357 et
1704 2319 1848 2373 pra:-

215 2387 497 2444 dicalionis
528 2388 666 2443 aliis
697 2389 796 2461 qui
826 2394 966 2446 sunt
997 2407 1208 2445 manus
1227 2394 1284 2445 et
1315 2391 1514 2463 pedes,
1538 2391 1594 2446 id
1626 2390 1849 2462 cst,qui

214 2481 338 2532 sunt
364 2477 832 2550 eleemosynarii,
865 2484 920 2533 et
951 2477 1050 2550 qui
1081 2484 1326 2534 currunt
1348 2479 1419 2534 ad
1450 2478 1846 2551 sepeliendum

146 2628 152 2639 ‘
181 2568 512 2639 wmortuum,
546 2571 606 2623 et
641 2566 738 2639 qui
771 2567 972 2623 activa:
1001 2566 1126 2622 vita:
1179 2572 1320 2623 sunt
1371 2567 1570 2623 dediti.
1605 2567 1853 2623 Econtra

212 2653 504 2711 illidebent
525 2656 598 2711 de
626 2655 962 2711 substantia
977 2660 1305 2711 sustentare
1322 2656 1557 2712 oculum
1581 2655 1852 2727 praedica-

211 2748 398 2812 torem,
417 2745 737 2817 praebendo
759 2744 809 2800 ei
833 2744 1030 2799 cibum
1054 2747 1111 2800 et
1141 2749 1369 2816 potum,
1386 2748 1442 2799 et
1461 2744 1852 2801 ministrando

211 2837 398 2888 cetera
416 2851 544 2906 quae
570 2833 908 2889 necessaria
923 2837 1062 2889 sunt
1092 2833 1196 2888 illi.
1227 2833 1355 2889 Haec
1379 2833 1664 2899 faciendo,
1682 2837 1855 2888 erunt

207 2919 304 2976 sibi
334 2921 582 2979 invicem
619 2923 904 2979 membra.
939 2923 1220 2995 Sequitur
1252 2939 1266 2977 :

268 3032 294 3059 α
328 3011 685 3078 Irascimini,
718 3016 774 3067 et
806 3011 980 3067 nolite
1013 3027 1250 3084 peccare
1282 3013 1570 3083 (Psal.1v).
1597 3034 1626 3061 »
1650 3012 1848 3084 Dupli-

205 3096 1228 3173 citerpossumushocintelligere.Si
1255 3101 1488 3172 quando
1513 3100 1767 3172 peccatis
1798 3105 1854 3156 et

1947 789 2204 857 dacium,
2231 789 2489 846 dicentes
2511 809 2522 845 :
2545 790 2672 844 Haec
2684 790 2826 845 dicit
2847 791 3132 846 Dominus
3144 791 3320 860 Deus,
3341 809 3471 846 cum
3496 792 3602 847 Do-

1948 877 2147 932 minus
2193 895 2307 933 non
2346 879 2570 934 miserit
2616 895 2713 934 eos
2749 879 3102 949 (Ezechmu;
3135 881 3244 936 Jer.
3283 882 3386 949 in);
3423 903 3449 929 ››
3474 881 3604 952 jam

1949 983 2066 1022 non
2099 967 2344 1035 furetur,
2369 969 2469 1024 sed
2495 969 2725 1024 recedat
2750 969 2822 1023 ab
2843 985 3038 1024 errore
3059 985 3185 1023 suo.
3213 991 3239 1017 ››
3275 969 3460 1041 Magis
3493 987 3600 1024 au-

1953 1078 1980 1105 «
2013 1060 2130 1111 tem
2163 1055 2404 1123 laboret,
2437 1058 2730 1129 operando
2754 1057 3027 1113 manibus
3053 1057 3176 1113 suis
3202 1059 3358 1130 quod
3383 1059 3604 1114 bonum

1951 1167 1978 1193 ‹‹
2014 1149 2120 1214 est,
2156 1151 2219 1200 ut
2249 1146 2460 1202 habeat
2491 1147 2646 1202 unde
2677 1146 2896 1202 tribuat
2940 1146 3345 1202 necessitatem
3380 1147 3604 1218 patien-

1952 1232 2016 1288 ti.
2054 1258 2080 1281 ››
2115 1233 2214 1289 Ille
2268 1235 2364 1306 qui
2415 1240 2548 1290 ante
2598 1235 2927 1300 furabatur,
2959 1252 3074 1289 non
3125 1233 3315 1289 solum
3369 1235 3540 1289 debet
3574 1253 3607 1289 a

1952 1323 2109 1378 furto
2143 1340 2397 1389 cessare,
2430 1325 2529 1380 sed
2563 1323 2732 1379 debet
2763 1324 2988 1396 operari
3041 1323 3316 1381 manibus
3347 1323 3491 1391 suis,
3543 1321 3636 1378 ut.

1951 1411 2163 1467 habeat
2196 1413 2349 1468 unde
2383 1417 2670 1469 sustentet
2701 1413 2847 1468 alios
2879 1413 3134 1485 inopiam
3167 1412 3475 1484 patientes.

2495 1563 2503 1568 '
2578 1555 2882 1611 HOMILIA
2924 1555 2990 1610 ΙΙ.

2219 1659 2496 1698 DOMINICA
2534 1660 2801 1700 VICESIMA
2841 1661 2981 1700 POST
3017 1661 3353 1701 TRINITATIS.

2028 1767 2257 1837 (Ernes-
2293 1771 2372 1834 v.)
2405 1791 2432 1816 «
2471 1768 2718 1836 Fratres,
2753 1769 2941 1823 videte
2967 1771 3259 1840 quomodo
3291 1774 3458 1824 caute
3489 1787 3609 1825 am-

1959 1879 1985 1905 ‹‹
2023 1854 2254 1919 buletis,
2289 1873 2400 1910 non
2433 1857 2601 1928 quasi
2632 1857 2995 1927 insipientes,
3027 1859 3127 1911 sed
3165 1863 3226 1911 ut
3256 1852 3603 1930 sapientes.»

1960 1945 2245 2016 Loquitur
2258 1945 2571 2016 Apostolus
2587 1945 2874 2018 Ephesiis,
2896 1946 2952 2000 in
2975 1945 3088 2000 illis
3121 1963 3324 2002 omnes
3342 1947 3612 2002 homines

1957 2032 2243 2101 hortatur,
2280 2038 2343 2087 ut
2373 2039 2539 2088 caute
2590 2037 2647 2089 et
2695 2034 3058 2089 considerate
3092 2034 3286 2089 vivant
3336 2035 3489 2090 sicut
3519 2052 3613 2091 sa-

1959 2121 2209 2192 pientes,
2235 2125 2426 2176 etnon
2451 2122 2603 2176 sicut
2627 2122 2989 2194 insipientes.
3008 2123 3234 2178 Fratres
3261 2128 3455 2178 autem
3483 2122 3616 2180 illos

1957 2214 2122 2264 vocat
2153 2209 2210 2264 in
2244 2211 2450 2279 ﬁde,in
2485 2209 2759 2266 societate
2782 2210 3482 2282 dilectionis,quiaunum
3515 2213 3616 2268 Pa-

1960 2303 2107 2354 trem
2141 2299 2323 2354 Deum
2345 2300 2803 2371 omnipotentem
2827 2317 3032 2355 omnes
3054 2300 3362 2369 habemus,
3380 2319 3494 2357 non
3515 2319 3618 2374 per

1962 2394 2254 2454 naturam,
2283 2389 2385 2444 sed
2407 2406 2509 2460 per
2532 2389 2905 2460 adoptionem
2927 2390 3370 2460 (Matth.xxm).«
3390 2391 3613 2458 Videte,

1961 2477 2188 2542 fratres,
2223 2498 2249 2526 ››
2286 2477 2340 2530 id
2373 2482 2480 2544 est,
2511 2477 2895 2543 considerate,
2935 2501 2955 2527 ιι
2993 2479 3286 2549 quomodo
3317 2485 3484 2535 caute
3514 2503 3542 2530 ››
3561 2485 3618 2536 et

1961 2564 2222 2619 ordinate
2255 2588 2282 2615 «
2318 2564 2655 2632 ambuletiS,
2693 2588 2720 2614 ››
2753 2565 2959 2621 vivatis
2989 2571 3045 2621 et
3096 2568 3523 2622 conversemini
3556 2568 3614 2624 in

1963 2653 2153 2707 medio
2187 2652 2438 2708 nationis
2491 2671 2675 2725 prava:
2707 2659 2764 2708 et
2813 2670 3115 2724 perversa,
3149 2659 3205 2709 et
3237 2677 3263 2704 ‹‹
3299 2672 3412 2710 non
3446 2657 3615 2726 quasi

1962 2740 2326 2812 insipientes,
2351 2764 2378 2790 ››
2397 2741 2455 2795 id
2473 2745 2562 2796 est
2583 2741 2845 2798 inﬁdeles
2874 2742 2973 2813 qui
3008 2759 3121 2797 non
3153 2742 3368 2797 habent
3388 2744 3616 2815 sapien-

1963 2828 2105 2884 tiam
2136 2846 2353 2896 veram,
2387 2830 2444 2884 id
2476 2833 2565 2885 est
2593 2829 2887 2885 Christum
2907 2831 2964 2884 in
2984 2847 3046 2886 se
3076 2831 3612 2897 habitantem,«se:i

1963 2922 2028 2974 ut
2058 2917 2352 2990 sapientes
2375 2940 2425 2985 ››,
2457 2919 2512 2974 id
2538 2923 2625 2975 est
2643 2918 2843 2975 ﬁdeles
2861 2919 2960 2990 qui
2977 2919 3326 2992 sapientiam
3347 2921 3618 2977 substan-

1965 3007 2162 3062 tialem
2194 3006 2253 3062 in
2283 3007 2448 3063 vobis
2480 3007 2727 3063 habetis.
2760 3009 2990 3073 Quanta
3021 3009 3177 3063 enim
3211 3008 3490 3066 distantia
3528 3014 3618 3066 est

1964 3097 2115 3151 inter
2147 3096 2412 3152 tenebras
2443 3101 2498 3151 et
2526 3097 2746 3163 lumen,
2779 3096 2933 3152 inter
2955 3097 3188 3153 ﬁdelem
3211 3103 3269 3154 et
3297 3097 3614 3165 inﬁdelem,

206 3203 236 3241 a
258 3188 344 3243 via
371 3189 749 3246 rectitudinis
779 3172 1024 3245 diabolo
1045 3189 1327 3245 suadente
1349 3188 1854 3254 receditis,irasci-
1882 3172 1924 3236 C
1965 3191 2126 3240 tanta
2158 3185 2439 3240 distantia
2469 3191 2558 3241 est
2587 3185 2739 3241 inter
2771 3184 3143 3257 insipientem
3175 3191 3230 3240 et
3269 3186 3612 3258 sapientem,

204 3276 336 3332 mini
367 3277 1216 3352 vobisipsis,etindignemini,
1243 3295 1314 3333 ne
1335 3277 1592 3349 amplius
1617 3277 1756 3332 talia
1773 3278 1855 3333 fa-

203 3364 380 3434 ciatis,
405 3368 758 3441 castigando
779 3373 1260 3440 corpusvestrum
1287 3366 1502 3440 vigiliis
1521 3366 1854 3438 etjejuniis;

201 3452 400 3512 aliter:
433 3457 505 3514 Et
538 3458 617 3524 si,
653 3456 864 3529 inquit,
899 3457 1248 3524 irascimini,
1280 3455 1460 3511 nolite
1493 3456 1640 3510 ir‘am
1685 3456 1857 3528 perﬁ-

201 3559 335 3600 cere.
362 3546 662 3602 Permittit
683 3546 918 3617 quidem
939 3544 1254 3618 Apostolus
1276 3545 1445 3601 irasci
1472 3545 1627 3617 quod
1649 3545 1858 3600 huma-

201 3649 328 3688 num
341 3639 450 3704 est,
479 3637 586 3692 sed
623 3634 894 3708 prohibet
909 3635 1228 3690 vindictam
1255 3640 1541 3706 expetere,
1564 3635 1858 3706 quodjam

200 3737 303 3778 non
330 3728 418 3779 est
450 3724 813 3791 humanum,
847 3724 985 3796 quia
1036 3724 1120 3778 ira
1152 3724 1256 3778 viri
1282 3723 1578 3794 justitiam
1612 3723 1712 3779 Dei
1745 3741 1859 3779 non

198 3818 480 3882 operatur.
519 3838 547 3864 ‹‹
586 3812 688 3869 Sol
720 3830 834 3868 non
867 3813 1092 3868 occidat
1138 3830 1318 3885 super
1368 3811 1733 3868 iracundiam
1765 3829 1860 3867 ve-

205 3919 222 3944 ·
255 3906 455 3958 stram.
483 3927 506 3956 ι
530 3902 822 3958 Similiter
843 3906 898 3956 et
920 3901 1138 3974 duplici
1175 3903 1347 3957 modo
1380 3900 1858 3974 potestintelligi,

201 3987 458 4048 dicamus
493 3990 869 4064 simpliciter.
905 3991 1000 4047 Sol
1032 4008 1144 4046 non
1180 3991 1407 4046 occidat
1436 3990 1863 4062 superiracun-

195 4077 344 4134 diam
371 4086 669 4146 vestram,
688 4080 742 4134 id
764 4084 872 4151 est,
896 4081 943 4135 si
978 4079 1255 4135 commoti
1283 4077 1510 4134 fueritis
1532 4079 1603 4133 ad
1629 4082 1861 4150 tempus

197 4167 469 4225 adversus
505 4169 871 4243 proximum,
896 4174 1031 4224 ante
1053 4168 1195 4224 solis
1218 4183 1490 4224 occasum
1525 4166 1863 4222 reconcilia-

197 4257 354 4325 mini,
388 4264 446 4315 et
486 4259 734 4316 recedat
761 4258 848 4314 ira
869 4275 904 4314 a
932 4259 1131 4327 vobis;
1162 4256 1329 4313 aliter
1361 4274 1373 4313 :
1407 4256 1504 4312 Sol
1536 4256 1865 4329 appellatur

197 4343 460 4404 Christus
495 4349 559 4404 in
584 4347 903 4420 Scripturis
927 4347 1132 4414 sacris,
1161 4351 1225 4403 ut
1255 4346 1334 4401 ibi
1363 4365 1375 4402 :
1405 4370 1434 4397 «
1457 4345 1635 4402 Vobis
1660 4345 1866 4402 timen-

194 4433 344 4493 tibus
386 4455 619 4494 nomen
673 4454 894 4506 meum,
929 4437 1148 4493 orietur
1191 4436 1278 4492 sol
1323 4435 1571 4506 justitiae
1604 4435 1749 4509 (Mal.
1785 4453 1860 4503 Iv,

1967 3273 2103 3345 quia
2132 3272 2331 3328 lumen
2363 3278 2420 3329 et
2448 3273 2736 3344 sapientia
2769 3290 2880 3327 non
2916 3277 3105 3345 potest
3133 3289 3261 3329 esse
3288 3275 3347 3328 in
3379 3290 3467 3341 eo,
3501 3273 3616 3328 nisi

1967 3362 2141 3419 ﬁdem
2173 3362 2589 3434 omnipotentis
2620 3361 2719 3417 Dei
2753 3361 2984 3418 habeat.
3006 3385 3030 3412 ‹‹
3069 3363 3444 3418 Redimentes
3477 3367 3618 3418 tem-

1968 3475 1995 3502 ‹‹
2030 3469 2160 3523 pus,
2195 3451 2470 3523 quoniam
2494 3451 2619 3506 dies
2639 3449 2778 3505 mali
2803 3455 2960 3506 sunt.
2989 3472 3016 3499 ››
3039 3451 3338 3516 Quomodo
3362 3454 3453 3508 est
3473 3456 3619 3506 tem-

1970 3559 2079 3614 pus
2097 3540 2342 3607 malum,
2363 3540 2518 3612 quod
2537 3540 2862 3595 secundum
2885 3539 3328 3612 dispositionem
3352 3539 3454 3595 Dei
3470 3556 3619 3596 sem-

1970 3648 2072 3703 per
2100 3630 2365 3696 volvitur,
2400 3628 2725 3699 mensibus,
2758 3629 2986 3697 diebus,
3018 3631 3074 3684 et
3104 3628 3393 3696 noctibus,
3436 3627 3616 3696 horis,

1971 3719 2400 3790 momentisque
2431 3717 2827 3774 currentibus.
2860 3717 3020 3773 Sicut
3049 3733 3184 3790 ergo
3223 3715 3439 3771 dicitur
3467 3716 3623 3772 mala

1971 3825 2099 3865 esse
2121 3809 2350 3873 domus,
2373 3824 2498 3879 qua
2529 3806 2714 3862 malos
2735 3806 3092 3862 habitatores
3105 3806 3302 3876 habet,
3320 3804 3401 3860 ita
3424 3805 3624 3861 dicun-

1970 3901 2067 3952 tur
2079 3895 2217 3951 mali
2233 3896 2379 3966 dies,
2394 3894 2454 3950 in
2470 3895 2686 3967 quibus
2701 3895 3017 3950 malaﬁunt
3035 3912 3068 3950 a
3081 3893 3250 3950 malis
3263 3893 3620 3950 hominibus.

1971 3986 2134 4050 Quod
2166 3988 2254 4038 est
2284 3984 2437 4055 quod
2469 3983 2629 4050 dicit,
2655 4007 2681 4032 ‹‹
2718 3983 3071 4038 redimentes
3094 3985 3326 4053 tempus
3344 3981 3371 4035 ?
3391 4004 3419 4030 »
3435 3982 3490 4035 id
3513 3985 3623 4046 est,

1971 4077 2228 4130 vestrum
2243 4071 2385 4126 illud
2402 4071 2592 4127 facite.
2609 4071 2778 4126 Verbi
2797 4071 2985 4142 gratia
3003 4087 3016 4123 :
3037 4069 3145 4124 Alii
3161 4070 3437 4135 vendunt,
3454 4069 3620 4133 illud,

1971 4162 2128 4218 mala
2145 4160 2436 4232 operando
2465 4161 2537 4214 ad
2566 4158 2788 4215 malum
2812 4174 3020 4213 suum:
3041 4174 3141 4212 vos
3169 4156 3433 4212 redimite
3459 4156 3621 4224 illud,

1972 4251 2111 4307 talia
2140 4267 2316 4323 opera
2356 4249 2641 4316 faciendo,
2676 4264 2780 4319 pro
2830 4247 3047 4319 quibus
3095 4245 3623 4300 remunerationem

1972 4339 2234 4412 capiatis.
2268 4338 2631 4410 Quicumque
2662 4336 2817 4393 enim
2865 4335 2973 4391 hoc
3022 4335 3160 4391 facit
3206 4335 3361 4407 quod
3393 4332 3503 4389 sibi
3535 4338 3625 4389 est

1972 4429 2136 4498 utile,
2168 4433 2401 4502 tempus
2434 4428 2548 4484 sibi
2582 4425 2837 4492 redimit,
2871 4430 2930 4482 et
2959 4424 3228 4495 acquirit,
3264 4424 3402 4495 quia
3449 4439 3624 4480 suum

193 4523 336 4611 (Luc.
372 4530 436 4600 ι).
467 4550 497 4577 ››
524 4526 640 4594 Qui
669 4526 753 4582 sol
779 4525 1124 4598 plerumque
1151 4529 1388 4598 propter
1409 4525 1580 4588 iram,
1600 4525 1941 4611 quanio-:1)
1976 4518 2128 4611 illud
2151 4517 2309 4586 facit,
2344 4521 2401 4573 et
2431 4516 2502 4572 ad
2532 4514 2989 4611 suamsalutem
3016 4513 3454 4611 illudpccupat.

192 4610 404 4671 dictam
437 4615 691 4688 expetit,
725 4619 780 4670 et
812 4613 1858 4687 propterdiscordiam,occiditvobis,

191 4698 242 4754 id
257 4706 365 4770 est,
383 4704 621 4760 recedit
643 4720 676 4758 a
692 4702 877 4772 vobis,
892 4703 1044 4760 sicut
1061 4703 1272 4760 occidit
1286 4702 1424 4759 ﬁliis
1447 4701 1766 4775 prophetis,
1787 4704 1859 4759 de

191 4789 406 4860 quibus
436 4793 672 4848 dicitur
703 4811 716 4848 :
751 4817 778 4843 ‹‹
813 4792 1038 4849 Occidit
1067 4793 1152 4849 eis
1205 4791 1312 4861 sol,
1349 4808 1484 4847 cum
1519 4791 1710 4848 adhuc
1742 4793 1868 4851 dies

190 4885 338 4936 esset
368 4881 585 4937 media
615 4885 742 4951 (Jer.
778 4883 893 4954 xv).
932 4905 960 4932 υ
990 4881 1085 4938 Sol
1117 4899 1233 4938 non
1278 4881 1504 4937 occidat
1534 4897 1712 4955 super
1752 4882 1864 4937 ira-

188 4969 470 5026 cundiam
505 4974 792 5043 vestram,
819 4971 876 5027 id
899 4979 1008 5039 est,
1038 4974 1231 5028 cavete
1253 4987 1325 5026 ne
1354 4974 1590 5044 propter
1609 4969 1757 5028 iram
1778 4987 1868 5026 ve-

187 5060 393 5127 stram,
412 5063 472 5115 et
497 5064 746 5132 propter
769 5063 1027 5116 vestrum
1053 5064 1356 5133 peccatum
1380 5061 1612 5116 recedat
1632 5059 1718 5116 sol
1731 5060 1868 5131 jus-

186 5145 323 5202 titize
357 5146 650 5204 Christus
680 5166 714 5204 a
742 5149 925 5206 vobis.

256 5258 283 5285 «
317 5237 392 5292 Et
422 5236 624 5293 nolite
643 5236 837 5294 locum
870 5237 1006 5294 dare
1025 5237 1382 5303 diabolo,»id
1411 5243 1521 5306 est,
1548 5237 1727 5294 nolite
1748 5238 1868 5293 vin-

185 5321 404 5380 dictam
442 5329 746 5398 expetere,
771 5343 957 5398 neque
989 5325 1143 5382 ultra
1175 5327 1414 5383 modum
1448 5326 1619 5382 irasci
1655 5328 1866 5399 (Ephes.

182 5419 288 5482 vi),
313 5430 388 5469 ne
411 5413 667 5470 recedat
688 5413 774 5470 sol
799 5432 833 5471 a
853 5415 1016 5471 vobis
1039 5414 1328 5481 Christus,
1351 5419 1408 5469 et
1445 5415 1636 5470 veniat
1658 5415 1868 5471 diabo-

179 5498 274 5555 lus
306 5502 609 5575 princeps
630 5504 1022 5560 tenebrarum.
1047 5505 1524 5577 Quandocunque
1554 5503 1712 5561 enim
1735 5521 1866 5579 pec-

135 5621 141 5628 '
181 5605 420 5661 camus,
452 5591 666 5649 locum
700 5591 929 5662 diabolo
959 5592 1018 5652 in
1051 5593 1220 5654 nobis
1252 5592 1486 5652 damus.

2045 4632 2069 4656 ‹‹
2100 4603 3060 4680 Propterea,»subaudis,quiadies
3077 4602 3273 4672 mali,«
3292 4607 3429 4658 tunc
3449 4599 3563 4684 noli
3573 4605 3627 4656 te

1974 4722 1999 4749 ‹‹
2022 4697 2145 4754 ﬁeri
2164 4697 2588 4769 imprudentes,
2612 4695 2712 4751 sed
2736 4693 3148 4766 intelligentes,
3175 4708 3300 4764 qua:
3326 4691 3400 4746 sit
3424 4689 3623 4746 volun-

1982 4811 2003 4837 α
2027 4793 2118 4843 tas
2147 4785 2270 4842 Dei.
2297 4807 2323 4837 »
2355 4786 2615 4840 Prudens
2649 4784 2822 4839 homo
2852 4782 3064 4839 dicitur
3095 4780 3262 4854 quasi
3294 4779 3626 4852 providens,

1978 4877 2116 4950 quia
2128 4875 2300 4948 longe
2314 4875 2645 4931 considerat
2657 4890 2832 4946 quem
2847 4873 2881 4926 ﬁ
2893 4888 3024 4927 nam
3039 4887 3147 4926 sua
3159 4885 3332 4942 opera
3354 4867 3630 4924 habitura

1976 4967 2117 5032 sint,
2150 4969 2207 5020 et
2237 4964 2336 5037 qui
2385 4963 2495 5020 scit
2533 4963 2672 5035 quid
2701 4961 2908 5017 debeat
2933 4963 3145 5032 petere,
3171 4961 3226 5013 et
3256 4957 3394 5030 quid
3425 4957 3626 5028 vitare,

1977 5055 2077 5128 qui
2094 5054 2469 5110 considerant
2486 5051 2661 5108 etiam
2693 5067 2819 5122 qua:
2850 5048 3120 5122 placeant
3151 5051 3254 5103 aut
3285 5045 3632 5119 quaedispli-

1977 5149 2145 5201 ceant
2175 5144 2312 5200 Deo.
2346 5143 2594 5198 Econtra
2642 5139 2735 5195 ille
2779 5139 2879 5212 qui
2927 5137 3291 5195 considerate
3321 5139 3378 5193 et
3408 5136 3630 5209 impro-

1975 5234 2106 5289 vide
2137 5233 2337 5288 omnia
2366 5231 2505 5303 agit,
2540 5234 2596 5285 et
2625 5229 2727 5301 qui
2758 5246 2873 5284 non
2920 5227 3283 5284 considerate
3332 5225 3405 5281 ad
3455 5241 3630 5297 quem

1977 5325 2153 5380 ﬁnem
2187 5339 2361 5395 opera
2392 5337 2498 5376 sua
2527 5319 2799 5386 deducat,
2822 5323 2878 5374 et
2909 5317 3066 5390 quod
3088 5315 3315 5390 placeat
3343 5314 3629 5371 voluntati

1978 5413 2099 5481 Dei,
2149 5410 2476 5484 appellatur
2522 5408 2868 5481 imprudens
2912 5411 2970 5463 et
3018 5405 3258 5463 stultus.
3295 5404 3458 5460 Unde
3490 5403 3631 5459 dicit

1975 5501 2289 5577 Apostolus
2324 5518 2336 5556 :
2366 5523 2393 5550 «
2421 5500 2750 5572 PrOpterea,
2785 5519 2813 5547 »
2847 5497 3143 5570 inquiens,
3166 5494 3305 5570 quia
3335 5492 3458 5550 dies
3488 5491 3629 5549 mali

1978 5597 2135 5662 sunt,
2169 5591 2228 5649 in
2261 5589 2477 5665 quibus
2510 5587 2696 5648 multa
2726 5586 3050 5649 mala-ﬁunt
3081 5602 3093 5646 :
3120 5582 3355 5645 «Nolite
3376 5581 3501 5642 ﬁeri
3523 5581 3628 5638 im-
