4060 6178
464 329 581 391 8οη

1024 326 1433 391 HAYMONIS
1477 327 2019 391 HALBERSTAT.
2065 322 2310 393 EPISC.
2357 330 2535 396 OPP.
2575 328 2781 393 PARS
2826 331 2906 395 ll.
2932 326 3308 395 —HOMIL.

3686 336 3784 403 eos

460 464 817 536 prudentem
850 448 968 518 sive
997 461 1429 529 inconsiderati,
1464 461 1598 516 need
1627 481 1663 511 «
1690 464 1877 517 estote
1898 482 1928 511 υ
1945 459 2110 517 intel-
2137 459 2196 529 Α
2220 460 2535 519 humiliore
2554 479 2617 518 se
2633 477 2774 534 erga
2792 454 3185 534 mbjedosfin
3202 467 3475 537 quantum
3491 467 3664 526 videat
3681 471 3787 530 illos

465 552 714 621 ligentes
726 567 857 623 quae
871 551 948 607 sit
959 549 1230 607 voluntas
1245 550 1366 617 Dei,
1377 550 1466 604 uid
1482 554 1591 615 est,
1602 549 1747 623 quid
1765 548 1992 621 placeat
2001 548 2118 605 Deo

460 646 522 697 et
541 639 602 695 in
635 639 850 712 quibus
881 639 1156 712 operibus
1189 638 1458 697 voluntas
1489 638 1591 695 Dei
1616 637 1958 711 impleatur.

534 753 566 779 «
590 728 659 784 Et
675 728 853 784 nolite
874 727 1149 784 inebriari
1178 727 1309 784 vino
1338 727 1413 782 in
1437 743 1554 799 quo
1583 731 1674 784 est
1692 727 1941 783 luxuria.
1960 751 1988 777 ››
2010 728 2119 784 Per

454 816 757 875 luxnriam
788 817 1073 873 debemus
1102 815 1428 888 intelligere
1460 814 1661 873 omnia
1686 816 1830 873 vitia
1857 833 1984 889 quae
2010 832 2118 889 per

458 904 802 963 ebrietatem
822 903 1017 958 solent
1034 902 1283 967 evenire,
1298 901 1456 973 quia,
1468 905 1537 956 ut
1552 901 1797 975 quidam
1818 902 2024 958 doctor
2033 901 2116 959 di-

463 994 562 1061 cit,
582 992 835 1049 ebrietas
857 991 1085 1046 nullum
1106 990 1316 1046 vitium
1336 994 1599 1047 excusat.
1625 991 1736 1047 Sed
1774 988 1872 1046 hic
1900 995 2116 1047 notan-

463 1082 603 1136 dum
628 1080 892 1152 est,an
913 1079 1063 1134 sicut
1088 1076 1171 1134 illi
1194 1079 1295 1151 qui
1325 1078 1621 1152 replentur
1640 1081 1792 1144 vino,
1817 1079 2118 1151 replentur

456 1168 889 1233 inverecundis,
907 1167 1294 1241 impatientia,
1326 1166 1575 1232 luxuria,
1593 1167 1980 1241 impudicitia,
2014 1185 2113 1223 su-

459 1257 678 1329 perbia,
708 1255 1052 1328 ceterisque
1080 1255 1277 1312 vitiis:
1312 1255 1394 1312 ita
1423 1256 1508 1311 illi
1539 1257 1639 1328 qui
1671 1256 1968 1328 replentur
1989 1255 2113 1329 Spi-

459 1345 572 1400 ritu
590 1349 816 1413 sancto,
846 1344 1144 1417 replentur
1163 1345 1454 1410 castitate,
1474 1344 2114 1413 humilitate,mansue-

459 1433 682 1502 tudine,
716 1432 1055 1505 caaterisque
1085 1432 1425 1488 virtutibus.

531 1546 558 1574 ‹‹
596 1522 921 1593 Loquentes
953 1521 1385 1595 vobismctipsis
1417 1521 1476 1576 in
1516 1522 1761 1594 psalmis
1791 1526 1847 1578 et
1876 1521 2111 1596 hymnis

456 1636 484 1661 ‹‹
511 1616 569 1666 et
587 1611 831 1667 canticis
849 1610 1770 1683 spiritualibus.»Nobismetipsis
1787 1610 2106 1682 loquimur,

456 1700 690 1772 quando
716 1698 1051 1754 alternatim
1074 1698 1343 1754 canimus
1365 1697 1887 1770 psa’lmos.’Psalmi
1909 1700 2110 1755 dicun-

452 1794 552 1844 tur
572 1804 607 1843 a
628 1786 955 1860 psallendo,
978 1786 1120 1857 quia
1140 1787 1199 1841 in
1220 1785 1498 1858 psalterio
1519 1786 1915 1855 inveniuntur.
1937 1787 2109 1860 Hym-

453 1893 568 1933 nus
586 1877 803 1942 Graec,
828 1875 1034 1930 Latino
1062 1874 1293 1946 eloquio
1321 1879 1494 1931 sonat
1518 1876 1643 1933 hius
1670 1877 1796 1932 Dei.
1840 1876 2105 1948 Hymnus
2132 1876 2137 1887 “

453 1970 650 2023 autem
667 1966 717 2021 si
734 1963 1106 2037 componitur
1116 1967 1176 2020 et
1190 1967 1463 2020 cantatur
1483 1964 1542 2019 in
1564 1964 1799 2020 laudem
1825 1963 1950 2027 Dei,
1964 1967 2107 2019 tunc

448 2059 542 2111 est
568 2054 844 2128 hymnus.
866 2054 1122 2126 tlymnos
1144 2057 1341 2109 autem
1364 2052 1520 2124 apud
1544 2052 2103 2124 Latinos,praacipue

449 2143 795 2200 Ambrosius
808 2148 870 2198 et
886 2140 1484 2209 Hilarius,clarissimi
1498 2140 1606 2196 viri
1621 2144 2098 2212 composuerunt.

452 2233 614 2289 Unde
645 2233 825 2304 igitur
851 2248 986 2288 cum
1010 2230 1156 2285 dixit
1173 2229 1593 2300 canticis,.subj
1604 2229 1767 2285 unxit
1787 2228 2103 2301 spirituali-

452 2324 586 2389 bus,
618 2322 759 2393 quia
778 2325 919 2376 sunt
938 2320 1165 2375 cantica
1185 2336 1313 2390 quis
1340 2334 1454 2374 non
1486 2322 1627 2375 sunt
1657 2316 1966 2389 spiritalia,
1998 2332 2097 2373 ne-

451 2428 565 2485 que
595 2411 654 2466 in
684 2410 920 2467 laudem
942 2409 1040 2464 Dei
1061 2412 1393 2463 captantur.
1417 2406 1580 2463 Sicut
1594 2411 1734 2463 sunt
1752 2405 1980 2462 cantica
1996 2423 2100 2462 SIB-

449 2500 736 2556 cularium
764 2498 1095 2555 hominum.
1128 2496 1365 2552 Cantica
1390 2499 1587 2551 autem
1619 2494 1907 2567 spiritalia
1935 2499 2097 2563 sunt,

452 2606 580 2662 qua:
595 2591 1059 2661 composuerunt
1074 2584 1369 2658 prophetae
1384 2585 1603 2657 Spiritu
1618 2588 1823 2639 sancto
1844 2584 2024 2639 afflati
2042 2588 2101 2640 et

440 2677 753 2752 repleti,ut
773 2682 914 2734 sunt
937 2677 1168 2732 cantica
1198 2674 1403 2747 Moysi,
1428 2673 1720 2731 canticum
1741 2675 1940 2741 Annae,
1969 2690 2100 2729 can-

447 2768 630 2824 ticum
662 2766 919 2830 Deborie,
953 2764 1248 2823 canticum
1280 2762 1462 2832 Isaia,
1491 2763 1789 2820 canticum
1821 2761 2094 2832 Ezechiae,

450 2860 909 2927 ceterorumque
936 2853 1378 2925 prophetarum.
1412 2851 1530 2907 Hoc
1570 2868 1704 2907 vero
1738 2851 1918 2908 distat
1946 2851 2101 2907 inter

442 2943 743 3000 acanticum
760 2945 817 2997 et
830 2940 1149 3013 psalmum,
1164 2937 1302 3011 quia
1323 2939 1617 2997 canticum
1636 2938 2098 2996 nesolummodo

450 3030 763 3104 profertur,
785 3030 885 3085 sed
900 3032 961 3085 et
978 3029 1321 3086 decantatur
1351 3044 1364 3085 :
1398 3028 1662 3100 psalmus
1676 3032 1875 3085 autem
1898 3028 2097 3085 addito

449 3118 704 3193 quodam
736 3119 1125 3175 instrumento
1148 3117 1386 3174 musicae
1407 3118 1572 3184 artis,
1597 3117 1654 3172 id
1678 3121 1769 3173 est
1798 3116 2094 3190 psalterio.

2225 548 2480 622 aequales
2504 550 2619 610 sibi
2650 551 2709 606 in
2738 548 3054 609 virtutibus
3078 556 3143 608 et
3167 551 3293 610 vita
3322 554 3545 622 meritis,
3572 556 3623 613 in
3635 574 3790 630 quaa-

2224 642 2351 694 tum
2382 643 2578 694 autem
2607 638 2808 695 vident
2830 636 2960 696 illos
2978 640 3124 713 erigi
3140 640 3204 695 in
3223 642 3535 713 superbiam
3562 649 3727 702 contra
3740 664 3791 705 se

2216 726 2447 785 etvitia
2477 727 2705 793 sectari,
2736 728 2953 784 debent
2997 728 3261 785 ofﬁcium
3306 747 3419 785 sum
3461 733 3791 804 prapositurs

2224 816 2531 871 ostendam
2560 820 2618 871 et
2647 815 2875 873 fortiter
2904 817 3254 889 redarguere
3282 820 3337 873 et
3359 817 3645 891 increpare.
3662 820 3790 884 Quod

2224 902 2455 976 probari
2488 907 2681 976 potest
2706 920 2777 959 ex
2800 903 2974 960 factis
3000 904 3252 977 apostoli
3285 905 3447 972 Petri,
3474 917 3569 979 qui
3591 923 3708 963 cum
3723 908 3793 963 vi-

2222 991 2407 1047 disset
2426 991 2765 1049 Cornelium
2790 992 3194 1051 centurionem
3217 1010 3354 1049 eum
3374 994 3521 1049 omni
3536 995 3686 1050 deum
3712 1011 3794 1053 sua

2222 1079 2525 1137 humiliter
2544 1079 2687 1136 velle
2708 1097 2771 1136 se
2791 1081 3055 1148 adorare,
3069 1086 3306 1138 econtra
3326 1080 3420 1137 ille
3440 1080 3735 1139 humiiiavit
3749 1100 3797 1140 se

2222 1166 2327 1233 illi,
2350 1167 2578 1224 dicens:
2596 1169 2845 1240 «Burge,
2866 1180 3006 1224 nam
3030 1174 3087 1225 et
3109 1185 3218 1242 ego
3236 1170 3407 1224 homo
3429 1184 3549 1224 sum
3574 1170 3752 1240 Mam.)
3772 1192 3795 1220 »

2222 1255 2326 1311 Ubi
2361 1261 2557 1311 autem
2577 1255 2720 1312 vidit
2736 1257 3023 1313 Auam'am
3047 1262 3104 1313 et
3120 1256 3465 1330 Sapphiram
3486 1273 3518 1311 a
3534 1256 3615 1311 via
3631 1258 3796 1321 verita-

2220 1344 2298 1400 tis
2317 1344 2607 1412 recedere,
2631 1349 2690 1400 et
2706 1343 2865 1399 vitiis
2889 1345 3213 1417 subjacere,
3238 1345 3542 1418 potentiam
3562 1345 3641 1400 sui
3659 1345 3796 1401 officii

2208 1437 2277 1487 et
2305 1433 2700 1505 preposituree
2733 1432 2991 1490 ostendit
3017 1433 3143 1489 solo
3163 1434 3337 1489 verba
3354 1430 3483 1491 illos
3502 1431 3794 1489 interﬁciens

2212 1522 2354 1594 (Act.
2385 1525 2464 1590 v).
2506 1522 2622 1578 Sed
2675 1521 2791 1578 ista
2830 1521 3035 1579 omnia
3081 1522 3140 1577 in
3198 1522 3408 1579 timore
3457 1520 3647 1577 Christi
3692 1526 3797 1583 sint

2218 1612 2463 1685 agenda,
2495 1611 2553 1667 id
2582 1616 2694 1679 est,
2720 1629 2831 1685 per
2858 1627 3118 1667 amorem
3151 1611 3277 1677 Dei,
3311 1627 3420 1666 non
3448 1626 3609 1665 causa
3634 1609 3792 1665 adula-

2217 1699 2396 1755 tionis
2424 1716 2614 1772 neque
2642 1699 3144 1772 patrocinationis,
3164 1700 3323 1771 quod
3355 1699 3580 1771 quidam
3599 1697 3793 1763 faciam,

2214 1792 2283 1845 ut
2314 1788 2541 1860 possint
2561 1788 2821 1844 invenire
2839 1788 3090 1862 gratiam
3114 1786 3358 1860 praelati,
3372 1793 3430 1842 et
3449 1786 3664 1842 liberius
3676 1784 3797 1857 quod

2214 1894 2315 1933 eos
2344 1876 2594 1933 delectat
2622 1881 2962 1949 operentur.

2718 2070 2724 2076 .
2818 2020 3120 2081 HOMILIA
3163 2018 3260 2075 ιιι.

2357 2126 2634 2166 DOMINICA
2672 2124 2943 2168 νιοεειΜΑ
2982 2126 3165 2165 PRIMA
3204 2124 3345 2163 POST
3378 2122 3685 2164 TRINI’l‘A‘I‘lS.

2282 2235 2515 2303 (EPHES.
2544 2236 2689 2306 vr.)«
2730 2237 2973 2305 Fratres,
2994 2234 3407 2291 confortamini
3434 2234 3489 2288 in
3510 2232 3740 2296 Domino,
3754 2235 3800 2285 et

2210 2345 2239 2373 ι(
2264 2322 2324 2382 in
2349 2324 2610 2395 potentia
2647 2323 2885 2379 virtutis
2928 2324 3079 2394 ejus.
3114 2323 3345 2378 Induite
3375 2338 3472 2378 vos
3499 2325 3798 2376 armaturam

2208 2435 2239 2462 ι‹
2272 2412 2392 2469 Dei.
2428 2434 2456 2463 »
2478 2412 2557 2467 Et
2580 2411 2828 2483 reliqua.
2861 2412 2997 2467 Post
3016 2409 3307 2483 spiritalia
3324 2405 3797 2483 preceptaquibus

2207 2501 2516 2559 admonuit
2529 2499 2847 2574 Apostolus
2858 2500 3010 2556 viros
3019 2504 3079 2556 et
3098 2499 3399 2567 mulieres,
3411 2501 3655 2571 patreset
3664 2495 3803 2559 illius,

2207 2590 2478 2645 dominos
2499 2593 2556 2645 et
2585 2605 2803 2657 servos,
2828 2587 3134 2659 subjunxit
3154 2587 3272 2643 ista
3290 2586 3591 2661 generalia,
3612 2599 3708 2639 non
3726 2598 3797 2637 so-

2200 2677 2327 2733 lum
2361 2678 2435 2734 ad
2465 2676 2746 2751 Ephesios
2774 2677 2993 2750 quibus
3023 2675 3297 2732 mittebat
3316 2674 3472 2731 hanc
3511 2671 3791 2746 epistolam,

2207 2767 2308 2822 sed
2329 2766 2402 2822 ad
2434 2781 2669 2829 omnem
2694 2782 2923 2831 sexum.
2943 2769 3003 2820 et
3022 2766 3094 2820 ad
3119 2781 3357 2821 omnem
3378 2761 3801 2829 conditionem,et

2204 2854 2355 2910 dixit
2386 2872 2400 2910 :
2424 2877 2453 2905 α
2486 2854 2569 2910 De
2596 2858 2827 2921 emtam,
2855 2876 2888 2905 δ)
2920 2852 3112 2920 idest,
3144 2853 3425 2925 deinceps
3453 2856 3509 2908 et
3530 2852 3712 2923 preter
3725 2845 3802 2901 illa

2207 2959 2335 3014 quae
2369 2943 2641 3016 superius
2673 2943 2986 3014 diximus,«
3014 2943 3245 2998 Fratres
3268 2965 3296 2992 υ
3320 2941 3432 2997 mei
3457 2939 3513 2995 in
3541 2938 3644 2994 title
3666 2940 3714 2992 ct
3738 2931 3804 2988 di-

2206 3030 2474 3098 lectidne,
2498 3036 2555 3086 et
2574 3031 2675 3103 qui
2706 3047 2894 3087 unum
2924 3030 3110 3086 Deum
3139 3031 3374 3089 Patrem
3396 3026 3802 3100 omnipotentem

2207 3120 2497 3177 habemus
2522 3120 2733 3193 (Matth.
2763 3121 2918 3191 xxv),
2939 3142 2971 3170 α
2996 3119 3414 3176 confortamini
3444 3117 3500 3172 in
3534 3114 3744 3175 Domino
3758 3112 3804 3163 et

438 3192 479 3259 λέ
509 3208 822 3267 Cantantes
842 3212 910 3263 vet
930 3206 1252 3279 psallentes
1278 3206 1337 3261 in
1366 3206 1642 3262 cordibus
1670 3205 1881 3262 vestris
1908 3205 2100 3262 Domi-
2127 3192 2174 3260 C
2213 3210 2272 3264 in
2291 3192 2555 3281 potentia
2582 3206 2817 3264 virtutis
2840 3210 2993 3281 ejus.
3027 3207 3256 3264 nNolite
3282 3203 3638 3264 confidentia
3656 3205 3805 3258 vestra

446 3313 543 3355 no.
582 3321 607 3347 ι
645 3297 777 3354 Ideo
807 3295 952 3351 dixit
980 3298 1282 3353 cantantes
1313 3295 1372 3350 in
1400 3294 1678 3351 cordibus
1706 3294 1935 3363 vestris,
1961 3294 2099 3367 quia

447 3386 618 3444 multi
652 3391 792 3442 sunt
840 3384 940 3457 qui
992 3388 1231 3440 cantant
1276 3384 1647 3440 solummodo
1694 3401 1814 3453 ore,
1845 3400 2097 3456 quorum

449 3490 618 3532 mens
643 3490 759 3530 non
783 3474 1097 3530 concordat
1111 3472 1259 3540 voci,
1279 3478 1340 3528 et
1357 3472 1459 3545 qui
1480 3472 1671 3545 magis
1694 3473 2004 3529 attendunt
2024 3473 2096 3529 ad

446 3564 641 3621 sonori
650 3567 828 3619 tatem
840 3561 998 3618 vocis
1013 3566 1076 3619 ut
1086 3561 1335 3618 auditori
1344 3563 1453 3617 bus
1466 3559 1754 3634 placeant,
1770 3577 1947 3633 quam
1964 3574 2099 3618 con-

445 3651 705 3710 siderent
750 3655 945 3707 mente
992 3650 1127 3722 quid
1181 3650 1397 3706 dicant.
1440 3649 1531 3704 llli
1577 3666 1711 3705 vero
1758 3653 1997 3705 cantant
2036 3650 2097 3706 in

445 3742 639 3810 corde,
690 3756 943 3814 quorum
995 3756 1164 3795 mens
1210 3738 1524 3794 concordat
1569 3738 1713 3806 voci,
1740 3738 1911 3809 juxta
1951 3737 2097 3794 illud

444 3829 600 3887 beati
650 3828 943 3886 Benedicti
996 3845 1010 3882 :
1051 3828 1148 3884 Sic
1197 3832 1422 3882 stemus
1470 3827 1542 3883 ad
1590 3826 1982 3900 psallendum,
2034 3831 2101 3883 ut

444 3934 613 3976 mens
643 3922 843 3975 nostra
872 3917 1186 3973 concordet
1215 3916 1337 3971 voci
1366 3920 1598 3973 nostris.
1738 3930 1749 3937 ‘

517 4032 545 4059 ‹‹
578 4008 805 4065 Gratias
830 4010 1071 4078 agentes
1092 4021 1324 4077 semper
1345 4021 1448 4077 pro
1468 4005 1747 4065 omnibus
1768 4005 1826 4061 in
1863 4006 2099 4065 nomine

344 4143 350 4149 .
444 4120 473 4148 «
496 4095 728 4154 Domini
751 4093 936 4151 nostri
956 4094 1098 4150 Jesn
1114 4093 1332 4149 Christi
1355 4093 1471 4150 Deo
1492 4099 1550 4149 et
1570 4094 1745 4152 Patri.
1771 4116 1800 4146 »
1836 4095 1944 4151 Pro
1973 4111 2101 4151 om-

447 4186 624 4243 nibus
641 4183 941 4242 benciiciis
962 4183 1134 4239 nobis
1150 4200 1183 4238 a
1204 4183 1320 4239 Deo
1342 4183 1524 4256 gratis
1544 4183 1718 4252 datis,
1741 4182 1831 4239 vel
1858 4201 1960 4256 pro
1980 4198 2100 4240 om-

446 4275 623 4330 nibus
642 4272 939 4345 prosperis
959 4277 1017 4326 et
1038 4272 1301 4329 adversis
1325 4272 1610 4328 debemus
1631 4288 1863 4344 semper
1878 4273 2101 4345 gratias

444 4364 660 4419 referre
682 4367 795 4417 Deo
823 4361 1001 4426 Patri,
1034 4359 1090 4414 id
1116 4364 1227 4426 est,
1258 4360 1375 4414 Deo
1396 4359 1778 4432 omnipotenti
1794 4361 1978 4429 Patri,
1994 4361 2102 4433 qui

441 4450 721 4507 omnibus
750 4447 1035 4504 creaturis
1054 4454 1144 4502 est
1168 4448 1320 4503 Deus
1348 4447 1535 4515 Pater,
1563 4448 1620 4503 id
1649 4453 1758 4517 est,
1790 4454 2019 4507 creator
2042 4456 2102 4506 et

2204 3297 2567 3365 fortitudine,
2582 3297 2843 3370 nequein
2868 3297 3093 3353 meritis
3110 3296 3344 3366 vestris,
3368 3296 3554 3366 neque
3573 3293 3625 3347 in
3646 3290 3806 3362 potel-

2208 3386 2290 3442 tia
2311 3386 2643 3459 principum
2664 3386 2847 3458 hujus
2863 3384 3082 3451 saeculi,
3105 3385 3206 3442 sed
3226 3384 3292 3441 in
3314 3382 3555 3441 Domino
3574 3384 3626 3435 et
3642 3380 3802 3451 poten-

2204 3476 2292 3531 tia
2319 3474 2551 3535 virtutis
2585 3476 2717 3547 ejus
2765 3474 3197 3532 confortamini.
3232 3498 3264 3525 «
3314 3472 3542 3530 Induite
3585 3470 3799 3526 armata-

2206 3580 2332 3620 ram
2364 3562 2488 3618 Dei.
2523 3584 2552 3612 ››

2281 3674 2311 3702 ‹‹
2342 3650 2415 3707 Ut
2444 3648 2682 3722 possitis
2711 3654 2867 3706 stare
2896 3650 3178 3706 adversus
3199 3649 3452 3707 insidias
3476 3642 3691 3703 diaboli.
3710 3662 3733 3691 ιο
3754 3642 3803 3693 in

2207 3740 2317 3796 hoc
2347 3739 2583 3795 nomine
2612 3739 2770 3811 quod
2800 3744 2891 3795 est
2936 3743 3236 3794 armatura
3283 3733 3808 3809 comprehenduntur

2207 3827 2408 3883 omnia
2430 3843 2571 3882 vasa
2599 3825 2827 3894 bellica,
2852 3831 2917 3881 ut
2940 3826 3145 3895 lorica,
3159 3820 3805 3899 galea,scutum,lancel,

2206 3915 2344 3983 tela,
2374 3919 2697 3988 cmteraque
2741 3916 3137 3973 instrumenta
3165 3932 3493 3972 armorum.
3520 3903 3808 3983 Specialiter

2208 4009 2405 4061 autem
2428 4004 2716 4060 debemus
2747 4003 3071 4076 intelligere
3100 4020 3204 4075 per
3225 4007 3584 4060 armaturam
3606 3995 3708 4061 Dei,
3728 3992 3808 4047 Do-

2203 4093 2437 4150 minum
2466 4093 2669 4150 Jesum
2692 4091 3020 4160 Christum,
3053 4093 3224 4163 cujus
3273 4089 3619 4164 protectione
3651 4081 3805 4140 defen-

2208 4183 2431 4238 duntur
2458 4198 2663 4238 omnes
2694 4180 2882 4249 electi,
2908 4186 2966 4238 et
2995 4196 3170 4253 quem
3203 4181 3484 4246 induunt,
3504 4179 3660 4251 juxta
3682 4165 3805 4243 qvod

2208 4270 2365 4327 idem
2395 4269 2708 4344 Apostolus
2739 4269 2883 4326 alias
2923 4269 3065 4326 dicit
3095 4285 3109 4323 :
3145 4293 3172 4320 ‹‹
3202 4269 3503 4341 Quotquot
3532 4266 3587 4321 in
3630 4257 3809 4318 Christo

2209 4360 2488 4434 baptizati
2516 4359 2680 4427 estis,
2712 4358 3010 4415 Christum
3054 4357 3340 4415 induistis
3370 4358 3542 4428 (Rom.
3564 4369 3645 4419 v1;
3669 4346 3810 4406 Galat-

2202 4454 2315 4519 tu).
2345 4474 2375 4503 ι
2411 4450 2577 4504 Tunc
2597 4448 2852 4504 induunt
2877 4445 3042 4503 electi
3057 4446 3381 4514 Christum,
3415 4442 3637 4519 quando
3661 4436 3808 4492 virtu-

445 4539 734 4630 tactor._Etr
752 4535 1091 4630 quomodo?
1120 4540 1185 4630 in
1218 4537 1469 4630 nomine
1484 4536 1727 4630 Domini
1748 4537 1929 4594 nostri
1961 4539 2100 4597 Jesu
2128 4560 2182 4630 Β
2209 4543 2298 4594 tes
2324 4554 2455 4611 quae
2476 4537 2537 4593 in
2556 4536 2971 4630 Christo‘sunt,
2990 4553 3099 4630 per
3123 4536 3489 4630 adjutorium
3510 4530 3655 4630 illini

444 4626 683 4696 Christi,
707 4606 966 4680 dicentes
987 4625 1042 4679 ei
1066 4640 1080 4680 :
1108 4624 1338 4681 Gratias
1368 4624 1474 4681 tibi
1504 4626 1834 4696 referimus,
1858 4627 2102 4685 Domine
2128 4606 2181 4630 ν
2212 4606 2399 4683 munt.
2419 4626 2582 4690 Quod
2613 4642 2749 4699 ergo
2769 4624 2948 4681 dicit:
2980 4606 3213 4681 induite
3243 4629 3602 4682 armaturam
3621 4606 3814 4680 Βοῌδθ

447 4721 647 4773 sancte
680 4716 867 4782 Pater,
900 4714 1002 4786 qui
1037 4731 1143 4770 nos
1175 4729 1277 4786 per
1305 4713 1515 4771 Filium
1539 4718 1707 4771 tuum
1730 4716 1916 4773 fecisti
1933 4719 1992 4773 et
2012 4734 2099 4774 re-

446 4804 684 4862 demisti
703 4810 762 4862 et
787 4805 937 4861 viam
971 4804 1172 4877 patriae
1191 4803 1443 4860 scelestis
1469 4804 1772 4877 aperuisti.
1800 4806 2017 4862 Etideo
2037 4807 2100 4862 in

447 4896 683 4951 nomine
715 4894 944 4950 Domini
976 4891 1160 4949 nostri
1202 4894 1341 4949 .lesu
1373 4892 1588 4948 Christi
1616 4894 1840 4966 gratias
1886 4895 2101 4951 referre

444 4984 730 5041 debemus
761 4983 876 5038 Deo
903 4982 1077 5051 Patri,
1097 4981 1238 5054 quia
1262 4999 1366 5054 per
1386 4981 1550 5039 illum
1571 4982 1671 5054 qui
1693 4982 1979 5039 mediator
1997 5001 2100 5039 no-

448 5076 569 5131 ster
583 5076 691 5138 est,
709 5087 911 5143 preces
919 5076 978 5126 et
997 5071 1286 5128 sacriﬁcia
1308 5074 1506 5128 nostra
1522 5070 1823 5128 oderimus
1840 5076 1901 5128 et
1912 5076 2104 5129 trans-

451 5159 846 5217 mittimus‘ad
882 5161 1060 5215 Deum
1089 5159 1342 5227 Patrem,
1376 5159 1674 5217 dicentes:
1699 5161 1962 5234 Suspice,
1985 5163 2100 5218 Do-

448 5246 632 5313 mine,
656 5263 860 5319 preces
882 5246 1081 5319 populi
1100 5249 1213 5317 tui,
1238 5265 1343 5321 per
1367 5249 1681 5307 Dominum
1712 5255 1977 5307 nostrum
2005 5252 2099 5307 Je-

454 5350 587 5390 sum
618 5333 911 5389 Christum
947 5334 1156 5390 Filium
1186 5342 1378 5406 tuum,
1411 5336 1512 5408 qui
1538 5342 1757 5407 tecum,
1790 5343 1901 5394 etc.

525 5445 554 5473 ο(
578 5420 848 5492 Subiecti
874 5422 1120 5479 invicem
1150 5424 1210 5479 in
1242 5425 1450 5481 timore
1476 5425 1715 5481 Christi.
1750 5449 1779 5478 ››
1811 5426 1974 5485 Sicut
2002 5444 2101 5484 au-

452 5512 672 5569 ditores
701 5515 759 5568 et
788 5511 1034 5583 subiecti
1062 5512 1188 5568 suis
1220 5513 1725 5585 prislatissubditi
1752 5520 1894 5572 sunt
1920 5533 2102 5572 causa

454 5599 800 5669 obedientio
824 5610 887 5659 et
916 5600 1247 5668 reverentiae
1280 5618 1294 5661 :
1323 5602 1409 5665 sic
1434 5601 1651 5661 dabam
1680 5603 1854 5664 etiam
1874 5605 2099 5681 praelati

2209 4720 2299 4771 est
2318 4731 2386 4770 ac
2405 4715 2455 4770 si
2477 4714 2723 4771 diceret:
2741 4713 2843 4769 Ind
2852 4713 2969 4770 uite
2985 4712 3303 4771 Dominum
3320 4713 3527 4769 Jesum
3542 4702 3812 4764 Christum.

2211 4805 2270 4860 id
2300 4808 2414 4873 est,
2443 4819 2648 4860 omnes
2678 4802 2921 4859 virtutes
2938 4818 3090 4874 quas
3120 4801 3289 4857 scitis
3310 4800 3370 4859 in
3402 4798 3500 4855 illo
3521 4809 3640 4854 esse
3665 4790 3715 4845 in
3735 4797 3812 4839 vos

2210 4894 2513 4951 assumite.
2546 4891 2720 4948 Verbi
2751 4890 2939 4966 gratia
2969 4908 2984 4947 :
3010 4891 3087 4946 Et
3118 4889 3216 4946 ille
3258 4891 3487 4961 justus,
3532 4895 3706 4966 verus.
3732 4886 3810 4966 Ριζ

2210 4983 2621 5051 tiens,castus,
2648 4960 3016 5037 mansuetus.
3046 4960 3399 5051 Appellatur
3416 4988 3598 5050 agnus
3616 4974 3667 5024 et
3683 4960 3813 5020 leoel

2209 5071 2452 5128 vitulus.
2467 5068 2700 5126 Induite
2708 5067 3114 5141 vosjustitiam
3124 5109 3138 5133 ,
3149 5068 3482 5133 veritatem,
3495 5053 3811 5141 patientiae},

2209 5160 2579 5235 cbaritatem,
2638 5139 2989 5224 castitatem,
3051 5154 3586 5237 mansuetudinem.
3656 5139 3816 5200 Εθιοιθ

2209 5265 2418 5322 agnus,
2442 5247 2499 5303 id
2521 5251 2630 5313 est,
2652 5245 2846 5314 mites;
2873 5245 2983 5313 leo,
3004 5245 3183 5303 fortes
3202 5244 3264 5302 in
3287 5244 3425 5313 ﬁde,
3452 5242 3513 5299 in
3544 5239 3682 5295 bono
3705 5239 3813 5322 οβ’

2210 5316 2276 5395 re
2308 5342 2512 5394 contra
2541 5334 2864 5392 diabolum.
2883 5335 3158 5391 Estoteet
3185 5332 3435 5398 vitulus,
3446 5316 3817 5414 modiﬁcari?

2205 5427 2449 5484 vosmeti
2458 5443 2595 5499 psos
2613 5441 2747 5481 cum
2762 5424 2922 5481 vitiis
2934 5428 2996 5482 et
3011 5420 3529 5496 concupiscentiis,
3542 5419 3605 5473 ut
3616 5405 3816 5499 possitis

2205 5520 2360 5575 stare
2388 5488 2670 5572 adversus
2699 5513 2945 5570 insidias
2965 5488 3438 5571 diaboli.-Multis
3474 5504 3623 5565 enim
3651 5488 3812 5588 ωοςιξε

2207 5606 2518 5666 insidiatur
2543 5603 2719 5662 nobis
2747 5601 3039 5663 diabolus.
3064 5601 3328 5679 Denique
3358 5594 3660 5658 insidiatur
3674 5581 3818 5645 nobil
