4060 6178
313 328 524 412 809.

1517 305 1873 392 liOMILIfE
1914 329 1993 390 IN
2041 329 2212 392 EPP.
2259 329 2514 392 PAULI.

3600 337 3720 399 810

309 477 414 533 per
442 459 628 517 malas
665 460 1109 534 suggestiones._
1127 459 1441 528 Insidiatur
1467 476 1570 532 per
1598 459 1739 515 vitia
1769 461 1959 515 carnis
1989 463 2042 526 Α
2071 461 2295 517 tudinis
2324 461 2380 516 in
2399 461 2669 534 paradiso
2696 463 2795 519 Dei
2832 462 2990 519 fuisti
3011 462 3220 536 (Ezech.
3239 465 3456 537 xxvm),
3479 489 3506 518 ν
3531 471 3588 524 et
3611 486 3717 526 cae-

311 553 544 618 nostraz,
575 553 632 603 et
663 547 1272 605 incentiva‘malarum
1301 547 1775 603 delectationum.
1810 547 1954 603 Insi-

304 639 504 695 diatur
531 653 634 710 per
663 637 967 693 ministros
998 654 1136 692 suos
1162 642 1226 691 ut
1251 653 1354 709 per
1373 636 1674 691 haereticos
1696 641 1752 691 et
1777 636 1956 691 falsos

300 727 512 784 fratres
541 732 716 799 atque
746 743 1026 800 paganos.
1059 727 1168 782 Sed
1197 730 1399 782 contra
1428 725 1535 781 hos
1566 743 1659 780 om
1671 741 1769 780 nes
1789 725 1958 780 debe-

300 833 437 880 mus
469 833 575 879 nos
616 815 861 871 viriliter
909 820 1289 887 pugnare,,ut
1327 814 1624 888 possimus
1655 828 1954 886 superare.

297 904 544 962 Poterat,
572 903 785 978 aliquis
831 904 1071 959 dicere:
1115 903 1160 959 Ο
1204 903 1400 971 Paule,
1460 919 1638 975 quare
1687 901 1954 975 praecipis

297 1010 536 1059 omnem
569 997 926 1052 armaturam
963 992 1060 1049 Dei
1105 992 1392 1049 induere?
1423 993 1501 1048 Ad
1533 991 1654 1047 haec
1686 991 1782 1048 ille
1813 992 1952 1060 sub-

287 1084 494 1156 jungit
530 1100 542 1138 :

373 1196 400 1221 «
435 1171 580 1235 Quia
610 1188 725 1226 non
755 1175 844 1227 est
873 1171 1064 1238 nobis,
1092 1193 1119 1219 »
1141 1170 1472 1244 inquiens,«
1504 1169 1836 1226 colluctatio
1860 1170 1955 1224 ad-

301 1285 327 1311 ‹‹
363 1277 567 1316 versus
597 1276 844 1319 carnem.
867 1264 925 1316 et
955 1259 1331 1332 sanguinem,
1358 1260 1459 1316 sed
1493 1259 1770 1314 adversus
1793 1257 1951 1330 prin-

301 1373 328 1399 α
353 1349 511 1422 cipes
524 1353 581 1404 et
596 1353 931 1421 potestates,
953 1372 980 1398 »
1005 1353 1112 1405 etc.
1138 1350 1382 1404 Carnem
1408 1352 1462 1404 et
1487 1347 1832 1420 sanguinem
1852 1363 1952 1418 ap-

299 1437 794 1510 pellatApostolus
807 1437 917 1496 isto
930 1437 1054 1494 loco
1069 1454 1271 1494 omnes
1283 1436 1955 1509 homines,quiconstant

295 1544 364 1583 ex
385 1545 557 1584 carne
583 1531 638 1584 et
654 1527 962 1600 sanguine,
987 1545 1020 1582 a
1037 1527 1251 1599 quibus
1276 1526 1639 1599 plerumque,
1670 1525 1952 1580 suadente

293 1616 547 1685 diabolo,
579 1617 1035 1690 impugnamur:
1063 1621 1118 1671 et
1147 1616 1308 1682 dicit,
1343 1615 1480 1688 quia
1512 1632 1626 1670 non
1663 1618 1750 1670 est
1782 1614 1952 1670 nobis

289 1705 645 1773 colluctatio,
671 1706 729 1760 id
753 1709 841 1760 est
859 1722 1075 1779 pugna,
1101 1709 1381 1760 adversus
1402 1704 1533 1759 illos
1556 1703 1947 1771 solummodo,

287 1797 390 1852 sed
403 1795 686 1852 adversus
702 1795 1016 1861 daemones,
1035 1795 1131 1866 qui
1156 1793 1562 1866 principantur
1576 1792 1747 1848 malis
1767 1791 1950 1846 homi-

287 1885 484 1941 nibus.
517 1888 574 1940 et
601 1887 951 1956 potestatem
983 1883 1304 1939 exercendo
1337 1899 1514 1955 super
1541 1881 1692 1946 illos,
1737 1885 1950 1953 regunt

293 1972 429 2029 illos
452 1972 647 2046 potius
671 1973 743 2028 ad
767 1972 988 2028 malum
1013 1990 1192 2045 quam
1224 1973 1296 2027 ad
1327 1973 1568 2028 bonum.
1599 1971 1834 2044 Ipsique
1859 1987 1953 2042 ap—

292 2062 588 2136 pellantur
613 2062 920 2135 spiritalia,
947 2061 1232 2117 subaudis
1261 2061 1568 2128 daemonia,
1595 2059 1874 2132 nequitia,
1894 2058 1952 2113 id

294 2157 384 2208 est
433 2151 682 2218 malitia,
712 2151 810 2223 qui
861 2155 1174 2208 morantur
1219 2150 1276 2205 in
1328 2150 1436 2205 hoc
1479 2165 1608 2205 aere
1648 2149 1797 2221 (Luc.
1832 2149 1952 2216 xu).

294 2240 524 2306 Caelum
543 2241 795 2314 denique
825 2239 1156 2314 appellatur
1185 2257 1283 2296 aer
1314 2239 1373 2294 in
1413 2237 1730 2311 Scripturis
1752 2237 1956 2292 sacris.

294 2331 459 2388 Unde
488 2336 545 2388 et
574 2348 706 2387 aves
725 2330 850 2386 coeli
879 2330 1174 2388 dicuntur.
1204 2329 1332 2396 Qui,
1358 2334 1424 2384 ut
1448 2327 1780 2400 philosophi
1805 2327 1960 2381 dixe-

295 2425 457 2489 runt,
488 2425 544 2477 et
574 2421 839 2476 doctores
857 2419 1040 2475 nostri
1063 2418 1489 2492 opinantur,ita
1514 2416 1723 2489 plenus
1746 2420 1836 2472 est
1853 2417 1961 2471 dae-

295 2511 572 2574 monibus
589 2513 646 2564 et
665 2508 940 2581 malignis
957 2506 1460 2581 spiritibus,sicuti
1478 2506 1676 2561 radius
1699 2505 1838 2561 solis
1855 2508 1963 2562 mi-

296 2599 634 2656 nutissimis
657 2598 894 2654 atomis.
920 2598 1134 2654 Contra
1153 2597 1260 2653 hos
1278 2602 1538 2668 ergotam
1571 2597 1958 2669 pugnandum

292 2693 386 2750 est
402 2689 588 2756 nobis,
609 2705 786 2761 quam
808 2687 982 2743 etiam
1011 2691 1217 2746 contra
1244 2687 1514 2745 homines
1537 2688 1870 2741 constantes
1891 2702 1958 2740 ex

288 2795 466 2835 carne
496 2782 553 2834 et
583 2777 892 2850 sanguine,
927 2776 1066 2849 quia
1096 2775 1383 2848 quidquid
1415 2773 1555 2829 mali
1594 2779 1799 2828 contra
1848 2790 1956 2828 nos

293 2868 562 2924 homines
594 2865 1027 2932 machinantur,
1063 2865 1134 2920 ab
1166 2864 1280 2920 illis
1303 2864 1658 2936 suggeritur.
1683 2863 1753 2917 Et
1775 2861 1824 2918 si
1860 2879 1955 2918 su-

293 2955 690 3029 peraverimus
712 2953 842 3010 illos
865 2954 965 3026 qui
987 2957 1127 3010 sunt
1147 2951 1442 3025 principes
1456 2951 1718 3018 malitiae,
1739 2955 1794 3006 et
1817 2967 1955 3023 quo-

294 3062 430 3100 rum
446 3043 885 3100 instinctuvitia
900 3042 1092 3098 carnis
1116 3046 1328 3097 nostra:
1347 3045 1548 3098 contra
1565 3057 1671 3096 nos
1689 3040 1950 3107 saeviunt,

295 3139 444 3198 tunc
470 3132 644 3188 facile
664 3148 941 3204 superare
970 3121 1296 3203 peterimus
1321 3145 1525 3186 omnes
1559 3129 1861 3184 ministros
1883 3128 1952 3182 il-

2063 552 2188 604 tera
2218 567 2346 622 quae
2377 549 2458 605 ibi
2481 551 2758 607 dicuntur
2778 553 2848 608 de
2880 553 2988 608 hoc
3020 557 3078 609 et
3093 553 3164 608 de
3194 552 3557 626 principibus
3575 556 3718 612 aliai-

2066 654 2194 691 rum
2210 638 2474 710 gentium
2488 633 3714 715 Egyptiorum,Assyriorum,ldumteorum

2063 725 2207 781 Nam
2240 743 2343 799 per
2385 728 2678 801 principes
2721 728 2806 783 illi
2837 731 3132 786 daemones
3163 729 3574 807 intelligun—tur
3601 731 3718 788 illis

2065 815 2338 887 gentibus
2357 817 2669 889 praepositi.
2687 818 3014 874 Sicutenim
3031 819 3442 892 unusquisque
3457 819 3718 896 ﬁdelium

2066 901 2240 959 habet
2263 905 2480 960 bonum
2505 906 2780 978 angelum
2805 907 3136 981 delegatum
3160 909 3232 963 ad
3256 905 3582 966 custodiam
3601 909 3714 979 sui,

2064 991 2146 1047 ita
2174 997 2229 1047 et
2251 994 2464 1066 pagani
2495 994 2714 1050 habent
2740 994 2926 1052 malos
2959 995 3218 1069 angelos,
3252 997 3352 1069 qui
3383 998 3468 1054 eis
3497 999 3716 1074 princi-

2063 1086 2280 1153 pantur
2294 1083 2679 1155 permissione
2699 1083 2818 1140 Dei.
2845 1085 2910 1138 Et
2931 1085 3082 1140 sicut
3102 1085 3345 1143 Michael
3368 1087 3715 1159 praepositus

2062 1173 2152 1226 est
2176 1171 2331 1244 genti
2362 1172 2723 1239 Judazorum,
2756 1173 2826 1228 de
2851 1190 2965 1244 quo
2996 1174 3247 1231 dicitur:
3275 1197 3303 1225 ‹‹
3335 1176 3404 1230 Et
3435 1193 3605 1231 nemo
3626 1180 3715 1232 est

2063 1259 2206 1315 mihi
2240 1261 2332 1332 adj
2343 1265 2492 1326 utor,
2514 1261 2627 1316 nisi
2647 1261 2890 1318 Michael
2912 1262 3180 1336 princeps
3204 1265 3565 1337 noster(Dan.
3584 1265 3665 1336 x),
3682 1287 3711 1314 »

2062 1348 2142 1404 ita
2172 1348 2388 1404 habent
2418 1354 2476 1405 et
2506 1354 2708 1424 gentes
2732 1351 2788 1405 in
2822 1351 3163 1408 inﬁdelitate
3190 1357 3494 1410 manentes
3525 1353 3712 1412 malos

2061 1437 2374 1510 principes.
2399 1438 2675 1495 Dicamus
2693 1441 2900 1497 altius:
2921 1441 3512 1515 Apostolus,repletus
3525 1443 3713 1516 gratia

2061 1527 2181 1595 Dei,
2215 1528 2484 1600 cognovit
2515 1546 2618 1602 per
2638 1530 2920 1602 Spiritum
2946 1532 3386 1604 sanctum,quia
3402 1532 3553 1588 sicut
3573 1533 3710 1589 boni

2059 1632 2225 1689 reges
2256 1617 2650 1674 Israelitarum
2701 1618 3112 1691 signiﬁcabant
3161 1619 3475 1677 Dominum
3507 1622 3714 1678 Jesum

2057 1706 2375 1775 Christum,
2415 1713 2476 1762 et
2502 1708 2796 1780 principes
2828 1709 2925 1781 qui
2960 1713 3099 1765 sunt
3128 1710 3186 1764 in
3235 1711 3512 1779 Ecclesia,
3551 1711 3710 1768 verbi

2057 1796 2280 1868 gratia:
2311 1796 2504 1869 qualis
2529 1796 2637 1851 fuit
2663 1797 2836 1852 David
2861 1798 2958 1870 qui
2982 1799 3397 1872 interpretatur
3413 1817 3583 1856 manu
3597 1804 3712 1873 for-

2063 1887 2153 1951 tis,
2187 1886 2304 1942 sive
2334 1886 2730 1952 desiderabilis,
2766 1885 2981 1958 aliique
3012 1887 3463 1960 quamplurimi;
3497 1895 3555 1946 et
3593 1890 3709 1946 sic-

2064 1980 2128 2029 ut
2157 1975 2409 2047 populus
2441 1974 2617 2031 Israel
2644 1975 3013 2048 significabat
3041 1976 3324 2048 populum
3347 1979 3712 2036 credentium

2066 2065 2166 2136 qui
2197 2067 2336 2119 sunt
2364 2064 2482 2119 veri
2514 2064 2807 2130 Israelitm,
2841 2064 2924 2120 sic
2954 2065 3092 2120 mali
3139 2081 3302 2138 reges
3333 2070 3390 2122 et
3419 2066 3712 2140 principes

2064 2170 2197 2207 cum
2231 2153 2355 2208 suis
2384 2152 2658 2226 gentibus
2688 2153 2788 2225 qui
2820 2157 3020 2209 contra
3049 2153 3330 2226 populum
3362 2155 3462 2211 Dei
3495 2173 3714 2230 pugna-

2066 2242 2226 2309 bant,
2260 2246 2317 2297 et
2347 2243 2582 2298 fuerunt
2603 2259 2765 2315 reges
2789 2241 3218 2298 Ismaelitarum
3238 2247 3294 2298 et
3322 2244 3713 2302 Idumaeorum

2067 2334 2242 2403 atque
2273 2330 2758 2387 Philisthinorum
2807 2331 3218 2404 significabant
3265 2333 3580 2404 daemones,
3613 2335 3712 2407 qui

2069 2419 2475 2493 principantur
2517 2420 2761 2493 paganis
2811 2424 2866 2476 et
2908 2419 3215 2488 haereticis,
3248 2421 3348 2494 qui
3396 2422 3713 2481 Ecclesium

2073 2509 2166 2566 Dei
2187 2527 2419 2582 semper
2436 2509 2807 2581 impugnant.
2828 2532 2854 2558 «
2875 2510 3185 2582 Propterea
3205 2533 3233 2560 »
3253 2512 3556 2580 subaudis,
3577 2513 3717 2585 quia

2069 2598 2398 2654 colluctatio
2421 2602 2507 2653 est
2529 2599 2699 2654 nobis
2731 2599 3014 2654 adversus
3045 2599 3339 2671 principes
3369 2606 3426 2655 et
3457 2606 3712 2673 potesta-

2066 2692 2176 2754 tes,
2210 2688 2338 2743 ideo
2370 2711 2397 2738 ‹‹
2430 2686 2671 2758 accipite
2703 2690 3065 2742 armaturam
3095 2688 3218 2758 Dei,
3243 2709 3270 2736 ››
3295 2689 3364 2743 de
3395 2705 3512 2760 qua
3541 2707 3713 2762 supe-

2066 2777 2188 2832 rius
2220 2777 2498 2842 diximus,
2533 2775 2590 2831 id
2622 2779 2730 2842 est,
2750 2793 2953 2831 omnes
2984 2776 3282 2843 virtutes,«
3302 2779 3367 2831 ut
3383 2778 3716 2848 possitisre—

2065 2891 2092 2917 ‹‹
2119 2866 2324 2922 sistere
2345 2864 2405 2919 in
2427 2864 2519 2920 die
2542 2863 2715 2931 malo,
2739 2868 2797 2920 et
2825 2863 2884 2920 in
2916 2865 3191 2921 omnibus
3222 2864 3460 2936 perfecti
3481 2868 3654 2933 stare,
3681 2887 3711 2916 »

2062 2955 2120 3010 id
2153 2959 2261 3023 est,
2285 2953 2344 3009 in
2374 2953 2650 3010 omnibus
2677 2953 2972 3025 prosperis
3004 2958 3062 3009 et
3084 2953 3142 3008 in
3165 2953 3422 3010 adversis
3445 2970 3711 3026 perseve-

2064 3061 2192 3099 rare
2224 3042 2377 3098 ﬁrmi
2404 3043 2464 3097 in
2498 3042 2610 3097 ﬁde
2642 3041 2928 3113 bonisque
2959 3041 3253 3114 operibus.
3288 3041 3450 3098 Diem
3485 3043 3708 3100 malum

2061 3131 2314 3204 appellat
2344 3147 2596 3202 praesens
2627 3135 2883 3202 tempus,
2916 3148 3032 3187 non
3063 3133 3215 3203 quod
3258 3148 3361 3204 per
3390 3149 3449 3188 se
3474 3133 3552 3188 sit
3583 3149 3708 3189 ma-

294 3221 450 3289 lius;
481 3221 638 3277 verbi
671 3203 860 3294 gratia
892 3237 904 3274 :
937 3219 1116 3285 Sicut,
1151 3223 1422 3292 superato
1470 3218 1750 3291 principe,
1786 3234 1946 3274 exer-
1978 3203 2020 3270 C
2058 3203 2202 3287 lum,
2236 3221 2335 3275 sed
2367 3219 2507 3290 quia
2551 3219 2737 3274 multa
2765 3219 2920 3275 mala
2966 3219 3026 3274 in
3078 3237 3143 3276 eo
3194 3203 3357 3276 ﬁant.
3390 3221 3492 3277 Vel
3525 3221 3704 3277 etiam

295 3311 454 3367 citus
491 3309 657 3366 facile
688 3309 943 3382 fugatur.
976 3308 1138 3372 Quod
1189 3307 1422 3380 probari
1472 3311 1664 3379 potest
1693 3324 1761 3362 ex
1799 3305 1948 3361 libro

295 3399 527 3469 Judith,
576 3415 692 3471 quo
751 3401 1024 3454 narrante
1081 3397 1387 3464 discimus,
1443 3396 1581 3468 quia
1641 3395 1950 3451 Holoferno

294 3488 567 3562 principe
597 3486 816 3542 militia:
842 3486 1211 3558 interempto,
1247 3484 1560 3541 multitudo
1593 3483 1951 3540 exercituum

290 3579 364 3634 in
393 3578 594 3650 fugam
624 3593 810 3642 versa,
844 3579 900 3631 et
931 3593 964 3631 a
991 3575 1207 3632 Judaais
1238 3579 1328 3630 est
1357 3574 1632 3629 facillime
1680 3577 1955 3646 superata

292 3667 532 3742 (Judith.
556 3670 703 3735 xm).
735 3665 842 3721 Sed
868 3665 1244 3738 quaerendum
1267 3669 1356 3719 est
1378 3664 1669 3736 quomodo
1695 3678 1956 3737 pugnare

295 3755 605 3830 possimus
635 3759 838 3812 contra
866 3755 1160 3810 daemones
1192 3754 1290 3826 qui
1325 3753 1568 3825 spiritus
1599 3757 1780 3809 sunt?
1809 3753 1954 3807 Nam

295 3843 578 3900 omnibus
609 3847 790 3917 patet,
827 3847 1028 3900 contra
1057 3843 1330 3914 spiritum
1353 3842 1534 3903 armis
1557 3841 1958 3897 materialibus

297 3951 423 3989 non
457 3950 626 4006 posse
644 3933 892 4007 pugnari
926 3934 1001 4002 (II
1024 3935 1146 3990 Cor.
1177 3932 1256 4003 x).
1290 3932 1650 4003 Quapropter
1671 3929 1810 4002 quia
1839 3929 1959 4000 spi-

300 4023 458 4079 ritus
488 4026 627 4078 sunt
653 4026 712 4078 et
739 4020 1087 4086 invisibiles,
1121 4037 1358 4077 necesse
1389 4024 1477 4076 est
1508 4023 1572 4074 ut
1601 4036 1762 4074 arma
1793 4018 1962 4091 spiri-

299 4110 493 4168 tualia
523 4114 920 4178 assumantur,
953 4109 1202 4166 virtutes
1237 4109 1498 4186 videlicet
1528 4125 1708 4180 supra
1740 4124 1961 4164 memo-

299 4204 469 4270 rataa,
501 4205 555 4256 et
586 4201 981 4256 detractemus
1025 4216 1090 4256 eo
1141 4199 1337 4267 modo,
1371 4199 1663 4271 quomodo
1711 4195 1963 4270 legimus

297 4289 489 4345 Jacob
509 4289 796 4346 luctatum
822 4305 948 4346 esse
971 4305 1106 4345 cum
1133 4288 1339 4361 angelo
1361 4287 1600 4358 orando,
1615 4285 1961 4358 jejunando,

295 4377 620 4451 vigilando,
650 4377 992 4449 ceterisque
1019 4377 1189 4434 bonis
1220 4376 1497 4448 operibus
1526 4375 1872 4443 insistendo,
1903 4378 1966 4430 ut

297 4466 462 4531 sicut
491 4465 703 4523 meruit
733 4467 804 4522 ab
827 4465 1032 4538 angelo
1056 4469 1259 4522 sancto
1293 4463 1555 4520 benedici
1580 4480 1712 4519 cum
1737 4479 1855 4534 qro
1879 4463 1967 4519 lu-

2057 3310 2211 3365 diem
2246 3307 2468 3364 malum
2501 3307 2642 3364 dicit
2675 3308 3163 3380 diemjudicii,,in
3191 3327 3304 3382 quo
3337 3326 3540 3366 omnes
3563 3309 3702 3366 mali

2061 3398 2516 3453 damnabuntur.
2576 3428 2582 3433 ~

2136 3508 2163 3536 ‹‹
2195 3487 2351 3542 State
2382 3502 2518 3559 ergo
2553 3487 2831 3542 succincti
2864 3487 3098 3543 lumbos
3137 3491 3362 3544 vestros
3406 3489 3464 3544 in
3497 3488 3711 3545 verita-

2068 3600 2088 3625 α
2124 3579 2200 3631 te.
2237 3597 2264 3624 ››
2296 3575 2550 3631 Lumbos
2579 3575 2996 3648 succingimus,
3031 3593 3165 3632 cum
3205 3577 3497 3634 luxuriam
3531 3578 3713 3635 refre-

2064 3682 2297 3720 namus.
2332 3665 2510 3732 State,
2546 3664 2757 3736 inquit,
2792 3665 2850 3720 in
2885 3665 3017 3733 ﬁde,
3053 3665 3109 3720 id
3140 3671 3230 3722 est
3257 3665 3316 3722 in
3349 3668 3499 3723 bono
3521 3685 3716 3740 opere,

2068 3753 2482 3826 restringentes
2505 3752 2739 3809 lumbos
2761 3772 2794 3808 a
2816 3753 3047 3809 luxuria
3069 3755 3166 3809 ubi
3191 3756 3444 3812 maxime
3464 3756 3636 3829 viget,
3661 3761 3720 3812 et

2066 3843 2265 3898 hocin
2296 3843 2537 3898 veritate
2571 3843 2759 3910 facite,
2793 3860 2908 3898 non
2953 3844 3012 3898 in
3049 3845 3352 3901 mendacio
3384 3861 3572 3918 neque
3615 3861 3720 3917 per

2067 3931 2445 4004 hypocrisim,
2478 3948 2582 3986 nec
2613 3935 2677 3986 ut
2704 3930 2938 3986 laudem
2969 3931 3292 3989 humanam
3325 3935 3590 4007 capiatis.
3619 3933 3727 3990 Vel

2069 4019 2128 4075 in
2161 4020 2401 4076 veritate
2432 4019 2591 4085 dicit,
2615 4037 2718 4092 pro
2745 4037 2941 4077 amore
2969 4020 3224 4077 nominis
3247 4021 3480 4091 Christi,
3507 4023 3607 4094 qui
3635 4026 3726 4078 est

2069 4110 2282 4165 veritas
2311 4111 2488 4175 (Joan.
2523 4111 2658 4176 xw).
2693 4131 2720 4157 «
2756 4108 2984 4164 Induite
3011 4108 3252 4165 loricam
3277 4110 3542 4181 justitiae.
3577 4111 3725 4166 »ΗΘ-

2072 4202 2160 4254 cte
2197 4197 2431 4270 justitia
2473 4197 2663 4252 loricae
2713 4201 3106 4270 comparatur,
3157 4197 3296 4270 quia
3341 4197 3494 4253 sicut
3541 4196 3724 4254 lorica

2075 4285 2278 4342 multis
2300 4285 2533 4342 circulis
2553 4287 2898 4354 contexitur,
2930 4286 3014 4341 ita
3026 4286 3260 4357 justitia
3275 4285 3480 4341 multis
3499 4285 3726 4342 virtuti-

2075 4377 2186 4433 bus
2212 4379 2458 4432 constat.
2485 4374 2659 4432 Aliter
2683 4393 2694 4431 :
2719 4374 2959 4432 Justitia
2981 4375 3136 4432 enim
3155 4375 3301 4431 bene
3320 4373 3512 4431 lorica:
3535 4378 3726 4448 potest

2078 4464 2424 4538 comparari,
2451 4465 2591 4537 quia
2616 4465 2767 4520 sicut
2788 4463 2966 4520 lorica
2995 4469 3197 4537 peetus
3219 4465 3430 4534 munit,
3462 4468 3723 4522 ventrem

297 4555 574 4619 cltabatur
602 4555 822 4610 orando
852 4554 1003 4626 (Gen.
1040 4555 1237 4625 xxxu),
1276 4553 1356 4608 ita
1385 4556 1442 4608 et
1491 4569 1595 4608 nos
1628 4554 1962 4642 superando
1996 4578 2041 4642 D
2078 4555 2335 4627 stringit,
2369 4554 2590 4610 femora
2621 4554 2890 4626 protegit,
2923 4553 3004 4609 ita
3024 4553 3258 4625 justitia
3286 4554 3617 4631 superfluas
3639 4571 3730 4610 co-

299 4643 607 4708 diabolum
640 4659 673 4698 a
699 4642 944 4699 Domino
977 4642 1238 4698 benedici
1272 4659 1621 4697 mereamur.
1674 4641 1963 4697 Caeterum
2003 4641 2029 4642 ﬂ
2075 4644 2406 4717 gitationcs,
2441 4661 2569 4715 quae
2617 4642 2676 4698 in
2731 4647 2960 4715 pectore
2989 4643 3206 4699 versari
3237 4643 3441 4712 solent,
3476 4641 3725 4716 repellit,

299 4732 489 4806 quaeri
507 4736 719 4805 potest,
742 4731 841 4787 ubi
869 4732 1156 4804 acceperit
1175 4730 1488 4804 Apostolus
1510 4734 1574 4785 ut
1594 4731 1887 4786 daemones
1911 4735 1966 4786 et

299 4821 601 4894 malignos
633 4819 900 4893 spiritus,
933 4819 1225 4892 principes
1257 4825 1314 4875 et
1345 4822 1663 4892 potestates
1693 4824 1750 4874 et
1785 4823 1966 4875 recto-

299 4926 402 4965 res
433 4910 806 4966 tenebrarum
836 4909 1052 4965 harum
1083 4907 1420 4981 appellaret,
1445 4907 1503 4962 id
1536 4912 1623 4964 est
1654 4908 1963 4964 hominum

297 4997 657 5068 inﬁdelium,
692 4998 878 5053 Deum
930 4997 1327 5070 ignorantium
1368 5002 1424 5052 et
1471 5001 1864 5069 peccatorum,
1898 4997 1969 5053 de

298 5103 561 5162 quorum
584 5086 908 5142 ministerio
931 5086 1165 5141 fuerant
1194 5084 1278 5140 illi
1297 5086 1620 5158 quondam,
1644 5086 1864 5157 quibus
1886 5086 1969 5142 di-

298 5175 478 5239 cebat
500 5192 512 5230 :
538 5197 566 5224 «
592 5175 806 5232 Fuistis
830 5173 1146 5246 aliquando
1175 5175 1425 5230 tenebrae
1446 5173 1609 5245 (Eph.
1631 5178 1709 5242 v),
1728 5197 1754 5224 ››
1775 5174 1832 5229 id
1855 5179 1964 5242 est,

297 5261 576 5320 inﬁdeles
609 5267 790 5320 Deum
839 5262 1177 5336 ignorantes
1219 5266 1276 5317 et
1308 5266 1660 5334 peccatores.
1697 5264 1781 5318 Ad
1810 5265 1966 5337 quod

293 5353 641 5420 dicendum,
671 5353 825 5425 quod
857 5369 927 5408 ex
958 5351 1108 5408 libro
1141 5351 1393 5408 Danielis
1418 5350 1561 5406 illud
1595 5353 1836 5424 accepit,
1868 5355 1965 5409 ubi

295 5441 557 5514 legitur:
588 5464 616 5492 ‹‹
639 5442 912 5515 Princeps
943 5442 1298 5508 Graecorum,
1331 5445 1388 5496 et
1436 5440 1717 5513 princeps
1768 5442 1968 5500 Persa-

294 5547 440 5604 rum
471 5533 635 5604 IDan.
670 5531 749 5603 x).
806 5554 833 5581 »
887 5531 967 5586 Ex
1011 5530 1160 5586 libro
1211 5547 1444 5603 quoque
1486 5529 1822 5598 Ezechielis,
1869 5532 1970 5588 ubi

291 5619 520 5679 dicitur
547 5621 620 5678 ad
651 5621 984 5696 principem
1009 5620 1144 5694 Tyri
1169 5620 1332 5677 :«Tu
1363 5617 1732 5694 signaculum
1758 5621 1968 5679 simili-

643 5749 912 5816 PATROL.
959 5747 1221 5815 CXVIII.

2078 4732 2396 4806 ingluviem
2422 4732 2640 4788 ventris
2673 4731 2991 4804 restringit,
3015 4731 3302 4788 luxuriam
3323 4749 3554 4805 quoque
3576 4747 3728 4788 com-

2079 4822 2302 4894 primit.

2151 4935 2179 4962 «
2214 4913 2282 4968 Et
2305 4911 2543 4967 calceati
2570 4912 2765 4984 pedes,
2789 4912 3114 4968 nsubaudis
3134 4911 3253 4967 sint
3267 4910 3487 4977 vobis,«
3510 4910 3565 4965 in
3591 4927 3731 4982 pra:-

2080 5022 2108 5049 ‹‹
2134 5002 2433 5072 paratione
2456 4999 2748 5073 Evangelii
2778 5000 2958 5072 pacis.
2988 5023 3014 5049 »
3056 5001 3122 5054 Et
3151 5005 3240 5058 est
3270 5017 3481 5057 sensus
3506 5017 3518 5056 :
3566 4999 3731 5056 Sicut

2081 5089 2176 5145 ille
2219 5089 2319 5162 qui
2351 5088 2634 5145 calceatos
2683 5089 2858 5144 habet
2906 5089 3102 5161 pedes,
3137 5093 3436 5162 serpentes
3485 5089 3728 5162 spernit,

2077 5179 2299 5252 spinas,
2323 5195 2676 5250 omnemque
2699 5176 3071 5249 asperitatem
3094 5177 3195 5233 vis:
3214 5195 3317 5250 pro
3341 5178 3522 5235 nihilo
3545 5177 3728 5235 ducit:

2076 5267 2157 5323 ita
2187 5271 2243 5323 et
2272 5284 2373 5322 vos
2425 5266 2723 5321 diabolum
2776 5269 3103 5338 serpentem
3163 5267 3494 5339 antiquum,
3531 5266 3733 5340 spinas

2079 5373 2334 5428 quoque,
2361 5355 2418 5410 id
2442 5359 2530 5411 est
2559 5353 2862 5426 passiones
2884 5354 3290 5426 punctionum,
3316 5373 3549 5422 omnem
3571 5371 3736 5428 aspe.

2079 5446 2311 5502 ritatem
2345 5445 2524 5516 hujus
2554 5443 2684 5499 vitae
2704 5443 3078 5511 contemnite,
3099 5448 3154 5500 et
3175 5444 3341 5502 liberi
3363 5447 3435 5502 ad
3460 5445 3732 5518 praedica-

2079 5535 2297 5591 tionem
2327 5531 2623 5606 Evangelii
2650 5531 2917 5588 incedite.
2941 5531 3125 5590 Aliter
3151 5549 3165 5590 :
3194 5533 3300 5590 Per
3321 5534 3731 5600 calceamenta,

2080 5641 2206 5703 quae
2238 5640 2308 5682 ex
2333 5622 2583 5681 mortuis
2613 5621 3016 5681 animantibus
3046 5622 3216 5693 ﬁunt,
3251 5623 3534 5680 debemus
3565 5617 3734 5677 intel-

3340 5747 3418 5811 26
