4060 6178
375 314 486 411 an

376 481 555 557 ligare
583 481 739 539 dicta
765 485 822 537 et
841 483 1109 556 exempla
1135 484 1586 556 praecedentium
1618 487 1873 555 patrum.
1897 480 2024 539 Cal-
2056 486 2112 549 Α

376 574 572 629 ceatos
600 586 737 644 ergo
767 571 945 644 pedes
966 572 1274 641 habemus,
1299 582 1433 628 cum
1464 571 1634 629 dictis
1663 577 1721 628 et
1751 570 2033 644 exemplis

376 660 829 733 praecedentium
859 665 1092 734 patrum
1123 661 1357 729 muniti,
1391 661 1580 718 securi
1613 663 1685 718 ad
1716 661 2034 736 praedican-

368 749 523 806 dum
534 749 912 823 Evangelium
929 750 1108 822 pacis,
1125 750 1353 822 quiaibi
1368 751 1701 806 continetur
1719 768 1832 823 pax
1852 766 2032 823 quam

380 837 646 894 Christus
693 837 971 911 apostolis
1021 840 1451 895 commendavit
1483 842 1660 911 (Joan.
1687 840 1822 910 xw),
1865 844 1922 895 et
1972 839 2031 893 in

383 925 662 1000 apostolis
692 926 967 983 omnibus
998 927 1289 995 ﬁdelibus,
1324 929 1411 984 vel
1439 928 1613 985 etiam
1646 929 1785 1001 quia
1815 946 1915 1000 per
1936 928 2033 984 ob-

382 1016 733 1073 servantiam
763 1015 1072 1088 Evangelii,
1107 1033 1402 1073 meremur
1431 1016 1791 1073 reconciliari
1821 1018 1957 1072 Dco.

455 1128 483 1156 ‹‹
507 1104 570 1161 In
593 1103 868 1160 omnibus
890 1128 919 1154 »
945 1104 1160 1177 praaliis
1176 1109 1233 1161 et
1254 1106 1712 1162 certaminibusi<
1734 1109 2033 1161 sumentes

383 1216 412 1244 «
435 1198 669 1249 scutum
691 1192 847 1260 ﬁdei,
863 1193 924 1248 in
948 1211 1062 1266 quo
1084 1194 1325 1266 possitis
1343 1194 1540 1251 omnia
1556 1195 1670 1251 tela
1687 1194 2034 1267 nequissimi

388 1304 408 1331 ι
431 1282 602 1355 ignea
623 1281 1010 1355 exstinguere.
1039 1282 1363 1355 nQuidquid
1411 1284 1633 1341 missile
1671 1288 1760 1340 est
1799 1289 1859 1341 et
1885 1283 2032 1356 jaci-

381 1374 500 1443 tur,
516 1371 700 1427 telum
722 1374 915 1443 potest
929 1371 1235 1445 appellari,
1250 1373 1483 1445 proprie
1503 1377 1698 1430 tamen
1711 1372 1855 1429 illud
1879 1372 2033 1445 quod

380 1458 440 1514 in
463 1459 706 1534 longum
730 1461 1119 1533 protenditur,
1144 1465 1212 1516 ut
1232 1460 1454 1518 lancea.
1479 1463 1625 1518 Nam
1653 1461 1807 1518 telon
1833 1461 2037 1517 dicunt

381 1547 562 1605 Graeci
598 1548 863 1621 longum.
895 1549 1058 1606 Unde
1099 1549 1349 1606 mustela
1391 1551 1607 1606 dicitur
1637 1569 1770 1606 mus
1800 1550 2031 1623 longus.

380 1635 546 1693 Sicut
575 1641 810 1693 scutum
844 1655 906 1693 se
936 1642 1231 1694 tenentem
1256 1639 1525 1712 protegit,
1562 1644 1619 1695 ct
1646 1639 1763 1717 tela
1785 1638 2031 1712 repellit,

377 1726 462 1781 ita
489 1726 634 1782 ﬁdes
663 1725 963 1782 hominem
992 1728 1205 1793 munit,
1231 1732 1288 1782 et
1316 1745 1349 1782 a
1379 1728 1608 1785 diabolo
1632 1727 1851 1800 jaculis
1878 1728 2035 1783 etin-

379 1814 790 1870 festationibus
811 1814 1091 1882 defendit,
1126 1815 1228 1870 illa
1252 1820 1447 1870 tamen
1480 1833 1608 1887 quae
1658 1807 1834 1872 fuerit
1864 1815 2035 1872 bonis

384 1903 662 1974 operibus
692 1903 993 1958 adornata.
1018 1902 1156 1959 Tela
1173 1908 1368 1959 autem
1391 1903 1605 1960 diaboli
1637 1904 1807 1977 ignea
1831 1904 2035 1977 appel-

381 1989 467 2045 lat
477 1991 914 2063 suggestionem
928 2008 1187 2063 pravam,
1204 2008 1319 2064 qua
1333 2010 1438 2048 nos
1454 1992 1775 2049 incendunt
1790 1994 1859 2048 ad
1880 1993 2036 2049 mala

382 2094 558 2151 opera
586 2079 831 2150 agenda,
864 2096 992 2151 quae
1024 2080 1498 2153 exstinguuntur,
1529 2081 1586 2137 id
1619 2087 1710 2137 est
1748 2099 2034 2155 superan-

380 2170 499 2236 tur,
532 2183 634 2239 per
662 2166 936 2223 virtutem
969 2168 1125 2224 ﬁdei.

452 2278 480 2306 «
514 2256 585 2311 Et
612 2255 839 2328 galeam
883 2257 1091 2314 salutis
1133 2259 1439 2315 assumite.
1480 2283 1500 2310 ι
1538 2259 1712 2316 Galea
1758 2260 1816 2315 in
1847 2259 2034 2332 capite

380 2343 622 2417 ponitur
666 2361 794 2416 quae
825 2362 1030 2401 omnes
1078 2364 1288 2404 sensus
1321 2348 1578 2421 corporis
1620 2349 1834 2413 munit,
1856 2348 1914 2404 id
1945 2352 2035 2405 est

380 2433 661 2506 protegit:
695 2433 887 2489 visum
907 2434 1171 2492 videlicet
1193 2437 1250 2491 in
1276 2436 1482 2505 oculis,
1509 2438 1779 2492 auditum
1802 2437 1861 2492 in
1883 2437 2034 2493 auri-

378 2521 513 2588 bus,
533 2513 771 2595 gustum
800 2523 858 2577 in
884 2540 1002 2592 ore,
1029 2523 1309 2581 olfactum
1332 2525 1390 2581 in
1416 2525 1680 2594 naribus,
1718 2530 1938 2582 tactum
1974 2526 2031 2580 in

372 2613 494 2666 toto
522 2610 731 2683 capite.
765 2612 913 2675 Quid
944 2629 1081 2686 ergo
1112 2614 1394 2671 debemus
1440 2615 1764 2688 intelligere
1795 2632 1898 2687 per
1928 2632 2029 2687 ga-

375 2697 552 2767 leam,
574 2715 724 2771 quae,
742 2705 807 2755 ut
824 2699 1098 2771 diximus,
1116 2720 1320 2759 omnes
1341 2720 1551 2761 sensus
1573 2704 1831 2776 corporis
1849 2709 2034 2777 prote-

376 2787 818 2861 gitPDominum
837 2793 1102 2846 nostrum
1121 2791 1323 2848 Jesum
1337 2792 1632 2849 Christum
1657 2798 1712 2848 et
1728 2793 2034 2865 protectio-

378 2894 513 2940 nem
537 2877 717 2933 illius.
738 2878 846 2935 Per
866 2884 1042 2952 caput
1061 2897 1194 2937 vero
1214 2886 1491 2948 mentem,
1517 2882 1654 2955 quia
1674 2881 1826 2937 sicut
1844 2882 2032 2954 capite

376 2970 662 3038 reguntur
682 2968 971 3039 membra,
993 2967 1075 3024 ita
1089 2969 1472 3042 cogitationes
1488 2975 1682 3027 mente
1703 2970 2030 3043 disponun-

376 3057 494 3111 tur.
517 3059 811 3112 Ponamus
826 3056 1080 3129 igiturin
1095 3058 1301 3130 capite,
1318 3059 1373 3114 id
1391 3064 1480 3114 est
1493 3064 1706 3128 mente,
1722 3059 2028 3131 protectio-

377 3159 512 3199 nem
524 3142 759 3213 Christi,
775 3146 1148 3201 recordemur
1160 3146 1348 3219 ipsius
1362 3147 1417 3202 in
1433 3151 1653 3204 secreto
1668 3147 1881 3203 mentis
1895 3164 2029 3204 nos-

375 3232 865 3304 tra3,habentesin
881 3232 978 3289 illo
994 3218 1265 3291 ﬁduciam
1292 3253 1406 3291 non
1433 3237 1491 3291 in
1520 3236 1879 3309 nosipsos,et
1903 3236 2028 3310 ipse
2059 3218 2100 3284 (ἶ

374 3323 636 3379 tuebitur
666 3339 870 3380 omnes
902 3341 1113 3381 sensus
1144 3330 1397 3391 nostros,
1430 3343 1501 3381 ne
1530 3344 1563 3381 a
1593 3325 1824 3383 diabolo
1863 3326 2031 3382 hoste

373 3412 613 3484 antiquo
665 3412 894 3485 possint
944 3412 1257 3470 vulnerari.
1299 3436 1325 3467 α
1354 3416 1425 3471 Et
1471 3415 1734 3488 gladium
1788 3414 2029 3488 spiritus

377 3521 405 3554 α
434 3501 587 3572 quod
620 3506 709 3557 est
737 3502 974 3558 verbum
1000 3502 1123 3573 Dei,
1154 3520 1180 3553 η
1220 3501 1504 3558 subaudis
1546 3504 1851 3560 assumite.
1889 3503 2028 3560 Gla-

375 3588 512 3644 dius
561 3590 745 3646 sancti
797 3591 1052 3664 Spiritus
1099 3590 1451 3664 intelligitur
1503 3592 1746 3647 verbum
1796 3592 1918 3661 Dei,
1963 3597 2028 3648 ut

366 3678 679 3751 Apostolus
710 3679 791 3735 ait
821 3679 999 3752 (Hebr.
1036 3683 1133 3750 IV),
1165 3680 1225 3735 id
1256 3684 1363 3749 est,
1397 3680 1660 3736 doctrina
1688 3685 1745 3736 et
1781 3680 2025 3738 scientia

367 3766 696 3845 divinarum
715 3768 1148 3840 Scripturarum
1164 3786 1292 3841 quae
1306 3785 1409 3841 per
1422 3769 1702 3841 Spiritum
1723 3770 1893 3825 nobis
1920 3770 2024 3825 tri-

365 3855 650 3912 buuntur.
667 3855 887 3912 Idcirco
907 3860 1103 3912 autem
1121 3857 1353 3930 gladius
1366 3857 1711 3931 appellatur,
1726 3857 2025 3930 quiasicut

372 3943 568 4018 gladio
586 3945 867 4018 fugantur
884 3945 1104 4012 hostes,
1123 3946 1206 4001 ita
1226 3964 1329 4019 per
1353 3947 1765 4020 cogitationem
1797 3947 2021 4003 divina-

368 4049 497 4088 rum
514 4033 975 4106 Scripturarum,
990 4051 1117 4107 quae
1132 4053 1235 4108 per
1254 4035 1533 4107 Spiritum
1558 4041 1831 4093 sanctum
1854 4036 2021 4091 nobis

364 4121 662 4189 tribuitur,
683 4139 1001 4195 possumus
1030 4125 1231 4196 fugare
1254 4141 1459 4180 omnes
1479 4124 1725 4180 insidias
1746 4129 1802 4180 et
1824 4125 2022 4180 omnia

366 4210 841 4267 machinamenta
864 4210 1106 4279 diaboli,
1126 4213 1451 4284 appetendo
1475 4229 1601 4285 quae
1619 4212 1914 4285 Scriptura
1934 4229 2021 4268 sa-

366 4314 467 4355 cra
494 4300 681 4368 docet,
727 4303 786 4355 et
814 4300 1048 4355 vitando
1081 4317 1209 4371 quae
1260 4300 1548 4371 prohibet.
1582 4302 1653 4356 Et
1682 4318 1798 4357 non
1825 4301 2017 4358 solum

365 4387 660 4444 daemones
682 4404 784 4458 per
798 4388 928 4459 ejus
945 4387 1337 4459 cognitionem
1353 4393 1408 4444 et
1424 4390 1780 4461 adjutorium
1808 4407 2014 4462 possu-

365 4489 501 4530 mus
521 4490 817 4547 superare,
841 4476 942 4531 sed
966 4476 1144 4532 etiam
1168 4478 1510 4534 auctoritate
1534 4478 1694 4535 illius
1715 4479 2015 4535 haereticos

363 4562 723 4631 convincere,
757 4568 813 4619 et
842 4581 1097 4621 errorem
1121 4564 1356 4621 illorum
1387 4566 1709 4623 destruere.

432 4675 463 4704 «
495 4652 712 4722 Gratia,
743 4671 770 4704 ιο
811 4653 868 4709 id
901 4658 992 4709 est
1023 4653 1169 4710 ﬁdes
1198 4658 1256 4709 et
1296 4653 1563 4710 remissio
1616 4660 2009 4727 peccatorum,

360 4764 389 4793 ‹‹
423 4742 499 4798 sit
544 4740 604 4797 in
656 4740 1113 4815 incorruptione,
1159 4764 1187 4793 ››
1228 4742 1287 4797 id
1342 4746 1431 4799 est
1476 4742 1809 4816 integritate
1856 4744 2012 4811 ﬁdei,

345 4837 387 4880 ’‹‹
421 4848 556 4887 cum
578 4831 854 4888 omnibus
880 4820 979 4905 qui
1004 4830 1258 4904 diligunt
1280 4831 1595 4888 Dominum
1625 4833 1827 4889 Jesum
1850 4832 2012 4888 Chri-

364 4938 387 4967 ι
422 4925 601 4975 stum.
640 4944 660 4969 ι
694 4920 797 4976 Vel
830 4920 997 4977 aliter
1027 4937 1046 4974 :
1076 4921 1294 4985 Gratia,
1324 4921 1380 4975 id
1415 4926 1505 4976 est
1548 4922 1711 4987 ﬁdes,
1745 4920 2011 4977 remissio

358 5011 752 5077 peccatorum,
801 5010 1072 5077 societas,
1116 5013 1352 5077 aeterna,
1385 5011 1505 5065 sint
1555 5026 1687 5064 cum
1734 5010 2010 5066 omnibus

358 5094 579 5149 sanctis
609 5095 667 5149 in
700 5096 1156 5170 incorruptioue,
1192 5097 1301 5153 hoc
1346 5102 1435 5153 est
1482 5098 1538 5152 in
1588 5097 2009 5153 resurrectione

357 5180 638 5253 generali,
657 5184 755 5238 ubi
779 5202 983 5241 omnes
1014 5186 1301 5259 accipient
1320 5184 1485 5240 electi
1512 5186 2009 5258 incorruptionem

354 5272 413 5326 et
452 5268 953 5328 immortalitatem
986 5273 1043 5328 in
1076 5291 1332 5347 corpore,
1366 5278 1422 5329 et
1450 5275 2010 5330 incommutabilita-

354 5360 475 5414 tem
529 5357 588 5413 in
645 5358 843 5416 anima
871 5362 918 5432 (1
947 5363 1069 5419 Cor.
1115 5364 1227 5431 1w),
1281 5362 1571 5435 fulgentes
1609 5362 1761 5419 sicut
1811 5364 1897 5420 sol
1946 5364 2005 5419 in

354 5461 534 5520 regno
562 5447 748 5522 patris
777 5449 870 5504 sui
900 5449 1110 5515 (Matth.
1151 5451 1272 5512 xui)
1301 5468 1313 5507 :
1368 5468 1501 5508 cum
1551 5469 1666 5528 quo
1717 5451 1912 5509 felices
1945 5453 2004 5509 in

354 5536 569 5610 saecula
598 5535 942 5600 saeculorum
975 5538 1314 5600 manebunt.

939 351 1344 414 HAYMONIS
1392 350 1932 413 HALBEIISTAT.
1982 348 2225 412 EPISC.
2261 349 2431 411 OPP.
2482 351 2679 413 PARS
2722 351 2795 412 ΙΙ.
2835 385 2913 396 -
2953 350 3223 413 HOMIL.

3669 348 3778 411 812

2650 472 2655 479 ’
2752 482 3059 540 HOMILIA
3087 482 3180 540 IV.

2262 607 2542 646 DOMINICA
2581 606 2849 647 VIGESIMA
2878 607 3137 647 SECUNDA
3174 607 3314 647 POST
3348 605 3687 647 ΤΒΙΝῙΤΑΤῘΒ.

2212 748 2455 818 (Pnrup.
2490 750 2583 821 1.):
2609 750 2862 819 Fratres,
2888 750 3242 819 conﬁdimus
3261 750 3320 807 in
3354 750 3603 806 Domino
3626 749 3781 817 Jesu,

2144 860 2171 888 ‹‹
2205 838 2342 910 quia
2375 838 2473 911 qui
2507 838 2681 911 coepit
2728 839 2788 893 in
2849 839 3019 894 nobis
3068 855 3217 911 opus
3261 838 3507 905 bonum,
3536 836 3788 911 perﬁciet

2145 949 2174 978 «
2206 944 2394 999 usque
2424 928 2484 983 in
2515 928 2668 983 diem
2699 928 2842 984 Jesu
2869 926 3103 983 Christi.
3129 949 3158 978 »
3183 926 3474 993 Christus,
3503 925 3609 999 qui
3637 926 3789 982 dedit

2143 1016 2313 1073 nobis
2342 1017 2577 1073 initium
2610 1016 2743 1072 ﬁdei
2777 1020 2834 1073 et
2863 1017 3026 1073 bona:
3056 1014 3715 1085 conversationis,dabit
3732 1018 3782 1071 et

2142 1105 2635 1178 perseverantiam
2666 1121 2853 1178 usque
2892 1104 2952 1160 in
2998 1105 3152 1162 diem
3185 1104 3391 1161 mortis
3440 1108 3677 1169 nostra,
3707 1102 3786 1159 vel

2143 1210 2331 1266 usque
2362 1195 2433 1249 ad
2466 1193 2619 1249 diem
2644 1192 2852 1265 judicii
2884 1209 2988 1265 per
3017 1192 3470 1250 successionem.

2217 1306 2244 1332 ‹‹
2280 1283 2445 1338 Sicut
2464 1284 2697 1354 justum
2729 1287 2820 1338 est
2837 1281 2982 1338 mihi
3010 1280 3121 1338 hoc
3150 1281 3366 1338 sentire
3393 1297 3499 1354 pro
3516 1279 3785 1336 omnibus

2145 1396 2171 1422 «
2206 1371 2388 1437 vobis,
2424 1395 2452 1422 »
2482 1372 2540 1426 id
2572 1375 2679 1440 est,
2699 1372 2933 1442 justum
2953 1376 3043 1427 est
3070 1369 3216 1426 mihi
3248 1370 3359 1426 hoc
3379 1368 3705 1442 intelligere
3724 1370 3789 1425 de

2142 1461 2326 1527 vobis,
2351 1461 2489 1532 quia
2512 1459 2930 1534 permanebitis
2953 1459 3011 1515 in
3044 1460 3158 1516 ﬁde
3187 1459 3424 1526 Christi,
3447 1461 3505 1515 et
3533 1456 3666 1514 ideo
3696 1459 3785 1513 de-

2144 1550 2251 1605 beo
2282 1550 2555 1622 gaudere.
2595 1571 2624 1603 σ
2653 1550 2733 1606 Eo
2764 1550 2918 1622 quod
2950 1548 3199 1605 habeam
3223 1565 3329 1605 vos
3357 1548 3419 1603 in
3448 1547 3624 1603 corde
3652 1552 3709 1603 et
3734 1547 3787 1603 in

2148 1661 2176 1689 «
2205 1638 2455 1695 vinculis
2486 1638 2653 1707 meis,
2694 1662 2720 1689 »
2753 1639 2813 1694 id
2842 1642 2933 1695 est
2969 1638 3146 1695 vestri
3195 1636 3560 1704 reminiscor,
3593 1659 3623 1686 «
3655 1635 3786 1691 etin

2145 1750 2173 1777 «
2208 1728 2545 1784 defensione
2580 1732 2637 1783 et
2665 1727 2725 1783 in
2765 1726 3208 1784 conﬁrmatione
3255 1724 3573 1799 Evangelii,
3607 1724 3785 1782 socios

2151 1836 2173 1866 ε
2207 1816 2407 1889 gaudii
2438 1816 2572 1884 mei,
2611 1838 2638 1865 »
2670 1816 2724 1871 id
2779 1820 2868 1872 est
2898 1814 3306 1887 promissionis
3362 1817 3592 1869 aeternae
3639 1813 3785 1870 vita.

2145 1905 2343 1962 Multis
2364 1904 2554 1961 modis
2565 1908 2760 1960 autem
2774 1904 3116 1960 defendebat
3129 1908 3188 1959 et
3212 1902 3601 1959 conﬁrmabat
3621 1902 3786 1957 Evan-

2141 1993 2381 2065 gelium,
2409 1993 2673 2048 videlicet
2704 1995 2855 2048 recte
2872 1991 3179 2061 medendo,
3187 1993 3350 2063 juste
3365 1990 3784 2059 vivendo,‘bene

2143 2082 2424 2137 docendo.
2440 2081 3043 2153 Defendebatquoque
3062 2084 3119 2135 et
3130 2079 3515 2135 conﬁrmabat
3528 2082 3783 2135 sanctam

2143 2186 2270 2226 esse
2301 2170 2623 2226 doctrinam
2654 2168 2973 2243 Evangelii,
3006 2170 3147 2224 dum
3184 2154 3470 2224 dicebant
3499 2167 3553 2224 ei
3586 2184 3601 2222 :
3636 2168 3785 2240 Nega

2143 2258 2441 2315 Christum
2473 2263 2529 2314 et
2549 2258 2734 2331 abjice
2756 2258 3080 2315 doctrinam
3099 2255 3298 2325 istam,
3317 2256 3553 2330 erisque
3580 2256 3785 2312 ﬂorens

2144 2365 2356 2422 magno
2386 2348 2605 2404 honore
2627 2349 2685 2403 in
2708 2345 2924 2419 palatio
2946 2363 3096 2414 meo,
3121 2351 3178 2401 et
3206 2344 3303 2402 ille
3335 2345 3524 2418 magis
3545 2344 3784 2417 eligebat

2142 2438 2213 2493 ab
2244 2436 2344 2491 illo
2394 2435 2696 2510 ﬂagellari,
2738 2439 2794 2492 et
2836 2436 2896 2491 in
2928 2433 3179 2492 vinculis
3227 2434 3498 2507 astringi,
3531 2450 3708 2506 quam
3736 2431 3781 2489 ei

2142 2525 2490 2590 consentire,
2504 2530 2644 2581 tunc
2659 2525 3007 2581 defendebat
3024 2523 3424 2596 Evangelium.
3445 2524 3515 2579 Et
3534 2522 3781 2578 videntes

2142 2612 2239 2669 alii
2272 2614 2403 2681 hoc,
2428 2613 2885 2669 dicebant:Vere
2909 2612 3023 2669 nisi
3046 2617 3201 2669 esset
3220 2612 3484 2669 doctrina
3504 2611 3620 2667 ista
3636 2627 3777 2678 vera,

2140 2707 2198 2758 et
2229 2702 2340 2758 nisi
2372 2707 2527 2758 esset
2558 2703 2824 2758 Christus
2856 2702 2958 2757 Dei
2991 2702 3172 2758 Filius
3191 2718 3385 2768 verus,
3418 2715 3780 2773 nequaquam

2140 2791 2355 2847 Paulus
2377 2791 2518 2846 talia
2538 2809 2641 2864 pro
2663 2792 2792 2863 ejus
2813 2791 3051 2846 nomine
3066 2791 3404 2846 sustineret.
3430 2789 3648 2845 Omnes
3667 2805 3778 2858 vos,

2140 2879 2425 2936 subaudis
2454 2879 2582 2936 volo
2612 2896 2760 2947 esse,
2793 2880 2852 2935 id
2885 2883 2974 2935 est
3002 2884 3160 2945 orto,
3194 2883 3262 2933 ut
3291 2877 3444 2934 sicut
3475 2878 3619 2933 estis
3650 2876 3779 2933 socii

2140 2969 2199 3024 in
2232 2967 2428 3024 labore
2459 2968 2909 3041 praedicationis,
2942 2968 3025 3024 ita
3055 2967 3186 3024 sitis
3214 2967 3352 3024 etin
3379 2965 3782 3041 remuneratio-

2140 3076 2232 3114 ne.
2254 3058 2486 3137 Poterat
2520 3059 2673 3113 enim
2712 3057 2926 3130 aliquis
2950 3056 3156 3113 dicere.
3179 3055 3327 3112 Vere
3345 3054 3621 3111 circuitor
3645 3054 3779 3109 Pau-

2143 3146 2237 3203 lus
2259 3147 2488 3215 mundi,
2510 3147 2811 3214 verbosus,
2838 3162 3026 3219 neque
3054 3144 3246 3219 diligit
3290 3162 3416 3200 nos.
3442 3144 3607 3200 Unde
3651 3142 3778 3198 dicit

2139 3234 2210 3291 ad
2243 3234 2365 3290 hazc
2394 3233 2491 3290 ille
2514 3252 2564 3290 :«
2599 3235 2793 3290 Testis
2814 3233 2971 3290 enim
3004 3233 3150 3288 mihi
3181 3237 3273 3288 est
3300 3237 3474 3299 Deus,
3497 3230 3775 3304 quomodo

2141 3347 2169 3375 «
2203 3324 2437 3397 cupiam
2471 3338 2677 3379 omnes
2705 3340 2807 3379 vos
2857 3322 2916 3377 in
2965 3320 3287 3378 visceribus
3317 3320 3533 3377 Christi
3562 3319 3717 3376 Jesu.
3748 3339 3772 3366 ιο

2137 3413 2374 3469 Viscera
2402 3412 2678 3468 dicuntur
2708 3411 2832 3481 ﬁlii,
2865 3416 2923 3467 et
2951 3411 3145 3467 viscus
3178 3409 3415 3478 dicitur,
3448 3422 3771 3483 quanquam

2137 3502 2289 3558 inter
2319 3518 2554 3558 carnem
2585 3504 2693 3570 est,
2726 3499 2854 3556 ideo
2898 3500 3129 3556 duobus
3180 3497 3372 3554 modis
3420 3496 3766 3570 intelligitur.

2135 3590 2334 3663 Cupio,
2368 3591 2580 3663 inquit,
2612 3606 2716 3646 vos
2743 3605 2947 3646 omnes
2982 3588 3134 3645 ﬁlios
3163 3604 3291 3644 esse
3339 3587 3463 3654 Dci,
3495 3585 3584 3642 vel
3615 3584 3771 3658 cupio

2136 3684 2201 3735 ut
2222 3680 2347 3752 ipse
2378 3679 2454 3735 sit
2483 3678 2773 3751 templum
2804 3681 3084 3746 vestrum,
3120 3680 3177 3733 et
3211 3693 3315 3732 vos
3346 3675 3770 3732 communican-

2133 3773 2220 3824 tes
2252 3767 2476 3840 corpori
2509 3770 2567 3822 et
2594 3765 2866 3840 sanguini
2899 3764 3078 3834 illius,
3113 3765 3399 3821 maneatis
3432 3764 3492 3820 in
3525 3763 3642 3820 illo.

2208 3879 2235 3909 «
2266 3857 2335 3912 Et
2363 3855 2472 3912 hoc
2503 3873 2622 3923 oro,
2652 3860 2716 3911 ut
2746 3854 3003 3911 charitas
3041 3858 3232 3910 vestra
3279 3853 3469 3925 magis
3499 3870 3569 3908 ac
3600 3851 3771 3924 magis

2135 3968 2163 3997 ‹‹
2196 3946 2474 4002 abundet.
2512 3968 2539 3995 »
2562 3945 2725 4001 Sicut
2757 3944 2899 3999 ﬁdes
2921 3944 3097 3999 habet
3120 3942 3377 4011 initium,
3403 3943 3581 3997 habet
3602 3941 3769 3997 incre-

2132 4039 2396 4091 mentum
2428 4039 2485 4090 et
2515 4035 2833 4107 perfectum
2864 4049 2879 4088 :
2915 4032 2997 4087 ita
3024 4037 3081 4088 et
3105 4031 3380 4088 charitas.
3413 4031 3546 4101 Oro,
3570 4029 3773 4102 inquit,

2132 4128 2197 4179 ut
2228 4140 2340 4179 non
2375 4123 2567 4179 solum
2593 4123 2662 4177 ad
2691 4122 2869 4176 Deum
2896 4126 2954 4176 et
2976 4118 3329 4193 proximum,
3357 4120 3458 4175 sed
3482 4117 3555 4173 ad
3592 4115 3772 4173 inimi-

2129 4229 2227 4268 cos
2256 4212 2603 4268 extendatur
2630 4215 2824 4265 vestra
2854 4209 3133 4265 charitas.
3167 4232 3195 4258 ‹‹
3228 4208 3487 4274 Justitia,
3512 4230 3534 4256 ι
3563 4207 3768 4264 subau-

2128 4300 2217 4356 dis
2249 4300 2414 4374 legis,
2451 4322 2478 4350 «
2510 4304 2568 4354 et
2595 4298 2752 4354 omni
2786 4315 2985 4367 sensu,
3018 4318 3045 4351 ιι
3081 4297 3139 4353 id
3171 4302 3263 4354 est
3300 4296 3569 4353 doctrina
3597 4295 3771 4350 Evan-

2124 4388 2280 4461 gelii.

2205 4498 2225 4527 ι
2251 4478 2325 4534 Ut
2353 4479 2612 4551 probetis
2643 4477 2892 4549 potiora,
2930 4499 2957 4527 »
2980 4475 3036 4532 id
3069 4480 3159 4532 est
3186 4473 3527 4548 intelligetis
3558 4472 3772 4544 majora

2045 4586 2091 4651 D
2124 4567 2193 4623 de
2217 4587 2237 4616 ι
2265 4573 2400 4634 Deo,
2417 4571 2479 4622 ut
2501 4566 2628 4623 sitis
2652 4565 2883 4632 sinceri,
2911 4588 2938 4616 ››
2962 4565 3020 4620 id
3042 4569 3131 4621 est
3147 4563 3386 4636 perfecti
3408 4563 3471 4618 in
3494 4562 3606 4618 ﬁde
3628 4564 3691 4651 et
3708 4558 3765 4651 in

2122 4656 2282 4711 omni
2314 4656 2589 4711 bonitate.
2624 4654 2879 4710 Sinceris
2916 4653 3161 4709 materia
3192 4656 3281 4709 est
3309 4652 3560 4725 integra,
3592 4647 3768 4705 solida

2123 4748 2180 4800 et
2211 4745 2398 4810 ﬁrma,
2427 4760 2553 4816 quis
2602 4742 2937 4823 nullius‘rei
2978 4741 3258 4798 varietate
3310 4739 3658 4803 maculatur,
3689 4736 3765 4790 ita

2124 4833 2295 4889 debet
2323 4837 2379 4889 et
2408 4833 2554 4889 ﬁdes
2604 4848 2734 4888 esse
2782 4827 2969 4887 solida
2996 4853 3025 4880 ‹‹
3065 4834 3124 4886 et
3173 4829 3302 4886 sine
3331 4830 3557 4886 oti‘ensa
3593 4828 3649 4881 in
3677 4822 3764 4880 die

2122 4945 2149 4972 ‹‹
2175 4921 2441 4988 Christi,-
2460 4922 2516 4977 id
2541 4925 2631 4977 est
2654 4921 2782 4977 sine
2804 4918 3121 4977 offensione
3138 4919 3195 4974 in
3219 4918 3310 4975 die
3329 4918 3761 4979 mortisvestra,

2118 5009 2206 5065 vel
2239 5010 2332 5065 die
2357 5009 2589 5082 judicii.

2191 5098 2412 5171 Repleti
2453 5099 2643 5154 fructu
2689 5097 2956 5170 justitiaa,
2990 5118 3018 5148 »
3051 5096 3109 5152 id
3142 5101 3253 5164 est,
3284 5100 3342 5152 et
3390 5095 3523 5152 sitis
3568 5086 3758 5165 repleti

2120 5188 2394 5243 omnibus
2445 5187 2783 5254 virtutibus,
2835 5187 2907 5242 de
2954 5186 3171 5260 quibus
3226 5185 3368 5241 dicit
3409 5180 3754 5258 Apostolus:

2119 5298 2145 5326 «
2185 5276 2429 5333 Fructus
2464 5282 2658 5332 autem
2690 5275 2933 5348 spiritus
2980 5279 3070 5331 est
3116 5274 3421 5349 gaudium,
3456 5290 3567 5347 pax
3618 5266 3750 5342 (Gal.

2114 5369 2193 5433 v).
2229 5388 2255 5414 ››
2292 5389 2318 5416 ‹‹
2351 5365 2457 5422 Per
2484 5365 2685 5421 Jesum
2718 5364 3015 5421 Christum
3056 5363 3117 5419 in
3167 5362 3417 5436 gloriam
3447 5367 3507 5418 et
3534 5358 3749 5417 laudem

2113 5454 2237 5521 Dei,
2274 5477 2300 5504 ››
2336 5447 2393 5509 id
2424 5459 2513 5511 est
2537 5459 2601 5510 ut
2630 5453 2988 5528 gloriﬁcatur
3034 5453 3188 5510 Deus
3217 5453 3277 5509 in
3327 5452 3520 5519 nobis,
3548 5453 3599 5506 et
3627 5445 3744 5501 lau-

2113 5543 2285 5600 detur
2316 5543 2600 5602 Dominus
2628 5542 2819 5613 Jcsus,
2854 5558 2956 5618 per
2987 5556 3160 5618 quem
3185 5541 3385 5599 omnia
3414 5541 3562 5598 bona
3587 5533 3745 5593 habe-

2110 5649 2268 5695 mus.
