  <div class='ocr_page' id='page_1' title='image "/cluster/home/n/w/nwhite01/storage/ocr_20150623/118/hvd.32044073505158/412.png"; bbox 0 0 4060 6178; ppageno 0'>
   <div class='ocr_carea' id='block_1_1' title="bbox 319 341 442 403">
    <p class='ocr_par' dir='ltr' id='par_1_1' title="bbox 319 341 442 403">
     <span class='ocr_line' id='line_1_1' title="bbox 319 341 442 403; baseline 0.008 -2"><span class='ocrx_word' id='word_1_1' title='bbox 319 341 442 403; x_wconf 84' lang='grc'>813</span> 
     </span>
    </p>
   </div>
   <div class='ocr_carea' id='block_1_2' title="bbox 942 472 1353 529">
    <p class='ocr_par' dir='ltr' id='par_1_2' title="bbox 942 472 1353 529">
     <span class='ocr_line' id='line_1_2' title="bbox 942 472 1353 529; baseline 0 -1"><span class='ocrx_word' id='word_1_2' title='bbox 942 472 1249 529; x_wconf 86' lang='lat' dir='ltr'>HOMILIA</span> <span class='ocrx_word' id='word_1_3' title='bbox 1286 473 1353 528; x_wconf 88' lang='lat' dir='ltr'>V.</span> 
     </span>
    </p>
   </div>
   <div class='ocr_carea' id='block_1_3' title="bbox 694 605 1592 644">
    <p class='ocr_par' dir='ltr' id='par_1_3' title="bbox 694 605 1592 644">
     <span class='ocr_line' id='line_1_3' title="bbox 694 605 1592 644; baseline -0.002 0"><span class='ocrx_word' id='word_1_4' title='bbox 694 606 752 644; x_wconf 80' lang='lat' dir='ltr'><strong>1N</strong></span> <span class='ocrx_word' id='word_1_5' title='bbox 795 605 889 644; x_wconf 79' lang='lat' dir='ltr'>DIE</span> <span class='ocrx_word' id='word_1_6' title='bbox 926 605 1319 644; x_wconf 74' lang='lat' dir='ltr'>DEDICATIONIS</span> <span class='ocrx_word' id='word_1_7' title='bbox 1363 605 1592 644; x_wconf 80' lang='lat' dir='ltr'>TEMPLI.</span> 
     </span>
    </p>
   </div>
   <div class='ocr_carea' id='block_1_4' title="bbox 389 735 1970 814">
    <p class='ocr_par' dir='ltr' id='par_1_4' title="bbox 389 735 1970 814">
     <span class='ocr_line' id='line_1_4' title="bbox 389 735 1970 814; baseline -0.004 -18"><span class='ocrx_word' id='word_1_8' title='bbox 389 743 586 814; x_wconf 77' lang='lat' dir='ltr'>(Apoc.</span> <span class='ocrx_word' id='word_1_9' title='bbox 616 739 733 801; x_wconf 74' lang='lat' dir='ltr'>xxx)</span> <span class='ocrx_word' id='word_1_10' title='bbox 773 763 793 790; x_wconf 80' lang='grc' dir='ltr'>ι</span> <span class='ocrx_word' id='word_1_11' title='bbox 827 739 958 795; x_wconf 87' lang='lat' dir='ltr'>Vidi</span> <span class='ocrx_word' id='word_1_12' title='bbox 990 739 1283 796; x_wconf 89' lang='lat' dir='ltr'>civitatem</span> <span class='ocrx_word' id='word_1_13' title='bbox 1331 743 1594 795; x_wconf 88' lang='lat' dir='ltr'>sanctam</span> <span class='ocrx_word' id='word_1_14' title='bbox 1644 735 1970 794; x_wconf 82' lang='lat' dir='ltr'>Jerusalem</span> 
     </span>
    </p>
   </div>
   <div class='ocr_carea' id='block_1_5' title="bbox 319 827 1969 899">
    <p class='ocr_par' dir='ltr' id='par_1_5' title="bbox 319 827 1969 899">
     <span class='ocr_line' id='line_1_5' title="bbox 319 827 1969 899; baseline -0.004 -14"><span class='ocrx_word' id='word_1_15' title='bbox 319 853 346 879; x_wconf 91' lang='grc'>‹‹</span> <span class='ocrx_word' id='word_1_16' title='bbox 383 846 594 885; x_wconf 92' lang='lat' dir='ltr'>novam</span> <span class='ocrx_word' id='word_1_17' title='bbox 639 828 1092 885; x_wconf 85' lang='lat' dir='ltr'>descendentem</span> <span class='ocrx_word' id='word_1_18' title='bbox 1144 830 1214 884; x_wconf 89' lang='lat' dir='ltr'>de</span> <span class='ocrx_word' id='word_1_19' title='bbox 1266 827 1427 894; x_wconf 72' lang='lat' dir='ltr'>coelo,</span> <span class='ocrx_word' id='word_1_20' title='bbox 1463 845 1497 883; x_wconf 80' lang='grc' dir='ltr'>α</span> <span class='ocrx_word' id='word_1_21' title='bbox 1542 831 1656 882; x_wconf 92' lang='lat' dir='ltr'>Deo</span> <span class='ocrx_word' id='word_1_22' title='bbox 1705 828 1969 899; x_wconf 80' lang='lat' dir='ltr'>paratam</span> 
     </span>
    </p>
   </div>
   <div class='ocr_carea' id='block_1_6' title="bbox 317 913 1970 990">
    <p class='ocr_par' dir='ltr' id='par_1_6' title="bbox 317 913 1970 990">
     <span class='ocr_line' id='line_1_6' title="bbox 317 913 1970 990; baseline -0.004 -15"><span class='ocrx_word' id='word_1_23' title='bbox 317 943 345 969; x_wconf 86' lang='lat'><strong><em>«</em></strong></span> <span class='ocrx_word' id='word_1_24' title='bbox 379 920 533 975; x_wconf 83' lang='lat' dir='ltr'>sicut</span> <span class='ocrx_word' id='word_1_25' title='bbox 562 934 862 990; x_wconf 83' lang='lat' dir='ltr'>sponsam,</span> <span class='ocrx_word' id='word_1_26' title='bbox 896 921 1162 974; x_wconf 88' lang='lat' dir='ltr'>ornatam</span> <span class='ocrx_word' id='word_1_27' title='bbox 1193 917 1316 972; x_wconf 92' lang='lat' dir='ltr'>viro</span> <span class='ocrx_word' id='word_1_28' title='bbox 1367 933 1494 973; x_wconf 89' lang='lat' dir='ltr'>suo.</span> <span class='ocrx_word' id='word_1_29' title='bbox 1530 937 1558 964; x_wconf 88' lang='lat'>»</span> <span class='ocrx_word' id='word_1_30' title='bbox 1591 916 1720 970; x_wconf 82' lang='lat' dir='ltr'>Haec</span> <span class='ocrx_word' id='word_1_31' title='bbox 1769 913 1970 970; x_wconf 83' lang='lat' dir='ltr'>civitas</span> 
     </span>
    </p>
   </div>
   <div class='ocr_carea' id='block_1_7' title="bbox 317 1002 1968 1078">
    <p class='ocr_par' dir='ltr' id='par_1_7' title="bbox 317 1002 1968 1078">
     <span class='ocr_line' id='line_1_7' title="bbox 317 1002 1968 1078; baseline -0.005 -14"><span class='ocrx_word' id='word_1_32' title='bbox 317 1012 521 1064; x_wconf 88' lang='lat' dir='ltr'>sancta</span> <span class='ocrx_word' id='word_1_33' title='bbox 540 1005 818 1072; x_wconf 85' lang='lat' dir='ltr'>Ecclesia,</span> <span class='ocrx_word' id='word_1_34' title='bbox 843 1023 969 1078; x_wconf 75' lang='lat' dir='ltr'>quae</span> <span class='ocrx_word' id='word_1_35' title='bbox 991 1005 1206 1061; x_wconf 91' lang='lat' dir='ltr'>idcirco</span> <span class='ocrx_word' id='word_1_36' title='bbox 1233 1005 1437 1061; x_wconf 81' lang='lat' dir='ltr'>civitas</span> <span class='ocrx_word' id='word_1_37' title='bbox 1458 1002 1803 1076; x_wconf 83' lang='lat' dir='ltr'>appellatur,</span> <span class='ocrx_word' id='word_1_38' title='bbox 1826 1018 1968 1073; x_wconf 86' lang='lat' dir='ltr'>quo-</span> 
     </span>
    </p>
   </div>
   <div class='ocr_carea' id='block_1_8' title="bbox 316 1090 1969 1164">
    <p class='ocr_par' dir='ltr' id='par_1_8' title="bbox 316 1090 1969 1164">
     <span class='ocr_line' id='line_1_8' title="bbox 316 1090 1969 1164; baseline -0.005 -12"><span class='ocrx_word' id='word_1_39' title='bbox 316 1096 475 1152; x_wconf 86' lang='lat' dir='ltr'>niam</span> <span class='ocrx_word' id='word_1_40' title='bbox 495 1113 529 1151; x_wconf 87' lang='lat' dir='ltr'>a</span> <span class='ocrx_word' id='word_1_41' title='bbox 549 1094 754 1151; x_wconf 90' lang='lat' dir='ltr'>multis</span> <span class='ocrx_word' id='word_1_42' title='bbox 773 1094 1101 1150; x_wconf 89' lang='lat' dir='ltr'>inhabitatu</span> <span class='ocrx_word' id='word_1_43' title='bbox 1113 1111 1158 1160; x_wconf 90' lang='lat' dir='ltr'>r,</span> <span class='ocrx_word' id='word_1_44' title='bbox 1182 1098 1239 1150; x_wconf 90' lang='lat' dir='ltr'>et</span> <span class='ocrx_word' id='word_1_45' title='bbox 1259 1093 1318 1148; x_wconf 91' lang='lat' dir='ltr'>in</span> <span class='ocrx_word' id='word_1_46' title='bbox 1342 1096 1593 1164; x_wconf 81' lang='lat' dir='ltr'>quatuor</span> <span class='ocrx_word' id='word_1_47' title='bbox 1608 1090 1813 1146; x_wconf 91' lang='lat' dir='ltr'>mundi</span> <span class='ocrx_word' id='word_1_48' title='bbox 1838 1107 1969 1161; x_wconf 85' lang='lat' dir='ltr'>par-</span> 
     </span>
    </p>
   </div>
   <div class='ocr_carea' id='block_1_9' title="bbox 315 1178 1970 1250">
    <p class='ocr_par' dir='ltr' id='par_1_9' title="bbox 315 1178 1970 1250">
     <span class='ocr_line' id='line_1_9' title="bbox 315 1178 1970 1250; baseline -0.005 -10"><span class='ocrx_word' id='word_1_49' title='bbox 315 1189 404 1240; x_wconf 85' lang='lat' dir='ltr'>tes</span> <span class='ocrx_word' id='word_1_50' title='bbox 435 1182 810 1250; x_wconf 81' lang='lat' dir='ltr'>distenditur,</span> <span class='ocrx_word' id='word_1_51' title='bbox 844 1183 1070 1238; x_wconf 86' lang='lat' dir='ltr'>habens</span> <span class='ocrx_word' id='word_1_52' title='bbox 1094 1182 1486 1238; x_wconf 82' lang='lat' dir='ltr'>habitatorem</span> <span class='ocrx_word' id='word_1_53' title='bbox 1539 1179 1789 1236; x_wconf 89' lang='lat' dir='ltr'>Domini.</span> <span class='ocrx_word' id='word_1_54' title='bbox 1826 1178 1970 1233; x_wconf 89' lang='lat' dir='ltr'>Hinc</span> 
     </span>
    </p>
   </div>
   <div class='ocr_carea' id='block_1_10' title="bbox 314 1268 1969 1344">
    <p class='ocr_par' dir='ltr' id='par_1_10' title="bbox 314 1268 1969 1344">
     <span class='ocr_line' id='line_1_10' title="bbox 314 1268 1969 1344; baseline -0.004 -15"><span class='ocrx_word' id='word_1_55' title='bbox 314 1273 532 1329; x_wconf 87' lang='lat' dir='ltr'>Paulus</span> <span class='ocrx_word' id='word_1_56' title='bbox 563 1273 706 1328; x_wconf 86' lang='lat' dir='ltr'>dicit</span> <span class='ocrx_word' id='word_1_57' title='bbox 737 1289 750 1328; x_wconf 86' lang='lat'><strong>:</strong></span> <span class='ocrx_word' id='word_1_58' title='bbox 787 1295 814 1322; x_wconf 86' lang='grc'><strong>‹‹</strong></span> <span class='ocrx_word' id='word_1_59' title='bbox 847 1271 1157 1344; x_wconf 91' lang='lat' dir='ltr'>Templum</span> <span class='ocrx_word' id='word_1_60' title='bbox 1207 1271 1306 1327; x_wconf 88' lang='lat' dir='ltr'>Dei</span> <span class='ocrx_word' id='word_1_61' title='bbox 1357 1273 1626 1326; x_wconf 87' lang='lat' dir='ltr'>sanctum</span> <span class='ocrx_word' id='word_1_62' title='bbox 1659 1273 1765 1335; x_wconf 90' lang='lat' dir='ltr'>est,</span> <span class='ocrx_word' id='word_1_63' title='bbox 1814 1268 1969 1340; x_wconf 89' lang='lat' dir='ltr'>quod</span> 
     </span>
    </p>
   </div>
   <div class='ocr_carea' id='block_1_11' title="bbox 313 1358 1968 1434">
    <p class='ocr_par' dir='ltr' id='par_1_11' title="bbox 313 1358 1968 1434">
     <span class='ocr_line' id='line_1_11' title="bbox 313 1358 1968 1434; baseline -0.005 -15"><span class='ocrx_word' id='word_1_64' title='bbox 313 1363 456 1419; x_wconf 85' lang='lat' dir='ltr'>estis</span> <span class='ocrx_word' id='word_1_65' title='bbox 486 1379 589 1417; x_wconf 90' lang='lat' dir='ltr'>vos</span> <span class='ocrx_word' id='word_1_66' title='bbox 620 1362 670 1434; x_wconf 85' lang='grc'>(1</span> <span class='ocrx_word' id='word_1_67' title='bbox 705 1363 832 1418; x_wconf 87' lang='lat' dir='ltr'>Cor.</span> <span class='ocrx_word' id='word_1_68' title='bbox 868 1378 950 1427; x_wconf 86' lang='grc' dir='ltr'>ιιι,</span> <span class='ocrx_word' id='word_1_69' title='bbox 981 1362 1080 1432; x_wconf 85' lang='lat' dir='ltr'>v1).</span> <span class='ocrx_word' id='word_1_70' title='bbox 1121 1384 1146 1409; x_wconf 87' lang='grc'><strong>››</strong></span> <span class='ocrx_word' id='word_1_71' title='bbox 1175 1362 1388 1416; x_wconf 90' lang='lat' dir='ltr'>Sancta</span> <span class='ocrx_word' id='word_1_72' title='bbox 1408 1359 1638 1426; x_wconf 91' lang='lat' dir='ltr'>dicitur,</span> <span class='ocrx_word' id='word_1_73' title='bbox 1669 1358 1806 1430; x_wconf 86' lang='lat' dir='ltr'>quia</span> <span class='ocrx_word' id='word_1_74' title='bbox 1825 1374 1968 1430; x_wconf 90' lang='lat' dir='ltr'>quo-</span> 
     </span>
    </p>
   </div>
   <div class='ocr_carea' id='block_1_12' title="bbox 316 1447 1969 1522">
    <p class='ocr_par' dir='ltr' id='par_1_12' title="bbox 316 1447 1969 1522">
     <span class='ocr_line' id='line_1_12' title="bbox 316 1447 1969 1522; baseline -0.002 -18"><span class='ocrx_word' id='word_1_75' title='bbox 316 1450 457 1505; x_wconf 89' lang='lat' dir='ltr'>tidie</span> <span class='ocrx_word' id='word_1_76' title='bbox 490 1466 592 1522; x_wconf 91' lang='lat' dir='ltr'>per</span> <span class='ocrx_word' id='word_1_77' title='bbox 622 1449 986 1522; x_wconf 86' lang='lat' dir='ltr'>baptismum</span> <span class='ocrx_word' id='word_1_78' title='bbox 1018 1448 1434 1504; x_wconf 89' lang='lat' dir='ltr'>sanctiﬁcatur.</span> <span class='ocrx_word' id='word_1_79' title='bbox 1461 1447 1717 1502; x_wconf 89' lang='lat' dir='ltr'>Vocatur</span> <span class='ocrx_word' id='word_1_80' title='bbox 1737 1461 1969 1518; x_wconf 91' lang='lat' dir='ltr'>quoque</span> 
     </span>
    </p>
   </div>
   <div class='ocr_carea' id='block_1_13' title="bbox 313 1534 1969 1610">
    <p class='ocr_par' dir='ltr' id='par_1_13' title="bbox 313 1534 1969 1610">
     <span class='ocr_line' id='line_1_13' title="bbox 313 1534 1969 1610; baseline -0.002 -16"><span class='ocrx_word' id='word_1_81' title='bbox 313 1538 665 1604; x_wconf 82' lang='lat' dir='ltr'>Jerusalem,</span> <span class='ocrx_word' id='word_1_82' title='bbox 699 1554 827 1610; x_wconf 70' lang='lat' dir='ltr'>qua:</span> <span class='ocrx_word' id='word_1_83' title='bbox 844 1539 980 1593; x_wconf 78' lang='lat' dir='ltr'>visio</span> <span class='ocrx_word' id='word_1_84' title='bbox 1005 1539 1156 1608; x_wconf 74' lang='lat' dir='ltr'>pacis</span> <span class='ocrx_word' id='word_1_85' title='bbox 1171 1536 1608 1608; x_wconf 84' lang='lat' dir='ltr'>interpretatur,</span> <span class='ocrx_word' id='word_1_86' title='bbox 1627 1535 1765 1606; x_wconf 88' lang='lat' dir='ltr'>quia</span> <span class='ocrx_word' id='word_1_87' title='bbox 1777 1534 1848 1589; x_wconf 91' lang='lat' dir='ltr'>ad</span> <span class='ocrx_word' id='word_1_88' title='bbox 1860 1534 1969 1590; x_wconf 89' lang='lat' dir='ltr'>hoc</span> 
     </span>
    </p>
   </div>
   <div class='ocr_carea' id='block_1_14' title="bbox 314 1622 1965 1695">
    <p class='ocr_par' dir='ltr' id='par_1_14' title="bbox 314 1622 1965 1695">
     <span class='ocr_line' id='line_1_14' title="bbox 314 1622 1965 1695; baseline -0.002 -14"><span class='ocrx_word' id='word_1_89' title='bbox 314 1625 561 1695; x_wconf 87' lang='lat' dir='ltr'>laborat,</span> <span class='ocrx_word' id='word_1_90' title='bbox 597 1631 662 1682; x_wconf 91' lang='lat' dir='ltr'>ut</span> <span class='ocrx_word' id='word_1_91' title='bbox 689 1625 975 1682; x_wconf 88' lang='lat' dir='ltr'>visionem</span> <span class='ocrx_word' id='word_1_92' title='bbox 1029 1626 1130 1681; x_wconf 91' lang='lat' dir='ltr'>Dei</span> <span class='ocrx_word' id='word_1_93' title='bbox 1177 1626 1236 1681; x_wconf 92' lang='lat' dir='ltr'>in</span> <span class='ocrx_word' id='word_1_94' title='bbox 1287 1624 1616 1680; x_wconf 69' lang='lat' dir='ltr'>omlesiibus</span> <span class='ocrx_word' id='word_1_95' title='bbox 1666 1622 1965 1695; x_wconf 87' lang='lat' dir='ltr'>percipiat.</span> 
     </span>
    </p>
   </div>
   <div class='ocr_carea' id='block_1_15' title="bbox 314 1711 1970 1787">
    <p class='ocr_par' dir='ltr' id='par_1_15' title="bbox 314 1711 1970 1787">
     <span class='ocr_line' id='line_1_15' title="bbox 314 1711 1970 1787; baseline -0.003 -15"><span class='ocrx_word' id='word_1_96' title='bbox 314 1715 472 1772; x_wconf 89' lang='lat' dir='ltr'>Nova</span> <span class='ocrx_word' id='word_1_97' title='bbox 502 1715 736 1779; x_wconf 90' lang='lat' dir='ltr'>dicitur,</span> <span class='ocrx_word' id='word_1_98' title='bbox 772 1714 910 1787; x_wconf 88' lang='lat' dir='ltr'>quia</span> <span class='ocrx_word' id='word_1_99' title='bbox 933 1732 966 1770; x_wconf 88' lang='lat' dir='ltr'>a</span> <span class='ocrx_word' id='word_1_100' title='bbox 991 1718 1274 1770; x_wconf 89' lang='lat' dir='ltr'>vetustate</span> <span class='ocrx_word' id='word_1_101' title='bbox 1305 1713 1527 1786; x_wconf 90' lang='lat' dir='ltr'>peccati</span> <span class='ocrx_word' id='word_1_102' title='bbox 1545 1711 1778 1768; x_wconf 87' lang='lat' dir='ltr'>exuitur</span> <span class='ocrx_word' id='word_1_103' title='bbox 1805 1728 1816 1767; x_wconf 92' lang='lat'><strong>:</strong></span> <span class='ocrx_word' id='word_1_104' title='bbox 1842 1728 1970 1784; x_wconf 88' lang='lat' dir='ltr'>pec-</span> 
     </span>
    </p>
   </div>
   <div class='ocr_carea' id='block_1_16' title="bbox 312 1800 1972 1876">
    <p class='ocr_par' dir='ltr' id='par_1_16' title="bbox 312 1800 1972 1876">
     <span class='ocr_line' id='line_1_16' title="bbox 312 1800 1972 1876; baseline -0.003 -17"><span class='ocrx_word' id='word_1_105' title='bbox 312 1805 427 1860; x_wconf 88' lang='lat' dir='ltr'>cati</span> <span class='ocrx_word' id='word_1_106' title='bbox 461 1803 618 1859; x_wconf 89' lang='lat' dir='ltr'>enim</span> <span class='ocrx_word' id='word_1_107' title='bbox 651 1803 1002 1876; x_wconf 88' lang='lat' dir='ltr'>perpetratio</span> <span class='ocrx_word' id='word_1_108' title='bbox 1035 1803 1106 1858; x_wconf 90' lang='lat' dir='ltr'>ad</span> <span class='ocrx_word' id='word_1_109' title='bbox 1124 1805 1376 1857; x_wconf 88' lang='lat' dir='ltr'>veterem</span> <span class='ocrx_word' id='word_1_110' title='bbox 1401 1801 1588 1856; x_wconf 88' lang='lat' dir='ltr'>Adam</span> <span class='ocrx_word' id='word_1_111' title='bbox 1615 1800 1882 1873; x_wconf 87' lang='lat' dir='ltr'>pertinet.</span> <span class='ocrx_word' id='word_1_112' title='bbox 1904 1800 1972 1855; x_wconf 90' lang='lat' dir='ltr'>Et</span> 
     </span>
    </p>
   </div>
   <div class='ocr_carea' id='block_1_17' title="bbox 313 1889 1970 1964">
    <p class='ocr_par' dir='ltr' id='par_1_17' title="bbox 313 1889 1970 1964">
     <span class='ocr_line' id='line_1_17' title="bbox 313 1889 1970 1964; baseline -0.002 -18"><span class='ocrx_word' id='word_1_113' title='bbox 313 1893 444 1948; x_wconf 90' lang='lat' dir='ltr'>ideo</span> <span class='ocrx_word' id='word_1_114' title='bbox 475 1892 616 1947; x_wconf 92' lang='lat' dir='ltr'>dum</span> <span class='ocrx_word' id='word_1_115' title='bbox 647 1891 906 1947; x_wconf 90' lang='lat' dir='ltr'>Ecclesia</span> <span class='ocrx_word' id='word_1_116' title='bbox 935 1909 968 1946; x_wconf 89' lang='lat' dir='ltr'>a</span> <span class='ocrx_word' id='word_1_117' title='bbox 993 1894 1229 1964; x_wconf 87' lang='lat' dir='ltr'>peccato</span> <span class='ocrx_word' id='word_1_118' title='bbox 1262 1889 1531 1962; x_wconf 82' lang='lat' dir='ltr'>originali</span> <span class='ocrx_word' id='word_1_119' title='bbox 1555 1889 1892 1955; x_wconf 89' lang='lat' dir='ltr'>mundatur,</span> <span class='ocrx_word' id='word_1_120' title='bbox 1913 1891 1970 1944; x_wconf 90' lang='lat' dir='ltr'>et</span> 
     </span>
    </p>
   </div>
   <div class='ocr_carea' id='block_1_18' title="bbox 311 1977 1969 2053">
    <p class='ocr_par' dir='ltr' id='par_1_18' title="bbox 311 1977 1969 2053">
     <span class='ocr_line' id='line_1_18' title="bbox 311 1977 1969 2053; baseline -0.002 -17"><span class='ocrx_word' id='word_1_121' title='bbox 311 1985 599 2038; x_wconf 88' lang='lat' dir='ltr'>vetustate</span> <span class='ocrx_word' id='word_1_122' title='bbox 653 1981 890 2053; x_wconf 90' lang='lat' dir='ltr'>peccati,</span> <span class='ocrx_word' id='word_1_123' title='bbox 926 1981 997 2035; x_wconf 84' lang='lat' dir='ltr'>ad</span> <span class='ocrx_word' id='word_1_124' title='bbox 1053 1979 1364 2035; x_wconf 61' lang='lat' dir='ltr'>novitatem</span> <span class='ocrx_word' id='word_1_125' title='bbox 1413 1978 1588 2033; x_wconf 90' lang='lat' dir='ltr'>venit.</span> <span class='ocrx_word' id='word_1_126' title='bbox 1623 1977 1784 2033; x_wconf 85' lang='lat' dir='ltr'>Unde</span> <span class='ocrx_word' id='word_1_127' title='bbox 1814 1982 1969 2050; x_wconf 86' lang='lat' dir='ltr'>Apo-</span> 
     </span>
    </p>
   </div>
   <div class='ocr_carea' id='block_1_19' title="bbox 313 2065 1967 2141">
    <p class='ocr_par' dir='ltr' id='par_1_19' title="bbox 313 2065 1967 2141">
     <span class='ocr_line' id='line_1_19' title="bbox 313 2065 1967 2141; baseline -0.004 -15"><span class='ocrx_word' id='word_1_128' title='bbox 313 2069 502 2126; x_wconf 84' lang='lat' dir='ltr'>stolus</span> <span class='ocrx_word' id='word_1_129' title='bbox 537 2085 550 2124; x_wconf 89' lang='lat'><strong>:</strong></span> <span class='ocrx_word' id='word_1_130' title='bbox 588 2092 616 2120; x_wconf 84' lang='lat'><strong>«</strong></span> <span class='ocrx_word' id='word_1_131' title='bbox 650 2067 1053 2141; x_wconf 89' lang='lat' dir='ltr'>Exspoliantes</span> <span class='ocrx_word' id='word_1_132' title='bbox 1083 2085 1184 2123; x_wconf 91' lang='lat' dir='ltr'>vos</span> <span class='ocrx_word' id='word_1_133' title='bbox 1222 2071 1474 2122; x_wconf 89' lang='lat' dir='ltr'>veterem</span> <span class='ocrx_word' id='word_1_134' title='bbox 1523 2065 1844 2132; x_wconf 89' lang='lat' dir='ltr'>hominem,</span> <span class='ocrx_word' id='word_1_135' title='bbox 1878 2066 1967 2120; x_wconf 92' lang='lat' dir='ltr'>in-</span> 
     </span>
    </p>
   </div>
   <div class='ocr_carea' id='block_1_20' title="bbox 313 2153 1967 2230">
    <p class='ocr_par' dir='ltr' id='par_1_20' title="bbox 313 2153 1967 2230">
     <span class='ocr_line' id='line_1_20' title="bbox 313 2153 1967 2230; baseline -0.003 -17"><span class='ocrx_word' id='word_1_136' title='bbox 313 2157 475 2213; x_wconf 90' lang='lat' dir='ltr'>duite</span> <span class='ocrx_word' id='word_1_137' title='bbox 536 2175 772 2225; x_wconf 89' lang='lat' dir='ltr'>novum,</span> <span class='ocrx_word' id='word_1_138' title='bbox 822 2157 923 2230; x_wconf 90' lang='lat' dir='ltr'>qui</span> <span class='ocrx_word' id='word_1_139' title='bbox 987 2160 1299 2211; x_wconf 87' lang='lat' dir='ltr'>renovatur</span> <span class='ocrx_word' id='word_1_140' title='bbox 1349 2155 1408 2210; x_wconf 90' lang='lat' dir='ltr'>in</span> <span class='ocrx_word' id='word_1_141' title='bbox 1463 2155 1819 2228; x_wconf 83' lang='lat' dir='ltr'>agnitionem</span> <span class='ocrx_word' id='word_1_142' title='bbox 1868 2153 1967 2209; x_wconf 93' lang='lat' dir='ltr'>Dei</span> 
     </span>
    </p>
   </div>
   <div class='ocr_carea' id='block_1_21' title="bbox 314 2243 1967 2318">
    <p class='ocr_par' dir='ltr' id='par_1_21' title="bbox 314 2243 1967 2318">
     <span class='ocr_line' id='line_1_21' title="bbox 314 2243 1967 2318; baseline -0.004 -15"><span class='ocrx_word' id='word_1_143' title='bbox 314 2247 458 2318; x_wconf 69' lang='grc' dir='ltr'>(σοι.</span> <span class='ocrx_word' id='word_1_144' title='bbox 490 2263 574 2309; x_wconf 89' lang='grc' dir='ltr'>ιιι,</span> <span class='ocrx_word' id='word_1_145' title='bbox 606 2246 743 2318; x_wconf 85' lang='lat' dir='ltr'>Eph.</span> <span class='ocrx_word' id='word_1_146' title='bbox 780 2246 874 2316; x_wconf 82' lang='lat' dir='ltr'>iv).</span> <span class='ocrx_word' id='word_1_147' title='bbox 895 2267 922 2296; x_wconf 86' lang='grc'><strong>››</strong></span> <span class='ocrx_word' id='word_1_148' title='bbox 950 2245 1168 2301; x_wconf 86' lang='lat' dir='ltr'>Idcirco</span> <span class='ocrx_word' id='word_1_149' title='bbox 1197 2248 1389 2300; x_wconf 88' lang='lat' dir='ltr'>autem</span> <span class='ocrx_word' id='word_1_150' title='bbox 1422 2243 1621 2299; x_wconf 85' lang='lat' dir='ltr'>civitas</span> <span class='ocrx_word' id='word_1_151' title='bbox 1652 2243 1772 2298; x_wconf 72' lang='lat' dir='ltr'>haec</span> <span class='ocrx_word' id='word_1_152' title='bbox 1795 2260 1827 2298; x_wconf 93' lang='lat' dir='ltr'>a</span> <span class='ocrx_word' id='word_1_153' title='bbox 1852 2243 1967 2298; x_wconf 93' lang='lat' dir='ltr'>Deo</span> 
     </span>
    </p>
   </div>
   <div class='ocr_carea' id='block_1_22' title="bbox 316 2331 1968 2405">
    <p class='ocr_par' dir='ltr' id='par_1_22' title="bbox 316 2331 1968 2405">
     <span class='ocr_line' id='line_1_22' title="bbox 316 2331 1968 2405; baseline -0.002 -15"><span class='ocrx_word' id='word_1_154' title='bbox 316 2335 666 2391; x_wconf 89' lang='lat' dir='ltr'>descendere</span> <span class='ocrx_word' id='word_1_155' title='bbox 700 2334 931 2400; x_wconf 89' lang='lat' dir='ltr'>dicitur,</span> <span class='ocrx_word' id='word_1_156' title='bbox 962 2333 1100 2405; x_wconf 89' lang='lat' dir='ltr'>quia</span> <span class='ocrx_word' id='word_1_157' title='bbox 1130 2333 1201 2388; x_wconf 88' lang='lat' dir='ltr'>ab</span> <span class='ocrx_word' id='word_1_158' title='bbox 1256 2332 1489 2388; x_wconf 85' lang='lat' dir='ltr'>exordio</span> <span class='ocrx_word' id='word_1_159' title='bbox 1539 2331 1650 2398; x_wconf 91' lang='lat' dir='ltr'>sui,</span> <span class='ocrx_word' id='word_1_160' title='bbox 1676 2332 1802 2402; x_wconf 88' lang='lat' dir='ltr'>jam</span> <span class='ocrx_word' id='word_1_161' title='bbox 1834 2347 1968 2386; x_wconf 89' lang='lat' dir='ltr'>cum</span> 
     </span>
    </p>
   </div>
   <div class='ocr_carea' id='block_1_23' title="bbox 313 2420 1966 2496">
    <p class='ocr_par' dir='ltr' id='par_1_23' title="bbox 313 2420 1966 2496">
     <span class='ocr_line' id='line_1_23' title="bbox 313 2420 1966 2496; baseline -0.003 -16"><span class='ocrx_word' id='word_1_162' title='bbox 313 2424 509 2496; x_wconf 87' lang='lat' dir='ltr'>capite</span> <span class='ocrx_word' id='word_1_163' title='bbox 540 2441 646 2479; x_wconf 92' lang='lat' dir='ltr'>suo</span> <span class='ocrx_word' id='word_1_164' title='bbox 690 2422 1011 2480; x_wconf 89' lang='lat' dir='ltr'>descendit.</span> <span class='ocrx_word' id='word_1_165' title='bbox 1045 2421 1208 2478; x_wconf 92' lang='lat' dir='ltr'>Unde</span> <span class='ocrx_word' id='word_1_166' title='bbox 1259 2421 1413 2477; x_wconf 90' lang='lat' dir='ltr'>idem</span> <span class='ocrx_word' id='word_1_167' title='bbox 1459 2421 1744 2476; x_wconf 86' lang='lat' dir='ltr'>Dominus</span> <span class='ocrx_word' id='word_1_168' title='bbox 1778 2420 1918 2476; x_wconf 89' lang='lat' dir='ltr'>dicit</span> <span class='ocrx_word' id='word_1_169' title='bbox 1954 2437 1966 2475; x_wconf 90' lang='lat'>:</span> 
     </span>
    </p>
   </div>
   <div class='ocr_carea' id='block_1_24' title="bbox 315 2508 1966 2582">
    <p class='ocr_par' dir='ltr' id='par_1_24' title="bbox 315 2508 1966 2582">
     <span class='ocr_line' id='line_1_24' title="bbox 315 2508 1966 2582; baseline -0.003 -13"><span class='ocrx_word' id='word_1_170' title='bbox 315 2537 342 2565; x_wconf 88' lang='grc'>‹‹</span> <span class='ocrx_word' id='word_1_171' title='bbox 377 2513 560 2569; x_wconf 89' lang='lat' dir='ltr'>Nemo</span> <span class='ocrx_word' id='word_1_172' title='bbox 589 2513 854 2569; x_wconf 89' lang='lat' dir='ltr'>ascendit</span> <span class='ocrx_word' id='word_1_173' title='bbox 882 2511 941 2567; x_wconf 90' lang='lat' dir='ltr'>in</span> <span class='ocrx_word' id='word_1_174' title='bbox 973 2510 1184 2567; x_wconf 73' lang='lat' dir='ltr'>cmlum</span> <span class='ocrx_word' id='word_1_175' title='bbox 1217 2511 1402 2582; x_wconf 78' lang='lat' dir='ltr'>(Joan.</span> <span class='ocrx_word' id='word_1_176' title='bbox 1438 2513 1542 2578; x_wconf 90' lang='grc' dir='ltr'>ιιι),</span> <span class='ocrx_word' id='word_1_177' title='bbox 1568 2533 1595 2559; x_wconf 85' lang='lat'>»</span> <span class='ocrx_word' id='word_1_178' title='bbox 1615 2514 1722 2565; x_wconf 88' lang='lat' dir='ltr'>etc.</span> <span class='ocrx_word' id='word_1_179' title='bbox 1755 2508 1966 2564; x_wconf 84' lang='lat' dir='ltr'>Aliter:</span> 
     </span>
    </p>
   </div>
   <div class='ocr_carea' id='block_1_25' title="bbox 316 2597 1972 2671">
    <p class='ocr_par' dir='ltr' id='par_1_25' title="bbox 316 2597 1972 2671">
     <span class='ocr_line' id='line_1_25' title="bbox 316 2597 1972 2671; baseline -0.003 -14"><span class='ocrx_word' id='word_1_180' title='bbox 316 2602 380 2657; x_wconf 88' lang='lat' dir='ltr'>In</span> <span class='ocrx_word' id='word_1_181' title='bbox 412 2601 522 2657; x_wconf 90' lang='lat' dir='ltr'>hoc</span> <span class='ocrx_word' id='word_1_182' title='bbox 553 2601 902 2657; x_wconf 88' lang='lat' dir='ltr'>descendere</span> <span class='ocrx_word' id='word_1_183' title='bbox 933 2601 1002 2655; x_wconf 89' lang='lat' dir='ltr'>de</span> <span class='ocrx_word' id='word_1_184' title='bbox 1033 2599 1173 2654; x_wconf 82' lang='lat' dir='ltr'>coelo</span> <span class='ocrx_word' id='word_1_185' title='bbox 1197 2600 1429 2669; x_wconf 91' lang='lat' dir='ltr'>dicitur,</span> <span class='ocrx_word' id='word_1_186' title='bbox 1455 2598 1592 2671; x_wconf 88' lang='lat' dir='ltr'>quia</span> <span class='ocrx_word' id='word_1_187' title='bbox 1612 2597 1861 2654; x_wconf 75' lang='lat' dir='ltr'>cmlestis</span> <span class='ocrx_word' id='word_1_188' title='bbox 1883 2603 1972 2653; x_wconf 90' lang='lat' dir='ltr'>est</span> 
     </span>
    </p>
   </div>
   <div class='ocr_carea' id='block_1_26' title="bbox 319 2687 1972 2763">
    <p class='ocr_par' dir='ltr' id='par_1_26' title="bbox 319 2687 1972 2763">
     <span class='ocr_line' id='line_1_26' title="bbox 319 2687 1972 2763; baseline -0.002 -19"><span class='ocrx_word' id='word_1_189' title='bbox 319 2690 528 2763; x_wconf 89' lang='lat' dir='ltr'>gratia,</span> <span class='ocrx_word' id='word_1_190' title='bbox 564 2690 719 2763; x_wconf 91' lang='lat' dir='ltr'>quod</span> <span class='ocrx_word' id='word_1_191' title='bbox 751 2688 1036 2744; x_wconf 90' lang='lat' dir='ltr'>Dominus</span> <span class='ocrx_word' id='word_1_192' title='bbox 1069 2688 1202 2743; x_wconf 92' lang='lat' dir='ltr'>fecit</span> <span class='ocrx_word' id='word_1_193' title='bbox 1242 2705 1367 2743; x_wconf 91' lang='lat' dir='ltr'>eam</span> <span class='ocrx_word' id='word_1_194' title='bbox 1424 2687 1765 2743; x_wconf 77' lang='lat' dir='ltr'>Ecclesium.</span> <span class='ocrx_word' id='word_1_195' title='bbox 1798 2687 1972 2742; x_wconf 80' lang='lat' dir='ltr'>Juxta</span> 
     </span>
    </p>
   </div>
   <div class='ocr_carea' id='block_1_27' title="bbox 314 2775 1969 2850">
    <p class='ocr_par' dir='ltr' id='par_1_27' title="bbox 314 2775 1969 2850">
     <span class='ocr_line' id='line_1_27' title="bbox 314 2775 1969 2850; baseline -0.003 -16"><span class='ocrx_word' id='word_1_196' title='bbox 314 2778 464 2834; x_wconf 91' lang='lat' dir='ltr'>illud</span> <span class='ocrx_word' id='word_1_197' title='bbox 506 2795 518 2833; x_wconf 93' lang='lat'><strong>:</strong></span> <span class='ocrx_word' id='word_1_198' title='bbox 554 2801 582 2829; x_wconf 88' lang='lat'><strong>«</strong></span> <span class='ocrx_word' id='word_1_199' title='bbox 618 2778 736 2850; x_wconf 90' lang='lat' dir='ltr'>Ego</span> <span class='ocrx_word' id='word_1_200' title='bbox 769 2776 1054 2833; x_wconf 88' lang='lat' dir='ltr'>Dominus</span> <span class='ocrx_word' id='word_1_201' title='bbox 1085 2776 1302 2833; x_wconf 84' lang='lat' dir='ltr'>faciens</span> <span class='ocrx_word' id='word_1_202' title='bbox 1335 2782 1387 2832; x_wconf 92' lang='lat' dir='ltr'>te</span> <span class='ocrx_word' id='word_1_203' title='bbox 1420 2779 1552 2849; x_wconf 79' lang='lat' dir='ltr'>(Isa.</span> <span class='ocrx_word' id='word_1_204' title='bbox 1575 2775 1969 2847; x_wconf 73' lang='lat' dir='ltr'>x1.m).»Quid-</span> 
     </span>
    </p>
   </div>
   <div class='ocr_carea' id='block_1_28' title="bbox 316 2865 1973 2939">
    <p class='ocr_par' dir='ltr' id='par_1_28' title="bbox 316 2865 1973 2939">
     <span class='ocr_line' id='line_1_28' title="bbox 316 2865 1973 2939; baseline -0.002 -17"><span class='ocrx_word' id='word_1_205' title='bbox 316 2883 494 2939; x_wconf 90' lang='lat' dir='ltr'>quam</span> <span class='ocrx_word' id='word_1_206' title='bbox 516 2866 674 2922; x_wconf 89' lang='lat' dir='ltr'>enim</span> <span class='ocrx_word' id='word_1_207' title='bbox 691 2865 869 2921; x_wconf 90' lang='lat' dir='ltr'>habet</span> <span class='ocrx_word' id='word_1_208' title='bbox 886 2866 944 2920; x_wconf 91' lang='lat' dir='ltr'>in</span> <span class='ocrx_word' id='word_1_209' title='bbox 970 2865 1101 2932; x_wconf 90' lang='lat' dir='ltr'>ﬁde,</span> <span class='ocrx_word' id='word_1_210' title='bbox 1119 2882 1220 2936; x_wconf 87' lang='lat' dir='ltr'>spe</span> <span class='ocrx_word' id='word_1_211' title='bbox 1243 2869 1298 2920; x_wconf 90' lang='lat' dir='ltr'>et</span> <span class='ocrx_word' id='word_1_212' title='bbox 1318 2865 1621 2931; x_wconf 90' lang='lat' dir='ltr'>charitate,</span> <span class='ocrx_word' id='word_1_213' title='bbox 1638 2865 1973 2936; x_wconf 79' lang='lat' dir='ltr'>caeterisque</span> 
     </span>
    </p>
   </div>
   <div class='ocr_carea' id='block_1_29' title="bbox 315 2951 1973 3027">
    <p class='ocr_par' dir='ltr' id='par_1_29' title="bbox 315 2951 1973 3027">
     <span class='ocr_line' id='line_1_29' title="bbox 315 2951 1973 3027; baseline -0.002 -17"><span class='ocrx_word' id='word_1_214' title='bbox 315 2955 658 3021; x_wconf 84' lang='lat' dir='ltr'>virtutibus,</span> <span class='ocrx_word' id='word_1_215' title='bbox 675 2958 733 3010; x_wconf 91' lang='lat' dir='ltr'>et</span> <span class='ocrx_word' id='word_1_216' title='bbox 755 2953 1050 3027; x_wconf 89' lang='lat' dir='ltr'>baptismo</span> <span class='ocrx_word' id='word_1_217' title='bbox 1075 2954 1326 3026; x_wconf 87' lang='lat' dir='ltr'>desuper</span> <span class='ocrx_word' id='word_1_218' title='bbox 1351 2954 1553 3009; x_wconf 89' lang='lat' dir='ltr'>datum</span> <span class='ocrx_word' id='word_1_219' title='bbox 1579 2958 1667 3009; x_wconf 91' lang='lat' dir='ltr'>est</span> <span class='ocrx_word' id='word_1_220' title='bbox 1689 2951 1792 3007; x_wconf 91' lang='lat' dir='ltr'>illi.</span> <span class='ocrx_word' id='word_1_221' title='bbox 1810 2952 1973 3008; x_wconf 91' lang='lat' dir='ltr'>Unde</span> 
     </span>
    </p>
   </div>
   <div class='ocr_carea' id='block_1_30' title="bbox 316 3041 1973 3114">
    <p class='ocr_par' dir='ltr' id='par_1_30' title="bbox 316 3041 1973 3114">
     <span class='ocr_line' id='line_1_30' title="bbox 316 3041 1973 3114; baseline -0.004 -13"><span class='ocrx_word' id='word_1_222' title='bbox 316 3044 572 3101; x_wconf 85' lang='lat' dir='ltr'>Jacobus</span> <span class='ocrx_word' id='word_1_223' title='bbox 598 3061 647 3098; x_wconf 83' lang='grc'>;‹‹</span> <span class='ocrx_word' id='word_1_224' title='bbox 672 3043 855 3099; x_wconf 90' lang='lat' dir='ltr'>Omne</span> <span class='ocrx_word' id='word_1_225' title='bbox 887 3043 1089 3098; x_wconf 89' lang='lat' dir='ltr'>datum</span> <span class='ocrx_word' id='word_1_226' title='bbox 1126 3042 1436 3114; x_wconf 87' lang='lat' dir='ltr'>optimum,</span> <span class='ocrx_word' id='word_1_227' title='bbox 1471 3045 1528 3097; x_wconf 92' lang='lat' dir='ltr'>et</span> <span class='ocrx_word' id='word_1_228' title='bbox 1558 3057 1730 3098; x_wconf 90' lang='lat' dir='ltr'>omne</span> <span class='ocrx_word' id='word_1_229' title='bbox 1753 3041 1973 3095; x_wconf 89' lang='lat' dir='ltr'>donum</span> 
     </span>
    </p>
   </div>
   <div class='ocr_carea' id='block_1_31' title="bbox 319 3128 1974 3205">
    <p class='ocr_par' dir='ltr' id='par_1_31' title="bbox 319 3128 1974 3205">
     <span class='ocr_line' id='line_1_31' title="bbox 319 3128 1974 3205; baseline -0.004 -17"><span class='ocrx_word' id='word_1_230' title='bbox 319 3133 662 3205; x_wconf 82' lang='lat' dir='ltr'>perfectum,</span> <span class='ocrx_word' id='word_1_231' title='bbox 698 3132 1011 3187; x_wconf 90' lang='lat' dir='ltr'>desursum</span> <span class='ocrx_word' id='word_1_232' title='bbox 1043 3135 1150 3198; x_wconf 87' lang='lat' dir='ltr'>est,</span> <span class='ocrx_word' id='word_1_233' title='bbox 1186 3131 1546 3186; x_wconf 89' lang='lat' dir='ltr'>descendens</span> <span class='ocrx_word' id='word_1_234' title='bbox 1571 3147 1603 3185; x_wconf 89' lang='lat' dir='ltr'>a</span> <span class='ocrx_word' id='word_1_235' title='bbox 1625 3135 1786 3202; x_wconf 83' lang='lat' dir='ltr'>patre</span> <span class='ocrx_word' id='word_1_236' title='bbox 1806 3128 1974 3183; x_wconf 90' lang='lat' dir='ltr'>lumi-</span> 
     </span>
    </p>
   </div>
   <div class='ocr_carea' id='block_1_32' title="bbox 1530 334 2524 402">
    <p class='ocr_par' dir='ltr' id='par_1_32' title="bbox 1530 334 2524 402">
     <span class='ocr_line' id='line_1_32' title="bbox 1530 334 2524 402; baseline -0.005 -2"><span class='ocrx_word' id='word_1_237' title='bbox 1530 337 1885 402; x_wconf 63' lang='lat' dir='ltr'>HOMILIIE</span> <span class='ocrx_word' id='word_1_238' title='bbox 1925 336 2002 396; x_wconf 88' lang='lat' dir='ltr'>IN</span> <span class='ocrx_word' id='word_1_239' title='bbox 2048 334 2223 400; x_wconf 86' lang='lat' dir='ltr'>EPP.</span> <span class='ocrx_word' id='word_1_240' title='bbox 2267 337 2524 398; x_wconf 82' lang='lat' dir='ltr'>PAULI.</span> 
     </span>
    </p>
   </div>
   <div class='ocr_carea' id='block_1_33' title="bbox 2001 466 3730 541">
    <p class='ocr_par' dir='ltr' id='par_1_33' title="bbox 2001 466 3730 541">
     <span class='ocr_line' id='line_1_33' title="bbox 2001 466 3730 541; baseline 0.001 -20"><span class='ocrx_word' id='word_1_241' title='bbox 2001 467 2058 533; x_wconf 85' lang='grc' dir='ltr'><strong>Α</strong></span> <span class='ocrx_word' id='word_1_242' title='bbox 2088 470 2154 521; x_wconf 90' lang='lat' dir='ltr'>ut</span> <span class='ocrx_word' id='word_1_243' title='bbox 2181 466 2448 524; x_wconf 85' lang='lat' dir='ltr'>homines</span> <span class='ocrx_word' id='word_1_244' title='bbox 2474 466 2634 524; x_wconf 89' lang='lat' dir='ltr'>illius</span> <span class='ocrx_word' id='word_1_245' title='bbox 2656 468 2800 523; x_wconf 88' lang='lat' dir='ltr'>ﬁant</span> <span class='ocrx_word' id='word_1_246' title='bbox 2819 466 3282 538; x_wconf 90' lang='lat' dir='ltr'>tabernaculum,</span> <span class='ocrx_word' id='word_1_247' title='bbox 3314 468 3481 538; x_wconf 85' lang='lat' dir='ltr'>cujus</span> <span class='ocrx_word' id='word_1_248' title='bbox 3502 467 3730 541; x_wconf 88' lang='lat' dir='ltr'>magni-</span> 
     </span>
    </p>
   </div>
   <div class='ocr_carea' id='block_1_34' title="bbox 3611 336 3732 398">
    <p class='ocr_par' dir='ltr' id='par_1_34' title="bbox 3611 336 3732 398">
     <span class='ocr_line' id='line_1_34' title="bbox 3611 336 3732 398; baseline 0 0"><span class='ocrx_word' id='word_1_249' title='bbox 3611 336 3732 398; x_wconf 74' lang='lat' dir='ltr'><strong>8H</strong></span> 
     </span>
    </p>
   </div>
   <div class='ocr_carea' id='block_1_35' title="bbox 2082 556 3731 629">
    <p class='ocr_par' dir='ltr' id='par_1_35' title="bbox 2082 556 3731 629">
     <span class='ocr_line' id='line_1_35' title="bbox 2082 556 3731 629; baseline 0.001 -19"><span class='ocrx_word' id='word_1_250' title='bbox 2082 557 2348 611; x_wconf 88' lang='lat' dir='ltr'>tudinem</span> <span class='ocrx_word' id='word_1_251' title='bbox 2376 573 2490 612; x_wconf 92' lang='lat' dir='ltr'>non</span> <span class='ocrx_word' id='word_1_252' title='bbox 2516 557 2672 629; x_wconf 91' lang='lat' dir='ltr'>capit</span> <span class='ocrx_word' id='word_1_253' title='bbox 2693 558 2970 613; x_wconf 90' lang='lat' dir='ltr'>mundus.</span> <span class='ocrx_word' id='word_1_254' title='bbox 2994 556 3458 611; x_wconf 90' lang='lat' dir='ltr'>Tabernaculum</span> <span class='ocrx_word' id='word_1_255' title='bbox 3475 557 3576 611; x_wconf 90' lang='lat' dir='ltr'>Dei</span> <span class='ocrx_word' id='word_1_256' title='bbox 3598 574 3731 612; x_wconf 92' lang='lat' dir='ltr'>cum</span> 
     </span>
    </p>
   </div>
   <div class='ocr_carea' id='block_1_36' title="bbox 2083 644 3732 717">
    <p class='ocr_par' dir='ltr' id='par_1_36' title="bbox 2083 644 3732 717">
     <span class='ocr_line' id='line_1_36' title="bbox 2083 644 3732 717; baseline 0.002 -19"><span class='ocrx_word' id='word_1_257' title='bbox 2083 644 2443 711; x_wconf 92' lang='lat' dir='ltr'>hominibus,</span> <span class='ocrx_word' id='word_1_258' title='bbox 2468 644 2522 700; x_wconf 92' lang='lat' dir='ltr'>id</span> <span class='ocrx_word' id='word_1_259' title='bbox 2558 650 2666 711; x_wconf 90' lang='lat' dir='ltr'>est,</span> <span class='ocrx_word' id='word_1_260' title='bbox 2691 645 2803 717; x_wconf 89' lang='lat' dir='ltr'>ipsi</span> <span class='ocrx_word' id='word_1_261' title='bbox 2826 644 3093 700; x_wconf 87' lang='lat' dir='ltr'>homines</span> <span class='ocrx_word' id='word_1_262' title='bbox 3119 649 3260 700; x_wconf 91' lang='lat' dir='ltr'>sunt</span> <span class='ocrx_word' id='word_1_263' title='bbox 3287 645 3732 701; x_wconf 89' lang='lat' dir='ltr'>tabernaculum</span> 
     </span>
    </p>
   </div>
   <div class='ocr_carea' id='block_1_37' title="bbox 2058 732 3735 806">
    <p class='ocr_par' dir='ltr' id='par_1_37' title="bbox 2058 732 3735 806">
     <span class='ocr_line' id='line_1_37' title="bbox 2058 732 3735 806; baseline 0.001 -20"><span class='ocrx_word' id='word_1_264' title='bbox 2058 732 2202 788; x_wconf 56' lang='lat' dir='ltr'>¢Dei.</span> <span class='ocrx_word' id='word_1_265' title='bbox 2240 733 2494 789; x_wconf 89' lang='lat' dir='ltr'>Joannes</span> <span class='ocrx_word' id='word_1_266' title='bbox 2519 733 2576 788; x_wconf 94' lang='lat' dir='ltr'>in</span> <span class='ocrx_word' id='word_1_267' title='bbox 2599 733 2708 790; x_wconf 89' lang='lat' dir='ltr'>hoc</span> <span class='ocrx_word' id='word_1_268' title='bbox 2729 733 2854 789; x_wconf 92' lang='lat' dir='ltr'>loco</span> <span class='ocrx_word' id='word_1_269' title='bbox 2886 738 3090 806; x_wconf 81' lang='lat' dir='ltr'>typum</span> <span class='ocrx_word' id='word_1_270' title='bbox 3111 738 3270 790; x_wconf 91' lang='lat' dir='ltr'>tenet</span> <span class='ocrx_word' id='word_1_271' title='bbox 3306 737 3515 788; x_wconf 65' lang='lat' dir='ltr'>sanctae</span> <span class='ocrx_word' id='word_1_272' title='bbox 3546 733 3735 789; x_wconf 84' lang='lat' dir='ltr'>Eccle-</span> 
     </span>
    </p>
   </div>
   <div class='ocr_carea' id='block_1_38' title="bbox 2082 821 3735 894">
    <p class='ocr_par' dir='ltr' id='par_1_38' title="bbox 2082 821 3735 894">
     <span class='ocr_line' id='line_1_38' title="bbox 2082 821 3735 894; baseline 0.001 -18"><span class='ocrx_word' id='word_1_273' title='bbox 2082 821 2200 889; x_wconf 84' lang='lat' dir='ltr'>siae,</span> <span class='ocrx_word' id='word_1_274' title='bbox 2219 839 2345 894; x_wconf 82' lang='lat' dir='ltr'>quae</span> <span class='ocrx_word' id='word_1_275' title='bbox 2367 821 2531 878; x_wconf 87' lang='lat' dir='ltr'>audit</span> <span class='ocrx_word' id='word_1_276' title='bbox 2550 839 2748 878; x_wconf 90' lang='lat' dir='ltr'>vocem</span> <span class='ocrx_word' id='word_1_277' title='bbox 2785 823 3078 878; x_wconf 88' lang='lat' dir='ltr'>dicentem</span> <span class='ocrx_word' id='word_1_278' title='bbox 3106 839 3118 876; x_wconf 90' lang='lat'><strong>:</strong></span> <span class='ocrx_word' id='word_1_279' title='bbox 3150 845 3179 872; x_wconf 86' lang='grc'>‹‹</span> <span class='ocrx_word' id='word_1_280' title='bbox 3212 823 3355 878; x_wconf 90' lang='lat' dir='ltr'>Ecce</span> <span class='ocrx_word' id='word_1_281' title='bbox 3384 822 3735 878; x_wconf 89' lang='lat' dir='ltr'>tabernacu-</span> 
     </span>
    </p>
   </div>
   <div class='ocr_carea' id='block_1_39' title="bbox 2081 909 3734 982">
    <p class='ocr_par' dir='ltr' id='par_1_39' title="bbox 2081 909 3734 982">
     <span class='ocr_line' id='line_1_39' title="bbox 2081 909 3734 982; baseline 0.001 -18"><span class='ocrx_word' id='word_1_282' title='bbox 2081 909 2207 965; x_wconf 89' lang='lat' dir='ltr'>lum</span> <span class='ocrx_word' id='word_1_283' title='bbox 2269 911 2367 966; x_wconf 90' lang='lat' dir='ltr'>Dei</span> <span class='ocrx_word' id='word_1_284' title='bbox 2403 928 2535 966; x_wconf 90' lang='lat' dir='ltr'>cum</span> <span class='ocrx_word' id='word_1_285' title='bbox 2569 911 2930 977; x_wconf 90' lang='lat' dir='ltr'>hominibus,</span> <span class='ocrx_word' id='word_1_286' title='bbox 2968 933 2988 960; x_wconf 78' lang='grc' dir='ltr'>ιι</span> <span class='ocrx_word' id='word_1_287' title='bbox 3027 911 3258 982; x_wconf 89' lang='lat' dir='ltr'>quando</span> <span class='ocrx_word' id='word_1_288' title='bbox 3291 927 3394 982; x_wconf 92' lang='lat' dir='ltr'>per</span> <span class='ocrx_word' id='word_1_289' title='bbox 3443 910 3734 966; x_wconf 89' lang='lat' dir='ltr'>internam</span> 
     </span>
    </p>
   </div>
   <div class='ocr_carea' id='block_1_40' title="bbox 2080 998 3734 1073">
    <p class='ocr_par' dir='ltr' id='par_1_40' title="bbox 2080 998 3734 1073">
     <span class='ocr_line' id='line_1_40' title="bbox 2080 998 3734 1073; baseline 0.002 -21"><span class='ocrx_word' id='word_1_290' title='bbox 2080 998 2522 1070; x_wconf 88' lang='lat' dir='ltr'>inspirationem</span> <span class='ocrx_word' id='word_1_291' title='bbox 2555 999 2809 1072; x_wconf 90' lang='lat' dir='ltr'>seipsam</span> <span class='ocrx_word' id='word_1_292' title='bbox 2844 1002 3139 1073; x_wconf 85' lang='lat' dir='ltr'>cognoscit</span> <span class='ocrx_word' id='word_1_293' title='bbox 3165 1016 3292 1055; x_wconf 87' lang='lat' dir='ltr'>esse</span> <span class='ocrx_word' id='word_1_294' title='bbox 3323 999 3423 1055; x_wconf 91' lang='lat' dir='ltr'>Dei</span> <span class='ocrx_word' id='word_1_295' title='bbox 3456 999 3734 1055; x_wconf 87' lang='lat' dir='ltr'>taberna-</span> 
     </span>
    </p>
   </div>
   <div class='ocr_carea' id='block_1_41' title="bbox 2079 1087 3733 1160">
    <p class='ocr_par' dir='ltr' id='par_1_41' title="bbox 2079 1087 3733 1160">
     <span class='ocr_line' id='line_1_41' title="bbox 2079 1087 3733 1160; baseline 0.001 -17"><span class='ocrx_word' id='word_1_296' title='bbox 2079 1087 2298 1143; x_wconf 78' lang='lat' dir='ltr'>culum&#39;</span> <span class='ocrx_word' id='word_1_297' title='bbox 2326 1112 2352 1138; x_wconf 88' lang='grc'>‹‹</span> <span class='ocrx_word' id='word_1_298' title='bbox 2378 1089 2446 1144; x_wconf 91' lang='lat' dir='ltr'>Et</span> <span class='ocrx_word' id='word_1_299' title='bbox 2467 1089 2751 1144; x_wconf 88' lang='lat' dir='ltr'>habitabit</span> <span class='ocrx_word' id='word_1_300' title='bbox 2777 1106 2910 1144; x_wconf 89' lang='lat' dir='ltr'>cum</span> <span class='ocrx_word' id='word_1_301' title='bbox 2935 1088 3073 1156; x_wconf 89' lang='lat' dir='ltr'>illis,</span> <span class='ocrx_word' id='word_1_302' title='bbox 3099 1110 3126 1138; x_wconf 84' lang='grc'><strong>››</strong></span> <span class='ocrx_word' id='word_1_303' title='bbox 3153 1089 3210 1142; x_wconf 90' lang='lat' dir='ltr'>id</span> <span class='ocrx_word' id='word_1_304' title='bbox 3234 1092 3321 1144; x_wconf 89' lang='lat' dir='ltr'>est</span> <span class='ocrx_word' id='word_1_305' title='bbox 3342 1105 3472 1143; x_wconf 90' lang='lat' dir='ltr'>cum</span> <span class='ocrx_word' id='word_1_306' title='bbox 3496 1087 3614 1144; x_wconf 90' lang='lat' dir='ltr'>illis</span> <span class='ocrx_word' id='word_1_307' title='bbox 3631 1089 3733 1160; x_wconf 91' lang='lat' dir='ltr'>qui</span> 
     </span>
    </p>
   </div>
   <div class='ocr_carea' id='block_1_42' title="bbox 2077 1176 3734 1248">
    <p class='ocr_par' dir='ltr' id='par_1_42' title="bbox 2077 1176 3734 1248">
     <span class='ocr_line' id='line_1_42' title="bbox 2077 1176 3734 1248; baseline 0.001 -17"><span class='ocrx_word' id='word_1_308' title='bbox 2077 1177 2520 1233; x_wconf 90' lang='lat' dir='ltr'>tabernaculum</span> <span class='ocrx_word' id='word_1_309' title='bbox 2544 1178 2644 1234; x_wconf 92' lang='lat' dir='ltr'>Dei</span> <span class='ocrx_word' id='word_1_310' title='bbox 2668 1195 2796 1234; x_wconf 89' lang='lat' dir='ltr'>esse</span> <span class='ocrx_word' id='word_1_311' title='bbox 2828 1180 3184 1234; x_wconf 90' lang='lat' dir='ltr'>meruerunt.</span> <span class='ocrx_word' id='word_1_312' title='bbox 3210 1176 3374 1232; x_wconf 90' lang='lat' dir='ltr'>Unde</span> <span class='ocrx_word' id='word_1_313' title='bbox 3395 1177 3518 1248; x_wconf 90' lang='lat' dir='ltr'>ipse</span> <span class='ocrx_word' id='word_1_314' title='bbox 3539 1177 3734 1232; x_wconf 91' lang='lat' dir='ltr'>Domi-</span> 
     </span>
    </p>
   </div>
   <div class='ocr_carea' id='block_1_43' title="bbox 2080 1265 3731 1339">
    <p class='ocr_par' dir='ltr' id='par_1_43' title="bbox 2080 1265 3731 1339">
     <span class='ocr_line' id='line_1_43' title="bbox 2080 1265 3731 1339; baseline 0.001 -19"><span class='ocrx_word' id='word_1_315' title='bbox 2080 1283 2190 1321; x_wconf 89' lang='lat' dir='ltr'>nus</span> <span class='ocrx_word' id='word_1_316' title='bbox 2214 1266 2353 1321; x_wconf 89' lang='lat' dir='ltr'>dicit</span> <span class='ocrx_word' id='word_1_317' title='bbox 2376 1283 2388 1320; x_wconf 90' lang='lat'>:</span> <span class='ocrx_word' id='word_1_318' title='bbox 2414 1267 2605 1322; x_wconf 78' lang='lat' dir='ltr'>«Ecce</span> <span class='ocrx_word' id='word_1_319' title='bbox 2622 1283 2726 1339; x_wconf 89' lang='lat' dir='ltr'>ego</span> <span class='ocrx_word' id='word_1_320' title='bbox 2745 1267 3046 1322; x_wconf 87' lang='lat' dir='ltr'>vobiscum</span> <span class='ocrx_word' id='word_1_321' title='bbox 3068 1283 3199 1321; x_wconf 92' lang='lat' dir='ltr'>sum</span> <span class='ocrx_word' id='word_1_322' title='bbox 3222 1265 3498 1320; x_wconf 90' lang='lat' dir='ltr'>omnibus</span> <span class='ocrx_word' id='word_1_323' title='bbox 3521 1265 3731 1322; x_wconf 91' lang='lat' dir='ltr'>diebus</span> 
     </span>
    </p>
   </div>
   <div class='ocr_carea' id='block_1_44' title="bbox 2078 1354 3723 1428">
    <p class='ocr_par' dir='ltr' id='par_1_44' title="bbox 2078 1354 3723 1428">
     <span class='ocr_line' id='line_1_44' title="bbox 2078 1354 3723 1428; baseline 0.001 -20"><span class='ocrx_word' id='word_1_324' title='bbox 2078 1355 2286 1423; x_wconf 75' lang='lat' dir='ltr'>(Matth.</span> <span class='ocrx_word' id='word_1_325' title='bbox 2318 1359 2534 1423; x_wconf 84' lang='lat' dir='ltr'>xxvm).</span> <span class='ocrx_word' id='word_1_326' title='bbox 2574 1376 2595 1406; x_wconf 75' lang='grc' dir='ltr'>ι</span> <span class='ocrx_word' id='word_1_327' title='bbox 2623 1386 2689 1395; x_wconf 90' lang='grc'><strong>-</strong></span> <span class='ocrx_word' id='word_1_328' title='bbox 2715 1378 2742 1405; x_wconf 89' lang='grc'>‹‹</span> <span class='ocrx_word' id='word_1_329' title='bbox 2776 1356 2846 1410; x_wconf 90' lang='lat' dir='ltr'>Et</span> <span class='ocrx_word' id='word_1_330' title='bbox 2875 1355 2986 1428; x_wconf 90' lang='lat' dir='ltr'>ipsi</span> <span class='ocrx_word' id='word_1_331' title='bbox 3029 1354 3282 1427; x_wconf 90' lang='lat' dir='ltr'>populus</span> <span class='ocrx_word' id='word_1_332' title='bbox 3313 1356 3440 1426; x_wconf 90' lang='lat' dir='ltr'>ejus</span> <span class='ocrx_word' id='word_1_333' title='bbox 3473 1358 3664 1410; x_wconf 86' lang='lat' dir='ltr'>erunt.</span> <span class='ocrx_word' id='word_1_334' title='bbox 3700 1378 3723 1409; x_wconf 74' lang='grc' dir='ltr'>ι</span> 
     </span>
    </p>
   </div>
   <div class='ocr_carea' id='block_1_45' title="bbox 2077 1442 3732 1516">
    <p class='ocr_par' dir='ltr' id='par_1_45' title="bbox 2077 1442 3732 1516">
     <span class='ocr_line' id='line_1_45' title="bbox 2077 1442 3732 1516; baseline 0.001 -18"><span class='ocrx_word' id='word_1_335' title='bbox 2077 1443 2254 1499; x_wconf 80' lang='lat' dir='ltr'>Juxta</span> <span class='ocrx_word' id='word_1_336' title='bbox 2279 1443 2420 1499; x_wconf 91' lang='lat' dir='ltr'>illud</span> <span class='ocrx_word' id='word_1_337' title='bbox 2449 1445 2823 1500; x_wconf 71' lang='lat' dir='ltr'>:«Haereditas</span> <span class='ocrx_word' id='word_1_338' title='bbox 2846 1461 2975 1499; x_wconf 90' lang='lat' dir='ltr'>mea</span> <span class='ocrx_word' id='word_1_339' title='bbox 2994 1442 3169 1499; x_wconf 87' lang='lat' dir='ltr'>Israel</span> <span class='ocrx_word' id='word_1_340' title='bbox 3195 1444 3321 1516; x_wconf 82' lang='lat' dir='ltr'>(lsa.</span> <span class='ocrx_word' id='word_1_341' title='bbox 3349 1443 3488 1516; x_wconf 70' lang='lat' dir='ltr'>xxx),</span> <span class='ocrx_word' id='word_1_342' title='bbox 3514 1445 3732 1500; x_wconf 82' lang='lat' dir='ltr'>»—«Et</span> 
     </span>
    </p>
   </div>
   <div class='ocr_carea' id='block_1_46' title="bbox 2079 1532 3729 1604">
    <p class='ocr_par' dir='ltr' id='par_1_46' title="bbox 2079 1532 3729 1604">
     <span class='ocr_line' id='line_1_46' title="bbox 2079 1532 3729 1604; baseline 0.001 -17"><span class='ocrx_word' id='word_1_343' title='bbox 2079 1556 2106 1581; x_wconf 84' lang='lat'>«</span> <span class='ocrx_word' id='word_1_344' title='bbox 2132 1532 2255 1604; x_wconf 87' lang='lat' dir='ltr'>ipse</span> <span class='ocrx_word' id='word_1_345' title='bbox 2277 1550 2409 1588; x_wconf 92' lang='lat' dir='ltr'>cum</span> <span class='ocrx_word' id='word_1_346' title='bbox 2438 1533 2520 1588; x_wconf 91' lang='lat' dir='ltr'>eis</span> <span class='ocrx_word' id='word_1_347' title='bbox 2543 1534 2653 1589; x_wconf 91' lang='lat' dir='ltr'>erit</span> <span class='ocrx_word' id='word_1_348' title='bbox 2675 1549 2876 1588; x_wconf 89' lang='lat' dir='ltr'>eorum</span> <span class='ocrx_word' id='word_1_349' title='bbox 2895 1533 3068 1589; x_wconf 91' lang='lat' dir='ltr'>Deus.</span> <span class='ocrx_word' id='word_1_350' title='bbox 3095 1554 3123 1583; x_wconf 84' lang='lat'>»</span> <span class='ocrx_word' id='word_1_351' title='bbox 3150 1532 3431 1588; x_wconf 87' lang='lat' dir='ltr'>Habitans</span> <span class='ocrx_word' id='word_1_352' title='bbox 3448 1532 3510 1588; x_wconf 91' lang='lat' dir='ltr'>in</span> <span class='ocrx_word' id='word_1_353' title='bbox 3526 1548 3729 1589; x_wconf 89' lang='lat' dir='ltr'>eorum</span> 
     </span>
    </p>
   </div>
   <div class='ocr_carea' id='block_1_47' title="bbox 2079 1620 3731 1694">
    <p class='ocr_par' dir='ltr' id='par_1_47' title="bbox 2079 1620 3731 1694">
     <span class='ocr_line' id='line_1_47' title="bbox 2079 1620 3731 1694; baseline 0.001 -19"><span class='ocrx_word' id='word_1_354' title='bbox 2079 1622 2191 1677; x_wconf 85' lang='lat' dir='ltr'>ﬁde</span> <span class='ocrx_word' id='word_1_355' title='bbox 2222 1626 2278 1678; x_wconf 90' lang='lat' dir='ltr'>et</span> <span class='ocrx_word' id='word_1_356' title='bbox 2309 1621 2639 1690; x_wconf 87' lang='lat' dir='ltr'>dilectione,</span> <span class='ocrx_word' id='word_1_357' title='bbox 2675 1623 2826 1678; x_wconf 85' lang='lat' dir='ltr'>sicut</span> <span class='ocrx_word' id='word_1_358' title='bbox 2853 1622 2979 1694; x_wconf 90' lang='lat' dir='ltr'>ipse</span> <span class='ocrx_word' id='word_1_359' title='bbox 3011 1621 3151 1677; x_wconf 90' lang='lat' dir='ltr'>dicit</span> <span class='ocrx_word' id='word_1_360' title='bbox 3183 1639 3194 1676; x_wconf 93' lang='lat'>:</span> <span class='ocrx_word' id='word_1_361' title='bbox 3231 1621 3341 1676; x_wconf 87' lang='lat' dir='ltr'>«Si</span> <span class='ocrx_word' id='word_1_362' title='bbox 3375 1620 3506 1694; x_wconf 91' lang='lat' dir='ltr'>quis</span> <span class='ocrx_word' id='word_1_363' title='bbox 3537 1621 3731 1694; x_wconf 87' lang='lat' dir='ltr'>diligit</span> 
     </span>
    </p>
   </div>
   <div class='ocr_carea' id='block_1_48' title="bbox 2078 1709 3731 1783">
    <p class='ocr_par' dir='ltr' id='par_1_48' title="bbox 2078 1709 3731 1783">
     <span class='ocr_line' id='line_1_48' title="bbox 2078 1709 3731 1783; baseline 0.001 -18"><span class='ocrx_word' id='word_1_364' title='bbox 2078 1727 2192 1777; x_wconf 86' lang='lat' dir='ltr'>me,</span> <span class='ocrx_word' id='word_1_365' title='bbox 2217 1727 2545 1766; x_wconf 88' lang='lat' dir='ltr'>sermonem</span> <span class='ocrx_word' id='word_1_366' title='bbox 2568 1728 2761 1766; x_wconf 91' lang='lat' dir='ltr'>meum</span> <span class='ocrx_word' id='word_1_367' title='bbox 2789 1710 3059 1767; x_wconf 87' lang='lat' dir='ltr'>servabit.</span> <span class='ocrx_word' id='word_1_368' title='bbox 3076 1711 3144 1766; x_wconf 90' lang='lat' dir='ltr'>Et</span> <span class='ocrx_word' id='word_1_369' title='bbox 3163 1711 3510 1766; x_wconf 89' lang='lat' dir='ltr'>Patermeus</span> <span class='ocrx_word' id='word_1_370' title='bbox 3526 1709 3731 1783; x_wconf 85' lang='lat' dir='ltr'>diliget</span> 
     </span>
    </p>
   </div>
   <div class='ocr_carea' id='block_1_49' title="bbox 2078 1799 3728 1872">
    <p class='ocr_par' dir='ltr' id='par_1_49' title="bbox 2078 1799 3728 1872">
     <span class='ocr_line' id='line_1_49' title="bbox 2078 1799 3728 1872; baseline 0.001 -19"><span class='ocrx_word' id='word_1_371' title='bbox 2078 1803 2305 1866; x_wconf 90' lang='lat' dir='ltr'>eum,et</span> <span class='ocrx_word' id='word_1_372' title='bbox 2335 1799 2403 1854; x_wconf 87' lang='lat' dir='ltr'>ad</span> <span class='ocrx_word' id='word_1_373' title='bbox 2436 1816 2568 1854; x_wconf 91' lang='lat' dir='ltr'>eum</span> <span class='ocrx_word' id='word_1_374' title='bbox 2599 1800 2923 1865; x_wconf 90' lang='lat' dir='ltr'>veniemus,</span> <span class='ocrx_word' id='word_1_375' title='bbox 2949 1804 3004 1854; x_wconf 90' lang='lat' dir='ltr'>et</span> <span class='ocrx_word' id='word_1_376' title='bbox 3026 1799 3389 1855; x_wconf 90' lang='lat' dir='ltr'>mansionem</span> <span class='ocrx_word' id='word_1_377' title='bbox 3417 1800 3568 1872; x_wconf 91' lang='lat' dir='ltr'>apud</span> <span class='ocrx_word' id='word_1_378' title='bbox 3593 1815 3728 1855; x_wconf 91' lang='lat' dir='ltr'>eum</span> 
     </span>
    </p>
   </div>
   <div class='ocr_carea' id='block_1_50' title="bbox 2083 1887 3728 1957">
    <p class='ocr_par' dir='ltr' id='par_1_50' title="bbox 2083 1887 3728 1957">
     <span class='ocr_line' id='line_1_50' title="bbox 2083 1887 3728 1957; baseline 0.002 -17"><span class='ocrx_word' id='word_1_379' title='bbox 2083 1887 2365 1943; x_wconf 85' lang='lat' dir='ltr'>faciemus</span> <span class='ocrx_word' id='word_1_380' title='bbox 2395 1890 2572 1957; x_wconf 85' lang='lat' dir='ltr'>(Joan.</span> <span class='ocrx_word' id='word_1_381' title='bbox 2604 1891 2741 1957; x_wconf 79' lang='lat' dir='ltr'>xiv).</span> <span class='ocrx_word' id='word_1_382' title='bbox 2779 1910 2805 1936; x_wconf 82' lang='lat'>»</span> <span class='ocrx_word' id='word_1_383' title='bbox 2857 1889 3016 1944; x_wconf 89' lang='lat' dir='ltr'>Unde</span> <span class='ocrx_word' id='word_1_384' title='bbox 3065 1891 3121 1943; x_wconf 87' lang='lat' dir='ltr'>et</span> <span class='ocrx_word' id='word_1_385' title='bbox 3167 1887 3322 1943; x_wconf 90' lang='lat' dir='ltr'>idem</span> <span class='ocrx_word' id='word_1_386' title='bbox 3368 1888 3624 1943; x_wconf 88' lang='lat' dir='ltr'>Joannes</span> <span class='ocrx_word' id='word_1_387' title='bbox 3668 1887 3728 1943; x_wconf 90' lang='lat' dir='ltr'>in</span> 
     </span>
    </p>
   </div>
   <div class='ocr_carea' id='block_1_51' title="bbox 2078 1976 3728 2048">
    <p class='ocr_par' dir='ltr' id='par_1_51' title="bbox 2078 1976 3728 2048">
     <span class='ocr_line' id='line_1_51' title="bbox 2078 1976 3728 2048; baseline 0 -17"><span class='ocrx_word' id='word_1_388' title='bbox 2078 1976 2322 2048; x_wconf 89' lang='lat' dir='ltr'>epistola</span> <span class='ocrx_word' id='word_1_389' title='bbox 2352 1993 2458 2032; x_wconf 91' lang='lat' dir='ltr'>sua</span> <span class='ocrx_word' id='word_1_390' title='bbox 2489 1976 2568 2031; x_wconf 87' lang='lat' dir='ltr'>ait</span> <span class='ocrx_word' id='word_1_391' title='bbox 2600 1994 2612 2031; x_wconf 91' lang='lat'><strong>:</strong></span> <span class='ocrx_word' id='word_1_392' title='bbox 2650 2000 2676 2027; x_wconf 88' lang='lat'><strong>«</strong></span> <span class='ocrx_word' id='word_1_393' title='bbox 2711 1977 2816 2042; x_wconf 86' lang='lat' dir='ltr'>Qui</span> <span class='ocrx_word' id='word_1_394' title='bbox 2852 1980 3053 2032; x_wconf 85' lang='lat' dir='ltr'>manet</span> <span class='ocrx_word' id='word_1_395' title='bbox 3083 1976 3142 2032; x_wconf 90' lang='lat' dir='ltr'>in</span> <span class='ocrx_word' id='word_1_396' title='bbox 3173 1976 3502 2043; x_wconf 90' lang='lat' dir='ltr'>dilectione,</span> <span class='ocrx_word' id='word_1_397' title='bbox 3530 1977 3588 2031; x_wconf 92' lang='lat' dir='ltr'>in</span> <span class='ocrx_word' id='word_1_398' title='bbox 3612 1976 3728 2032; x_wconf 92' lang='lat' dir='ltr'>Deo</span> 
     </span>
    </p>
   </div>
   <div class='ocr_carea' id='block_1_52' title="bbox 2079 2065 3730 2138">
    <p class='ocr_par' dir='ltr' id='par_1_52' title="bbox 2079 2065 3730 2138">
     <span class='ocr_line' id='line_1_52' title="bbox 2079 2065 3730 2138; baseline 0 -18"><span class='ocrx_word' id='word_1_399' title='bbox 2079 2069 2275 2120; x_wconf 90' lang='lat' dir='ltr'>manet</span> <span class='ocrx_word' id='word_1_400' title='bbox 2307 2070 2363 2120; x_wconf 91' lang='lat' dir='ltr'>et</span> <span class='ocrx_word' id='word_1_401' title='bbox 2393 2066 2547 2121; x_wconf 90' lang='lat' dir='ltr'>Deus</span> <span class='ocrx_word' id='word_1_402' title='bbox 2579 2066 2638 2120; x_wconf 91' lang='lat' dir='ltr'>in</span> <span class='ocrx_word' id='word_1_403' title='bbox 2668 2083 2733 2121; x_wconf 92' lang='lat' dir='ltr'>eo</span> <span class='ocrx_word' id='word_1_404' title='bbox 2763 2067 2812 2136; x_wconf 91' lang='lat' dir='ltr'>(I</span> <span class='ocrx_word' id='word_1_405' title='bbox 2839 2071 3004 2124; x_wconf 87' lang='lat' dir='ltr'>Joan.</span> <span class='ocrx_word' id='word_1_406' title='bbox 3029 2067 3124 2134; x_wconf 81' lang='lat' dir='ltr'>iv).</span> <span class='ocrx_word' id='word_1_407' title='bbox 3151 2088 3178 2116; x_wconf 92' lang='grc'><strong>››</strong></span> <span class='ocrx_word' id='word_1_408' title='bbox 3202 2067 3271 2121; x_wconf 91' lang='lat' dir='ltr'>Et</span> <span class='ocrx_word' id='word_1_409' title='bbox 3291 2065 3553 2138; x_wconf 87' lang='lat' dir='ltr'>ipsorum</span> <span class='ocrx_word' id='word_1_410' title='bbox 3581 2066 3730 2121; x_wconf 88' lang='lat' dir='ltr'>Deus</span> 
     </span>
    </p>
   </div>
   <div class='ocr_carea' id='block_1_53' title="bbox 2083 2154 3726 2227">
    <p class='ocr_par' dir='ltr' id='par_1_53' title="bbox 2083 2154 3726 2227">
     <span class='ocr_line' id='line_1_53' title="bbox 2083 2154 3726 2227; baseline 0.001 -17"><span class='ocrx_word' id='word_1_411' title='bbox 2083 2155 2459 2226; x_wconf 87' lang='lat' dir='ltr'>omnipotens</span> <span class='ocrx_word' id='word_1_412' title='bbox 2475 2159 2561 2210; x_wconf 89' lang='lat' dir='ltr'>est</span> <span class='ocrx_word' id='word_1_413' title='bbox 2593 2155 2744 2210; x_wconf 92' lang='lat' dir='ltr'>Deus</span> <span class='ocrx_word' id='word_1_414' title='bbox 2759 2172 2892 2210; x_wconf 91' lang='lat' dir='ltr'>cum</span> <span class='ocrx_word' id='word_1_415' title='bbox 2911 2154 3126 2227; x_wconf 88' lang='lat' dir='ltr'>quibus</span> <span class='ocrx_word' id='word_1_416' title='bbox 3145 2154 3410 2210; x_wconf 89' lang='lat' dir='ltr'>habitare</span> <span class='ocrx_word' id='word_1_417' title='bbox 3431 2154 3726 2227; x_wconf 86' lang='lat' dir='ltr'>dignatur.</span> 
     </span>
    </p>
   </div>
   <div class='ocr_carea' id='block_1_54' title="bbox 2077 2242 3728 2316">
    <p class='ocr_par' dir='ltr' id='par_1_54' title="bbox 2077 2242 3728 2316">
     <span class='ocr_line' id='line_1_54' title="bbox 2077 2242 3728 2316; baseline 0 -17"><span class='ocrx_word' id='word_1_418' title='bbox 2077 2242 2240 2299; x_wconf 91' lang='lat' dir='ltr'>Unde</span> <span class='ocrx_word' id='word_1_419' title='bbox 2273 2243 2580 2298; x_wconf 89' lang='lat' dir='ltr'>Psalmista</span> <span class='ocrx_word' id='word_1_420' title='bbox 2614 2260 2626 2298; x_wconf 93' lang='lat'><strong>:</strong></span> <span class='ocrx_word' id='word_1_421' title='bbox 2668 2267 2686 2293; x_wconf 70' lang='grc' dir='ltr'><strong>α</strong></span> <span class='ocrx_word' id='word_1_422' title='bbox 2722 2244 3007 2300; x_wconf 90' lang='lat' dir='ltr'>Dominus</span> <span class='ocrx_word' id='word_1_423' title='bbox 3037 2261 3172 2316; x_wconf 90' lang='lat' dir='ltr'>pars</span> <span class='ocrx_word' id='word_1_424' title='bbox 3202 2243 3558 2300; x_wconf 78' lang='lat' dir='ltr'>hzereditatis</span> <span class='ocrx_word' id='word_1_425' title='bbox 3586 2260 3728 2299; x_wconf 59' lang='lat' dir='ltr'>meai</span> 
     </span>
    </p>
   </div>
   <div class='ocr_carea' id='block_1_55' title="bbox 2079 2331 3728 2406">
    <p class='ocr_par' dir='ltr' id='par_1_55' title="bbox 2079 2331 3728 2406">
     <span class='ocr_line' id='line_1_55' title="bbox 2079 2331 3728 2406; baseline 0.001 -19"><span class='ocrx_word' id='word_1_426' title='bbox 2079 2333 2249 2404; x_wconf 81' lang='lat' dir='ltr'>(Psal.</span> <span class='ocrx_word' id='word_1_427' title='bbox 2273 2333 2385 2405; x_wconf 85' lang='lat' dir='ltr'>xv).</span> <span class='ocrx_word' id='word_1_428' title='bbox 2415 2354 2440 2382; x_wconf 86' lang='grc'>››</span> <span class='ocrx_word' id='word_1_429' title='bbox 2465 2333 2534 2388; x_wconf 90' lang='lat' dir='ltr'>Et</span> <span class='ocrx_word' id='word_1_430' title='bbox 2565 2333 2687 2404; x_wconf 71' lang='lat' dir='ltr'>ipse</span> <span class='ocrx_word' id='word_1_431' title='bbox 2719 2333 2777 2387; x_wconf 91' lang='lat' dir='ltr'>in</span> <span class='ocrx_word' id='word_1_432' title='bbox 2809 2333 2934 2406; x_wconf 89' lang='lat' dir='ltr'>lege</span> <span class='ocrx_word' id='word_1_433' title='bbox 2968 2332 3245 2404; x_wconf 90' lang='lat' dir='ltr'>loquitur,</span> <span class='ocrx_word' id='word_1_434' title='bbox 3269 2332 3470 2389; x_wconf 91' lang='lat' dir='ltr'>dicens</span> <span class='ocrx_word' id='word_1_435' title='bbox 3493 2350 3542 2388; x_wconf 86' lang='lat'>:«</span> <span class='ocrx_word' id='word_1_436' title='bbox 3568 2331 3728 2388; x_wconf 87' lang='lat' dir='ltr'>Filiis</span> 
     </span>
    </p>
   </div>
   <div class='ocr_carea' id='block_1_56' title="bbox 2079 2420 3728 2495">
    <p class='ocr_par' dir='ltr' id='par_1_56' title="bbox 2079 2420 3728 2495">
     <span class='ocr_line' id='line_1_56' title="bbox 2079 2420 3728 2495; baseline 0 -19"><span class='ocrx_word' id='word_1_437' title='bbox 2079 2425 2274 2477; x_wconf 88' lang='lat' dir='ltr'>autem</span> <span class='ocrx_word' id='word_1_438' title='bbox 2309 2421 2438 2476; x_wconf 85' lang='lat' dir='ltr'>Levi</span> <span class='ocrx_word' id='word_1_439' title='bbox 2461 2439 2573 2476; x_wconf 90' lang='lat' dir='ltr'>non</span> <span class='ocrx_word' id='word_1_440' title='bbox 2606 2421 2822 2477; x_wconf 89' lang='lat' dir='ltr'>dabitis</span> <span class='ocrx_word' id='word_1_441' title='bbox 2858 2421 3399 2495; x_wconf 71' lang='lat' dir='ltr'>hcereditatem,ego</span> <span class='ocrx_word' id='word_1_442' title='bbox 3435 2421 3591 2477; x_wconf 90' lang='lat' dir='ltr'>enim</span> <span class='ocrx_word' id='word_1_443' title='bbox 3612 2420 3728 2476; x_wconf 82' lang='lat' dir='ltr'>hae-</span> 
     </span>
    </p>
   </div>
   <div class='ocr_carea' id='block_1_57' title="bbox 2080 2509 3730 2579">
    <p class='ocr_par' dir='ltr' id='par_1_57' title="bbox 2080 2509 3730 2579">
     <span class='ocr_line' id='line_1_57' title="bbox 2080 2509 3730 2579; baseline 0.001 -15"><span class='ocrx_word' id='word_1_444' title='bbox 2080 2510 2296 2566; x_wconf 87' lang='lat' dir='ltr'>reditas</span> <span class='ocrx_word' id='word_1_445' title='bbox 2335 2509 2570 2565; x_wconf 90' lang='lat' dir='ltr'>illorum</span> <span class='ocrx_word' id='word_1_446' title='bbox 2612 2511 3001 2579; x_wconf 80' lang='lat' dir='ltr'>(Deut,.xvm).</span> <span class='ocrx_word' id='word_1_447' title='bbox 3037 2533 3064 2560; x_wconf 84' lang='lat'>»</span> <span class='ocrx_word' id='word_1_448' title='bbox 3097 2511 3336 2575; x_wconf 88' lang='lat' dir='ltr'>Quando</span> <span class='ocrx_word' id='word_1_449' title='bbox 3367 2511 3523 2566; x_wconf 91' lang='lat' dir='ltr'>enim</span> <span class='ocrx_word' id='word_1_450' title='bbox 3555 2510 3730 2566; x_wconf 87' lang='lat' dir='ltr'>homo</span> 
     </span>
    </p>
   </div>
   <div class='ocr_carea' id='block_1_58' title="bbox 2079 2598 3732 2670">
    <p class='ocr_par' dir='ltr' id='par_1_58' title="bbox 2079 2598 3732 2670">
     <span class='ocr_line' id='line_1_58' title="bbox 2079 2598 3732 2670; baseline 0 -16"><span class='ocrx_word' id='word_1_451' title='bbox 2079 2598 2371 2670; x_wconf 89' lang='lat' dir='ltr'>peccando</span> <span class='ocrx_word' id='word_1_452' title='bbox 2396 2598 2615 2653; x_wconf 89' lang='lat' dir='ltr'>recedit</span> <span class='ocrx_word' id='word_1_453' title='bbox 2645 2615 2678 2653; x_wconf 90' lang='lat' dir='ltr'>a</span> <span class='ocrx_word' id='word_1_454' title='bbox 2723 2599 2860 2664; x_wconf 87' lang='lat' dir='ltr'>Deo,</span> <span class='ocrx_word' id='word_1_455' title='bbox 2891 2615 3007 2653; x_wconf 91' lang='lat' dir='ltr'>non</span> <span class='ocrx_word' id='word_1_456' title='bbox 3049 2603 3138 2654; x_wconf 89' lang='lat' dir='ltr'>est</span> <span class='ocrx_word' id='word_1_457' title='bbox 3187 2599 3440 2670; x_wconf 90' lang='lat' dir='ltr'>populus</span> <span class='ocrx_word' id='word_1_458' title='bbox 3472 2598 3593 2668; x_wconf 92' lang='lat' dir='ltr'>Dei,</span> <span class='ocrx_word' id='word_1_459' title='bbox 3627 2615 3732 2654; x_wconf 88' lang='lat' dir='ltr'>nec</span> 
     </span>
    </p>
   </div>
   <div class='ocr_carea' id='block_1_59' title="bbox 2081 2686 3731 2758">
    <p class='ocr_par' dir='ltr' id='par_1_59' title="bbox 2081 2686 3731 2758">
     <span class='ocr_line' id='line_1_59' title="bbox 2081 2686 3731 2758; baseline 0 -17"><span class='ocrx_word' id='word_1_460' title='bbox 2081 2687 2264 2742; x_wconf 91' lang='lat' dir='ltr'>Deum</span> <span class='ocrx_word' id='word_1_461' title='bbox 2301 2687 2578 2758; x_wconf 86' lang='lat' dir='ltr'>possidet,</span> <span class='ocrx_word' id='word_1_462' title='bbox 2613 2687 2712 2742; x_wconf 89' lang='lat' dir='ltr'>sed</span> <span class='ocrx_word' id='word_1_463' title='bbox 2759 2687 2898 2741; x_wconf 89' lang='lat' dir='ltr'>dum</span> <span class='ocrx_word' id='word_1_464' title='bbox 2957 2686 3286 2758; x_wconf 73' lang='lat' dir='ltr'>pmnitendo</span> <span class='ocrx_word' id='word_1_465' title='bbox 3319 2687 3630 2742; x_wconf 84' lang='lat' dir='ltr'>revertitur</span> <span class='ocrx_word' id='word_1_466' title='bbox 3660 2687 3731 2741; x_wconf 90' lang='lat' dir='ltr'>ad</span> 
     </span>
    </p>
   </div>
   <div class='ocr_carea' id='block_1_60' title="bbox 2080 2773 3735 2848">
    <p class='ocr_par' dir='ltr' id='par_1_60' title="bbox 2080 2773 3735 2848">
     <span class='ocr_line' id='line_1_60' title="bbox 2080 2773 3735 2848; baseline 0 -17"><span class='ocrx_word' id='word_1_467' title='bbox 2080 2775 2289 2840; x_wconf 88' lang='lat' dir='ltr'>Daum,</span> <span class='ocrx_word' id='word_1_468' title='bbox 2323 2773 2575 2847; x_wconf 88' lang='lat' dir='ltr'>populus</span> <span class='ocrx_word' id='word_1_469' title='bbox 2597 2774 2697 2830; x_wconf 91' lang='lat' dir='ltr'>Dei</span> <span class='ocrx_word' id='word_1_470' title='bbox 2721 2779 2829 2842; x_wconf 92' lang='lat' dir='ltr'>est,</span> <span class='ocrx_word' id='word_1_471' title='bbox 2855 2775 2994 2846; x_wconf 91' lang='lat' dir='ltr'>quia</span> <span class='ocrx_word' id='word_1_472' title='bbox 3023 2775 3282 2848; x_wconf 91' lang='lat' dir='ltr'>possidet</span> <span class='ocrx_word' id='word_1_473' title='bbox 3312 2775 3496 2831; x_wconf 92' lang='lat' dir='ltr'>Deum</span> <span class='ocrx_word' id='word_1_474' title='bbox 3527 2777 3585 2830; x_wconf 89' lang='lat' dir='ltr'>et</span> <span class='ocrx_word' id='word_1_475' title='bbox 3605 2792 3735 2847; x_wconf 90' lang='lat' dir='ltr'>pos-</span> 
     </span>
    </p>
   </div>
   <div class='ocr_carea' id='block_1_61' title="bbox 2083 2863 2868 2919">
    <p class='ocr_par' dir='ltr' id='par_1_61' title="bbox 2083 2863 2868 2919">
     <span class='ocr_line' id='line_1_61' title="bbox 2083 2863 2868 2919; baseline 0.004 -1"><span class='ocrx_word' id='word_1_476' title='bbox 2083 2863 2309 2919; x_wconf 89' lang='lat' dir='ltr'>sidetur</span> <span class='ocrx_word' id='word_1_477' title='bbox 2340 2880 2372 2918; x_wconf 92' lang='lat' dir='ltr'>a</span> <span class='ocrx_word' id='word_1_478' title='bbox 2403 2863 2538 2919; x_wconf 92' lang='lat' dir='ltr'>Deo.</span> <span class='ocrx_word' id='word_1_479' title='bbox 2862 2864 2868 2869; x_wconf 83' lang='grc'><em>’</em></span> 
     </span>
    </p>
   </div>
   <div class='ocr_carea' id='block_1_62' title="bbox 2154 2946 3734 3026">
    <p class='ocr_par' dir='ltr' id='par_1_62' title="bbox 2154 2946 3734 3026">
     <span class='ocr_line' id='line_1_62' title="bbox 2154 2946 3734 3026; baseline 0.003 -22"><span class='ocrx_word' id='word_1_480' title='bbox 2154 2975 2181 3002; x_wconf 91' lang='grc'>‹‹</span> <span class='ocrx_word' id='word_1_481' title='bbox 2206 2953 2275 3007; x_wconf 90' lang='lat' dir='ltr'>Et</span> <span class='ocrx_word' id='word_1_482' title='bbox 2303 2951 2596 3026; x_wconf 87' lang='lat' dir='ltr'>absterget</span> <span class='ocrx_word' id='word_1_483' title='bbox 2635 2953 2786 3010; x_wconf 92' lang='lat' dir='ltr'>Deus</span> <span class='ocrx_word' id='word_1_484' title='bbox 2820 2970 3052 3010; x_wconf 90' lang='lat' dir='ltr'>omnem</span> <span class='ocrx_word' id='word_1_485' title='bbox 3096 2946 3417 3026; x_wconf 81' lang='lat' dir='ltr'>lacrymam</span> <span class='ocrx_word' id='word_1_486' title='bbox 3448 2953 3519 3009; x_wconf 88' lang='lat' dir='ltr'>ab</span> <span class='ocrx_word' id='word_1_487' title='bbox 3550 2951 3734 3009; x_wconf 92' lang='lat' dir='ltr'>oculis</span> 
     </span>
    </p>
   </div>
   <div class='ocr_carea' id='block_1_63' title="bbox 2087 3041 3732 3114">
    <p class='ocr_par' dir='ltr' id='par_1_63' title="bbox 2087 3041 3732 3114">
     <span class='ocr_line' id='line_1_63' title="bbox 2087 3041 3732 3114; baseline 0.001 -18"><span class='ocrx_word' id='word_1_488' title='bbox 2087 3064 2114 3092; x_wconf 78' lang='grc' dir='ltr'>α</span> <span class='ocrx_word' id='word_1_489' title='bbox 2147 3058 2370 3096; x_wconf 91' lang='lat' dir='ltr'>eorum.</span> <span class='ocrx_word' id='word_1_490' title='bbox 2416 3065 2442 3090; x_wconf 84' lang='lat'>»</span> <span class='ocrx_word' id='word_1_491' title='bbox 2477 3042 2603 3097; x_wconf 79' lang='lat' dir='ltr'>Hzec</span> <span class='ocrx_word' id='word_1_492' title='bbox 2655 3043 2830 3098; x_wconf 90' lang='lat' dir='ltr'>verba</span> <span class='ocrx_word' id='word_1_493' title='bbox 2875 3060 2988 3098; x_wconf 92' lang='lat' dir='ltr'>non</span> <span class='ocrx_word' id='word_1_494' title='bbox 3040 3043 3110 3098; x_wconf 89' lang='lat' dir='ltr'>ad</span> <span class='ocrx_word' id='word_1_495' title='bbox 3160 3048 3504 3114; x_wconf 70' lang='lat' dir='ltr'>praesentem</span> <span class='ocrx_word' id='word_1_496' title='bbox 3552 3041 3732 3098; x_wconf 87' lang='lat' dir='ltr'>vitam</span> 
     </span>
    </p>
   </div>
   <div class='ocr_carea' id='block_1_64' title="bbox 2084 3129 3732 3203">
    <p class='ocr_par' dir='ltr' id='par_1_64' title="bbox 2084 3129 3732 3203">
     <span class='ocr_line' id='line_1_64' title="bbox 2084 3129 3732 3203; baseline 0.001 -19"><span class='ocrx_word' id='word_1_497' title='bbox 2084 3129 2243 3186; x_wconf 89' lang='lat' dir='ltr'>luctu</span> <span class='ocrx_word' id='word_1_498' title='bbox 2268 3135 2322 3185; x_wconf 92' lang='lat' dir='ltr'>et</span> <span class='ocrx_word' id='word_1_499' title='bbox 2348 3129 2620 3202; x_wconf 86' lang='lat' dir='ltr'>Iacrymis</span> <span class='ocrx_word' id='word_1_500' title='bbox 2638 3130 2870 3203; x_wconf 89' lang='lat' dir='ltr'>plenam</span> <span class='ocrx_word' id='word_1_501' title='bbox 2897 3131 3204 3203; x_wconf 89' lang='lat' dir='ltr'>pertinent,</span> <span class='ocrx_word' id='word_1_502' title='bbox 3231 3132 3330 3187; x_wconf 89' lang='lat' dir='ltr'>sed</span> <span class='ocrx_word' id='word_1_503' title='bbox 3356 3132 3426 3187; x_wconf 89' lang='lat' dir='ltr'>ad</span> <span class='ocrx_word' id='word_1_504' title='bbox 3452 3133 3732 3202; x_wconf 87' lang='lat' dir='ltr'>futuram,</span> 
     </span>
    </p>
   </div>
   <div class='ocr_carea' id='block_1_65' title="bbox 319 3205 3732 3293">
    <p class='ocr_par' dir='ltr' id='par_1_65' title="bbox 319 3205 3732 3293">
     <span class='ocr_line' id='line_1_65' title="bbox 319 3205 3732 3293; baseline -0 -17"><span class='ocrx_word' id='word_1_505' title='bbox 319 3238 460 3276; x_wconf 89' lang='lat' dir='ltr'>num</span> <span class='ocrx_word' id='word_1_506' title='bbox 485 3222 629 3293; x_wconf 87' lang='lat' dir='ltr'>(Jac.</span> <span class='ocrx_word' id='word_1_507' title='bbox 654 3221 750 3292; x_wconf 81' lang='lat'>1).»</span> <span class='ocrx_word' id='word_1_508' title='bbox 774 3253 842 3260; x_wconf 95' lang='lat'><strong><em>—</em></strong></span> <span class='ocrx_word' id='word_1_509' title='bbox 875 3245 902 3268; x_wconf 83' lang='lat'><strong><em>«</em></strong></span> <span class='ocrx_word' id='word_1_510' title='bbox 931 3221 1224 3287; x_wconf 86' lang='lat' dir='ltr'>Paratam,</span> <span class='ocrx_word' id='word_1_511' title='bbox 1250 3243 1271 3270; x_wconf 77' lang='grc' dir='ltr'>ι</span> <span class='ocrx_word' id='word_1_512' title='bbox 1295 3219 1349 3273; x_wconf 88' lang='lat' dir='ltr'>id</span> <span class='ocrx_word' id='word_1_513' title='bbox 1372 3222 1460 3274; x_wconf 88' lang='lat' dir='ltr'>est</span> <span class='ocrx_word' id='word_1_514' title='bbox 1494 3219 1604 3274; x_wconf 87' lang='lat' dir='ltr'>ﬁde</span> <span class='ocrx_word' id='word_1_515' title='bbox 1635 3218 1973 3288; x_wconf 77' lang='lat' dir='ltr'>caeterisque</span> <span class='ocrx_word' id='word_1_516' title='bbox 2004 3205 2047 3271; x_wconf 84' lang='lat' dir='ltr'>C</span> <span class='ocrx_word' id='word_1_517' title='bbox 2086 3219 2320 3291; x_wconf 90' lang='lat' dir='ltr'>quando</span> <span class='ocrx_word' id='word_1_518' title='bbox 2343 3220 2534 3275; x_wconf 90' lang='lat' dir='ltr'>omnis</span> <span class='ocrx_word' id='word_1_519' title='bbox 2559 3221 2750 3275; x_wconf 91' lang='lat' dir='ltr'>luctus</span> <span class='ocrx_word' id='word_1_520' title='bbox 2773 3221 3070 3276; x_wconf 84' lang='lat' dir='ltr'>auferetur</span> <span class='ocrx_word' id='word_1_521' title='bbox 3089 3238 3122 3276; x_wconf 90' lang='lat' dir='ltr'>a</span> <span class='ocrx_word' id='word_1_522' title='bbox 3144 3221 3434 3286; x_wconf 87' lang='lat' dir='ltr'>ﬁdelibus,</span> <span class='ocrx_word' id='word_1_523' title='bbox 3456 3228 3513 3276; x_wconf 87' lang='lat' dir='ltr'>et</span> <span class='ocrx_word' id='word_1_524' title='bbox 3533 3237 3732 3292; x_wconf 91' lang='lat' dir='ltr'>perpe-</span> 
     </span>
    </p>
   </div>
   <div class='ocr_carea' id='block_1_66' title="bbox 316 3306 2004 3382">
    <p class='ocr_par' dir='ltr' id='par_1_66' title="bbox 316 3306 2004 3382">
     <span class='ocr_line' id='line_1_66' title="bbox 316 3306 2004 3382; baseline -0.002 -18"><span class='ocrx_word' id='word_1_525' title='bbox 316 3310 632 3364; x_wconf 91' lang='lat' dir='ltr'>virtutibus</span> <span class='ocrx_word' id='word_1_526' title='bbox 646 3312 930 3364; x_wconf 86' lang='lat' dir='ltr'>ornatam.</span> <span class='ocrx_word' id='word_1_527' title='bbox 948 3308 1110 3364; x_wconf 92' lang='lat' dir='ltr'>Unde</span> <span class='ocrx_word' id='word_1_528' title='bbox 1123 3311 1378 3363; x_wconf 90' lang='lat' dir='ltr'>meretur</span> <span class='ocrx_word' id='word_1_529' title='bbox 1392 3307 1501 3363; x_wconf 90' lang='lat' dir='ltr'>dici</span> <span class='ocrx_word' id='word_1_530' title='bbox 1521 3324 1791 3379; x_wconf 82' lang='lat' dir='ltr'>sponsa.«</span> <span class='ocrx_word' id='word_1_531' title='bbox 1808 3306 1970 3361; x_wconf 84' lang='lat' dir='ltr'>Sicut</span> <span class='ocrx_word' id='word_1_532' title='bbox 1999 3379 2004 3382; x_wconf 13' lang='grc' dir='ltr'><strong>ἣ</strong></span> 
     </span>
    </p>
   </div>
   <div class='ocr_carea' id='block_1_67' title="bbox 319 3396 1967 3471">
    <p class='ocr_par' dir='ltr' id='par_1_67' title="bbox 319 3396 1967 3471">
     <span class='ocr_line' id='line_1_67' title="bbox 319 3396 1967 3471; baseline -0.002 -18"><span class='ocrx_word' id='word_1_533' title='bbox 319 3415 599 3471; x_wconf 89' lang='lat' dir='ltr'>sponsam</span> <span class='ocrx_word' id='word_1_534' title='bbox 631 3401 898 3454; x_wconf 89' lang='lat' dir='ltr'>ornatam</span> <span class='ocrx_word' id='word_1_535' title='bbox 929 3397 1050 3453; x_wconf 90' lang='lat' dir='ltr'>viro</span> <span class='ocrx_word' id='word_1_536' title='bbox 1095 3414 1222 3452; x_wconf 91' lang='lat' dir='ltr'>suo.</span> <span class='ocrx_word' id='word_1_537' title='bbox 1257 3419 1284 3446; x_wconf 82' lang='lat'>»</span> <span class='ocrx_word' id='word_1_538' title='bbox 1320 3397 1444 3452; x_wconf 93' lang='lat' dir='ltr'>Duo</span> <span class='ocrx_word' id='word_1_539' title='bbox 1495 3396 1654 3463; x_wconf 89' lang='lat' dir='ltr'>dicit,</span> <span class='ocrx_word' id='word_1_540' title='bbox 1688 3411 1967 3468; x_wconf 87' lang='lat' dir='ltr'>sponsam</span> 
     </span>
    </p>
   </div>
   <div class='ocr_carea' id='block_1_68' title="bbox 319 3483 1974 3558">
    <p class='ocr_par' dir='ltr' id='par_1_68' title="bbox 319 3483 1974 3558">
     <span class='ocr_line' id='line_1_68' title="bbox 319 3483 1974 3558; baseline -0.002 -16"><span class='ocrx_word' id='word_1_541' title='bbox 319 3492 375 3542; x_wconf 90' lang='lat' dir='ltr'>et</span> <span class='ocrx_word' id='word_1_542' title='bbox 399 3487 614 3557; x_wconf 90' lang='lat' dir='ltr'>virum,</span> <span class='ocrx_word' id='word_1_543' title='bbox 649 3487 705 3541; x_wconf 91' lang='lat' dir='ltr'>in</span> <span class='ocrx_word' id='word_1_544' title='bbox 741 3502 855 3558; x_wconf 90' lang='lat' dir='ltr'>quo</span> <span class='ocrx_word' id='word_1_545' title='bbox 886 3483 1346 3558; x_wconf 88' lang='lat' dir='ltr'>subintelligitur</span> <span class='ocrx_word' id='word_1_546' title='bbox 1377 3502 1540 3552; x_wconf 88' lang='lat' dir='ltr'>uxor,</span> <span class='ocrx_word' id='word_1_547' title='bbox 1567 3485 1706 3557; x_wconf 89' lang='lat' dir='ltr'>quia</span> <span class='ocrx_word' id='word_1_548' title='bbox 1735 3500 1974 3539; x_wconf 89' lang='lat' dir='ltr'>consue-</span> 
     </span>
    </p>
   </div>
   <div class='ocr_carea' id='block_1_69' title="bbox 321 3572 1968 3646">
    <p class='ocr_par' dir='ltr' id='par_1_69' title="bbox 321 3572 1968 3646">
     <span class='ocr_line' id='line_1_69' title="bbox 321 3572 1968 3646; baseline -0.002 -16"><span class='ocrx_word' id='word_1_549' title='bbox 321 3576 460 3630; x_wconf 91' lang='lat' dir='ltr'>tudo</span> <span class='ocrx_word' id='word_1_550' title='bbox 491 3579 581 3629; x_wconf 88' lang='lat' dir='ltr'>est</span> <span class='ocrx_word' id='word_1_551' title='bbox 611 3591 785 3630; x_wconf 76' lang='lat' dir='ltr'>sacrae</span> <span class='ocrx_word' id='word_1_552' title='bbox 811 3573 1147 3646; x_wconf 71' lang='lat' dir='ltr'>Scriptum,</span> <span class='ocrx_word' id='word_1_553' title='bbox 1171 3577 1234 3628; x_wconf 92' lang='lat' dir='ltr'>ut</span> <span class='ocrx_word' id='word_1_554' title='bbox 1258 3591 1508 3646; x_wconf 89' lang='lat' dir='ltr'>sponsos</span> <span class='ocrx_word' id='word_1_555' title='bbox 1528 3573 1777 3646; x_wconf 89' lang='lat' dir='ltr'>appellet</span> <span class='ocrx_word' id='word_1_556' title='bbox 1795 3572 1968 3642; x_wconf 89' lang='lat' dir='ltr'>viros,</span> 
     </span>
    </p>
   </div>
   <div class='ocr_carea' id='block_1_70' title="bbox 320 3661 1973 3735">
    <p class='ocr_par' dir='ltr' id='par_1_70' title="bbox 320 3661 1973 3735">
     <span class='ocr_line' id='line_1_70' title="bbox 320 3661 1973 3735; baseline -0.002 -16"><span class='ocrx_word' id='word_1_557' title='bbox 320 3668 378 3719; x_wconf 87' lang='lat' dir='ltr'>et</span> <span class='ocrx_word' id='word_1_558' title='bbox 409 3679 657 3735; x_wconf 89' lang='lat' dir='ltr'>sponsas</span> <span class='ocrx_word' id='word_1_559' title='bbox 690 3679 918 3718; x_wconf 84' lang='lat' dir='ltr'>uxores.</span> <span class='ocrx_word' id='word_1_560' title='bbox 944 3661 1108 3718; x_wconf 90' lang='lat' dir='ltr'>Unde</span> <span class='ocrx_word' id='word_1_561' title='bbox 1129 3661 1251 3718; x_wconf 90' lang='lat' dir='ltr'>Joel</span> <span class='ocrx_word' id='word_1_562' title='bbox 1278 3679 1327 3716; x_wconf 84' lang='grc'>;‹‹</span> <span class='ocrx_word' id='word_1_563' title='bbox 1355 3663 1698 3735; x_wconf 87' lang='lat' dir='ltr'>Egrediatur</span> <span class='ocrx_word' id='word_1_564' title='bbox 1719 3678 1973 3734; x_wconf 88' lang='lat' dir='ltr'>sponsus</span> 
     </span>
    </p>
   </div>
   <div class='ocr_carea' id='block_1_71' title="bbox 323 3749 1972 3823">
    <p class='ocr_par' dir='ltr' id='par_1_71' title="bbox 323 3749 1972 3823">
     <span class='ocr_line' id='line_1_71' title="bbox 323 3749 1972 3823; baseline -0.001 -18"><span class='ocrx_word' id='word_1_565' title='bbox 323 3753 395 3806; x_wconf 93' lang='lat' dir='ltr'>de</span> <span class='ocrx_word' id='word_1_566' title='bbox 424 3750 603 3806; x_wconf 90' lang='lat' dir='ltr'>cubili</span> <span class='ocrx_word' id='word_1_567' title='bbox 637 3768 766 3818; x_wconf 89' lang='lat' dir='ltr'>suo,</span> <span class='ocrx_word' id='word_1_568' title='bbox 800 3768 855 3818; x_wconf 67' lang='lat' dir='ltr'>e1</span> <span class='ocrx_word' id='word_1_569' title='bbox 886 3767 1102 3823; x_wconf 86' lang='lat' dir='ltr'>sponsa</span> <span class='ocrx_word' id='word_1_570' title='bbox 1133 3751 1202 3805; x_wconf 90' lang='lat' dir='ltr'>de</span> <span class='ocrx_word' id='word_1_571' title='bbox 1232 3749 1487 3805; x_wconf 88' lang='lat' dir='ltr'>thalamo</span> <span class='ocrx_word' id='word_1_572' title='bbox 1519 3768 1625 3806; x_wconf 91' lang='lat' dir='ltr'>suo</span> <span class='ocrx_word' id='word_1_573' title='bbox 1655 3751 1804 3823; x_wconf 86' lang='lat' dir='ltr'>(Joel.</span> <span class='ocrx_word' id='word_1_574' title='bbox 1831 3751 1917 3821; x_wconf 89' lang='grc' dir='ltr'>ιι).</span> <span class='ocrx_word' id='word_1_575' title='bbox 1946 3773 1972 3799; x_wconf 88' lang='grc'><strong>››</strong></span> 
     </span>
    </p>
   </div>
   <div class='ocr_carea' id='block_1_72' title="bbox 322 3840 1974 3912">
    <p class='ocr_par' dir='ltr' id='par_1_72' title="bbox 322 3840 1974 3912">
     <span class='ocr_line' id='line_1_72' title="bbox 322 3840 1974 3912; baseline -0.001 -18"><span class='ocrx_word' id='word_1_576' title='bbox 322 3841 393 3894; x_wconf 89' lang='lat' dir='ltr'>Et</span> <span class='ocrx_word' id='word_1_577' title='bbox 421 3840 682 3912; x_wconf 88' lang='lat' dir='ltr'>Sephora</span> <span class='ocrx_word' id='word_1_578' title='bbox 709 3841 781 3894; x_wconf 89' lang='lat' dir='ltr'>ad</span> <span class='ocrx_word' id='word_1_579' title='bbox 833 3841 1068 3912; x_wconf 78' lang='lat' dir='ltr'>Moysen</span> <span class='ocrx_word' id='word_1_580' title='bbox 1106 3856 1117 3894; x_wconf 92' lang='lat'>:</span> <span class='ocrx_word' id='word_1_581' title='bbox 1154 3863 1179 3888; x_wconf 90' lang='grc'>‹‹</span> <span class='ocrx_word' id='word_1_582' title='bbox 1214 3840 1478 3911; x_wconf 88' lang='lat' dir='ltr'>Sponsus</span> <span class='ocrx_word' id='word_1_583' title='bbox 1523 3840 1877 3912; x_wconf 88' lang='lat' dir='ltr'>sanguinum</span> <span class='ocrx_word' id='word_1_584' title='bbox 1913 3844 1974 3892; x_wconf 91' lang='lat' dir='ltr'>tu</span> 
     </span>
    </p>
   </div>
   <div class='ocr_carea' id='block_1_73' title="bbox 325 3927 1972 3999">
    <p class='ocr_par' dir='ltr' id='par_1_73' title="bbox 325 3927 1972 3999">
     <span class='ocr_line' id='line_1_73' title="bbox 325 3927 1972 3999; baseline -0.002 -15"><span class='ocrx_word' id='word_1_585' title='bbox 325 3929 471 3984; x_wconf 89' lang='lat' dir='ltr'>mihi</span> <span class='ocrx_word' id='word_1_586' title='bbox 503 3945 566 3984; x_wconf 90' lang='lat' dir='ltr'>es</span> <span class='ocrx_word' id='word_1_587' title='bbox 592 3928 792 3990; x_wconf 74' lang='lat' dir='ltr'>(Exod.</span> <span class='ocrx_word' id='word_1_588' title='bbox 819 3932 916 3998; x_wconf 82' lang='lat' dir='ltr'>Iv).</span> <span class='ocrx_word' id='word_1_589' title='bbox 946 3928 1037 3983; x_wconf 80' lang='lat' dir='ltr'>nln</span> <span class='ocrx_word' id='word_1_590' title='bbox 1062 3927 1371 3999; x_wconf 87' lang='lat' dir='ltr'>Evangelio</span> <span class='ocrx_word' id='word_1_591' title='bbox 1395 3928 1466 3983; x_wconf 90' lang='lat' dir='ltr'>ab</span> <span class='ocrx_word' id='word_1_592' title='bbox 1489 3927 1694 3999; x_wconf 89' lang='lat' dir='ltr'>angelo</span> <span class='ocrx_word' id='word_1_593' title='bbox 1718 3927 1932 3982; x_wconf 91' lang='lat' dir='ltr'>dicitur</span> <span class='ocrx_word' id='word_1_594' title='bbox 1960 3943 1972 3981; x_wconf 91' lang='lat'><strong>:</strong></span> 
     </span>
    </p>
   </div>
   <div class='ocr_carea' id='block_1_74' title="bbox 327 4015 1974 4088">
    <p class='ocr_par' dir='ltr' id='par_1_74' title="bbox 327 4015 1974 4088">
     <span class='ocr_line' id='line_1_74' title="bbox 327 4015 1974 4088; baseline -0.001 -16"><span class='ocrx_word' id='word_1_595' title='bbox 327 4039 353 4066; x_wconf 91' lang='grc'><em>‹‹</em></span> <span class='ocrx_word' id='word_1_596' title='bbox 388 4016 606 4088; x_wconf 85' lang='lat' dir='ltr'>Joseph</span> <span class='ocrx_word' id='word_1_597' title='bbox 636 4021 834 4071; x_wconf 87' lang='lat' dir='ltr'>autem</span> <span class='ocrx_word' id='word_1_598' title='bbox 874 4017 962 4073; x_wconf 92' lang='lat' dir='ltr'>vir</span> <span class='ocrx_word' id='word_1_599' title='bbox 1004 4017 1133 4088; x_wconf 88' lang='lat' dir='ltr'>ejus</span> <span class='ocrx_word' id='word_1_600' title='bbox 1165 4016 1367 4087; x_wconf 76' lang='lat' dir='ltr'>(Matth.</span> <span class='ocrx_word' id='word_1_601' title='bbox 1401 4020 1480 4082; x_wconf 93' lang='grc' dir='ltr'>ιι).</span> <span class='ocrx_word' id='word_1_602' title='bbox 1523 4037 1550 4064; x_wconf 90' lang='grc'><strong>››</strong></span> <span class='ocrx_word' id='word_1_603' title='bbox 1583 4017 1647 4070; x_wconf 86' lang='lat' dir='ltr'>Et</span> <span class='ocrx_word' id='word_1_604' title='bbox 1693 4015 1751 4070; x_wconf 89' lang='lat' dir='ltr'>in</span> <span class='ocrx_word' id='word_1_605' title='bbox 1801 4015 1926 4086; x_wconf 88' lang='lat' dir='ltr'>lege</span> <span class='ocrx_word' id='word_1_606' title='bbox 1960 4031 1974 4070; x_wconf 91' lang='lat'><strong>:</strong></span> 
     </span>
    </p>
   </div>
   <div class='ocr_carea' id='block_1_75' title="bbox 325 4104 1980 4177">
    <p class='ocr_par' dir='ltr' id='par_1_75' title="bbox 325 4104 1980 4177">
     <span class='ocr_line' id='line_1_75' title="bbox 325 4104 1980 4177; baseline 0.002 -22"><span class='ocrx_word' id='word_1_607' title='bbox 325 4130 351 4155; x_wconf 89' lang='grc'><em>‹‹</em></span> <span class='ocrx_word' id='word_1_608' title='bbox 388 4107 443 4159; x_wconf 88' lang='lat' dir='ltr'>Si</span> <span class='ocrx_word' id='word_1_609' title='bbox 481 4104 767 4160; x_wconf 82' lang='lat' dir='ltr'>imenerit</span> <span class='ocrx_word' id='word_1_610' title='bbox 793 4105 882 4161; x_wconf 93' lang='lat' dir='ltr'>vir</span> <span class='ocrx_word' id='word_1_611' title='bbox 912 4104 1167 4177; x_wconf 90' lang='lat' dir='ltr'>puellam</span> <span class='ocrx_word' id='word_1_612' title='bbox 1201 4105 1616 4176; x_wconf 87' lang='lat' dir='ltr'>desponsatam</span> <span class='ocrx_word' id='word_1_613' title='bbox 1649 4105 1704 4158; x_wconf 91' lang='lat' dir='ltr'>in</span> <span class='ocrx_word' id='word_1_614' title='bbox 1739 4121 1898 4176; x_wconf 87' lang='lat' dir='ltr'>agro,</span> <span class='ocrx_word' id='word_1_615' title='bbox 1923 4107 1980 4158; x_wconf 93' lang='lat' dir='ltr'>et</span> 
     </span>
    </p>
   </div>
   <div class='ocr_carea' id='block_1_76' title="bbox 324 4191 1982 4264">
    <p class='ocr_par' dir='ltr' id='par_1_76' title="bbox 324 4191 1982 4264">
     <span class='ocr_line' id='line_1_76' title="bbox 324 4191 1982 4264; baseline -0.002 -16"><span class='ocrx_word' id='word_1_616' title='bbox 324 4192 631 4249; x_wconf 87' lang='lat' dir='ltr'>dormierit</span> <span class='ocrx_word' id='word_1_617' title='bbox 661 4209 795 4248; x_wconf 90' lang='lat' dir='ltr'>cum</span> <span class='ocrx_word' id='word_1_618' title='bbox 828 4210 916 4260; x_wconf 87' lang='lat' dir='ltr'>ea,</span> <span class='ocrx_word' id='word_1_619' title='bbox 949 4198 1135 4249; x_wconf 88' lang='lat' dir='ltr'>morte</span> <span class='ocrx_word' id='word_1_620' title='bbox 1165 4193 1466 4260; x_wconf 89' lang='lat' dir='ltr'>morietur,</span> <span class='ocrx_word' id='word_1_621' title='bbox 1491 4192 1630 4264; x_wconf 90' lang='lat' dir='ltr'>quia</span> <span class='ocrx_word' id='word_1_622' title='bbox 1648 4191 1982 4247; x_wconf 80' lang='lat' dir='ltr'>humiliavit</span> 
     </span>
    </p>
   </div>
   <div class='ocr_carea' id='block_1_77' title="bbox 326 4281 1980 4353">
    <p class='ocr_par' dir='ltr' id='par_1_77' title="bbox 326 4281 1980 4353">
     <span class='ocr_line' id='line_1_77' title="bbox 326 4281 1980 4353; baseline -0.001 -17"><span class='ocrx_word' id='word_1_623' title='bbox 326 4299 565 4338; x_wconf 87' lang='lat' dir='ltr'>uxorem</span> <span class='ocrx_word' id='word_1_624' title='bbox 604 4282 851 4353; x_wconf 80' lang='lat' dir='ltr'>proximi</span> <span class='ocrx_word' id='word_1_625' title='bbox 902 4281 993 4337; x_wconf 91' lang='lat' dir='ltr'>sui</span> <span class='ocrx_word' id='word_1_626' title='bbox 1023 4283 1199 4351; x_wconf 82' lang='lat' dir='ltr'>(Deut.</span> <span class='ocrx_word' id='word_1_627' title='bbox 1234 4284 1392 4350; x_wconf 81' lang='lat' dir='ltr'>xxii).</span> <span class='ocrx_word' id='word_1_628' title='bbox 1428 4303 1454 4330; x_wconf 86' lang='grc'><strong>››</strong></span> <span class='ocrx_word' id='word_1_629' title='bbox 1508 4283 1734 4353; x_wconf 89' lang='lat' dir='ltr'>Sponsa</span> <span class='ocrx_word' id='word_1_630' title='bbox 1785 4281 1980 4352; x_wconf 88' lang='lat' dir='ltr'>itaque</span> 
     </span>
    </p>
   </div>
   <div class='ocr_carea' id='block_1_78' title="bbox 325 4368 1980 4442">
    <p class='ocr_par' dir='ltr' id='par_1_78' title="bbox 325 4368 1980 4442">
     <span class='ocr_line' id='line_1_78' title="bbox 325 4368 1980 4442; baseline -0.002 -17"><span class='ocrx_word' id='word_1_631' title='bbox 325 4387 485 4425; x_wconf 90' lang='lat' dir='ltr'>nunc</span> <span class='ocrx_word' id='word_1_632' title='bbox 511 4374 600 4425; x_wconf 87' lang='lat' dir='ltr'>est</span> <span class='ocrx_word' id='word_1_633' title='bbox 627 4374 832 4425; x_wconf 87' lang='lat' dir='ltr'>sancta</span> <span class='ocrx_word' id='word_1_634' title='bbox 845 4369 1102 4426; x_wconf 90' lang='lat' dir='ltr'>Ecclesia</span> <span class='ocrx_word' id='word_1_635' title='bbox 1122 4387 1223 4442; x_wconf 88' lang='lat' dir='ltr'>per</span> <span class='ocrx_word' id='word_1_636' title='bbox 1245 4370 1438 4437; x_wconf 89' lang='lat' dir='ltr'>ﬁdem,</span> <span class='ocrx_word' id='word_1_637' title='bbox 1465 4385 1629 4441; x_wconf 90' lang='lat' dir='ltr'>spem</span> <span class='ocrx_word' id='word_1_638' title='bbox 1651 4374 1708 4424; x_wconf 92' lang='lat' dir='ltr'>et</span> <span class='ocrx_word' id='word_1_639' title='bbox 1731 4368 1980 4424; x_wconf 88' lang='lat' dir='ltr'>charita-</span> 
     </span>
    </p>
   </div>
   <div class='ocr_carea' id='block_1_79' title="bbox 325 4456 1980 4530">
    <p class='ocr_par' dir='ltr' id='par_1_79' title="bbox 325 4456 1980 4530">
     <span class='ocr_line' id='line_1_79' title="bbox 325 4456 1980 4530; baseline -0.001 -17"><span class='ocrx_word' id='word_1_640' title='bbox 325 4465 469 4526; x_wconf 90' lang='lat' dir='ltr'>tem,</span> <span class='ocrx_word' id='word_1_641' title='bbox 500 4458 600 4514; x_wconf 90' lang='lat' dir='ltr'>sed</span> <span class='ocrx_word' id='word_1_642' title='bbox 638 4461 778 4514; x_wconf 90' lang='lat' dir='ltr'>tunc</span> <span class='ocrx_word' id='word_1_643' title='bbox 817 4457 925 4514; x_wconf 91' lang='lat' dir='ltr'>erit</span> <span class='ocrx_word' id='word_1_644' title='bbox 959 4475 1123 4527; x_wconf 88' lang='lat' dir='ltr'>uxor,</span> <span class='ocrx_word' id='word_1_645' title='bbox 1150 4459 1383 4530; x_wconf 88' lang='lat' dir='ltr'>quando</span> <span class='ocrx_word' id='word_1_646' title='bbox 1415 4459 1485 4513; x_wconf 87' lang='lat' dir='ltr'>ad</span> <span class='ocrx_word' id='word_1_647' title='bbox 1519 4456 1823 4530; x_wconf 89' lang='lat' dir='ltr'>amplexus</span> <span class='ocrx_word' id='word_1_648' title='bbox 1851 4457 1980 4525; x_wconf 91' lang='lat' dir='ltr'>viri,</span> 
     </span>
    </p>
   </div>
   <div class='ocr_carea' id='block_1_80' title="bbox 2078 3307 3729 3381">
    <p class='ocr_par' dir='ltr' id='par_1_80' title="bbox 2078 3307 3729 3381">
     <span class='ocr_line' id='line_1_80' title="bbox 2078 3307 3729 3381; baseline 0 -18"><span class='ocrx_word' id='word_1_649' title='bbox 2078 3312 2246 3364; x_wconf 89' lang='lat' dir='ltr'>tuum</span> <span class='ocrx_word' id='word_1_650' title='bbox 2267 3307 2548 3380; x_wconf 87' lang='lat' dir='ltr'>gaudium</span> <span class='ocrx_word' id='word_1_651' title='bbox 2574 3309 2989 3381; x_wconf 86' lang='lat' dir='ltr'>possidebitur.</span> <span class='ocrx_word' id='word_1_652' title='bbox 3009 3311 3184 3366; x_wconf 84' lang='lat' dir='ltr'>Juxta</span> <span class='ocrx_word' id='word_1_653' title='bbox 3203 3309 3346 3364; x_wconf 90' lang='lat' dir='ltr'>illud</span> <span class='ocrx_word' id='word_1_654' title='bbox 3373 3327 3420 3365; x_wconf 87' lang='lat'>:«</span> <span class='ocrx_word' id='word_1_655' title='bbox 3449 3309 3605 3364; x_wconf 88' lang='lat' dir='ltr'>Beati</span> <span class='ocrx_word' id='word_1_656' title='bbox 3629 3309 3729 3380; x_wconf 91' lang='lat' dir='ltr'>qui</span> 
     </span>
    </p>
   </div>
   <div class='ocr_carea' id='block_1_81' title="bbox 2079 3395 3727 3471">
    <p class='ocr_par' dir='ltr' id='par_1_81' title="bbox 2079 3395 3727 3471">
     <span class='ocr_line' id='line_1_81' title="bbox 2079 3395 3727 3471; baseline 0.002 -21"><span class='ocrx_word' id='word_1_657' title='bbox 2079 3395 2304 3469; x_wconf 89' lang='lat' dir='ltr'>lugent,</span> <span class='ocrx_word' id='word_1_658' title='bbox 2337 3396 2615 3468; x_wconf 88' lang='lat' dir='ltr'>quoniam</span> <span class='ocrx_word' id='word_1_659' title='bbox 2638 3397 2748 3469; x_wconf 91' lang='lat' dir='ltr'>ipsi</span> <span class='ocrx_word' id='word_1_660' title='bbox 2774 3398 3232 3454; x_wconf 84' lang='lat' dir='ltr'>consolabuntur</span> <span class='ocrx_word' id='word_1_661' title='bbox 3257 3398 3464 3471; x_wconf 79' lang='lat' dir='ltr'>(Matth.</span> <span class='ocrx_word' id='word_1_662' title='bbox 3493 3400 3568 3467; x_wconf 91' lang='lat' dir='ltr'>v).</span> <span class='ocrx_word' id='word_1_663' title='bbox 3587 3420 3614 3446; x_wconf 91' lang='grc'><strong>››</strong></span> <span class='ocrx_word' id='word_1_664' title='bbox 3634 3401 3727 3453; x_wconf 85' lang='lat' dir='ltr'>In-</span> 
     </span>
    </p>
   </div>
   <div class='ocr_carea' id='block_1_82' title="bbox 2079 3485 3727 3559">
    <p class='ocr_par' dir='ltr' id='par_1_82' title="bbox 2079 3485 3727 3559">
     <span class='ocr_line' id='line_1_82' title="bbox 2079 3485 3727 3559; baseline 0.001 -19"><span class='ocrx_word' id='word_1_665' title='bbox 2079 3486 2365 3540; x_wconf 90' lang='lat' dir='ltr'>tuendum</span> <span class='ocrx_word' id='word_1_666' title='bbox 2396 3489 2610 3551; x_wconf 89' lang='lat' dir='ltr'>autem,</span> <span class='ocrx_word' id='word_1_667' title='bbox 2645 3503 2822 3558; x_wconf 88' lang='lat' dir='ltr'>quare</span> <span class='ocrx_word' id='word_1_668' title='bbox 2843 3503 3075 3542; x_wconf 91' lang='lat' dir='ltr'>omnem</span> <span class='ocrx_word' id='word_1_669' title='bbox 3097 3486 3414 3559; x_wconf 88' lang='lat' dir='ltr'>lacrymam</span> <span class='ocrx_word' id='word_1_670' title='bbox 3438 3486 3509 3540; x_wconf 88' lang='lat' dir='ltr'>ab</span> <span class='ocrx_word' id='word_1_671' title='bbox 3541 3485 3727 3542; x_wconf 90' lang='lat' dir='ltr'>oculis</span> 
     </span>
    </p>
   </div>
   <div class='ocr_carea' id='block_1_83' title="bbox 2082 3575 3727 3647">
    <p class='ocr_par' dir='ltr' id='par_1_83' title="bbox 2082 3575 3727 3647">
     <span class='ocr_line' id='line_1_83' title="bbox 2082 3575 3727 3647; baseline -0.001 -17"><span class='ocrx_word' id='word_1_672' title='bbox 2082 3579 2418 3630; x_wconf 87' lang='lat' dir='ltr'>sanctorum</span> <span class='ocrx_word' id='word_1_673' title='bbox 2451 3575 2608 3629; x_wconf 90' lang='lat' dir='ltr'>dicat</span> <span class='ocrx_word' id='word_1_674' title='bbox 2628 3576 3024 3642; x_wconf 88' lang='lat' dir='ltr'>auferendam,</span> <span class='ocrx_word' id='word_1_675' title='bbox 3050 3593 3183 3630; x_wconf 89' lang='lat' dir='ltr'>cum</span> <span class='ocrx_word' id='word_1_676' title='bbox 3215 3575 3484 3631; x_wconf 74' lang='lat' dir='ltr'>sufﬁcere</span> <span class='ocrx_word' id='word_1_677' title='bbox 3505 3576 3727 3647; x_wconf 91' lang='lat' dir='ltr'>potuis-</span> 
     </span>
    </p>
   </div>
   <div class='ocr_carea' id='block_1_84' title="bbox 2083 3662 3732 3737">
    <p class='ocr_par' dir='ltr' id='par_1_84' title="bbox 2083 3662 3732 3737">
     <span class='ocr_line' id='line_1_84' title="bbox 2083 3662 3732 3737; baseline 0 -19"><span class='ocrx_word' id='word_1_678' title='bbox 2083 3666 2172 3718; x_wconf 89' lang='lat' dir='ltr'>set</span> <span class='ocrx_word' id='word_1_679' title='bbox 2201 3663 2392 3718; x_wconf 87' lang='lat' dir='ltr'>dicere</span> <span class='ocrx_word' id='word_1_680' title='bbox 2425 3679 2437 3717; x_wconf 93' lang='lat'>:</span> <span class='ocrx_word' id='word_1_681' title='bbox 2472 3662 2777 3736; x_wconf 84' lang='lat' dir='ltr'>Absterget</span> <span class='ocrx_word' id='word_1_682' title='bbox 2814 3663 3129 3737; x_wconf 79' lang='lat' dir='ltr'>lacrymam</span> <span class='ocrx_word' id='word_1_683' title='bbox 3162 3665 3234 3719; x_wconf 88' lang='lat' dir='ltr'>ab</span> <span class='ocrx_word' id='word_1_684' title='bbox 3267 3663 3453 3720; x_wconf 90' lang='lat' dir='ltr'>oculis</span> <span class='ocrx_word' id='word_1_685' title='bbox 3483 3662 3732 3719; x_wconf 87' lang='lat' dir='ltr'>eorum?</span> 
     </span>
    </p>
   </div>
   <div class='ocr_carea' id='block_1_85' title="bbox 2079 3751 3729 3826">
    <p class='ocr_par' dir='ltr' id='par_1_85' title="bbox 2079 3751 3729 3826">
     <span class='ocr_line' id='line_1_85' title="bbox 2079 3751 3729 3826; baseline 0.001 -20"><span class='ocrx_word' id='word_1_686' title='bbox 2079 3752 2189 3806; x_wconf 90' lang='lat' dir='ltr'>Sed</span> <span class='ocrx_word' id='word_1_687' title='bbox 2203 3751 2504 3806; x_wconf 84' lang='lat' dir='ltr'>sciendum</span> <span class='ocrx_word' id='word_1_688' title='bbox 2531 3753 2683 3824; x_wconf 90' lang='lat' dir='ltr'>quod</span> <span class='ocrx_word' id='word_1_689' title='bbox 2707 3753 2944 3808; x_wconf 81' lang='lat' dir='ltr'>diversae</span> <span class='ocrx_word' id='word_1_690' title='bbox 2968 3758 3107 3809; x_wconf 89' lang='lat' dir='ltr'>snnt</span> <span class='ocrx_word' id='word_1_691' title='bbox 3123 3753 3435 3825; x_wconf 89' lang='lat' dir='ltr'>qualitates</span> <span class='ocrx_word' id='word_1_692' title='bbox 3451 3752 3729 3826; x_wconf 82' lang='lat' dir='ltr'>lacryma-</span> 
     </span>
    </p>
   </div>
   <div class='ocr_carea' id='block_1_86' title="bbox 2083 3840 3734 3914">
    <p class='ocr_par' dir='ltr' id='par_1_86' title="bbox 2083 3840 3734 3914">
     <span class='ocr_line' id='line_1_86' title="bbox 2083 3840 3734 3914; baseline 0.002 -20"><span class='ocrx_word' id='word_1_693' title='bbox 2083 3857 2237 3907; x_wconf 90' lang='lat' dir='ltr'>rum,</span> <span class='ocrx_word' id='word_1_694' title='bbox 2253 3841 2468 3911; x_wconf 86' lang='lat' dir='ltr'>quibus</span> <span class='ocrx_word' id='word_1_695' title='bbox 2489 3840 2547 3894; x_wconf 90' lang='lat' dir='ltr'>in</span> <span class='ocrx_word' id='word_1_696' title='bbox 2571 3841 2681 3896; x_wconf 88' lang='lat' dir='ltr'>hac</span> <span class='ocrx_word' id='word_1_697' title='bbox 2697 3841 2812 3896; x_wconf 90' lang='lat' dir='ltr'>vita</span> <span class='ocrx_word' id='word_1_698' title='bbox 2832 3842 3175 3914; x_wconf 83' lang='lat' dir='ltr'>affliguntur</span> <span class='ocrx_word' id='word_1_699' title='bbox 3190 3841 3384 3898; x_wconf 90' lang='lat' dir='ltr'>electi:</span> <span class='ocrx_word' id='word_1_700' title='bbox 3407 3841 3734 3914; x_wconf 89' lang='lat' dir='ltr'>Aliquando</span> 
     </span>
    </p>
   </div>
   <div class='ocr_carea' id='block_1_87' title="bbox 2084 3928 3737 4000">
    <p class='ocr_par' dir='ltr' id='par_1_87' title="bbox 2084 3928 3737 4000">
     <span class='ocr_line' id='line_1_87' title="bbox 2084 3928 3737 4000; baseline 0.003 -18"><span class='ocrx_word' id='word_1_701' title='bbox 2084 3928 2306 3983; x_wconf 90' lang='lat' dir='ltr'>scilicet</span> <span class='ocrx_word' id='word_1_702' title='bbox 2327 3933 2560 4000; x_wconf 88' lang='lat' dir='ltr'>propter</span> <span class='ocrx_word' id='word_1_703' title='bbox 2579 3930 2849 3986; x_wconf 88' lang='lat' dir='ltr'>timorem</span> <span class='ocrx_word' id='word_1_704' title='bbox 2873 3936 3318 3999; x_wconf 89' lang='lat' dir='ltr'>tormentorum,</span> <span class='ocrx_word' id='word_1_705' title='bbox 3343 3948 3416 3987; x_wconf 91' lang='lat' dir='ltr'>ne</span> <span class='ocrx_word' id='word_1_706' title='bbox 3446 3933 3518 3986; x_wconf 94' lang='lat' dir='ltr'>ob</span> <span class='ocrx_word' id='word_1_707' title='bbox 3547 3933 3737 3987; x_wconf 90' lang='lat' dir='ltr'>deme-</span> 
     </span>
    </p>
   </div>
   <div class='ocr_carea' id='block_1_88' title="bbox 2087 4015 3736 4090">
    <p class='ocr_par' dir='ltr' id='par_1_88' title="bbox 2087 4015 3736 4090">
     <span class='ocr_line' id='line_1_88' title="bbox 2087 4015 3736 4090; baseline 0.003 -21"><span class='ocrx_word' id='word_1_708' title='bbox 2087 4017 2198 4070; x_wconf 89' lang='lat' dir='ltr'>rita</span> <span class='ocrx_word' id='word_1_709' title='bbox 2231 4015 2560 4088; x_wconf 90' lang='lat' dir='ltr'>iniquitatis</span> <span class='ocrx_word' id='word_1_710' title='bbox 2593 4035 2711 4072; x_wconf 68' lang='lat' dir='ltr'>sua:</span> <span class='ocrx_word' id='word_1_711' title='bbox 2743 4019 2929 4090; x_wconf 69' lang='lat' dir='ltr'>poenis</span> <span class='ocrx_word' id='word_1_712' title='bbox 2952 4019 3256 4074; x_wconf 85' lang='lat' dir='ltr'>tradantur</span> <span class='ocrx_word' id='word_1_713' title='bbox 3276 4019 3606 4087; x_wconf 89' lang='lat' dir='ltr'>ultricibus;</span> <span class='ocrx_word' id='word_1_714' title='bbox 3633 4019 3736 4074; x_wconf 92' lang='lat' dir='ltr'>ali-</span> 
     </span>
    </p>
   </div>
   <div class='ocr_carea' id='block_1_89' title="bbox 2090 4105 3739 4177">
    <p class='ocr_par' dir='ltr' id='par_1_89' title="bbox 2090 4105 3739 4177">
     <span class='ocr_line' id='line_1_89' title="bbox 2090 4105 3739 4177; baseline 0.002 -18"><span class='ocrx_word' id='word_1_715' title='bbox 2090 4105 2322 4176; x_wconf 88' lang='lat' dir='ltr'>quando</span> <span class='ocrx_word' id='word_1_716' title='bbox 2358 4110 2592 4176; x_wconf 87' lang='lat' dir='ltr'>propter</span> <span class='ocrx_word' id='word_1_717' title='bbox 2613 4123 2871 4161; x_wconf 87' lang='lat' dir='ltr'>amorem</span> <span class='ocrx_word' id='word_1_718' title='bbox 2894 4110 2950 4160; x_wconf 92' lang='lat' dir='ltr'>et</span> <span class='ocrx_word' id='word_1_719' title='bbox 2966 4107 3328 4162; x_wconf 89' lang='lat' dir='ltr'>consortium</span> <span class='ocrx_word' id='word_1_720' title='bbox 3348 4123 3739 4177; x_wconf 89' lang='lat' dir='ltr'>supernorum</span> 
     </span>
    </p>
   </div>
   <div class='ocr_carea' id='block_1_90' title="bbox 2088 4192 3739 4266">
    <p class='ocr_par' dir='ltr' id='par_1_90' title="bbox 2088 4192 3739 4266">
     <span class='ocr_line' id='line_1_90' title="bbox 2088 4192 3739 4266; baseline 0.001 -18"><span class='ocrx_word' id='word_1_721' title='bbox 2088 4192 2322 4248; x_wconf 90' lang='lat' dir='ltr'>civium.</span> <span class='ocrx_word' id='word_1_722' title='bbox 2349 4193 2662 4264; x_wconf 87' lang='lat' dir='ltr'>Postquam</span> <span class='ocrx_word' id='word_1_723' title='bbox 2686 4194 2841 4248; x_wconf 90' lang='lat' dir='ltr'>enim</span> <span class='ocrx_word' id='word_1_724' title='bbox 2874 4193 3101 4249; x_wconf 90' lang='lat' dir='ltr'>veniam</span> <span class='ocrx_word' id='word_1_725' title='bbox 3137 4198 3505 4266; x_wconf 88' lang='lat' dir='ltr'>peccatorum</span> <span class='ocrx_word' id='word_1_726' title='bbox 3538 4211 3739 4250; x_wconf 89' lang='lat' dir='ltr'>conse-</span> 
     </span>
    </p>
   </div>
   <div class='ocr_carea' id='block_1_91' title="bbox 2089 4281 3744 4354">
    <p class='ocr_par' dir='ltr' id='par_1_91' title="bbox 2089 4281 3744 4354">
     <span class='ocr_line' id='line_1_91' title="bbox 2089 4281 3744 4354; baseline 0.001 -17"><span class='ocrx_word' id='word_1_727' title='bbox 2089 4286 2372 4354; x_wconf 90' lang='lat' dir='ltr'>quuntur,</span> <span class='ocrx_word' id='word_1_728' title='bbox 2392 4281 2603 4337; x_wconf 88' lang='lat' dir='ltr'>iterum</span> <span class='ocrx_word' id='word_1_729' title='bbox 2625 4283 2758 4338; x_wconf 87' lang='lat' dir='ltr'>ﬁere</span> <span class='ocrx_word' id='word_1_730' title='bbox 2776 4282 3084 4354; x_wconf 86' lang='lat' dir='ltr'>incipiunt,</span> <span class='ocrx_word' id='word_1_731' title='bbox 3100 4283 3348 4354; x_wconf 84' lang='lat' dir='ltr'>nonjam</span> <span class='ocrx_word' id='word_1_732' title='bbox 3372 4283 3512 4354; x_wconf 88' lang='lat' dir='ltr'>quia</span> <span class='ocrx_word' id='word_1_733' title='bbox 3532 4282 3744 4339; x_wconf 90' lang='lat' dir='ltr'>timent</span> 
     </span>
    </p>
   </div>
   <div class='ocr_carea' id='block_1_92' title="bbox 2090 4371 3741 4445">
    <p class='ocr_par' dir='ltr' id='par_1_92' title="bbox 2090 4371 3741 4445">
     <span class='ocr_line' id='line_1_92' title="bbox 2090 4371 3741 4445; baseline 0.001 -18"><span class='ocrx_word' id='word_1_734' title='bbox 2090 4371 2379 4436; x_wconf 88' lang='lat' dir='ltr'>damnari,</span> <span class='ocrx_word' id='word_1_735' title='bbox 2434 4371 2532 4426; x_wconf 89' lang='lat' dir='ltr'>sed</span> <span class='ocrx_word' id='word_1_736' title='bbox 2567 4372 2705 4443; x_wconf 89' lang='lat' dir='ltr'>quia</span> <span class='ocrx_word' id='word_1_737' title='bbox 2736 4371 3083 4426; x_wconf 75' lang='lat' dir='ltr'>differuntur</span> <span class='ocrx_word' id='word_1_738' title='bbox 3112 4376 3380 4445; x_wconf 79' lang='lat' dir='ltr'>a‘regno.</span> <span class='ocrx_word' id='word_1_739' title='bbox 3411 4371 3741 4444; x_wconf 88' lang='lat' dir='ltr'>Aliquando</span> 
     </span>
    </p>
   </div>
   <div class='ocr_carea' id='block_1_93' title="bbox 2093 4458 3742 4534">
    <p class='ocr_par' dir='ltr' id='par_1_93' title="bbox 2093 4458 3742 4534">
     <span class='ocr_line' id='line_1_93' title="bbox 2093 4458 3742 4534; baseline 0.001 -20"><span class='ocrx_word' id='word_1_740' title='bbox 2093 4475 2327 4532; x_wconf 90' lang='lat' dir='ltr'>quoque</span> <span class='ocrx_word' id='word_1_741' title='bbox 2363 4458 2668 4531; x_wconf 83' lang='lat' dir='ltr'>deplorant</span> <span class='ocrx_word' id='word_1_742' title='bbox 2715 4459 2963 4516; x_wconf 89' lang='lat' dir='ltr'>aliorum</span> <span class='ocrx_word' id='word_1_743' title='bbox 3015 4465 3270 4534; x_wconf 88' lang='lat' dir='ltr'>peccata,</span> <span class='ocrx_word' id='word_1_744' title='bbox 3307 4461 3459 4516; x_wconf 90' lang='lat' dir='ltr'>sicut</span> <span class='ocrx_word' id='word_1_745' title='bbox 3503 4460 3742 4518; x_wconf 88' lang='lat' dir='ltr'>Samuel</span> 
     </span>
    </p>
   </div>
   <div class='ocr_carea' id='block_1_94' title="bbox 325 4546 3741 4636">
    <p class='ocr_par' dir='ltr' id='par_1_94' title="bbox 325 4546 3741 4636">
     <span class='ocr_line' id='line_1_94' title="bbox 325 4546 3741 4636; baseline 0.001 -34"><span class='ocrx_word' id='word_1_746' title='bbox 325 4548 386 4603; x_wconf 91' lang='lat' dir='ltr'>id</span> <span class='ocrx_word' id='word_1_747' title='bbox 419 4550 509 4604; x_wconf 89' lang='lat' dir='ltr'>est</span> <span class='ocrx_word' id='word_1_748' title='bbox 534 4547 608 4636; x_wconf 87' lang='lat' dir='ltr'>ad</span> <span class='ocrx_word' id='word_1_749' title='bbox 633 4546 1182 4636; x_wconf 87' lang='lat' dir='ltr'>contemplationem</span> <span class='ocrx_word' id='word_1_750' title='bbox 1213 4546 1310 4636; x_wconf 86' lang='lat' dir='ltr'>Dei</span> <span class='ocrx_word' id='word_1_751' title='bbox 1330 4546 1764 4636; x_wconf 82' lang='lat' dir='ltr'>omnipotentis,</span> <span class='ocrx_word' id='word_1_752' title='bbox 1785 4562 1980 4636; x_wconf 85' lang='lat' dir='ltr'>perve-</span> <span class='ocrx_word' id='word_1_753' title='bbox 2013 4568 2061 4636; x_wconf 71' lang='grc' dir='ltr'>Β</span> <span class='ocrx_word' id='word_1_754' title='bbox 2093 4549 2267 4604; x_wconf 83' lang='lat' dir='ltr'>ﬁebat</span> <span class='ocrx_word' id='word_1_755' title='bbox 2294 4546 2454 4616; x_wconf 90' lang='lat' dir='ltr'>Saul,</span> <span class='ocrx_word' id='word_1_756' title='bbox 2488 4565 2554 4604; x_wconf 91' lang='lat' dir='ltr'>eo</span> <span class='ocrx_word' id='word_1_757' title='bbox 2599 4550 2749 4621; x_wconf 88' lang='lat' dir='ltr'>quod</span> <span class='ocrx_word' id='word_1_758' title='bbox 2802 4549 3171 4622; x_wconf 68' lang='lat' dir='ltr'>paenituisset</span> <span class='ocrx_word' id='word_1_759' title='bbox 3214 4549 3549 4618; x_wconf 91' lang='lat' dir='ltr'>Dominum,</span> <span class='ocrx_word' id='word_1_760' title='bbox 3584 4551 3741 4622; x_wconf 92' lang='lat' dir='ltr'>quod</span> 
     </span>
    </p>
   </div>
   <div class='ocr_carea' id='block_1_95' title="bbox 327 4633 1984 4707">
    <p class='ocr_par' dir='ltr' id='par_1_95' title="bbox 327 4633 1984 4707">
     <span class='ocr_line' id='line_1_95' title="bbox 327 4633 1984 4707; baseline -0.001 -16"><span class='ocrx_word' id='word_1_761' title='bbox 327 4636 501 4691; x_wconf 88' lang='lat' dir='ltr'>nerit.</span> <span class='ocrx_word' id='word_1_762' title='bbox 517 4635 680 4698; x_wconf 88' lang='lat' dir='ltr'>Quod</span> <span class='ocrx_word' id='word_1_763' title='bbox 699 4639 820 4691; x_wconf 87' lang='lat' dir='ltr'>tota</span> <span class='ocrx_word' id='word_1_764' title='bbox 841 4635 933 4690; x_wconf 91' lang='lat' dir='ltr'>die</span> <span class='ocrx_word' id='word_1_765' title='bbox 955 4635 1192 4707; x_wconf 89' lang='lat' dir='ltr'>quidem</span> <span class='ocrx_word' id='word_1_766' title='bbox 1209 4635 1266 4689; x_wconf 92' lang='lat' dir='ltr'>in</span> <span class='ocrx_word' id='word_1_767' title='bbox 1291 4634 1543 4706; x_wconf 88' lang='lat' dir='ltr'>singulis</span> <span class='ocrx_word' id='word_1_768' title='bbox 1557 4635 1751 4707; x_wconf 87' lang='lat' dir='ltr'>agitur</span> <span class='ocrx_word' id='word_1_769' title='bbox 1765 4633 1984 4702; x_wconf 90' lang='lat' dir='ltr'>electis,</span> 
     </span>
    </p>
   </div>
   <div class='ocr_carea' id='block_1_96' title="bbox 326 4722 1984 4796">
    <p class='ocr_par' dir='ltr' id='par_1_96' title="bbox 326 4722 1984 4796">
     <span class='ocr_line' id='line_1_96' title="bbox 326 4722 1984 4796; baseline -0.001 -17"><span class='ocrx_word' id='word_1_770' title='bbox 326 4722 677 4796; x_wconf 90' lang='lat' dir='ltr'>generaliter</span> <span class='ocrx_word' id='word_1_771' title='bbox 706 4727 900 4779; x_wconf 90' lang='lat' dir='ltr'>autem</span> <span class='ocrx_word' id='word_1_772' title='bbox 933 4724 992 4778; x_wconf 91' lang='lat' dir='ltr'>in</span> <span class='ocrx_word' id='word_1_773' title='bbox 1025 4724 1138 4778; x_wconf 89' lang='lat' dir='ltr'>ﬁne</span> <span class='ocrx_word' id='word_1_774' title='bbox 1170 4723 1560 4795; x_wconf 86' lang='lat' dir='ltr'>complebitur</span> <span class='ocrx_word' id='word_1_775' title='bbox 1583 4740 1594 4776; x_wconf 89' lang='lat'><strong>:</strong></span> <span class='ocrx_word' id='word_1_776' title='bbox 1619 4728 1758 4778; x_wconf 84' lang='lat' dir='ltr'>tunc</span> <span class='ocrx_word' id='word_1_777' title='bbox 1782 4738 1984 4778; x_wconf 89' lang='lat' dir='ltr'>omnes</span> 
     </span>
    </p>
   </div>
   <div class='ocr_carea' id='block_1_97' title="bbox 324 4810 1985 4880">
    <p class='ocr_par' dir='ltr' id='par_1_97' title="bbox 324 4810 1985 4880">
     <span class='ocr_line' id='line_1_97' title="bbox 324 4810 1985 4880; baseline -0.001 -14"><span class='ocrx_word' id='word_1_778' title='bbox 324 4812 385 4866; x_wconf 89' lang='lat' dir='ltr'>in</span> <span class='ocrx_word' id='word_1_779' title='bbox 417 4828 732 4867; x_wconf 90' lang='lat' dir='ltr'>commune</span> <span class='ocrx_word' id='word_1_780' title='bbox 781 4811 1066 4867; x_wconf 89' lang='lat' dir='ltr'>audient:</span> <span class='ocrx_word' id='word_1_781' title='bbox 1102 4833 1128 4860; x_wconf 90' lang='grc'><strong><em>‹‹</em></strong></span> <span class='ocrx_word' id='word_1_782' title='bbox 1182 4810 1409 4880; x_wconf 87' lang='lat' dir='ltr'>Venite,</span> <span class='ocrx_word' id='word_1_783' title='bbox 1462 4811 1749 4866; x_wconf 89' lang='lat' dir='ltr'>benedicti</span> <span class='ocrx_word' id='word_1_784' title='bbox 1799 4811 1985 4866; x_wconf 90' lang='lat' dir='ltr'>Patris</span> 
     </span>
    </p>
   </div>
   <div class='ocr_carea' id='block_1_98' title="bbox 326 4898 1987 4970">
    <p class='ocr_par' dir='ltr' id='par_1_98' title="bbox 326 4898 1987 4970">
     <span class='ocr_line' id='line_1_98' title="bbox 326 4898 1987 4970; baseline -0.001 -16"><span class='ocrx_word' id='word_1_785' title='bbox 326 4901 541 4968; x_wconf 76' lang='lat' dir='ltr'>(Matth.</span> <span class='ocrx_word' id='word_1_786' title='bbox 565 4900 716 4970; x_wconf 87' lang='lat' dir='ltr'>xxv),</span> <span class='ocrx_word' id='word_1_787' title='bbox 745 4922 772 4948; x_wconf 89' lang='lat'>»</span> <span class='ocrx_word' id='word_1_788' title='bbox 795 4903 902 4955; x_wconf 91' lang='lat' dir='ltr'>etc.</span> <span class='ocrx_word' id='word_1_789' title='bbox 930 4921 958 4949; x_wconf 87' lang='lat'><strong>«</strong></span> <span class='ocrx_word' id='word_1_790' title='bbox 979 4899 1256 4954; x_wconf 89' lang='lat' dir='ltr'>Ornatam</span> <span class='ocrx_word' id='word_1_791' title='bbox 1285 4922 1311 4948; x_wconf 91' lang='grc'><strong>››</strong></span> <span class='ocrx_word' id='word_1_792' title='bbox 1337 4898 1499 4966; x_wconf 90' lang='lat' dir='ltr'>dicit,</span> <span class='ocrx_word' id='word_1_793' title='bbox 1523 4899 1578 4953; x_wconf 90' lang='lat' dir='ltr'>id</span> <span class='ocrx_word' id='word_1_794' title='bbox 1608 4900 1773 4954; x_wconf 89' lang='lat' dir='ltr'>estin</span> <span class='ocrx_word' id='word_1_795' title='bbox 1797 4899 1987 4954; x_wconf 89' lang='lat' dir='ltr'>omni-</span> 
     </span>
    </p>
   </div>
   <div class='ocr_carea' id='block_1_99' title="bbox 328 4987 1984 5060">
    <p class='ocr_par' dir='ltr' id='par_1_99' title="bbox 328 4987 1984 5060">
     <span class='ocr_line' id='line_1_99' title="bbox 328 4987 1984 5060; baseline 0.001 -17"><span class='ocrx_word' id='word_1_796' title='bbox 328 4988 442 5043; x_wconf 86' lang='lat' dir='ltr'>bus</span> <span class='ocrx_word' id='word_1_797' title='bbox 471 4987 790 5044; x_wconf 88' lang='lat' dir='ltr'>virtutibus</span> <span class='ocrx_word' id='word_1_798' title='bbox 812 4988 1217 5060; x_wconf 90' lang='lat' dir='ltr'>compositam.</span> <span class='ocrx_word' id='word_1_799' title='bbox 1254 4987 1428 5042; x_wconf 89' lang='lat' dir='ltr'>Juxta</span> <span class='ocrx_word' id='word_1_800' title='bbox 1449 4987 1590 5042; x_wconf 89' lang='lat' dir='ltr'>illud</span> <span class='ocrx_word' id='word_1_801' title='bbox 1616 4987 1936 5044; x_wconf 68' lang='lat' dir='ltr'>Psamlista:</span> <span class='ocrx_word' id='word_1_802' title='bbox 1971 5003 1984 5044; x_wconf 86' lang='lat'>:</span> 
     </span>
    </p>
   </div>
   <div class='ocr_carea' id='block_1_100' title="bbox 332 5075 1898 5150">
    <p class='ocr_par' dir='ltr' id='par_1_100' title="bbox 332 5075 1898 5150">
     <span class='ocr_line' id='line_1_100' title="bbox 332 5075 1898 5150; baseline 0.003 -24"><span class='ocrx_word' id='word_1_803' title='bbox 332 5102 357 5126; x_wconf 80' lang='grc' dir='ltr'>α</span> <span class='ocrx_word' id='word_1_804' title='bbox 393 5075 592 5132; x_wconf 87' lang='lat' dir='ltr'>Astitit</span> <span class='ocrx_word' id='word_1_805' title='bbox 622 5077 822 5150; x_wconf 89' lang='lat' dir='ltr'>regina</span> <span class='ocrx_word' id='word_1_806' title='bbox 853 5094 884 5132; x_wconf 89' lang='lat' dir='ltr'>a</span> <span class='ocrx_word' id='word_1_807' title='bbox 916 5077 1136 5132; x_wconf 85' lang='lat' dir='ltr'>dextris</span> <span class='ocrx_word' id='word_1_808' title='bbox 1166 5077 1284 5131; x_wconf 92' lang='lat' dir='ltr'>tuis</span> <span class='ocrx_word' id='word_1_809' title='bbox 1319 5076 1493 5148; x_wconf 81' lang='lat' dir='ltr'>(Psal.</span> <span class='ocrx_word' id='word_1_810' title='bbox 1527 5076 1700 5146; x_wconf 67' lang='grc' dir='ltr'>κων),</span> <span class='ocrx_word' id='word_1_811' title='bbox 1737 5099 1764 5125; x_wconf 86' lang='grc'>››</span> <span class='ocrx_word' id='word_1_812' title='bbox 1792 5079 1898 5132; x_wconf 87' lang='lat' dir='ltr'>etc.</span> 
     </span>
    </p>
   </div>
   <div class='ocr_carea' id='block_1_101' title="bbox 404 5163 1988 5237">
    <p class='ocr_par' dir='ltr' id='par_1_101' title="bbox 404 5163 1988 5237">
     <span class='ocr_line' id='line_1_101' title="bbox 404 5163 1988 5237; baseline 0 -17"><span class='ocrx_word' id='word_1_813' title='bbox 404 5187 433 5214; x_wconf 90' lang='grc'>‹‹</span> <span class='ocrx_word' id='word_1_814' title='bbox 467 5165 540 5220; x_wconf 85' lang='lat' dir='ltr'>Et</span> <span class='ocrx_word' id='word_1_815' title='bbox 568 5165 764 5221; x_wconf 87' lang='lat' dir='ltr'>audivi</span> <span class='ocrx_word' id='word_1_816' title='bbox 794 5181 992 5221; x_wconf 90' lang='lat' dir='ltr'>vocem</span> <span class='ocrx_word' id='word_1_817' title='bbox 1017 5181 1290 5237; x_wconf 89' lang='lat' dir='ltr'>magnam</span> <span class='ocrx_word' id='word_1_818' title='bbox 1314 5165 1384 5219; x_wconf 90' lang='lat' dir='ltr'>de</span> <span class='ocrx_word' id='word_1_819' title='bbox 1406 5163 1637 5219; x_wconf 88' lang='lat' dir='ltr'>throno.</span> <span class='ocrx_word' id='word_1_820' title='bbox 1668 5187 1696 5215; x_wconf 85' lang='lat'><strong>»</strong></span> <span class='ocrx_word' id='word_1_821' title='bbox 1719 5165 1988 5221; x_wconf 90' lang='lat' dir='ltr'>Thronus</span> 
     </span>
    </p>
   </div>
   <div class='ocr_carea' id='block_1_102' title="bbox 333 5251 1989 5327">
    <p class='ocr_par' dir='ltr' id='par_1_102' title="bbox 333 5251 1989 5327">
     <span class='ocr_line' id='line_1_102' title="bbox 333 5251 1989 5327; baseline 0.001 -19"><span class='ocrx_word' id='word_1_822' title='bbox 333 5252 428 5308; x_wconf 90' lang='lat' dir='ltr'>hic</span> <span class='ocrx_word' id='word_1_823' title='bbox 458 5252 804 5327; x_wconf 85' lang='lat' dir='ltr'>intelligitur</span> <span class='ocrx_word' id='word_1_824' title='bbox 842 5253 1111 5309; x_wconf 87' lang='lat' dir='ltr'>homines</span> <span class='ocrx_word' id='word_1_825' title='bbox 1153 5258 1211 5308; x_wconf 90' lang='lat' dir='ltr'>et</span> <span class='ocrx_word' id='word_1_826' title='bbox 1242 5251 1430 5324; x_wconf 88' lang='lat' dir='ltr'>angeli</span> <span class='ocrx_word' id='word_1_827' title='bbox 1466 5252 1649 5308; x_wconf 90' lang='lat' dir='ltr'>sancti</span> <span class='ocrx_word' id='word_1_828' title='bbox 1683 5253 1740 5307; x_wconf 92' lang='lat' dir='ltr'>in</span> <span class='ocrx_word' id='word_1_829' title='bbox 1775 5252 1989 5324; x_wconf 91' lang='lat' dir='ltr'>quibus</span> 
     </span>
    </p>
   </div>
   <div class='ocr_carea' id='block_1_103' title="bbox 267 5341 1993 5414">
    <p class='ocr_par' dir='ltr' id='par_1_103' title="bbox 267 5341 1993 5414">
     <span class='ocr_line' id='line_1_103' title="bbox 267 5341 1993 5414; baseline 0 -18"><span class='ocrx_word' id='word_1_830' title='bbox 267 5357 292 5376; x_wconf 54' lang='grc' dir='ltr'><strong>κ</strong></span> <span class='ocrx_word' id='word_1_831' title='bbox 336 5341 562 5398; x_wconf 86' lang='lat' dir='ltr'>habitat</span> <span class='ocrx_word' id='word_1_832' title='bbox 590 5342 766 5410; x_wconf 91' lang='lat' dir='ltr'>Deus,</span> <span class='ocrx_word' id='word_1_833' title='bbox 800 5341 1046 5414; x_wconf 90' lang='lat' dir='ltr'>ideoque</span> <span class='ocrx_word' id='word_1_834' title='bbox 1071 5341 1192 5396; x_wconf 66' lang='lat' dir='ltr'>haec</span> <span class='ocrx_word' id='word_1_835' title='bbox 1212 5359 1320 5398; x_wconf 85' lang='lat' dir='ltr'>vox</span> <span class='ocrx_word' id='word_1_836' title='bbox 1343 5357 1575 5412; x_wconf 88' lang='lat' dir='ltr'>magna,</span> <span class='ocrx_word' id='word_1_837' title='bbox 1598 5357 1703 5396; x_wconf 90' lang='lat' dir='ltr'>vox</span> <span class='ocrx_word' id='word_1_838' title='bbox 1727 5341 1993 5414; x_wconf 88' lang='lat' dir='ltr'>intelligi-</span> 
     </span>
    </p>
   </div>
   <div class='ocr_carea' id='block_1_104' title="bbox 335 5429 1989 5504">
    <p class='ocr_par' dir='ltr' id='par_1_104' title="bbox 335 5429 1989 5504">
     <span class='ocr_line' id='line_1_104' title="bbox 335 5429 1989 5504; baseline 0.001 -18"><span class='ocrx_word' id='word_1_839' title='bbox 335 5435 432 5486; x_wconf 91' lang='lat' dir='ltr'>tur</span> <span class='ocrx_word' id='word_1_840' title='bbox 461 5430 880 5504; x_wconf 89' lang='lat' dir='ltr'>omnipotentis</span> <span class='ocrx_word' id='word_1_841' title='bbox 915 5431 1038 5486; x_wconf 90' lang='lat' dir='ltr'>Dei.</span> <span class='ocrx_word' id='word_1_842' title='bbox 1073 5430 1206 5495; x_wconf 69' lang='lat' dir='ltr'>Ouze</span> <span class='ocrx_word' id='word_1_843' title='bbox 1257 5429 1471 5485; x_wconf 91' lang='lat' dir='ltr'>idcirco</span> <span class='ocrx_word' id='word_1_844' title='bbox 1518 5445 1733 5501; x_wconf 90' lang='lat' dir='ltr'>magna</span> <span class='ocrx_word' id='word_1_845' title='bbox 1757 5431 1989 5500; x_wconf 92' lang='lat' dir='ltr'>dicitur,</span> 
     </span>
    </p>
   </div>
   <div class='ocr_carea' id='block_1_105' title="bbox 340 5518 1984 5593">
    <p class='ocr_par' dir='ltr' id='par_1_105' title="bbox 340 5518 1984 5593">
     <span class='ocr_line' id='line_1_105' title="bbox 340 5518 1984 5593; baseline 0.001 -18"><span class='ocrx_word' id='word_1_846' title='bbox 340 5519 476 5593; x_wconf 90' lang='lat' dir='ltr'>quia</span> <span class='ocrx_word' id='word_1_847' title='bbox 502 5520 571 5576; x_wconf 91' lang='lat' dir='ltr'>de</span> <span class='ocrx_word' id='word_1_848' title='bbox 594 5519 824 5593; x_wconf 87' lang='lat' dir='ltr'>magnis</span> <span class='ocrx_word' id='word_1_849' title='bbox 845 5518 1108 5592; x_wconf 89' lang='lat' dir='ltr'>loquitur</span> <span class='ocrx_word' id='word_1_850' title='bbox 1133 5519 1343 5574; x_wconf 84' lang='lat' dir='ltr'>Deus.«</span> <span class='ocrx_word' id='word_1_851' title='bbox 1369 5518 1512 5573; x_wconf 87' lang='lat' dir='ltr'>Ecce</span> <span class='ocrx_word' id='word_1_852' title='bbox 1542 5518 1984 5576; x_wconf 83' lang='lat' dir='ltr'>tabernaculum</span> 
     </span>
    </p>
   </div>
   <div class='ocr_carea' id='block_1_106' title="bbox 340 5605 1992 5688">
    <p class='ocr_par' dir='ltr' id='par_1_106' title="bbox 340 5605 1992 5688">
     <span class='ocr_line' id='line_1_106' title="bbox 340 5605 1992 5688; baseline 0.001 -21"><span class='ocrx_word' id='word_1_853' title='bbox 340 5631 368 5667; x_wconf 73' lang='grc' dir='ltr'>ι(</span> <span class='ocrx_word' id='word_1_854' title='bbox 402 5609 504 5668; x_wconf 82' lang='lat' dir='ltr'>Dei</span> <span class='ocrx_word' id='word_1_855' title='bbox 534 5625 671 5667; x_wconf 83' lang='lat' dir='ltr'>cum</span> <span class='ocrx_word' id='word_1_856' title='bbox 702 5607 1064 5667; x_wconf 80' lang='lat' dir='ltr'>hominibus.</span> <span class='ocrx_word' id='word_1_857' title='bbox 1101 5631 1130 5659; x_wconf 91' lang='grc'><strong>››</strong></span> <span class='ocrx_word' id='word_1_858' title='bbox 1148 5609 1360 5684; x_wconf 85' lang='lat' dir='ltr'>Magna</span> <span class='ocrx_word' id='word_1_859' title='bbox 1380 5610 1469 5666; x_wconf 87' lang='lat' dir='ltr'>est</span> <span class='ocrx_word' id='word_1_860' title='bbox 1489 5606 1645 5666; x_wconf 84' lang='lat' dir='ltr'>enim</span> <span class='ocrx_word' id='word_1_861' title='bbox 1661 5605 1760 5666; x_wconf 86' lang='lat' dir='ltr'>Dei</span> <span class='ocrx_word' id='word_1_862' title='bbox 1782 5609 1992 5688; x_wconf 81' lang='lat' dir='ltr'>gratia,</span> 
     </span>
    </p>
   </div>
   <div class='ocr_carea' id='block_1_107' title="bbox 2094 4637 3745 4711">
    <p class='ocr_par' dir='ltr' id='par_1_107' title="bbox 2094 4637 3745 4711">
     <span class='ocr_line' id='line_1_107' title="bbox 2094 4637 3745 4711; baseline -0.001 -18"><span class='ocrx_word' id='word_1_863' title='bbox 2094 4637 2473 4693; x_wconf 89' lang='lat' dir='ltr'>constituerat</span> <span class='ocrx_word' id='word_1_864' title='bbox 2503 4655 2638 4693; x_wconf 90' lang='lat' dir='ltr'>eum</span> <span class='ocrx_word' id='word_1_865' title='bbox 2666 4655 2859 4711; x_wconf 84' lang='lat' dir='ltr'>regem</span> <span class='ocrx_word' id='word_1_866' title='bbox 2902 4655 3078 4710; x_wconf 88' lang='lat' dir='ltr'>super</span> <span class='ocrx_word' id='word_1_867' title='bbox 3117 4638 3293 4695; x_wconf 88' lang='lat' dir='ltr'>Israel</span> <span class='ocrx_word' id='word_1_868' title='bbox 3315 4641 3365 4709; x_wconf 89' lang='grc' dir='ltr'>(Ι</span> <span class='ocrx_word' id='word_1_869' title='bbox 3382 4643 3512 4708; x_wconf 81' lang='lat' dir='ltr'>Reg.</span> <span class='ocrx_word' id='word_1_870' title='bbox 3535 4640 3650 4709; x_wconf 89' lang='lat' dir='ltr'>xv).</span> <span class='ocrx_word' id='word_1_871' title='bbox 3675 4639 3745 4694; x_wconf 91' lang='lat' dir='ltr'>Et</span> 
     </span>
    </p>
   </div>
   <div class='ocr_carea' id='block_1_108' title="bbox 2093 4725 3744 4800">
    <p class='ocr_par' dir='ltr' id='par_1_108' title="bbox 2093 4725 3744 4800">
     <span class='ocr_line' id='line_1_108' title="bbox 2093 4725 3744 4800; baseline 0 -19"><span class='ocrx_word' id='word_1_872' title='bbox 2093 4725 2246 4781; x_wconf 90' lang='lat' dir='ltr'>sicut</span> <span class='ocrx_word' id='word_1_873' title='bbox 2278 4725 2492 4781; x_wconf 89' lang='lat' dir='ltr'>Paulus</span> <span class='ocrx_word' id='word_1_874' title='bbox 2515 4727 2767 4781; x_wconf 80' lang='lat' dir='ltr'>deflebat</span> <span class='ocrx_word' id='word_1_875' title='bbox 2787 4726 3140 4794; x_wconf 86' lang='lat' dir='ltr'>Corinthios,</span> <span class='ocrx_word' id='word_1_876' title='bbox 3167 4727 3268 4799; x_wconf 87' lang='lat' dir='ltr'>qui</span> <span class='ocrx_word' id='word_1_877' title='bbox 3299 4731 3534 4800; x_wconf 89' lang='lat' dir='ltr'>propter</span> <span class='ocrx_word' id='word_1_878' title='bbox 3563 4725 3744 4782; x_wconf 91' lang='lat' dir='ltr'>forni-</span> 
     </span>
    </p>
   </div>
   <div class='ocr_carea' id='block_1_109' title="bbox 2095 4813 3744 4888">
    <p class='ocr_par' dir='ltr' id='par_1_109' title="bbox 2095 4813 3744 4888">
     <span class='ocr_line' id='line_1_109' title="bbox 2095 4813 3744 4888; baseline 0.002 -20"><span class='ocrx_word' id='word_1_879' title='bbox 2095 4815 2381 4869; x_wconf 89' lang='lat' dir='ltr'>cationem</span> <span class='ocrx_word' id='word_1_880' title='bbox 2416 4818 2471 4869; x_wconf 89' lang='lat' dir='ltr'>et</span> <span class='ocrx_word' id='word_1_881' title='bbox 2502 4813 2890 4870; x_wconf 87' lang='lat' dir='ltr'>idololatriam</span> <span class='ocrx_word' id='word_1_882' title='bbox 2924 4833 3038 4872; x_wconf 92' lang='lat' dir='ltr'>non</span> <span class='ocrx_word' id='word_1_883' title='bbox 3070 4820 3315 4888; x_wconf 85' lang='lat' dir='ltr'>egerunt</span> <span class='ocrx_word' id='word_1_884' title='bbox 3341 4815 3744 4887; x_wconf 64' lang='lat' dir='ltr'>paenitentiam</span> 
     </span>
    </p>
   </div>
   <div class='ocr_carea' id='block_1_110' title="bbox 2095 4902 3748 4977">
    <p class='ocr_par' dir='ltr' id='par_1_110' title="bbox 2095 4902 3748 4977">
     <span class='ocr_line' id='line_1_110' title="bbox 2095 4902 3748 4977; baseline 0.002 -19"><span class='ocrx_word' id='word_1_885' title='bbox 2095 4905 2168 4971; x_wconf 90' lang='lat' dir='ltr'>(ll</span> <span class='ocrx_word' id='word_1_886' title='bbox 2185 4902 2304 4958; x_wconf 86' lang='lat' dir='ltr'>Cor.</span> <span class='ocrx_word' id='word_1_887' title='bbox 2328 4906 2453 4971; x_wconf 83' lang='lat' dir='ltr'>xu.)</span> <span class='ocrx_word' id='word_1_888' title='bbox 2477 4903 2720 4958; x_wconf 91' lang='lat' dir='ltr'>Omnem</span> <span class='ocrx_word' id='word_1_889' title='bbox 2743 4921 2878 4977; x_wconf 90' lang='lat' dir='ltr'>ergo</span> <span class='ocrx_word' id='word_1_890' title='bbox 2903 4904 3218 4977; x_wconf 72' lang='lat' dir='ltr'>lacrymam</span> <span class='ocrx_word' id='word_1_891' title='bbox 3246 4905 3318 4960; x_wconf 91' lang='lat' dir='ltr'>ab</span> <span class='ocrx_word' id='word_1_892' title='bbox 3339 4903 3523 4960; x_wconf 89' lang='lat' dir='ltr'>oculis</span> <span class='ocrx_word' id='word_1_893' title='bbox 3543 4903 3748 4961; x_wconf 88' lang='lat' dir='ltr'>electo-</span> 
     </span>
    </p>
   </div>
   <div class='ocr_carea' id='block_1_111' title="bbox 2097 4991 3747 5065">
    <p class='ocr_par' dir='ltr' id='par_1_111' title="bbox 2097 4991 3747 5065">
     <span class='ocr_line' id='line_1_111' title="bbox 2097 4991 3747 5065; baseline 0.003 -20"><span class='ocrx_word' id='word_1_894' title='bbox 2097 5009 2227 5046; x_wconf 90' lang='lat' dir='ltr'>rum</span> <span class='ocrx_word' id='word_1_895' title='bbox 2259 4991 2542 5046; x_wconf 90' lang='lat' dir='ltr'>Dominus</span> <span class='ocrx_word' id='word_1_896' title='bbox 2575 4992 2888 5065; x_wconf 87' lang='lat' dir='ltr'>absterget,</span> <span class='ocrx_word' id='word_1_897' title='bbox 2935 4995 3073 5064; x_wconf 90' lang='lat' dir='ltr'>quia</span> <span class='ocrx_word' id='word_1_898' title='bbox 3102 5010 3290 5065; x_wconf 90' lang='lat' dir='ltr'>neque</span> <span class='ocrx_word' id='word_1_899' title='bbox 3318 4994 3530 5049; x_wconf 90' lang='lat' dir='ltr'>timore</span> <span class='ocrx_word' id='word_1_900' title='bbox 3561 4999 3747 5051; x_wconf 89' lang='lat' dir='ltr'>arcta-</span> 
     </span>
    </p>
   </div>
   <div class='ocr_carea' id='block_1_112' title="bbox 2101 5080 3749 5157">
    <p class='ocr_par' dir='ltr' id='par_1_112' title="bbox 2101 5080 3749 5157">
     <span class='ocr_line' id='line_1_112' title="bbox 2101 5080 3749 5157; baseline 0.003 -22"><span class='ocrx_word' id='word_1_901' title='bbox 2101 5080 2321 5135; x_wconf 91' lang='lat' dir='ltr'>buntur</span> <span class='ocrx_word' id='word_1_902' title='bbox 2369 5096 2696 5151; x_wconf 67' lang='lat' dir='ltr'>pinnarum,</span> <span class='ocrx_word' id='word_1_903' title='bbox 2731 5097 2916 5151; x_wconf 92' lang='lat' dir='ltr'>neque</span> <span class='ocrx_word' id='word_1_904' title='bbox 2957 5082 3083 5151; x_wconf 89' lang='lat' dir='ltr'>jam</span> <span class='ocrx_word' id='word_1_905' title='bbox 3127 5083 3468 5138; x_wconf 84' lang='lat' dir='ltr'>diti‘erentur</span> <span class='ocrx_word' id='word_1_906' title='bbox 3496 5101 3531 5139; x_wconf 91' lang='lat' dir='ltr'>a</span> <span class='ocrx_word' id='word_1_907' title='bbox 3570 5101 3749 5157; x_wconf 91' lang='lat' dir='ltr'>regno</span> 
     </span>
    </p>
   </div>
   <div class='ocr_carea' id='block_1_113' title="bbox 2096 5167 3753 5243">
    <p class='ocr_par' dir='ltr' id='par_1_113' title="bbox 2096 5167 3753 5243">
     <span class='ocr_line' id='line_1_113' title="bbox 2096 5167 3753 5243; baseline 0.004 -20"><span class='ocrx_word' id='word_1_908' title='bbox 2096 5168 2250 5240; x_wconf 92' lang='lat' dir='ltr'>quod</span> <span class='ocrx_word' id='word_1_909' title='bbox 2285 5167 2730 5239; x_wconf 61' lang='lat' dir='ltr'>praesentialiter</span> <span class='ocrx_word' id='word_1_910' title='bbox 2761 5169 3167 5241; x_wconf 89' lang='lat' dir='ltr'>possidebunt,</span> <span class='ocrx_word' id='word_1_911' title='bbox 3190 5187 3378 5243; x_wconf 91' lang='lat' dir='ltr'>neque</span> <span class='ocrx_word' id='word_1_912' title='bbox 3404 5173 3582 5229; x_wconf 90' lang='lat' dir='ltr'>etiam</span> <span class='ocrx_word' id='word_1_913' title='bbox 3614 5172 3753 5230; x_wconf 88' lang='lat' dir='ltr'>alio-</span> 
     </span>
    </p>
   </div>
   <div class='ocr_carea' id='block_1_114' title="bbox 2099 5256 3752 5332">
    <p class='ocr_par' dir='ltr' id='par_1_114' title="bbox 2099 5256 3752 5332">
     <span class='ocr_line' id='line_1_114' title="bbox 2099 5256 3752 5332; baseline 0.005 -22"><span class='ocrx_word' id='word_1_914' title='bbox 2099 5273 2228 5310; x_wconf 91' lang='lat' dir='ltr'>rum</span> <span class='ocrx_word' id='word_1_915' title='bbox 2247 5260 2480 5327; x_wconf 90' lang='lat' dir='ltr'>peccata</span> <span class='ocrx_word' id='word_1_916' title='bbox 2493 5256 2810 5323; x_wconf 88' lang='lat' dir='ltr'>deﬁebunt,</span> <span class='ocrx_word' id='word_1_917' title='bbox 2828 5257 2962 5329; x_wconf 90' lang='lat' dir='ltr'>quia</span> <span class='ocrx_word' id='word_1_918' title='bbox 2973 5260 3136 5330; x_wconf 91' lang='lat' dir='ltr'>justo</span> <span class='ocrx_word' id='word_1_919' title='bbox 3157 5260 3255 5316; x_wconf 92' lang='lat' dir='ltr'>Dei</span> <span class='ocrx_word' id='word_1_920' title='bbox 3271 5262 3500 5332; x_wconf 91' lang='lat' dir='ltr'>judicio</span> <span class='ocrx_word' id='word_1_921' title='bbox 3513 5263 3752 5319; x_wconf 86' lang='lat' dir='ltr'>damna-</span> 
     </span>
    </p>
   </div>
   <div class='ocr_carea' id='block_1_115' title="bbox 2103 5343 3752 5423">
    <p class='ocr_par' dir='ltr' id='par_1_115' title="bbox 2103 5343 3752 5423">
     <span class='ocr_line' id='line_1_115' title="bbox 2103 5343 3752 5423; baseline 0.005 -26"><span class='ocrx_word' id='word_1_922' title='bbox 2103 5345 2177 5398; x_wconf 85' lang='lat' dir='ltr'>tis</span> <span class='ocrx_word' id='word_1_923' title='bbox 2209 5343 2494 5414; x_wconf 90' lang='lat' dir='ltr'>reprobis,</span> <span class='ocrx_word' id='word_1_924' title='bbox 2531 5343 2730 5400; x_wconf 90' lang='lat' dir='ltr'>nullus</span> <span class='ocrx_word' id='word_1_925' title='bbox 2761 5345 3038 5419; x_wconf 86' lang='lat' dir='ltr'>deinceps</span> <span class='ocrx_word' id='word_1_926' title='bbox 3084 5364 3322 5420; x_wconf 91' lang='lat' dir='ltr'>peccare</span> <span class='ocrx_word' id='word_1_927' title='bbox 3370 5350 3598 5423; x_wconf 91' lang='lat' dir='ltr'>poterit.</span> <span class='ocrx_word' id='word_1_928' title='bbox 3623 5375 3650 5400; x_wconf 84' lang='lat'><strong>«</strong></span> <span class='ocrx_word' id='word_1_929' title='bbox 3685 5350 3752 5405; x_wconf 90' lang='lat' dir='ltr'>Et</span> 
     </span>
    </p>
   </div>
   <div class='ocr_carea' id='block_1_116' title="bbox 2105 5430 3753 5509">
    <p class='ocr_par' dir='ltr' id='par_1_116' title="bbox 2105 5430 3753 5509">
     <span class='ocr_line' id='line_1_116' title="bbox 2105 5430 3753 5509; baseline 0.007 -28"><span class='ocrx_word' id='word_1_930' title='bbox 2105 5454 2132 5482; x_wconf 87' lang='grc'>‹‹</span> <span class='ocrx_word' id='word_1_931' title='bbox 2165 5447 2324 5486; x_wconf 90' lang='lat' dir='ltr'>mors</span> <span class='ocrx_word' id='word_1_932' title='bbox 2356 5430 2511 5486; x_wconf 88' lang='lat' dir='ltr'>ultra</span> <span class='ocrx_word' id='word_1_933' title='bbox 2541 5448 2655 5487; x_wconf 90' lang='lat' dir='ltr'>non</span> <span class='ocrx_word' id='word_1_934' title='bbox 2706 5433 2835 5490; x_wconf 91' lang='lat' dir='ltr'>erit.</span> <span class='ocrx_word' id='word_1_935' title='bbox 2867 5455 2894 5487; x_wconf 70' lang='grc' dir='ltr'><strong>υ</strong></span> <span class='ocrx_word' id='word_1_936' title='bbox 2931 5434 3248 5509; x_wconf 91' lang='lat' dir='ltr'>Postquam</span> <span class='ocrx_word' id='word_1_937' title='bbox 3296 5439 3450 5494; x_wconf 90' lang='lat' dir='ltr'>enim</span> <span class='ocrx_word' id='word_1_938' title='bbox 3485 5454 3689 5494; x_wconf 86' lang='lat' dir='ltr'>omnes</span> <span class='ocrx_word' id='word_1_939' title='bbox 3719 5455 3753 5492; x_wconf 88' lang='lat' dir='ltr'>a</span> 
     </span>
    </p>
   </div>
   <div class='ocr_carea' id='block_1_117' title="bbox 2105 5519 3753 5598">
    <p class='ocr_par' dir='ltr' id='par_1_117' title="bbox 2105 5519 3753 5598">
     <span class='ocr_line' id='line_1_117' title="bbox 2105 5519 3753 5598; baseline 0.002 -23"><span class='ocrx_word' id='word_1_940' title='bbox 2105 5519 2350 5576; x_wconf 90' lang='lat' dir='ltr'>mortuis</span> <span class='ocrx_word' id='word_1_941' title='bbox 2382 5521 2830 5590; x_wconf 88' lang='lat' dir='ltr'>resurreximus,</span> <span class='ocrx_word' id='word_1_942' title='bbox 2862 5523 2922 5579; x_wconf 92' lang='lat' dir='ltr'>in</span> <span class='ocrx_word' id='word_1_943' title='bbox 2947 5525 3144 5582; x_wconf 88' lang='lat' dir='ltr'>electis</span> <span class='ocrx_word' id='word_1_944' title='bbox 3166 5527 3292 5598; x_wconf 87' lang='lat' dir='ltr'>jam</span> <span class='ocrx_word' id='word_1_945' title='bbox 3327 5527 3480 5582; x_wconf 90' lang='lat' dir='ltr'>ultra</span> <span class='ocrx_word' id='word_1_946' title='bbox 3508 5544 3620 5582; x_wconf 91' lang='lat' dir='ltr'>non</span> <span class='ocrx_word' id='word_1_947' title='bbox 3643 5525 3753 5580; x_wconf 90' lang='lat' dir='ltr'>erit</span> 
     </span>
    </p>
   </div>
   <div class='ocr_carea' id='block_1_118' title="bbox 2103 5612 3752 5692">
    <p class='ocr_par' dir='ltr' id='par_1_118' title="bbox 2103 5612 3752 5692">
     <span class='ocr_line' id='line_1_118' title="bbox 2103 5612 3752 5692; baseline 0.002 -20"><span class='ocrx_word' id='word_1_948' title='bbox 2103 5627 2262 5672; x_wconf 80' lang='lat' dir='ltr'>mors</span> <span class='ocrx_word' id='word_1_949' title='bbox 2293 5623 2482 5686; x_wconf 85' lang='lat' dir='ltr'>neque</span> <span class='ocrx_word' id='word_1_950' title='bbox 2513 5612 2772 5689; x_wconf 87' lang='lat' dir='ltr'>corporis</span> <span class='ocrx_word' id='word_1_951' title='bbox 2793 5631 2980 5692; x_wconf 87' lang='lat' dir='ltr'>neque</span> <span class='ocrx_word' id='word_1_952' title='bbox 2997 5615 3225 5675; x_wconf 82' lang='lat' dir='ltr'>animae.</span> <span class='ocrx_word' id='word_1_953' title='bbox 3251 5615 3480 5672; x_wconf 87' lang='lat' dir='ltr'>Primus</span> <span class='ocrx_word' id='word_1_954' title='bbox 3497 5627 3752 5688; x_wconf 75' lang='lat' dir='ltr'>namque</span> 
     </span>
    </p>
   </div>
  </div>
