4060 6178
384 321 502 385 8ῗὸ

780 323 1197 387 HAYMONIS
1241 323 1781 386 HALBERSTAT.
1831 323 2073 385 EPISC.
2121 325 2292 421 OPP.
2342 325 2548 400 PARS
2576 321 2688 387 ἸΙΙ.
2716 361 2792 372 -
2820 326 3376 389 MISCELLANEA.

3623 333 3719 396 sic
3830 301 3836 306 ’

384 458 559 514 homo
592 469 660 513 ea
685 456 810 535 lege
841 458 1111 515 conditus
1133 465 1221 514 est
1263 458 1319 513 in
1357 459 1647 529 paradiso,
1684 461 1746 511 ut
1768 457 1880 511 nisi
1906 474 2030 530 pec—
2144 457 2357 514 Paulus
2389 477 2450 513 se
2483 460 2790 532 fatigatum
2841 455 3137 527 ostendit,
3170 460 3358 516 dicens
3391 479 3403 516 :
3436 486 3460 514 «
3493 465 3531 521 Ο
3559 466 3723 526 infelix

385 551 577 604 casset
594 545 948 602 immortalis
965 547 1298 602 mansisset.
1323 545 1389 600 Et
1412 545 1697 617 completo
1714 545 2030 601 electorum
2139 563 2243 619 ego
2265 548 2459 613 homo,
2477 549 2612 620 quis
2629 549 3006 606 meliberabit
3020 549 3094 604 de
3114 565 3342 620 corpore
3355 550 3540 607 mortis
3554 553 3726 623 hujus?

385 649 650 692 numero.
685 636 755 690 ab
788 634 886 690 illo
918 635 1187 706 paradiso
1211 639 1435 689 terreno
1468 634 1689 705 absque
1720 634 1925 689 mortis
1950 634 2031 688 in-

2137 636 2318 691 Video
2368 638 2524 692 enim
2577 637 2750 692 aliam
2805 638 2992 710 legem
3027 637 3085 704 in
3118 637 3388 693 membris
3422 639 3552 696 meis
3580 644 3724 713 (Item.

385 725 648 781 terventu
680 725 954 780 transiret
981 724 1057 780 ad
1087 724 1335 796 patriam
1369 722 1681 778 caelestem.
1709 723 1802 778 Sic
1834 728 2029 779 autem
2138 725 2260 789 vn),
2298 747 2324 774 »
2345 729 2453 782 etc.
2476 728 2717 799 Semper
2746 727 2903 782 enim
2927 727 2994 782 ﬁt
3013 721 3112 781 hic
3137 722 3725 804 clamor,'quia.semper

386 818 478 870 est
505 813 796 879 conditus,
826 817 893 868 ut
914 811 962 868 si
994 816 1255 884 peccaret
1284 813 1432 868 mori
1459 815 1826 884 posset.Quaz
1849 829 2029 879 mors,

389 903 529 975 quia
558 917 664 975 per
688 906 988 974 peccatum
1019 917 1147 957 eam
1179 901 1444 968 incurrit,
1479 902 1774 957 destructa
1803 906 1891 958 est
1931 919 2033 974 per

387 990 616 1047 Domini
637 994 903 1046 mortem.
927 989 1178 1062 Ideoque
1198 989 1391 1045 locum
1408 989 1467 1044 in
1496 989 1692 1045 electis
1715 1007 1828 1045 non
1853 991 2029 1045 habe-

387 1080 553 1134 bunt.
587 1079 902 1149 Postquam
933 1093 1136 1134 omnes
1161 1080 1230 1133 ad
1262 1078 1438 1135 vitam
1472 1094 1865 1151 resurgemus.
1892 1079 2032 1135 tales

388 1167 570 1223 effecti
607 1171 669 1222 ut
694 1166 968 1240 deinceps
991 1185 1180 1239 neque
1203 1167 1348 1223 mori
1378 1185 1566 1239 neque
1589 1185 1825 1239 peccare
1845 1168 2032 1240 possi-

388 1272 542 1322 mus,
578 1278 608 1305 «
641 1271 829 1328 neque
861 1256 1054 1311 luctus
1092 1279 1112 1305 ι»
1151 1257 1259 1312 erit
1289 1256 1348 1311 in
1383 1256 1484 1311 illa
1513 1255 1793 1325 Ecclesia,
1822 1258 1942 1328 qui‘
1970 1260 2035 1312 ut

388 1345 660 1417 superius
690 1345 913 1399 dictum
943 1349 1051 1411 est,
1087 1344 1298 1400 multis
1323 1345 1513 1401 modis
1544 1346 1610 1400 ﬁt
1649 1344 1707 1399 in
1742 1346 2032 1417 praesenti.

388 1456 416 1483 ‹‹
449 1433 647 1505 Neque
675 1432 914 1501 clamor,
951 1450 1144 1506 noque
1173 1433 1340 1490 dolor
1368 1434 1479 1489 erit
1520 1432 1694 1490 ultra.
1731 1455 1757 1481 »
1805 1433 2038 1489 Clamor

385 1523 446 1577 in
478 1521 586 1578 hoc
617 1521 740 1578 loco
769 1521 1118 1595 intelligitur
1137 1523 1372 1594 querela
1402 1539 1588 1595 pravae
1621 1523 2034 1596 suggestionis.

387 1610 555 1666 Prius
585 1611 741 1668 enim
775 1627 952 1684 quam
983 1617 1245 1685 peccaret
1275 1611 1468 1680 homo,
1504 1611 1561 1666 in
1593 1628 1808 1683 magna
1845 1612 2036 1683 quiete

387 1704 530 1772 erat,
545 1701 859 1774 omniaque
877 1702 1143 1757 membra
1164 1700 1273 1758 sibi
1296 1702 1579 1771 subjecta,
1605 1705 1660 1755 et
1683 1700 1842 1755 nullo
1865 1701 2035 1756 modo

388 1790 447 1845 in
480 1789 679 1862 aliqua
723 1789 1115 1863 repugnantia
1153 1789 1511 1860 possidebat.
1559 1789 1667 1845 Sed
1727 1792 2034 1860 postquam

385 1879 661 1952 peccavit,
677 1878 876 1934 statim
899 1878 1214 1934 clamorem
1230 1877 1824 1950 pravze'suggestionis
1838 1881 2039 1933 contra

387 1983 450 2022 se
474 1971 887 2038 exsurgentem
912 1966 1114 2031 sensit,
1146 1965 1465 2037 vidensque
1491 1966 1795 2022 mulierem
1827 1984 2034 2022 concu-

386 2055 552 2128 pivit,
576 2054 913 2127 factumque
933 2059 1022 2110 est
1042 2053 1140 2110 Dei
1177 2053 1422 2126 judicio,
1457 2060 1519 2109 ut
1550 2055 1648 2126 qui
1690 2056 1877 2112 noluit
1907 2073 2035 2112 esse

385 2143 690 2215 subjectus
719 2143 856 2213 Deo,
889 2160 1002 2199 non
1025 2148 1222 2216 posset
1243 2144 1455 2200 habere
1479 2146 1742 2200 membra
1763 2144 1874 2200 slbi
1897 2146 2033 2200 sub-

378 2233 555 2304 jecta.
593 2234 754 2288 Hunc
784 2231 1096 2290 clamorem
1129 2233 1403 2306 deinceps
1430 2233 1814 2301 sustinemus,
1840 2250 1952 2305 quo
1980 2236 2036 2289 et

2141 829 2272 869 caro
2303 814 2532 886 spiritui
2562 806 2802 870 resistit.
2835 815 2947 871 Sed
2978 831 3114 870 cum
3158 813 3512 887 cormptibile
3538 816 3633 874 hoc
3655 819 3729 874 in-

2141 892 2334 958 duerit
2364 903 2881 976 incorruptionem,
2907 907 2965 959 et
2993 902 3234 960 mortale
3253 903 3358 959 hoc
3385 903 3618 961 induerit
3639 907 3727 963 im-

2143 991 2578 1060 mortalitatem,
2599 994 2852 1049 cessabit
2868 991 3438 1048 clamortumultuari
3447 995 3729 1052 conti-acle-

2142 1084 2285 1146 ctos,
2310 1082 2410 1152 qui
2443 1097 2541 1138 eos
2572 1082 2630 1136 in
2665 1081 2771 1137 hac
2800 1081 2920 1136 vita
2950 1081 3247 1154 quiescere
3276 1097 3385 1136 non
3410 1081 3632 1137 sinebat.
3659 1084 3728 1140 lbi

2143 1170 2299 1224 enim
2330 1171 2582 1225 cessabit
2610 1171 2802 1226 omnis
2825 1170 3336 1243 prava-suggestis,
3365 1167 3456 1224 ubi
3487 1169 3629 1226 nulla
3645 1172 3734 1228 erit

2143 1259 2335 1314 carnis
2365 1258 2687 1315 delectatio.
2723 1260 2833 1316 Sed
2867 1264 2924 1315 et
2969 1254 3137 1315 dolor
3179 1263 3312 1331 post
3354 1259 3468 1313 haec
3496 1275 3600 1314 non
3627 1258 3733 1326 erit,

2145 1348 2282 1419 quia
2309 1346 2575 1403 videlicet
2605 1365 2739 1404 caro
2769 1347 3110 1416 electorum,
3141 1347 3299 1403 ultra
3325 1347 3514 1420 spinas
3539 1350 3590 1402 et
3614 1363 3735 1420 pun‘

2145 1437 2366 1491 ctiones
2387 1442 2754 1507 peccatorum
2783 1454 2887 1510 pro
2907 1437 3126 1510 quibus
3154 1436 3345 1492 dolere
3371 1436 3616 1504 debeant,
3636 1437 3731 1492 non

2145 1525 2463 1597 generabit.
2489 1548 2518 1575 «
2552 1527 2686 1592 Quae
2705 1526 2897 1596 prima
2911 1525 3200 1592 abierunt,
3226 1547 3254 1574 »
3270 1523 3404 1596 quia
3424 1523 3478 1579 in
3509 1525 3737 1597 presenti

2147 1613 2356 1668 saeculo
2404 1613 2525 1669 haec
2573 1614 2772 1669 omnia
2815 1613 3140 1670 sustinent.
3174 1613 3286 1669 Sed
3335 1629 3463 1668 cum
3511 1612 3741 1668 innovata

2146 1701 2355 1757 coelum
2388 1707 2444 1758 et
2474 1707 2628 1758 terra
2671 1702 2906 1769 fuerint,
2940 1708 3079 1758 tunc
3107 1706 3167 1759 et
3206 1701 3318 1774 ipsi
3357 1700 3512 1757 electi
3541 1700 3743 1757 innovaé

2145 1791 2384 1859 buntur,
2417 1795 2474 1846 et
2506 1807 2879 1864 nequaquam
2911 1791 3235 1864 praeteritas
3277 1787 3566 1863 passiones
3591 1789 3742 1845 susti-

2147 1880 2388 1935 nebunt.

2217 1991 2244 2017 «
2279 1969 2347 2023 Et
2376 1968 2524 2024 dixit
2554 1969 2652 2041 qui
2688 1969 2926 2025 sedebat
2972 1969 3034 2025 in
3082 1967 3316 2037 throno,
3349 1989 3376 2018 ιο
3412 1967 3466 2023 id
3513 1971 3594 2023 est
3619 1967 3744 2022 Deus

2145 2056 2536 2129 omnipotens,
2562 2057 2663 2130 qui
2684 2059 2953 2130 pmsidet
2975 2057 3239 2114 Ecclesiae
3261 2073 3378 2113 suae
3399 2073 3411 2113 :
3433 2079 3459 2107 κ
3481 2057 3610 2112 Ecce
3629 2070 3748 2111 non

2145 2145 2293 2200 facio
2325 2145 2542 2211 omnia,
2577 2168 2605 2195 ››
2629 2163 2696 2202 ea
2725 2146 2946 2203 scilicet
2987 2162 3115 2218 qua;
3141 2145 3425 2218 superius-
3445 2144 3587 2200 dicta
3613 2145 3742 2214 sunt,

2145 2234 2298 2290 inter
2329 2251 2457 2321 quae
2487 2234 2664 2291 etiam
2696 2234 2908 2291 caelum
2941 2238 2998 2292 et
3029 2227 3186 2292 terra
3214 2234 3650 2292 innovabantur.

384 2439 3749 2481 Μ

1467 2559 2683 2760 IIAYMONIS

1516 2874 2256 2938 HALBEBSTATENSIS
2286 2876 2642 2938 EPISCOPI

970 3069 1402 3218 OPEHUM
1493 3069 1872 3218 TERTIA
1958 3068 2262 3218 PARS.
2339 3133 2422 3154 --
2484 3065 3204 3218 MISCELLANEA

1261 3497 1373 3566 DE
1425 3495 1810 3569 CORPORE
1861 3497 1968 3568 ET
2019 3495 2446 3569 SANGUINE
2491 3490 2905 3567 DOMlNll“).

1641 3690 1831 3763 (Apud
1860 3689 2192 3757 Acherium,
2227 3687 2527 3762 Spicileg.)

446 3999 558 4058 Sed
590 4001 867 4074 quoniam
897 4001 1076 4074 hujus
1107 4000 1380 4075 Epistola:
1403 4001 1809 4073 opportunitas
1831 4000 2016 4066 atl‘ert,
2051 4003 2094 4070 Ο
2131 4015 2365 4055 carnem
2385 3983 3748 4075 etsanguinem.Nonenimimpossibilcestapud

375 4095 441 4146 ut
463 4089 682 4162 aliquid
704 4091 774 4148 de
796 4095 958 4147 tanto
977 4095 1342 4147 sacramento
1360 4089 1539 4146 latius
1559 4090 1806 4157 dicatur,
1835 4091 2023 4162 profe-

374 4183 545 4234 ratur
564 4179 626 4234 in
645 4179 902 4235 medium
932 4181 1087 4251 quod
1110 4179 1298 4251 gratia
1324 4178 1485 4234 illius
1508 4178 1772 4246 contulit,
1792 4177 1893 4250 qui
1915 4179 2023 4232 hoc

372 4272 808 4324 acramentum
841 4268 1099 4338 corporis
1129 4267 1219 4321 sui
1253 4270 1308 4322 et
1341 4265 1645 4338 sanguinis
1669 4267 1740 4321 ad
1771 4265 2022 4320 salutem

373 4354 636 4410 ﬁdelium
670 4355 1002 4409 animarum
1033 4355 1092 4408 in
1127 4355 1299 4409 terris
1350 4353 1678 4425 relinquere
1723 4352 1927 4424 voluit,
1959 4357 2024 4408 ut

369 4443 507 4498 ﬁdei
523 4442 828 4514 integritas
849 4443 1198 4514 propensius
1223 4442 1550 4507 roboretur,
1572 4446 1629 4497 et
1659 4441 2021 4497 credentium

369 4531 578 4587 merita
597 4529 954 4586 cumulatius
975 4535 1318 4603 augeantur.
1343 4531 1746 4586 Substantiam
1761 4547 1896 4602 ergo
1918 4548 2019 4603 pa-

367 4620 462 4676 nis
490 4623 546 4676 et
575 4618 711 4687 vini,
746 4634 874 4690 quae
897 4636 1073 4690 super
1103 4618 1282 4674 altare
1305 4622 1626 4691 ponuntur,
1662 4618 1782 4674 ﬁeri
1808 4636 2020 4692 corpus

362 4707 578 4765 Christi
609 4712 671 4764 et
694 4707 1047 4780 sanguinem
1078 4726 1180 4780 per
1226 4707 1570 4782 mysterium
1613 4708 1932 4764 sacerdotis
1963 4712 2019 4763 et

362 4799 682 4870 gratiarum
701 4798 1011 4864 actionem,
1035 4797 1150 4853 Deo
1173 4797 1279 4853 hoc
1301 4801 1576 4869 operante
1595 4796 1788 4850 divina
1807 4797 2014 4870 gratia,

363 4893 584 4943 secreta
607 4892 913 4959 potestate,
940 4887 1373 4944 nefandissimae
1394 4886 1697 4941 dementiae
1722 4890 1808 4940 est
1832 4885 2014 4940 ﬁdeli-

364 4975 474 5030 bus
507 4977 801 5032 mentibus
831 4978 1120 5033 dubitare.
1144 4977 1452 5032 Credimus
1476 4975 1669 5046 itaque
1691 4979 1750 5030 et
1770 4973 2017 5029 ﬁdeliter

365 5063 712 5119 confitemur
741 5070 799 5120 et
829 5072 1116 5132 tenemus,
1142 5065 1298 5137 quod
1332 5064 1667 5119 substantia
1697 5062 1816 5131 illa,
1845 5062 2015 5134 panis

365 5149 585 5206 scilicet
614 5157 670 5207 et
697 5152 836 5220 vini,
869 5172 971 5225 per
1008 5153 1403 5225 operationem
1436 5153 1641 5207 divinae
1668 5151 1923 5218 virtutis,
1950 5155 2015 5206 ut

356 5238 484 5310 jam
504 5239 726 5295 dictum
750 5244 858 5306 est,
877 5241 934 5295 id
957 5248 1065 5308 est,
1091 5246 1299 5297 natura
1322 5241 1490 5313 panis
1513 5244 1569 5295 et
1588 5239 1707 5294 vini
1736 5239 2010 5295 substan-

363 5324 580 5383 tialiter
598 5332 966 5391 convertatur
995 5330 1053 5383 in
1087 5329 1261 5384 aliam
1295 5330 1707 5397 substantiam,
1741 5327 1799 5383 id
1831 5332 1920 5384 est
1948 5327 2008 5383 in

430 5470 506 5543 (α)
525 5471 833 5545 Tractatus
848 5471 1111 5545 Aimonis
1132 5472 1249 5527 sive
1268 5471 1866 5545 I-Iaymonis,episcopi
1888 5471 2017 5545 Hal-

354 5541 764 5611 bers‘tatensis,
798 5542 869 5598 de
899 5541 1150 5672 porgere
1197 5549 1251 5624 et
1281 5541 1582 5626 Sanguine
1624 5541 1854 5622 Domini

354 5614 729 5672 sermonibus
761 5614 1007 5672 subiicie
1054 5618 1263 5672 aturm
1294 5615 1490 5672 codice
1521 5629 1633 5669 ms.
1660 5613 1854 5670 Sancti

353 5614 729 5675 sermonibus
761 5613 1263 5690 subjiciebaturin
1294 5613 1490 5672 codice
1521 5629 1633 5669 ms.
1660 5613 1858 5670 Sancti
1877 5613 2017 5670 Ger-

2037 5375 2080 5439 D

2134 4087 2619 4159 omnipotentiam
2643 4085 2848 4142 divinae
2881 4085 3124 4141 rationis
3145 4085 3202 4140 in
3227 4081 3519 4158 quidquid
3539 4074 3752 4135 voluerit

2133 4177 2432 4234 institutas
2466 4180 2694 4231 mutare
2715 4179 2978 4240 naturas,
2994 4189 3128 4229 cum
3152 4191 3270 4229 non
3298 4173 3415 4229 fuit
3441 4170 3492 4228 ei
3519 4161 3761 4239 impossi-

2132 4267 2248 4321 bile
2278 4265 2511 4321 easdem
2546 4268 2955 4332 naturas,cum
2979 4280 3095 4319 non
3114 4262 3335 4330 fuit,ex
3357 4259 3540 4316 nihilo
3555 4249 3758 4329 quando

2130 4353 2316 4410 voluit
2337 4352 2661 4408 instituere.
2687 4350 2838 4406 Nam
2858 4350 2907 4406 si
2930 4351 3000 4406 de
3022 4349 3207 4404 nihilo
3227 4346 3464 4421 aliquid
3485 4345 3661 4401 facere
3675 4352 3759 4411 p0-

2133 4445 2265 4510 test,
2298 4447 2438 4497 tunc
2469 4439 2689 4512 aliquid
2723 4438 2909 4495 facere
2939 4455 3008 4494 ex
3037 4437 3236 4509 aliquo
3270 4454 3392 4493 non
3421 4422 3756 4504 impossibile

2130 4536 2236 4587 est.
2257 4534 2588 4586 Commutat
2608 4544 2744 4600 ergo
2760 4526 3068 4584 invisibilis
3083 4527 3362 4583 sacerdos
3375 4540 3517 4583 suas
3533 4513 3759 4577 visibiles

2129 4624 2424 4676 creaturas
2449 4619 2506 4672 in
2526 4615 2918 4672 substantiam
2942 4632 3060 4670 sua:
3082 4615 3280 4671 carnis
3303 4619 3364 4671 et
3381 4606 3670 4684 sanguinis
3685 4617 3760 4658 sc-

2130 4713 2288 4764 creta
2321 4710 2621 4779 potestate.
2665 4704 2725 4759 ln
2758 4721 2874 4776 quo
2904 4703 3140 4776 quidem
3181 4703 3408 4760 Christi
3453 4709 3678 4772 corpore
3713 4693 3761 4779 ct

2127 4778 2410 4870 sanguine
2441 4799 2675 4868 propter
2698 4794 3058 4850 sumentium
3082 4793 3393 4849 horrorem
3425 4805 3594 4862 sapor
3612 4778 3756 4878 pacis

2126 4891 2184 4941 et
2212 4885 2329 4940 vini
2363 4887 2625 4939 remanet
2655 4886 2711 4937 et
2745 4883 2951 4956 figura,
2985 4881 3462 4937 substantiarum
3483 4879 3679 4934 natura
3704 4882 3754 4956 ut

2125 4991 2336 5046 corpus
2366 4972 2577 5028 Christi
2610 4976 2667 5026 et
2699 4955 3048 5044 sanguinem
3079 4969 3326 5026 omnino
3358 4979 3648 5029 conversa;
3670 4955 3754 5015 sed

2125 5061 2284 5119 aliud
2319 5061 2656 5117 renuntiant
2672 5076 2882 5116 sensus
2905 5059 3120 5129 carnis,
3137 5059 3297 5115 aliud
3323 5055 3620 5114 renuntiat
3633 5047 3759 5104 ﬁdos

2123 5151 2358 5216 mentis,
2387 5151 2610 5206 Sensus
2621 5147 2816 5204 carnis
2832 5147 2976 5203 nihil
2994 5147 3151 5203 aliud
3171 5147 3518 5204 renuntiare
3535 5135 3758 5216 possunt

2123 5256 2298 5312 quam
2314 5239 2576 5295 sentiunt
2601 5255 2612 5291 :
2636 5237 2967 5294 intellectus
2992 5243 3188 5294 autem
3209 5234 3455 5302 mentis,
3470 5237 3526 5290 et
3542 5230 3761 5286 ﬁdesin-

2124 5346 2251 5385 ram
2281 5327 2494 5386 Christi
2525 5343 2759 5384 carnem
2791 5331 2850 5384 et
2868 5328 3215 5400 sanguinem
3237 5324 3549 5382 renuntiat
3567 5321 3621 5376 et
3640 5329 3757 5373 con-

2127 5471 2285 5527 mani
2318 5471 2683 5537 Parisiensis,
2717 5470 2817 5525 ubi
2863 5485 3076 5527 nomen
3105 5471 3359 5526 ili-mania
3400 5469 3526 5524 erat
3572 5453 3758 5537 inscri-

1673 5534 1854 5620 omirii
1885 5544 2017 5620 ejus
2128 5543 2517 5620 ptum.Quare
2539 5534 2824 5620 ﬁdesnon
2862 5541 3043 5620 d_u_bia
3085 5539 3345 5620 est‘illud
3369 5539 3485 5613 ipsi
3519 5534 3757 5620 tribusn-

2128 5611 2270 5671 dum
2303 5629 2453 5684 esse,
2485 5627 2618 5668 cum
2649 5611 2858 5668 titulus
2890 5612 2948 5668 id
2980 5616 3220 5669 asserat.
