4060 6178
357 299 473 368 8H

1208 306 1606 373 HISTORL‘E
1649 307 1924 371 ΞΑΟΒίΕ
1964 307 2334 370 ΕΡΙΤΟΜΕ.
2369 341 2446 353 --
2476 308 2909 371 PRIEFATIO.

3647 304 3765 374 818

356 437 557 496 ﬁtetur
586 455 601 494 ε
637 438 703 495 ut
730 440 892 497 tanto
924 437 1114 518 magis
1147 457 1423 499 coronam
1449 459 1569 499 suae
1600 432 1735 499 ﬁdei
1767 441 2009 516 recipiat
2035 440 2091 508 Α
2120 456 2293 514 grum
2313 441 2600 515 accipere;
2625 442 2841 498 etenim
2863 457 3114 515 granum
3133 439 3614 499 triticiinterram
3636 457 3764 514 pro-

359 533 417 586 et
447 527 746 594 meritum,
769 532 996 605 quanto
1041 530 1232 604 magis
1263 532 1548 589 credit-ex
1574 533 1825 607 integro,
1854 533 2008 606 quod
2112 530 2336 602 jectum
2369 535 2425 586 et
2469 536 2787 600 mortuum,
2820 530 3032 587 iterum
3084 546 3398 604 resurgens
3445 530 3506 585 in
3538 530 3774 590 fructus

361 617 602 678 omnino
621 623 926 676 remotum
960 624 1050 677 est
1073 637 1114 677 ’ἃ
1140 621 1413 678 sensibus
1446 622 1658 678 carnis.

425 707 501 765 Et
529 709 854 765 notandum
879 710 1036 782 quod
1061 709 1230 782 panis
1262 710 1360 766 ille
1391 716 1656 768 sacratus
1686 715 1742 769 et
1771 712 1917 768 calix
1939 713 2012 769 si-

358 812 476 869 gna
505 794 802 854 dicuntur.
833 795 959 853 Non
980 801 1178 854 autem
1211 798 1321 854 hoc
1350 803 1639 871 quantum
1671 799 1743 856 ad
1774 816 2007 856 carnem

355 884 568 945 Christi
599 889 656 941 et
685 885 1034 958 sanguinem
1056 887 1461 959 accipiendum
1483 894 1598 944 est:
1625 889 1779 961 quod
1814 893 2007 945 tamen

355 973 598 1046 quidam
621 990 813 1031 errore
835 974 1108 1032 sensibus
1131 977 1322 1032 carnis
1345 976 1582 1033 omnino
1605 977 2008 1045 dediti,mente

355 1061 550 1120 caecati
577 1061 961 1119 stolidissime
978 1065 1189 1135 putant
1205 1082 1217 1131 ;
1228 1065 1357 1134 jam
1378 1063 1533 1120 enim
1557 1082 1768 1137 corpus
1791 1065 2006 1119 Christi

355 1155 413 1210 et
432 1151 684 1224 sanguis
715 1168 829 1208 non
862 1152 1336 1208 essent.Nullum
1359 1153 1596 1225 signum
1628 1157 1716 1208 est
1746 1152 1891 1208 illud
1914 1170 2008 1208 cu-

346 1240 449 1312 jus
479 1245 571 1296 est
599 1241 982 1315 signum,nec
1012 1257 1104 1296 res
1131 1241 1327 1314 aliqua
1358 1241 1451 1298 sui
1481 1243 1668 1315 ipsius
1699 1242 1912 1298 dicitur
1933 1241 2007 1297 si-

354 1330 699 1408 gnum,.sed
742 1329 1002 1388 alterius.
1038 1331 1108 1386 Et
1147 1330 1386 1387 omnino
1436 1348 1607 1387 omne
1655 1331 1913 1403 signum,
1946 1331 2004 1386 in

354 1423 641 1493 quantum
653 1435 781 1476 esse
793 1417 1818 1492 signum-deprehenditur,diversum
1834 1421 2003 1476 estab

353 1525 421 1565 eo
446 1509 603 1581 quod
637 1507 948 1581 signiﬁcat.
983 1511 1205 1582 Corpus
1254 1525 1391 1582 ergo
1431 1508 1643 1566 Christi
1677 1514 1733 1565 et
1764 1508 2004 1582 sanguis

352 1600 788 1655 sacramentum
821 1597 1119 1664 dicuntur,
1144 1597 1202 1652 id
1236 1603 1326 1653 est
1355 1615 1588 1654 sacrum
1622 1597 2002 1670 signum,non

352 1685 784 1758 sui-ipsius,-ut
799 1686 1184 1757 praemissum
1213 1691 1307 1742 est
1329 1691 1402 1742 et
1432 1687 1763 1758 probatum,
1795 1687 1896 1742 sed
1928 1687 2000 1741 ad

353 1773 799 1832 similitudinem
815 1775 1177 1830 sumentium
1192 1792 1389 1831 revera
1402 1775 1569 1848 signa
1586 1775 1881 1830 dicuntur:
1898 1776 2004 1830 sic-

353 1868 420 1920 ut
447 1863 606 1920 enim
638 1863 830 1935 panis,
863 1863 966 1935 qui
1008 1868 1276 1920 sacratus
1306 1864 1372 1919 ﬁt
1409 1881 1620 1935 corpus
1669 1863 1902 1932 Christi,
1937 1883 2006 1922 ex

352 1950 560 2010 multis
591 1951 792 2025 granis
820 1951 887 2006 ﬁt
917 1969 1074 2007 unus
1103 1952 1294 2024 panis,
1329 1960 1384 2008 et
1415 1957 1588 2024 potus
1615 1952 1709 2008 ille
1736 1954 1836 2026 qui
1869 1971 2004 2010 san-

351 2041 638 2119 ctiﬁcatus
667 2039 922 2096 efﬁcitur
951 2040 1195 2114 sanguis
1225 2040 1460 2108 Christi,
1489 2058 1557 2096 ex
1584 2041 1787 2097 multis
1819 2044 2004 2098 acinis

350 2131 604 2186 ﬁt'unus
632 2133 808 2202 potus
841 2145 855 2185 :
887 2128 973 2185 sic
1003 2145 1207 2184 omnes
1239 2129 1413 2202 digne
1444 2135 1744 2186 sumentes
1771 2130 1878 2187 hoc
1912 2150 2002 2188 sa-

354 2222 722 2276 cramentum
753 2235 824 2274 ex
854 2218 1058 2275 multis
1087 2235 1273 2274 unum
1308 2235 1520 2290 corpus
1551 2219 1610 2274 in
1633 2219 1862 2276 Christo
1885 2221 2006 2276 efﬁ-

350 2307 611 2366 ciuntur.
635 2307 890 2364 Possunt
915 2312 973 2363 et
988 2306 1160 2368 aliter
1188 2323 1400 2379 corpus
1431 2307 1644 2362 Christi
1676 2312 1732 2363 et
1761 2311 2004 2382 sanguis

351 2398 523 2471 signa
571 2396 884 2464 nominari,
919 2397 1076 2468 quod
1136 2397 1566 2452 manducamus
1615 2401 1672 2452 et
1701 2397 1760 2452 in
1792 2415 2005 2471 corpus

350 2484 566 2542 Christi
615 2489 882 2541 nostrum
925 2484 1276 2557 trajicimus,
1310 2486 1564 2557 quodam
1612 2487 1784 2542 modo
1835 2487 2003 2543 nobis

349 2574 707 2647 incorporari
737 2574 967 2629 videtur
995 2577 1052 2629 et
1075 2573 1249 2628 uniri.
1273 2573 1572 2646 Signiﬁcat
1593 2591 1728 2647 ergo
1751 2575 1858 2630 hoc
1884 2593 2004 2632 cor-

351 2663 576 2737 poralis
593 2661 1008 2736 et'temporalis
1039 2661 1232 2718 carnis
1263 2662 1478 2718 Christi
1509 2666 1566 2717 et
1587 2662 1892 2734 sanguinis
1915 2681 2007 2719 co-

351 2751 559 2809 mestio
581 2755 639 2807 et
659 2750 1252 2822 incorporatio,-illam
1273 2755 1498 2805 aeternae
1522 2750 1815 2806 societatis
1839 2756 1895 2808 et
1915 2769 2001 2808 re-

352 2841 624 2898 fectionis
649 2839 938 2896 visionem
969 2839 1294 2911 spiritalem
1325 2843 1383 2894 et
1413 2839 1855 2910 sempiternam,
1887 2858 2005 2912 qua

347 2929 403 2986 ei
431 2927 938 3002 incorporabimur
976 2945 1036 2984 et
1081 2928 1358 2984 uniemur
1405 2928 1464 2982 in
1511 2928 1728 2995 futuro,
1762 2928 1846 2984 sic
1877 2930 2004 2985 sine

348 3019 468 3075 ﬁne
489 3035 621 3074 cum
646 3034 713 3074 eo
736 3017 1102 3090 permansuri
1131 3034 1143 3072 :
1169 3017 1241 3072 ad
1265 3016 1418 3088 quod
1443 3033 1547 3072 nos
1571 3017 1806 3088 perduci
1830 3035 2002 3090 posse

341 3108 575 3181 integra
605 3107 741 3174 ﬁde,
772 3105 948 3162 alacri
994 3123 1122 3178 spe,
1156 3105 1426 3180 flagranti
1467 3105 1749 3161 charitate
1781 3123 2000 3178 praesu-

341 3197 630 3254 mondum
661 3200 769 3251 est.

419 3286 534 3341 Hoc
568 3300 800 3358 quoque
831 3284 976 3340 ﬁdes
1007 3282 1371 3340 sumentium
1408 3281 1516 3337 hoc
1565 3287 2000 3338 sacramentum

340 3360 594 3431 ﬁrmiter
649 3378 846 3430 tenere
901 3373 1091 3439 debet,
1125 3371 1712 3445 quantulumcunque
1769 3389 2002 3429 sumere

340 3463 614 3520 videatur
660 3463 732 3518 de
779 3463 889 3518 hoc
934 3466 1320 3528 sacramento,
1353 3477 1565 3532 corpus
1617 3459 1852 3527 Christi,
1885 3477 2002 3516 non

343 3569 452 3626 per
483 3555 677 3625 partes
709 3551 965 3607 divisum
997 3553 1054 3606 et
1077 3549 1551 3623 separatum,sed
1585 3549 1822 3606 omnino
1854 3548 2000 3605 inte-

339 3702 1730 3735 xm

2119 618 2692 692 multiplicationem,
2714 624 2901 676 totum
2923 636 3052 676 esse
3069 635 3306 675 necesse
3328 617 3496 675 estin
3515 617 3764 690 singulis

2118 707 2316 782 granis
2347 709 2418 764 ab
2450 708 2515 764 eo
2548 708 3021 782 progenitis.Hoc
3045 708 3158 764 nisi
3190 706 3412 763 ratione
3437 710 3762 774 teneamus,

2120 797 2259 869 quid
2283 796 2406 852 ﬁeri
2429 803 2625 869 posset
2645 801 2808 854 tanta
2830 802 3067 870 tamque
3091 796 3294 853 multis
3306 794 3617 852 diminutio
3637 812 3766 867 par-

2118 884 2287 952 tium,
2322 891 2386 940 ut
2415 903 2483 942 ex
2513 887 2762 960 singulis
2793 887 3058 959 partibus
3107 885 3270 942 illius
3314 884 3483 959 grani
3535 883 3767 957 singula

2118 974 2511 1030 formarentur
2533 993 2734 1049 grana.
2759 977 2920 1047 Quod
2937 977 2994 1031 si
3016 975 3389 1046 nosmetipsos
3419 973 3768 1047 diiudicare-

2115 1081 2265 1131 mus,
2300 1064 2358 1119 id
2390 1070 2498 1132 est,
2533 1065 2960 1120 discuteremus
2984 1070 3041 1121 et
3083 1063 3554 1121 examinarcmus
3584 1063 3763 1118 vitam

2116 1159 2401 1221 nostram,
2431 1157 2628 1208 utrum
2673 1154 2833 1226 digni
2882 1170 3178 1210 esssemus
3210 1169 3428 1221 necne;
3462 1156 3518 1210 et
3548 1152 3598 1206 si
3629 1168 3762 1208 nos-

2118 1242 2256 1297 meti
2264 1259 2402 1314 psos
2417 1247 2473 1296 et
2484 1259 2708 1298 errores
2732 1247 2962 1298 nostros
2982 1242 3430 1315 corrigercmus,
3443 1257 3556 1298 non
3569 1241 3764 1313 utique

2114 1331 2616 1402 dijudicaremur;
2653 1331 2708 1386 id
2743 1335 2833 1386 est
2872 1349 2987 1387 non
3031 1333 3448 1387 damnaremur
3476 1347 3510 1386 a
3534 1329 3764 1386 Christo

2113 1437 2302 1492 neque
2338 1420 2396 1474 in
2445 1421 2555 1476 hoc
2603 1420 2834 1488 saeculo,
2868 1436 3057 1493 neque
3088 1420 3145 1474 in
3181 1422 3396 1476 futuro.
3427 1420 3568 1478 Dum
3601 1419 3764 1492 judi-

2111 1525 2318 1566 camur
2348 1519 2543 1565 autem
2589 1509 2645 1563 in
2690 1510 2910 1581 paucis,
2945 1511 3002 1564 in
3032 1509 3151 1564 illis
3181 1509 3444 1565 videlicet
3473 1509 3571 1584 qui
3602 1511 3763 1570 inﬁr-

2115 1603 2352 1654 mantur
2381 1603 2437 1654 et
2468 1597 2801 1653 febricitant
2833 1598 2889 1652 in
2923 1599 3030 1653 hoc
3077 1599 3346 1669 praesenti
3395 1602 3672 1671 tempore,
3709 1604 3766 1655 et

2112 1685 2172 1741 in
2201 1685 2317 1742 illis
2349 1686 2520 1741 etiam
2554 1687 2654 1757 qui
2695 1687 3096 1754 moriuntur,a
3123 1689 3762 1758 Domino.t.‘117:r1'm'nm.r4

2114 1779 2170 1829 et
2200 1774 2569 1847 llagellamur
2601 1792 2838 1846 corpore
2869 1793 2972 1848 per
3001 1775 3151 1845 illos,
3172 1785 3234 1832 ut
3264 1777 3376 1848 ipsi
3406 1776 3612 1834 timore
3634 1794 3761 1850 per-

2115 1862 2319 1931 territi,
2352 1879 2466 1920 non
2495 1864 2842 1918 damnemur
2873 1864 3223 1920 aeternaliter
3259 1882 3388 1922 cum
3420 1871 3524 1923 hoc
3550 1867 3764 1923 mundo

2117 1951 2160 2024 (1
2197 1951 2323 2008 Cor.
2352 1970 2431 2019 x1,
2464 1953 2576 2019 31),
2601 1952 2657 2006 id
2685 1955 2774 2007 est
2801 1968 2936 2006 cum
2968 1952 3304 2010 inﬁdelibus
3326 1958 3383 2010 et
3401 1955 3764 2012 amatoribus

2115 2041 2321 2096 mundi
2348 2058 2360 2096 :
2397 2040 2540 2095 nihil
2571 2041 2728 2096 enim
2755 2041 2933 2096 distat
2962 2041 3033 2096 ab
3061 2041 3302 2109 inﬁdeli,
3331 2043 3431 2114 qui
3452 2042 3763 2099 irreveren-

2113 2133 2220 2201 ter,
2236 2147 2370 2185 cum
2395 2129 2471 2185 sit
2493 2130 2766 2186 omnibus
2799 2130 3051 2202 peccatis
3077 2129 3486 2187 criminalibus
3513 2148 3765 2188 comma-

2116 2217 2366 2286 culet-us,
2383 2219 2454 2273 ad
2478 2235 2742 2274 mensam
2767 2218 2998 2274 Domini
3021 2219 3331 2291 praesumit
3345 2221 3644 2280 accedere:
3658 2223 3763 2277 sed

2114 2307 2309 2378 potius
2342 2308 2594 2366 deterior
2619 2311 2708 2362 est
2738 2306 2929 2370 illo,ot
2947 2307 3153 2379 majori
3177 2325 3347 2381 pmna
3367 2307 3766 2381 dignus;quia

2112 2395 2326 2452 melius
2358 2406 2438 2451 est
2469 2397 2621 2451 viam
2639 2395 2902 2452 veritatis
2931 2413 3044 2453 non
3071 2413 3618 2470 cognoscere,quam
3637 2408 3763 2468 post

2113 2483 2492 2555 cognitionem
2509 2492 2836 2541 retrorsum
2857 2485 3020 2540 abire
3041 2489 3122 2552 (ll
3141 2492 3300 2541 Petr.
3327 2503 3388 2550 ll,
3413 2486 3525 2556 21).
3549 2489 3760 2559 Itaque,

2108 2575 2326 2644 fratres
2344 2575 2478 2638 mei,
2495 2574 2895 2629 convenientes
2906 2575 2983 2629 ad
3002 2575 3465 2633 manducandum
3483 2591 3696 2647 corpus
3708 2581 3766 2632 et

2113 2662 2459 2733 sanguinem
2479 2661 2692 2717 Christi
2709 2661 2769 2717 in
2786 2661 3046 2728 ecclesia,
3067 2663 3305 2720 invicem
3327 2673 3674 2733 exspectate,
3698 2671 3764 2722 ut

2112 2751 2433 2806 multorum
2467 2749 2682 2806 oblatio
2714 2750 2892 2805 simul
2925 2749 3264 2818 celebretur,
3286 2755 3348 2806 et
3377 2769 3580 2808 omnes
3603 2769 3761 2808 com-

2113 2838 2369 2893 muniter
2389 2854 2456 2892 ex
2478 2855 2593 2894 uno
2620 2855 2769 2909 pane
2788 2838 3244 2906 communio-ate;
3268 2839 3408 2911 quia
3423 2838 3523 2896 illa
3543 2840 3760 2897 oblatio

2115 2943 2267 2981 unus
2300 2926 2468 2998 panis
2489 2931 2660 2993 est,et
2678 2926 3010 2982 communis
3037 2926 3210 2983 debet
3238 2944 3368 2984 esse
3388 2927 3762 2986 omnibus.Si

2111 3015 2234 3088 quis
2255 3017 2440 3070 esurit
2461 3016 2618 3073 domi
2648 3015 2972 3081 manducet,
2999 3014 3055 3070 id
3081 3019 3169 3070 est
3189 3014 3287 3086 qui
3312 3015 3627 3088 impatiens
3649 3021 3757 3086 est,

2112 3120 2218 3159 nec
2246 3103 2368 3158 vult
2390 3103 2661 3174 jejunare
2696 3120 2829 3158 cum
2865 3101 3108 3170 caeteris,
3142 3103 3299 3160 domi
3342 3108 3572 3162 terreno
3611 3123 3761 3178 pane

2031 3177 2072 3244 C
2111 3198 2395 3247 vescatur.
2426 3197 2494 3249 Ut
2520 3209 2629 3247 non
2663 3193 2722 3247 in
2741 3193 3030 3263 judicium
3058 3193 3426 3260 conveniatis,
3460 3193 3516 3248 id
3549 3177 3657 3261 est,
3689 3211 3760 3255 ne

2113 3298 2323 3353 corpus
2345 3280 2558 3336 Christi
2584 3279 3121 3353 reprehensibiliter
3149 3280 3483 3352 percipiatis
3509 3283 3581 3338 ad
3599 3283 3762 3340 dam-

2113 3371 2410 3425 nationem
2443 3374 2717 3426 vestram.
2746 3373 2972 3427 Caztera
2999 3379 3216 3436 autem,
3249 3370 3602 3427 subauditur
3630 3389 3760 3444 quae

2113 3463 2336 3514 restant
2365 3458 2715 3526 inordinata,
2750 3475 2880 3515 cum
2910 3474 3140 3530 venero,
3187 3459 3489 3529 disponam
3536 3460 3582 3532 (1
3629 3460 3757 3516 Cor.

2113 3566 2189 3616 x1,
2221 3550 2334 3620 33).

1409 3847 2715 3974 HAYMONIS

1531 4042 2220 4104 HALBERSTATENSIS
2261 4042 2576 4099 EPISCOPI

617 4188 1596 4350 HISTORUE
1778 4184 2454 4345 SACIUE
2646 4185 3529 4344 EPITOME

1979 4432 2122 4478 SIVB

1293 4545 1396 4605 DE
1421 4541 2089 4604 'CHRISTIANARUM
2137 4542 2414 4602 RERUM
2462 4542 2822 4602 MEMORIA

1722 4685 1979 4750 LIBRI
2066 4685 2386 4751 DECEM

1154 4823 1261 4896 (Ex
1289 4819 1709 4878 editione-data
1738 4817 1986 4874 Colonia:
2017 4835 2170 4878 anno
2202 4819 2340 4873 1600
2371 4819 2524 4890 apud
2554 4822 2686 4876 Ant.
2721 4819 2962 4888 Hierat.)

1429 5059 2016 5151 HAYMONIS
2076 5061 2678 5150 PREFATIO
2712 5065 2724 5078 ’

417 5317 711 5396 Quantum
738 5323 1102 5391 eruditionis,
1138 5331 1421 5395 quantum
1450 5320 1780 5376 divinarum
1805 5329 1858 5375 et
1891 5325 1998 5376 hu-
2037 5325 2076 5388 Ι)
2106 5337 2233 5376 mus
2262 5321 2452 5391 ﬁdem.
2493 5325 2563 5376 Ut
2596 5319 2750 5376 enim
2791 5335 2920 5374 eam
2973 5318 3222 5375 breviter
3279 5316 3758 5384 commendemus,

340 5428 662 5471 manarum
691 5429 892 5468 rerum
907 5412 1124 5470 notitia:
1154 5412 1248 5478 pie
1273 5410 1584 5481 legentibus
1614 5409 2003 5465 ecclesiastica
2112 5427 2311 5466 rerum
2334 5412 2405 5465 ab
2423 5409 2586 5465 initio
2612 5417 2906 5479 gestarum
2937 5410 3130 5464 edocet
3162 5406 3626 5474 veritatem,pios
3643 5405 3765 5474 pri-

340 5504 613 5574 c0nferat
625 5503 884 5571 historia,
900 5509 1110 5559 nostrae
1122 5502 1238 5572 fuit
1255 5497 1626 5569 experientiae
1639 5513 1998 5567 cognoscere,

346 5592 453 5667 qui
479 5607 628 5663 saepe
656 5607 805 5663 eam,
836 5607 907 5650 ac
935 5591 1186 5650 studiose
1227 5589 1482 5662 legendo,
1513 5588 1664 5644 vobis
1696 5589 1834 5658 ipsis
1862 5589 1998 5659 [eci-

2110 5501 2240 5555 miti
2247 5516 2321 5555 vzr
2339 5500 2594 5555 Ecclesiae
2606 5507 2768 5554 actus
2778 5498 3329 5566 edisserit,virorum
3339 5496 3586 5568 fortium
3598 5501 3760 5564 gesta

2112 5589 2405 5661 describit,
2437 5596 2767 5660 martyrum
2799 5588 2968 5646 sudat
2996 5605 3226 5663 agones,
3242 5587 3636 5658 confessorum
3652 5596 3762 5636 me-
