4060 6178
408 294 533 358 833

813 294 1225 358 HAYMONIS
1270 290 1822 359 HALBERSTAT.
1868 293 2115 355 EPISC.
2162 294 2334 355 OPP.
2381 292 2582 357 PARS
2624 295 3402 362 HL—MISCELLANEA.

3640 300 3739 371 '82!

400 429 613 498 ‘fector,
631 428 950 503 doctorque
971 428 1278 485 hominum
1301 444 1505 486 eorum
1535 427 1635 501 qui
1665 427 1913 484 libenter
1934 444 2058 501 qua:
2089 431 2139 497 Α
2164 428 2487 489 Barnabas.
2537 426 2803 485 Clemens
2848 445 3010 497 vero,
3041 429 3103 486 in
3154 435 3351 504 quarto
3378 434 3741 509 Dispositiones";

407 535 546 576 vera
575 522 716 575 sunt
743 519 1024 588 audiunt;
1048 522 1105 574 et
1124 518 1341 574 multos
1363 518 1536 574 etiam
1567 533 1636 573 ex
1654 517 1929 590 gentibus
1950 517 2063 573 sibi

412 607 701 680 adjunxit.
733 606 999 663 Christus
1048 606 1143 663 hic
1172 611 1316 663 erat.
1342 607 1513 664 Hunc
1544 606 1914 663 accusatione
1944 606 2061 679 pri-

412 712 647 753 morum
684 695 876 770 gentis
903 700 1115 753 1108th
1145 695 1423 765 virorum,
1456 712 1592 751 cum
1622 694 1844 752 Pilatus
1888 711 2066 767 agen-

400 785 557 842 dum
588 786 650 841 in
679 802 909 842 crucem
938 784 1307 853 decrevisset,
1326 801 1445 840 non
1465 785 1848 853 deseruerunt
1869 783 1969 856 qui
1991 783 2064 839 ab

410 874 581 931 initio
604 888 738 931 eum
758 874 1094 931 dilexerant.
1112 872 1398 946 Apparuit
1418 871 1574 930 enim
1597 872 1767 929 tertia
1786 873 1881 928 die
1899 872 2064 929 vivus

408 965 739 1022 secundum
786 963 942 1036 quod
989 962 1267 1018 divinitus
1314 961 1583 1035 inspirati
1628 961 1942 1035 prophetas,
1975 960 2064 1017 vel

412 1053 557 1121 haec,
574 1052 661 1109 vel
682 1051 796 1108 alia
816 1051 1063 1108 invicem
1087 1051 1373 1108 miracula
1392 1068 1520 1108 esse
1541 1050 2062 1124 praedixerantSed

362 1212 369 1213 γ
409 1146 472 1198 et
500 1141 559 1198 in
604 1140 953 1197 hodiernum
998 1140 1155 1198 diem
1185 1140 1653 1198 Christianorum
1683 1158 1897 1197 nomen
1927 1157 2061 1213 per-

407 1235 637 1288 severat
665 1234 723 1287 et
736 1247 961 1305 genus.

1070 1371 1256 1411 CAPUT
1291 1372 1404 1410 XIV.

1030 1446 1104 1501 De
1131 1444 1440 1516 discipulis.

482 1586 722 1661 (Euseb.,
743 1587 836 1643 lib.
860 1577 900 1654 ι’,
920 1603 966 1642 c.
989 1587 1075 1656 13,
1096 1584 1239 1642 Hist.
1264 1587 1446 1643 eccles.
1467 1606 1487 1654 ;
1512 1588 1702 1659 Epiph.
1717 1628 1730 1653 ,
1755 1587 1851 1643 lib.
1874 1604 1914 1656 ι,
1937 1596 1977 1643 ι.
2009 1592 2059 1655 1,

409 1693 457 1732 c.
474 1678 565 1745 20,
579 1683 751 1732 contr.
770 1675 936 1749 hcer.)
953 1675 1365 1749 Apostolorum
1387 1675 1626 1732 nomina
1646 1692 1714 1731 ex
1734 1664 2026 1749 Evangelii
2035 1694 2063 1734 s

401 1764 723 1823 manifesta
752 1768 891 1823 sunt
920 1765 1301 1838 Septuaginta
1348 1782 1483 1822 vero
1518 1782 1815 1838 nusquam
1846 1764 2063 1838 scripta

398 1854 539 1909 esse
568 1852 927 1927 reperimus;
961 1853 1174 1909 dicitur
1202 1856 1395 1909 tamen
1427 1870 1497 1909 ex
1525 1852 1671 1926 ipsis
1703 1841 1857 1908 unus
1882 1853 2063 1909 fuisse

2163 514 2324 613 libro
2349 516 2561 590 Cephea
2591 517 2950 613 mentionem
2982 519 3228 587 facit,de
3259 532 3366 593 quo
3392 522 3740 587 Paulus’dicit‘:

2176 606 2310 662 Cum
2341 615 2524 663 autem
2553 608 2784 664 venisset
2823 606 3031 680 Cephas
3076 609 3423 680 Antiochiam,
3453 616 3503 669 ei
3527 617 3677 674 restiti
3695 620 3746 675 in

2172 696 2369 767 [aciem
2404 695 2543 769 (Gal.
2576 713 2641 763 Π,
2675 697 2785 765 il).
2831 696 2903 753 Et
2942 696 3087 753 dicit
3115 715 3294 755 unum
3320 715 3441 757 esse
3467 717 3531 758 ex
3555 708 3746 778 septua-

2139 829 2145 849 ι
2172 783 2356 858 ginta,
2390 785 2735 858 cognomine
2766 786 3221 860 Petri~apostoli.
3250 789 3356 845 Sed
3401 793 3456 846 et
3494 791 3746 853 Matthiam

2174 889 2359 929 unum
2400 889 2469 928 ex
2486 872 2591 929 .his
2622 873 2802 930 fuisse
2835 873 2995 944 dicit,
3023 879 3087 932 .et
3115 876 3213 948 qui
3244 893 3369 933 cum
3397 878 3512 952 ipso
3532 885 3749 941 statutus

2173 965 2263 1019 est
2292 963 2365 1018 ad
2396 966 2613 1019 sortem
2642 981 2654 1019 :
2685 963 2755 1019 de
2784 962 2876 1020 his
2907 964 3083 1020 etiam
3116 965 3291 1022 fuisse
3312 968 3633 1026 Tatthmum.
3659 972 3748 1028 Sed

2172 1050 2318 1108 alios
2348 1050 2531 1108 fuisse
2551 1051 2882 1124 complures
2906 1053 3230 1133 discipulos
3250 1055 3509 1126 invenies,
3534 1058 3576 1113 si
3598 1060 3750 1116 obser-

2170 1157 2270 1196 ves
2300 1157 2368 1196 ea
2401 1157 2529 1213 quas
2562 1139 2776 1197 Paulus
2803 1141 3042 1211 indicat,
3074 1143 3277 1200 dicens
3310 1162 3322 1200 :
3351 1145 3480 1201 Post
3507 1164 3748 1205 resurrec-

2171 1230 2390 1286 tionem
2414 1229 2650 1303 quidem
2671 1229 2983 1287 Dominum
3007 1233 3346 1306 apparuisse
3370 1233 3573 1308 Cephm,
3593 1242 3751 1309 postea

2173 1318 2304 1375 aliis
2337 1319 2631 1387 undecim,
2647 1322 2859 1393 etpost
2879 1319 2986 1376 hos
3002 1321 3265 1394 amplius
3286 1338 3454 1397 quam
3474 1324 3751 1399 quingentis

2172 1405 2452 1480 fratribus
2484 1406 2662 1463 simul
2694 1408 2743 1477 (I
2769 1411 2894 1465 Cor.
2926 1427 3018 1477 xv,
3051 1411 3108 1480 5,
3139 1410 3217 1484 6).

2241 1496 2514 1566 (ΗΑγΜο.)
2550 1498 2704 1552 Cum
2753 1497 2847 1554 his
2891 1497 3087 1572 itaque
3139 1504 3498 1558 conversatur
3522 1501 3753 1560 Dominus

2171 1603 2274 1659 per
2294 1602 2465 1642 omne
2486 1588 2720 1669 tempus
2742 1592 3057 1661 assumpta:
3080 1588 3467 1663 mortalitatis,
3481 1596 3532 1647 et
3549 1591 3755 1647 instituit

2170 1673 2232 1729 in
2256 1674 2390 1742 fide,
2417 1678 2475 1731 et
2502 1673 2744 1731 instruit
2774 1675 3039 1743 scientia,
3063 1678 3248 1734 donec
3277 1684 3497 1751 peracto
3524 1684 3754 1751 suscepta

2172 1762 2631 1836 dispensationis
2657 1763 2867 1831 officio,
2882 1764 3103 1837 patitur
3131 1769 3190 1822 et
3214 1766 3530 1840 resurgit,et
3546 1765 3757 1824 ascendit

2171 1852 2232 1908 in
2258 1851 2492 1921 caelum,
2526 1850 2850 1909 secundum
2881 1853 3330 1928 Evangeliorum
3354 1855 3538 1912 fidem.

1600 2090 1923 2178 LIBER
1994 2077 2640 2228 SECUNDUS.

1941 2238 2314 2252 ψ-

993 2331 1180 2371 CAPUT
1217 2331 1474 2371 PRIMUM.

2208 2253 2225 2277 ς

2091 2312 2350 2382 B'frater
2378 2311 2611 2369 Domini
2642 2312 2719 2378 sit
2747 2311 2960 2380 dictus,
2978 2316 3265 2386 tanquam
3297 2316 3562 2388 cognatus
3580 2312 3661 2369 sit.
3684 2310 3762 2368 llic

410 2407 491 2460 De
517 2403 776 2460 electione
813 2402 1332 2476 Matthiaapostoii,
1380 2411 1431 2460 et
1479 2403 1823 2461 ordinatione
1867 2412 2070 2476 septem
2178 2401 2335 2457 enim
2358 2418 2485 2457 mos
2506 2401 3204 2475 Hebraeorum,cognatos
3224 2402 3310 2460 vel
3335 2403 3662 2476 propinquos
3676 2396 3762 2457 fra-

1042 2475 1418 2532 diaconorum.
1462 2488 1464 2490 '

2176 2494 2295 2547 tres
2326 2490 2517 2547 dicere
2548 2490 2635 2546 vel
2667 2490 2979 2563 appellare.
3010 2486 3216 2548 Frater
3260 2492 3433 2566 igitur
3474 2489 3674 2549 Domini
3699 2491 3763 2546 sic

479 2564 740 2634 (Euseb.l.
765 2581 891 2635 11,0.
915 2565 965 2633 1,
1121 2564 1271 2653 eccl.)
1296 2565 1496 2621 Restat
1517 2575 1582 2620 ut
1597 2564 1669 2620 de
1689 2562 1763 2619 iis
1784 2581 1912 2638 quas
1937 2570 2055 2653 post

2176 2578 2372 2637 dictus
2403 2583 2511 2650 est,
2544 2579 2684 2653 quia
2708 2562 2785 2636 de
2817 2579 2999 2637 Maria
3028 2596 3228 2638 sorore
3259 2562 3455 2639 matris
3476 2580 3698 2651 Domini,
3717 2584 3765 2634 et

409 2652 815 2709 ascensionem
847 2652 1078 2709 Domini
1110 2652 1373 2726 proxime
1399 2656 1711 2713 consecuta
1731 2655 1890 2721 sunt,
1917 2652 2068 2709 dica-

408 2757 565 2798 mus.
590 2742 831 2799 Mittunt
856 2741 1105 2816 apostoli
1137 2747 1373 2809 sortem,
1394 2745 1451 2796 et
1477 2757 1580 2814 pro
1608 2742 1634 2796 J
1644 2741 1759 2796 uda
1784 2740 2065 2797 traditore

398 2828 635 2904 eligunt
664 2831 974 2887 Matthiam
1006 2831 1140 2900 (Act.
1174 2833 1234 2899 ι).
1276 2829 1564 2886 Ordinant
1612 2828 1787 2885 etiam
1840 2832 2062 2903 septem

399 2918 710 2986 diaconos,
730 2917 1039 2975 ministerii
1060 2918 1366 2974 viduarum
1384 2918 1602 2993 gratia:
1623 2935 1654 2975 e
1669 2918 1886 2991 quibus
1910 2935 2065 2974 unus

411 3007 615 3065 statim
639 3011 773 3080 post
799 3007 1224 3064 ordinationem
1261 3024 1429 3063 suam
1461 3007 1796 3080 lapidatur;
1831 3011 2067 3080 propter

413 3095 571 3168 quod
596 3098 655 3152 et
690 3096 928 3152 nomine
957 3113 1064 3153 suo
1094 3101 1406 3154 coronatur
1433 3114 1468 3154 a
1495 3096 1742 3154 Domino
1775 3113 1788 3153 :
1822 3105 2063 3171 Στέφανος

394 3183 573 3241 'enim
605 3183 1019 3258 interpretatur
1046 3202 1264 3243 corona.

1100 3309 1283 3351 CAPUT
1310 3310 1372 3348 II.

551 3385 637 3439 De
661 3383 883 3452 Iacobo,
910 3384 1092 3455 primo
1121 3382 1613 3455 Hierosolymitano
1641 3382 1905 3453 episcopo.

478 3487 723 3559 (Ibidem.
768 3488 990 3562 Niceph.
1043 3488 1139 3545 tib.
1192 3504 1258 3556 ιι,
1286 3505 1334 3544 c.
1366 3489 1421 3557 3,
1464 3488 1600 3542 Hist.
1635 3487 1844 3555 eccles.)
1893 3488 2058 3544 Tunc

384 3575 614 3634 ‘deinde
642 3578 919 3645 Jacobus,
955 3579 1132 3635 frater
1174 3576 1427 3644 Domini,
1460 3575 1688 3651 primus
1727 3576 2057 3649 Hierosoly-

384 3664 637 3721 -mitansa
666 3664 934 3724 Ecclesiae
965 3666 1222 3740 suscepit
1259 3667 1479 3731 sedem,
1511 3681 1647 3721 cum
1679 3667 1835 3720 esset
1864 3663 2050 3720 virtu-

378 3755 526 3809 ‘tum
557 3754 764 3812 merito
794 3758 852 3812 et
878 3750 1006 3812 vitea
1034 3755 1285 3828 insignis
1316 3752 1637 3828 privilegio.

471 3842 737 3915 (Clemens
790 3847 852 3901 in
907 3846 1049 3901 libro
1104 3840 1561 3916 DispOsitionum,
1609 3841 1710 3898 lib.
1761 3858 1818 3896 v1
1864 3844 1925 3897 et
1970 3860 2048 3899 vn

395 3930 631 4003 Disput.)
677 3934 845 4001 Nam,
875 3933 1012 3990 licet
1040 3934 1264 4003 Petrus,
1298 3936 1356 3990 et
1400 3932 1676 4000 Jacobus,
1711 3935 1769 3987 et
1793 3931 2050 3988 Joannes

397 4020 674 4076 omnibus
695 4022 842 4078 bene
858 4027 992 4097 post
1004 4023 1409 4081 ascensionem
1426 4020 1658 4078 Domini
1676 4020 1890 4077 fuerint
1910 4038 2050 4094 prie-

395 4106 519 4179 lati,
534 4112 729 4166 tamen
749 4127 863 4167 non
885 4110 995 4168 sibi
1015 4111 1310 4168 vindicant
1325 4110 1569 4185 gloriam
1588 4128 1602 4179 ;
1622 4110 1720 4165 sed
1738 4110 2044 4178 Iacobum,

380 4197 499 4269 ’qui
544 4197 850 4255 dicebatur
898 4199 1128 4269 Justus,
1171 4200 1511 4273 episcopum
1559 4203 1846 4254 statuunt.
1902 4198 2047 4255 Huic

376 4287 613 4361 'quippe
641 4290 874 4357 Iacobo,
907 4294 964 4346 et
989 4290 1178 4357 Petro,
1212 4294 1269 4346 et
1315 4289 1525 4345 Joanni
1576 4288 1883 4356 Dominus,
1917 4294 2048 4361 post

394 4377 901 4445 resurrectionem,
936 4384 1169 4435 Omnem
1204 4378 1509 4435 scientiam
1540 4377 1817 4445 tradidit;
1849 4382 1906 4433 et
1934 4378 2045 4450 ipsi

394 4465 618 4522 deteris
646 4466 925 4538 apostolis
953 4484 966 4523 :
1002 4466 1101 4540 qui
1131 4464 1379 4539 apostoli
1401 4465 1547 4539 ipsis
1579 4466 1771 4522 LXXII
1800 4466 2050 4523 tradide-

372 4556 551 4609 -runt.
576 4553 744 4610 Duos
791 4560 986 4611 autem
1036 4555 1286 4612 Jacohos
1335 4555 1516 4612 fuisse
1566 4559 1813 4622 constat,
1859 4572 2046 4611 unum

378 4641 632 4698 fratrem
661 4641 923 4714 Joannis,
944 4644 1378 4702 alterum'hunc
1397 4646 1658 4713 Justum,
1679 4645 1915 4700 fratrem
1942 4644 2049 4700 Do-

368 4728 559 4797 'mini,
591 4731 669 4803 (ai)
701 4732 802 4805 qui
834 4733 1011 4791 frater
1033 4734 1264 4792 Domini
1295 4735 1488 4792 dictus
1517 4738 1625 4803 est,
1660 4750 1763 4806 pro
1793 4749 1859 4789 eo
1890 4732 2045 4805 quod

387 4823 544 4877 esset
572 4820 730 4879 filius
782 4823 1020 4897 Joseph,
1070 4824 1172 4897 qui
1215 4824 1426 4880 Christi
1475 4822 1645 4896 quasi
1676 4825 1839 4894 pater
1867 4820 2044 4877 habe-

387 4908 583 4967 batur.

1066 5020 1254 5059 CAPUT
1283 5019 1366 5058 III.

2175 2672 2340 2740 patre
2368 2668 2588 2742 Alpheo
2616 2668 2850 2742 genitus
2880 2674 3000 2737 est;
3030 2670 3181 2726 unde
3209 2671 3457 2728 Jacobus
3483 2666 3662 2743 Alphei
3686 2682 3763 2740 ap-

2173 2756 2443 2830 pellatur.
2473 2758 2607 2825 Sed,
2626 2757 2905 2831 quoniam
2938 2775 3093 2814 nunc
3124 2776 3186 2816 se
3219 2759 3458 2834 ingessit
3485 2757 3764 2824 occasio,de

2173 2847 2405 2903 duobus
2433 2847 2665 2903 Jacobis
2697 2862 2932 2904 omnem
2961 2848 3348 2920 quaestionem
3397 2848 3762 2911 rescindamus,

2172 2938 2229 2992 et
2259 2934 2436 2992 altius
2465 2935 2695 3009 generis
2724 2952 2925 2992 eorum
2958 2941 3296 3010 repetamus
3323 2934 3766 3011 originem.Maria

2173 3028 2359 3081 mater
2387 3024 2638 3092 Domini,
2671 3029 2729 3081 et
2760 3025 2943 3081 Maria
2991 3029 3178 3083 mater
3202 3016 3424 3093 Jacobi,
3468 3024 3644 3083 fratris
3672 3023 3767 3080 Do-

2172 3112 2338 3181 mini,
2372 3118 2428 3169 et
2458 3112 2642 3169 Maria
2670 3114 2865 3170 fratris
2895 3114 3139 3172 Joannis
3168 3115 3546 3190 evangelista,
3582 3128 3766 3170 sorores

2169 3201 2425 3268 fuerunt,
2459 3203 2530 3258 de
2560 3202 2807 3259 diversis
2833 3204 3100 3276 patribus
3128 3205 3483 3278 genitam-sed
3512 3204 3577 3260 de
3602 3192 3764 3259 eadem

2168 3294 2377 3359 matre,
2409 3290 2631 3347 scilicet
2657 3293 2843 3348 Anna.
2876 3292 3009 3357 Quae
3038 3294 3208 3350 Anna
3239 3294 3425 3368 primo
3454 3291 3636 3365 nupsit
3658 3290 3762 3347 Joa-

2168 3380 2347 3448 chim,
2362 3384 2420 3436 et
2438 3382 2510 3437 de
2530 3397 2596 3437 eo
2616 3382 2823 3454 genuit
2846 3381 3089 3439 Mariam
3122 3388 3374 3442 matrem
3406 3381 3633 3441 Domini.
3648 3380 3765 3436 Mor-

2166 3472 2266 3525 tuo
2293 3469 2579 3539 Joachim,
2614 3470 2816 3542 nupsit
2845 3471 3128 3544 Cleophis,
3160 3477 3221 3529 et
3248 3475 3320 3530 de
3350 3490 3414 3530 eo
3443 3468 3764 3529 habuit-alte-

2166 3574 2293 3613 ram
2322 3556 2586 3625 Mariam,
2613 3576 2740 3631 qua:
2772 3559 2989 3615 dicitur
3016 3559 3077 3616 in
3104 3561 3432 3636 Evangeliis
3452 3559 3621 3617 Maria
3642 3555 3765 3614 Cleo-

2165 3646 2313 3719 phm.
2347 3647 2523 3703 Porro
2554 3646 2837 3721 Cleophas
2868 3647 3139 3705 habebat
3168 3650 3409 3707 fratrem
3451 3647 3665 3723 Joseph,
3691 3643 3762 3700 cui

2163 3734 2470 3793 filiastram
2503 3754 2672 3793 suam
2698 3737 2929 3794 beatam
2952 3737 3197 3796 Mariam
3221 3739 3611 3813 desponsavit;
3626 3748 3762 3792 suam

2157 3841 2291 3882 vero
2320 3824 2503 3882 ﬁliam
2535 3826 2697 3883 dedit
2726 3825 2969 3900 Alpheo,
2993 3827 3065 3884 de
3095 3844 3214 3901 qua
3242 3834 3418 3886 natus
3445 3831 3531 3886 est
3555 3824 3764 3884 .lacobns

2158 3914 2371 3983 minor,
2405 3915 2505 3988 qui
2537 3919 2594 3972 et
2636 3917 2844 3972 Justus
2876 3916 3109 3985 dicitur,
3142 3917 3324 3975 frater
3352 3915 3590 3983 Domini,
3616 3917 3666 3970 et
3686 3911 3764 3968 Jo-

2158 4003 2303 4077 seph
2332 4003 2504 4061 alius.
2528 4004 2998 4079 Mortuo-itaque
3016 4005 3293 4080 CleOpha,
3314 4010 3478 4064 Anna
3502 4004 3656 4063 tertio
3673 4017 3765 4057 me-

2139 4092 2269 4148 ‘rito
2300 4092 2522 4165 nupsit,
2544 4093 2765 4150 scilicet
2786 4094 3115 4161 Saldme,‘et
3144 4095 3357 4153 habuit
3380 4097 3453 4152 de
3476 4112 3544 4152 eo
3573 4090 3761 4148 tertiam

2156 4181 2421 4244 Mariam.
2473 4182 2544 4238 de
2591 4200 2730 4255 qua,
2758 4183 3117 4256 desponsata
3159 4185 3455 4253 Zebedaao,
3502 4178 3763 4239 nnti‘subt

2134 4270 2410 4327 Jacobus
2442 4272 2647 4344 major,
2671 4275 2729 4328 et
2754 4272 3016 4329 Joannes
3045 4274 3422 4348 evangelista.
3446 4272 3553 4330 Sed
3569 4271 3679 4343 jam
3700 4263 3760 4321 αἱ

2156 4358 2450 4416 historica:
2481 4360 2835 4418 narrationis
2864 4362 3130 4418 ordinem
3152 4367 3537 4419 revertamur.

2836 4467 3019 4507 CAPUT
3056 4469 3134 4507 IV.

2512 4539 2588 4594 De
2620 4537 2863 4595 Talthaeo.
2884 4540 3047 4594 misso
3075 4539 3146 4594 ad
3173 4539 3446 4595 Edissam.

2228 4624 2350 4680 Sub
2382 4624 2489 4680 hoc
2521 4625 2719 4697 itaque
2750 4629 3012 4698 tempore
3031 4626 3332 4684 Tatthasus
3356 4644 3391 4685 a
3414 4624 3640 4684 Domino
3657 4616 3759 4675 mit-

2152 4713 2300 4768 titur
2328 4714 2399 4768 ad
2431 4715 2732 4786 Augarum
2760 4731 2955 4789 regem
2987 4716 3425 4786 Edissenorum,
3443 4714 3676 4790 quicum
3701 4705 3757 4763 ab

2153 4801 2496 4873 aegritudine
2528 4808 2712 4875 curat,
2747 4803 3038 4861 civitatem
3068 4806 3320 4864 absolvit
3349 4807 3422 4865 ab
3450 4818 3642 4862 errore.

2225 4889 2722 4965 (HAYM0.)‘Hujus
2754 4892 2834 4950 rei
2864 4892 3239 4966 prolixiorem
3277 4896 3338 4952 in
3368 4886 3757 4967 aliquo'scripto

2152 4980 2339 5053 reperi
2370 4980 2677 5039 historiam
2708 4983 3011 5054 (Eusebius,
3044 4984 3144 5040 lib.
3164 5001 3222 5052 'l,
3251 5000 3300 5040 c.
3334 4984 3442 5056 15),
3474 4981 3567 5039 sed
3594 4973 3756 5035 nescio

386 5086 599 5159 Haymo
628 5087 692 5144 de
718 5089 901 5146 eadem
949 5054 1210 5148 materia:
1224 5054 1519 5148 secundum
1564 5088 1704 5162 quod
1750 5089 1952 5160 reperit
1982 5089 2044 5145 in
2074 5054 2121 5119 Β
2150 5068 2201 5162 βί
2221 5071 2567 5162 ,⁸199οὟ9ὴέ
2594 5075 2716 5139 es“
2751 5071 3219 5162 Βθυεβολρυω
3252 5054 3492 5162 ίῖυίίὲνδίῗ
3518 5066 3640 5125 add
3660 5062 3757 5162 Pia-

934 5165 1216 5220 sententiis
1242 5168 1492 5218 Patrum.

2151 5160 2268 5213 tate
2299 5157 2618 5227 descendit,
2638 5158 3032 5215 necessarium
3062 5161 3202 5216 duxi
3233 5172 3363 5218 eam
3384 5159 3515 5216 huic
3534 5151 3674 5229 operi
3690 5150 3756 5205 in-

460 5243 665 5301 Sciunt
695 5246 867 5303 etiam
900 5251 999 5321 qui
1049 5251 1359 5326 diligenter
1405 5248 1869 5323 exploraverunt,
1903 5248 2042 5322 quia
2151 5258 2359 5300 serere.
2394 5244 2620 5301 Dicitur
2668 5246 2826 5303 enim
2860 5247 2932 5303 de
2963 5247 3259 5305 Salvatore
3290 5251 3487 5305 nostro
3514 5240 3683 5300 adhuc
3706 5235 3752 5291 in

460 5385 758 5466 (αλιιτναιετ
782 5391 1005 5466 pomi";
1030 5392 1209 5449 dictus
1238 5403 1316 5450 εει
1344 5410 1442 5466 pro
1471 5410 1530 5450 eo
1560 5393 1701 5466 quod
1728 5396 1867 5466 esset
1888 5393 2040 5466 ﬁlius
2149 5386 2326 5466 tionis
2358 5389 2627 5466 societate
2673 5388 2909 5445 habitus
2939 5394 3027 5447 est
3056 5390 3236 5466 frater
3263 5388 3510 5466 Domini,
3541 5402 3644 5466 non
3670 5396 3753 5466 Mf

387 5454 735 5545 JosLephnqni
776 5456 985 5545 ρὴζξξιὶ
1028 5454 1401 5545 ιμιιιδίηριιιρέν⁴
1431 5454 1756 5545 habebatur.
1784 5454 2039 5519 Jacobus
2147 5463 2283 5545 tura
2328 5463 2500 5545 certe,
2536 5466 2600 5516 ut
2648 5478 2771 5545 rem
2822 5466 3002 5518 totam
3049 5462 3297 5535 explicat
3340 5454 3539 5545 Epiph.
3578 5454 3668 5511 lib.
3705 5465 3753 5506 ιιι

389 5528 571 5607 enim,
601 5530 811 5601 Joseph
844 5528 1269 5607 filiusfeiralia
1324 5528 1499 5593 uxore
1529 5540 2040 5607 susceptus,iquo-

390 5600 550 5657 niam
583 5616 699 5657 una
729 5600 861 5659 cum
899 5602 1038 5662 Jesu
1087 5605 1317 5663 Christo
1346 5608 1650 5678 educatus,
1682 5600 1791 5664 Hac
1820 5600 2038 5663 educa-

2147 5529 2360 5587 Contra
2388 5530 2665 5601 Haereses,
2702 5538 2758 5589 ct
2786 5550 2895 5589 nos
2924 5529 3126 5606 supra.
