3980 6174
1093 306 1496 373 ιιιετοιιιιε
1539 307 1814 371 SACRJE
1855 305 2232 396 EPITQME.
2265 308 2525 371 --ι.ιΒ.
2565 307 2645 370 II.

205 466 354 510 carne
381 446 640 519 degente,
673 460 808 502 cum
839 443 910 501 de
941 442 1240 501 miraculis
1260 443 1397 516 ejus
1429 441 1820 514 felixubique
1845 440 1904 510 Α
1933 441 2228 498 Romanos
2249 445 2322 498 ut
2351 441 2400 498 si
2432 441 2574 515 quid
2611 442 2742 500 novi
2771 439 2833 498 in
2882 441 3196 516 provinciis
3245 443 3574 514 accidisset,

195 543 342 598 fama
369 537 713 608 loqueretur,
744 534 884 608 quia
914 533 1077 592 misit
1106 534 1178 590 ad
1209 549 1343 588 eum
1387 534 1674 606 Augarus,
1717 547 1814 587 rex
1911 530 2262 604 imperatori
2288 531 2376 588 vel
2407 531 2637 588 senatui
2670 532 3062 589 nuntiaretur.

199 629 607 690 Edissenorum,
623 622 948 697 epistolam,
965 622 1022 678 in
1055 639 1173 695 qua
1193 622 1424 696 magnis
1438 620 1711 694 precibus
1727 637 1816 676 ro-

204 718 358 793 gabat
382 731 508 770 eum
538 716 607 768 ut
629 712 854 768 veniret
884 713 956 768 ad
988 729 1071 779 se,
1103 715 1162 768 et
1191 715 1422 767 curaret
1438 709 1812 784 eumalepra.

203 805 332 864 Dicit
356 803 525 860 etiam
558 802 712 874 quod
741 818 810 858 ex
839 800 1042 857 multis
1059 800 1229 857 annis
1249 799 1494 874 cupierit
1513 816 1647 855 eum
1665 798 1818 855 vide-

202 911 271 961 re,
298 897 352 949 et
376 891 499 946 ideo
532 893 731 946 monet
755 892 820 945 ut
846 890 1043 945 veniat
1071 890 1144 945 ad
1175 905 1258 956 se,
1277 893 1336 945 et
1362 905 1423 946 se
1448 888 1717 960 expediat
1745 889 1817 944 de

200 983 313 1040 odio
337 981 684 1045 Judaaorum,
718 982 775 1035 et
804 979 1024 1034 habitet
1055 995 1276 1047 secum,
1310 977 1449 1050 quia
1479 977 1657 1034 habet
1685 976 1818 1033 civi-

200 1076 355 1129 tatem
385 1085 497 1142 (μω
524 1068 797 1124 sufﬁcere
811 1071 1002 1140 potest
1018 1067 1304 1140 utrisque:
1321 1063 1603 1122 Dominus
1621 1070 1816 1122 autem

187 1158 437 1218 inscribit
465 1158 532 1212 ad
567 1173 703 1212 eum
737 1156 972 1230 propria
1001 1173 1180 1212 manu
1227 1155 1561 1228 epistolam,
1598 1155 1658 1210 in
1701 1172 1819 1228 qua

199 1249 427 1324 primum
460 1247 695 1302 beatum
716 1245 884 1302 illum
915 1245 1125 1302 asserit
1141 1263 1244 1318 pro
1276 1262 1341 1301 eo
1373 1245 1526 1318 quod
1558 1244 1818 1300 creditin

200 1354 334 1404 eum,
365 1351 534 1408 quem
567 1353 681 1391 non
721 1333 896 1390 videt.
949 1334 1218 1390 Secundo
1243 1333 1409 1402 dicit,
1461 1351 1563 1406 per
1608 1335 1819 1389 semet-

197 1427 368 1499 ipsum
399 1433 512 1479 ndn
539 1424 718 1480 modo
749 1439 921 1497 posse
949 1423 1164 1490 venire,
1199 1423 1337 1495 quia
1364 1421 1424 1477 in
1456 1422 1581 1478 loco
1621 1421 1819 1477 Hiero-

185 1514 523 1588 solymorum
542 1517 896 1586 praceptum
913 1511 1100 1568 Patris
1131 1511 1593 1567 etobedientiam
1619 1509 1814 1583 imple-

195 1609 362 1660 turus.
392 1601 608 1670 Tertio,
641 1601 931 1674 promittit
959 1600 1012 1657 ei
1057 1599 1307 1656 salutem
1355 1600 1414 1654 in
1439 1599 1568 1655 haec
1614 1599 1816 1654 vcrba:

195 1692 321 1748 Cum
349 1695 690 1764 assumptus
719 1689 902 1761 fuero,
937 1689 1168 1746 mittam
1200 1689 1306 1745 tibi
1331 1706 1517 1745 unum
1545 1706 1616 1744 ex
1643 1687 1820 1744 disci-

194 1780 329 1854 pulis
357 1781 526 1850 meis,
559 1779 658 1853 qui
690 1784 745 1836 te
775 1779 1005 1835 curabit
1033 1779 1106 1834 ab
1138 1778 1497 1834 infirmitate.

862 1910 1044 1951 CAPUT
1079 1911 1134 1950 ν.

386 1987 462 2040 De
484 1986 636 2057 faeie
667 1986 892 2041 Domini
920 1986 1062 2040 lineo
1087 1999 1276 2057 panno
1307 1985 1594 2055 impressa.

248 2091 460 2148 Dicitur
490 2091 654 2147 enim
690 2091 866 2164 quod,
899 2091 970 2147 de
992 2089 1280 2147 desiderio
1295 2088 1516 2162 praefati
1548 2089 1824 2162 regisim-

188 2177 784 2254 plendo,aliquatenus
798 2179 1086 2236 Dominus
1099 2179 1306 2236 faciem
1321 2195 1490 2236 suam
1504 2177 1665 2236 lineo
1676 2194 1824 2251 pan-

188 2285 253 2325 nc
277 2267 600 2341 impressit,
631 2271 689 2324 et
719 2268 882 2324 misit
911 2269 984 2324 ad
1039 2283 1205 2334 eum;
1226 2271 1304 2322 ut
1353 2267 1452 2339 qui
1483 2267 1542 2322 in
1593 2266 1828 2339 propria

184 2358 353 2413 forma
378 2357 510 2412 vide
522 2357 570 2410 ri
587 2373 702 2412 non
716 2360 965 2428 poterat,
980 2355 1186 2412 saltem
1202 2372 1305 2428 per
1316 2356 1666 2428 impressam
1681 2355 1825 2411 ima-

186 2446 359 2519 ginem
380 2446 512 2502 vide
529 2449 707 2501 retur.
722 2445 808 2500 Tu
819 2461 886 2500 nc
899 2461 1035 2517 ergo
1049 2445 1369 2511 Tattha'us,
1389 2444 1486 2501 ille
1499 2444 1826 2517 discipulus

186 2534 272 2607 qui
289 2535 503 2591 missus
528 2538 616 2590 est
628 2534 697 2589 ad
713 2533 1002 2599 Edissam,
1021 2533 1356 2605 praedictam
1374 2533 1452 2588 ibi
1466 2534 1824 2589 dominicam

173 2623 467 2696 deportare
499 2621 727 2680 meruit
752 2621 1070 2696 imaginem
1093 2640 1106 2690 ;
1130 2638 1258 2693 quae
1272 2638 1374 2694 per
1397 2621 1826 2696 longaibitem-

191 2727 316 2783 pora
344 2712 706 2785 perduravit,
741 2711 923 2767 donec
953 2708 1518 2782 Constantinopolim
1549 2725 1683 2767 cum
1717 2726 1826 2765 caa-

191 2800 313 2856 teris
341 2800 610 2873 reliquiis
641 2804 730 2856 est
755 2803 1070 2872 asportata.

887 2931 1036 2971 APUT
1072 2933 1150 2972 νι.

852 2931 1036 2971 CAPUT
1072 2933 1150 2972 v1.

357 3007 628 3078 Sequitur
657 3003 922 3075 dispersio
950 3004 1347 3076 discipulorum
1376 3004 1625 3059 Domini.

249 3102 452 3170 (Euseb.
486 3103 593 3158 lib.
628 3117 687 3158 ιι.
722 3118 767 3156 e.
803 3102 853 3158 1.
889 3103 1038 3158 Hist.
1071 3103 1281 3170 eccles.)
1315 3099 1594 3173 Lapidato
1625 3101 1826 3173 itaque

1925 738 2194 807 Quomodo
2254 739 2498 794 Tiberius
2543 664 2883 794 (1:33;;-
2917 739 3134 795 edoetus
3180 740 3574 812 complacatu—r.

1993 837 2263 901 Tiberius
2287 861 2446 918 ergo,
2480 844 2740 902 monitus
2772 863 2805 901 a
2826 845 3032 914 Pilato,
3053 863 3188 920 quae
3215 852 3577 920 compererat

1925 933 2101 990 refert
2130 935 2202 990 ad
2233 939 2525 990 senatum.

1997 1023 2223 1095 (Tertul.
2258 1026 2314 1078 in
2367 1025 2586 1096 Apolog.
2638 1033 2828 1081 contra
2877 1026 3109 1096 gentes.)
3160 1029 3370 1082 Datum
3419 1028 3576 1086 enim

1925 1117 2049 1169 erat
2069 1112 2388 1177 decretum,
2422 1130 2494 1168 ne
2525 1113 2658 1185 quis
2695 1117 2844 1170 Deus
2875 1114 2948 1168 ab
2981 1113 3332 1186 imperatore
3375 1101 3578 1173 conse-

1927 1205 2208 1272 craretur,
2243 1200 2356 1257 nisi
2386 1219 2420 1256 a
2475 1207 2680 1258 senatu
2709 1202 3070 1275 probaretur.
3107 1207 3353 1259 Senatus
3379 1208 3577 1260 autem

1929 1289 2218 1362 sprevisse
2249 1289 2483 1357 dicitur,
2500 1291 2637 1362 quia
2651 1291 2759 1348 sibi
2777 1291 2939 1363 prius
2953 1308 3065 1347 non
3085 1291 3272 1348 fuerat
3297 1291 3577 1361 delatum,

1929 1379 2029 1435 sed
2078 1378 2482 1435 auctoritatem
2534 1396 2704 1435 suam
2749 1378 2907 1452 vulgi
2959 1385 3314 1453 praavenerat
3361 1380 3577 1454 opinio.

1926 1464 2196 1523 Tiberius
2234 1471 2431 1524 autem
2481 1473 2681 1524 manet
2725 1467 2785 1523 in
2832 1467 3140 1534 sententia,
3186 1468 3582 1526 comminatus

1929 1555 2255 1629 periculum
2305 1556 2743 1612 accusatoribus
2788 1556 3275 1612 Christianorum.
3328 1559 3451 1623 Quo
3483 1574 3584 1631 per

1928 1644 2187 1701 divinam
2220 1645 2646 1718 providentiam
2678 1646 2960 1701 adversus
2992 1650 3224 1702 nostros
3266 1645 3584 1703 clementer

1930 1738 2158 1806 agente,
2187 1750 2321 1788 mox
2350 1733 2508 1788 brevi
2539 1739 2802 1806 tempore
2834 1735 2892 1790 in
2926 1749 3161 1790 omnem
3183 1738 3410 1791 terram
3443 1753 3584 1808 prte-

1847 1809 1897 1878 B
1925 1822 2139 1878 di-catio
2152 1821 2520 1892 diffunditur,
2537 1826 2956 1877 convertuntur
2977 1823 3298 1879 innumera)
3311 1823 3580 1879 multitu-

1932 1909 2121 1976 dines,
2149 1914 2204 1966 et
2234 1926 2338 1983 per
2365 1909 2694 1966 doctrinam
2707 1910 2920 1966 Christi
2934 1911 3584 1969 etvirtutum'miracula

1935 2000 2008 2056 ad
2065 1998 2350 2056 Ecclesiae
2401 2002 2851 2072 congregantur.
2889 1999 3122 2072 (Euseb.
3176 2016 3222 2055 ε.
3263 2000 3298 2055 3
3337 2000 3584 2072 ejusdem

1935 2089 2113 2160 libri.)
2145 2087 2445 2144 Cornelius
2504 2089 2562 2143 in
2603 2088 2852 2144 Cesaria
2896 2087 3144 2160 primus,
3196 2089 3364 2144 Petro
3405 2087 3585 2144 mini-

1935 2181 2178 2248 strante,
2211 2175 2585 2234 convertitur.
2611 2177 2684 2232 'ln
2716 2175 3025 2232 Antiochia
3059 2175 3484 2250 quamplurimi
3513 2178 3584 2234 de

1932 2266 2208 2339 gentibus
2267 2267 2541 2333 credunt;
2596 2265 2692 2321 ubi
2740 2265 3156 2322 ﬂorentissima
3196 2270 3586 2340 congregatur

1931 2354 2192 2411 Ecclesia
2221 2372 2324 2428 per
2344 2353 2670 2427 discipulos
2701 2355 2816 2410 sub
2845 2354 3137 2426 Stephano
3168 2355 3226 2410 in
3255 2354 3585 2428 primaper-

1935 2445 2235 2502 secutlone
2263 2443 2582 2516 dispersos,
2603 2443 2675 2500 'in
2707 2442 3026 2516 quaeetiam
3053 2448 3223 2500 erant
3247 2443 3584 2517 {prophetici

1935 2532 2157 2588 ordinis
2187 2532 2316 2598 viri,
2350 2549 2482 2588 cum
2516 2532 2735 2604 quibus
2764 2531 2980 2588 Paulus
3009 2536 3067 2587 et
3087 2533 3417 2589 'Barnabas.

2611 2664 2785 2702 CAPUT
2819 2665 2876 2702 XI
2884 2689 2897 2701 .

1936 2737 2212 2807 Quomodo
2233 2739 2294 2792 in
2325 2736 2614 2792 Antiochia
2631 2738 2827 2808 primo,
2857 2736 3232 2791 Christianum
3278 2751 3476 2792 nomen
3505 2749 3585 2793 im:

2357 2807 2705 2880 impositione
2731 2807 3062 2863 ordinatum
3077 2813 3174 2863 est.

2006 2915 2179 2984 (Idem
2208 2914 2380 2980 ibid.;
2410 2914 2632 2986 Niceph.
2667 2913 2763 2969 tib.
2797 2931 2860 2979 ιι,
2883 2929 2936 2968 c.
2969 2913 3024 2979 6,
3057 2913 3194 2968 Hist.
3241 2913 3450 2984 coctos.)
3494 2913 3581 2968 Ibi

1937 3003 2195 3076 primum
2227 3001 2833 3074 discipuli,‘imposito
2851 3002 2910 3056 in
2943 3001 3588 3074 fontebaptismatisvo-

1936 3091 2162 3156 cabulo,
2205 3090 2520 3148 Christiani
2562 3093 3003 3161 nuncupantur.
3056 3090 3138 3146 lbi
3172 3094 3225 3146 et
3257 3090 3491 3163 Agabus
3519 3107 3588 3146 ex

189 3187 464 3262 Stephano
495 3194 948 3265 protomartyre,
981 3190 1255 3263 discipuli
1297 3207 1522 3257 omnes,
1572 3190 1826 3262 exceptis

1946 3180 2262 3254 prophetis,
2295 3196 2450 3235 unus
2481 3195 2683 3235 eorum
2715 3178 2815 3250 qui
2833 3177 3095 3245 aderant,
3124 3178 3196 3233 de
3209 3179 3360 3234 fame
3391 3179 3588 3234 fumra

189 3277 498 3351 duodecim,
533 3280 964 3353 disperguntur
985 3297 1087 3352 per
1111 3280 1444 3335 universam
1481 3279 1741 3335 Judaaam
1773 3284 1832 3335 et
1938 3270 2048 3326 sub
2072 3269 2320 3325 Claudio
2346 3268 2729 3342 prophetavit.
2763 3265 3250 3339 Tiberiusviginti
3273 3270 3341 3324 et-
3355 3266 3587 3324 duobus

188 3365 530 3437 Samariam;
567 3371 631 3424 et
663 3367 838 3440 aliqui
873 3385 1074 3424 eorum
1097 3384 1285 3440 usque
1316 3369 1386 3424 ad
1407 3367 1831 3436 Phaanicem,et
1937 3359 2110 3415 annis
2135 3358 2306 3414 sedit.

171 3453 445 3528 Cyprum,
478 3462 537 3513 et
568 3455 939 3514 Antiochiam
953 3457 1328 3512 devenerunt.
1366 3455 1448 3512 lbi
1466 3457 1670 3529 paucis
1684 3471 1828 3528 prai-

187 3542 366 3599 dicant
392 3546 644 3613 Judaais,
678 3561 794 3602 non
821 3543 1105 3601 audentes
1135 3562 1198 3601 se
1223 3545 1459 3601 credere
1485 3545 1707 3601 Judaais
1739 3545 1829 3601 vel

185 3633 463 3790 (gjntibus,
496 3633 680 3691 Saulo
711 3638 852 3691 tunc
881 3633 1162 3707 temporis
1199 3637 1465 3691 vastante
1511 3633 1828 3716 Ecclesium

243 3729 307 3776 et.
337 3739 460 3790 VIII,
495 3724 578 3790 9).

171 3723 307 3790 ’(Δσι.
337 3739 460 3792 VIII,
495 3724 578 3796 9).

842 3854 1026 3894 CAPUT
1061 3855 1159 3894 VII.

648 3926 806 3984 Actus
835 3927 1086 4000 Philippi
1099 3927 1350 3984 diaconi.

242 4021 457 4094 (Euseb.
491 4023 678 4091 ibid.;
721 4024 944 4096 Niceph.
997 4025 1095 4080 lib.
1147 4041 1208 4091 ιι,
1240 4041 1356 4096 cop.
1381 4027 1415 4081 6
1444 4025 1577 4080 Hist.
1610 4022 1826 4094 eccles.)

182 4107 476 4185 Philippus
506 4131 671 4170 unus
701 4129 773 4169 ex
802 4117 1026 4186 septem
1057 4113 1402 4170 diaconibus
1415 4113 1715 4168 descendit
1730 4114 1828 4168 Sa-

179 4200 433 4270 mariam,
464 4202 790 4260 etp-habuit.
802 4201 1050 4277 gratiam
1079 4201 1454 4274 pradicandi,
1477 4201 1721 4273 itaquod
1739 4201 1826 4256 Si-

181 4301 400 4345 monem
432 4291 704 4365 Magum,
738 4291 892 4363 apud
918 4291 1316 4348 Samaritanus
1364 4295 1483 4346 tam
1515 4289 1822 4357 celebrem,

181 4390 275 4432 sua
302 4380 723 4450 pradicatione
754 4381 1107 4436 consternit:
1145 4381 1247 4453 qui
1278 4379 1456 4436 etiam
1484 4381 1555 4435 ab
1595 4396 1662 4435 eo
1694 4395 1826 4435 sus-

181 4466 316 4536 cepit
364 4469 695 4541 baptisma,
749 4470 850 4526 sed
903 4469 962 4524 in
993 4468 1146 4526 dolo.
1206 4470 1318 4525 Sed
1349 4474 1408 4525 et
1449 4469 1824 4542 praepositum

833 4778 1013 4817 GAPUT
1046 4778 1146 4817 νιιι
1155 4805 1167 4817 .

664 4851 872 4907 Vocatio
902 4852 1070 4907 Pauli
1099 4851 1346 4922 apostoli.

241 4934 450 5006 (Euseb.
488 4939 657 5003 ibid.)
690 4940 799 4996 Per
825 4939 980 4995 idem
995 4943 1231 5011 tempus
1243 4937 1530 4995 Paulusin
1543 4937 1829 5011 apostola-

173 5024 294 5080 tum
322 5027 850 5097 vocatur,-cmlesti
880 5028 953 5084 ad
982 5045 1044 5083 se
1091 5045 1228 5085 voce
1276 5027 1467 5084 delata
1497 5028 1632 5097 (Act.
1682 5031 1825 5099 vxu).

855 5159 1026 5199 CAPUT
1063 5159 1140 5198 IX.

543 5230 835 5303 Suggestio
863 5232 1040 5288 Pilati
1068 5231 1140 5287 ad
1169 5232 1464 5288 Tiberium.

235 5323 424 5394 (Idem,
458 5345 508 5384 c.
545 5331 630 5397 2.)
649 5329 888 5385 interea
916 5339 1050 5386 eum
1080 5330 1150 5385 de
1180 5323 1584 5385 DominoiJesu
1601 5329 1829 5386 Christo

171 5411 643 5490 circumquaque
673 5419 836 5475 fieret
865 5436 1085 5488 rumor,
1116 5418 1335 5474 Pilatus
1366 5419 1438 5474 de
1459 5417 1830 5475 mirabilibus

167 5499 379 5570 timet
409 5507 846 5564 resurrectione
872 5505 1103 5564 Tiberio
1129 5505 1376 5580 principi
1393 5507 1660 5575 refert,et
1675 5508 1828 5580 quod

172 5585 370 5648 beatus
401 5610 438 5648 a
469 5593 751 5667 plurimis
775 5596 1122 5653 crederetur.
1144 5596 1271 5653 Mos
1293 5594 1510 5669 quippe
1540 5597 1831 5669 eratapud

2607 3462 2780 3502 CAPUT
2816 3460 2893 3500 XII
2903 3487 2915 3500 .

2130 3536 2400 3606 Quomodo
2425 3535 2640 3594 Iudaeis
2667 3535 2843 3590 multa
2869 3535 3021 3589 mala
3049 3534 3387 3590 acciderunt.

2009 3644 2273 3717 (Joseph.,
2308 3644 2403 3699 lib.
2433 3659 2590 3708 xvm,
2621 3658 2669 3697 ε.
2704 3640 2796 3708 15;
2825 3640 2892 3696 de
2922 3641 3036 3697 Bel.
3069 3641 3220 3712 Jud.)
3243 3640 3468 3696 Interea
3497 3641 3589 3697 Ti-

1937 3733 2134 3790 berius
2159 3735 2291 3805 post
2318 3731 2523 3805 viginti
2555 3736 2610 3787 et
2623 3733 2656 3788 d
2666 3748 2772 3788 uos
2785 3746 2970 3787 annos
2983 3729 3345 3802 principatus
3358 3728 3450 3785 sui
3461 3746 3586 3787 mo-

1941 3822 2098 3878 .itur.
2149 3821 2322 3877 Caius
2381 3820 2642 3878 succedit
2683 3819 2963 3894 imperio,
3025 3820 3262 3875 tradens
3318 3819 3585 3893 Agrippae

1937 3927 2182 3984 regnum
2209 3911 2568 3977 Judaeorum,
2599 3909 2778 3966 simul
2812 3907 3103 3981 Philippo,
3137 3911 3195 3964 et
3225 3907 3508 3980 Lysanite,
3531 3913 3588 3965 et

1924 3998 2142 4055 'Hersdi
2167 3998 2535 4064 tetrarchias,
2569 3999 2810 4069 praefato
2828 3996 3050 4052 Herodi
3082 4000 3364 4069 perpetua
3383 3996 3584 4068 depor-

1934 4084 2174 4142 tationis
2204 4102 2373 4158 pcnna
2401 4085 2702 4158 imposita.

2007 4174 2278 4246 (ΗΑγΜο.)
2310 4172 2474 4228 Circa
2504 4173 2610 4227 hoc
2625 4176 2862 4244 tempus
2875 4171 3094 4228 Judaais
3111 4169 3296 4226 multa
3313 4170 3585 4226 accidunt

1936 4261 2090 4318 mala
2120 4267 2356 4334 propter
2380 4260 2678 4334 piaculum
2711 4261 2939 4332 quodin
2959 4259 3315 4316 Salvatorem
3343 4259 3584 4314 commi-

1921 4355 2157 4418 serunt,
2189 4351 2326 4406 Gaio
2353 4354 2758 4423 persequente.
2787 4350 2873 4405 'Ad
2905 4364 3081 4422 quem
3100 4346 3264 4404 Philo
3296 4347 3582 4414 tunc,insi

1927 4439 2258 4514 gnissimus
2289 4439 2539 4512 scriptor
2563 4440 2756 4511 (Phil.,
2790 4439 2886 4494 lib.
2920 4455 2975 4502 v,
3007 4437 3234 4493 deCala.
3266 4436 3582 4509 lud1)~apud

1936 4530 2226 4595 Hebraeos,
2258 4545 2364 4602 pro
2391 4527 2818 4584 contribulibus
2847 4527 2973 4583 suis
2985 4525 3582 4598 Judaiisilegationem

1935 4618 2479 4692 suscipitExortam
2493 4616 3059 4690 apudAlexandriam
3073 4615 3418 4672 seditionem
3432 4615 3586 4671 inter

1935 4708 2162 4766 Graacos
2193 4719 2246 4765 at
2275 4706 2689 4780 Judaaos,-ipse
2717 4705 2883 4762 Philo
2900 4703 3454 4776 contraAppionem,
3482 4704 3581 4776 qui

1935 4801 2076 4854 erat
2094 4799 2336 4870 exparte
2349 4797 2703 4864 Grmcorum,
2721 4793 3126 4868 potentissime
3139 4796 3351 4865 purgat
3360 4791 3585 4847 Judan-

1937 4903 2067 4943 rum
2081 4887 2329 4958 objecta,
2347 4886 2447 4943 sed
2463 4885 2761 4958 spernitur
2774 4883 2965 4950 aCaio,
2981 4899 3116 4939 cum
3130 4880 3584 4938 odissetJudteos

1937 4976 2132 5046 Caius,
2149 4992 2252 5048 pro
2267 4991 2331 5030 eo
2344 4975 2500 5046 quod
2514 4973 2563 5030 ei
2579 4989 2768 5045 neque
2780 4989 2932 5039 aras,
2953 4987 3140 5044 neque
3153 4967 3586 5042 templa,neque

1938 5063 2225 5137 imagines
2258 5063 2570 5119 faciebant.
2604 5061 2909 5117 Eratenim
2925 5056 3585 5130 tantzevesaniaeetprze-

1927 5150 2312 5224 ‘sumptionis,
2325 5156 2394 5207 ut
2405 5150 2587 5206 Deum
2615 5166 2676 5206 se
2690 5147 2940 5204 voluerit
2956 5145 3257 5221 appellari.
3273 5145 3380 5211 Qui
3406 5147 3584 5203 etiam

1938 5240 2223 5314 templum
2251 5237 2724 5296 sanctzecivitatis
2740 5236 2970 5310 replens
3001 5235 3358 5307 imaginibus
3393 5239 3448 5291 et
3465 5240 3584 5290 sta-

1938 5329 2240 5402 tuis,quod
2255 5327 2446 5385 solum
2463 5328 2743 5383 intactum
2759 5345 2792 5382 a
2804 5326 3058 5398 profanae
3075 5323 3374 5397 religionis
3387 5328 3584 5382 conta-

1935 5417 2109 5492 gione
2125 5414 2771 5486 fuerat,commutarein
2792 5413 3074 5490 templum
3091 5412 3310 5486 proprii
3331 5409 3585 5468 nominis

1933 5524 2128 5564 ausus
2145 5509 2374 5574 est,-ut,
2411 5504 2554 5578 proh
2583 5503 2801 5578 pudor!
2830 5503 3116 5577 templum
3149 5500 3403 5565 Domini,
3436 5499 3584 5555 aedes

1921 5594 2342 5666 “nobilissime,
2372 5595 2404 5652 δ
2409 5594 2530 5652 ovis
2549 5599 2619 5652 et
2639 5594 2776 5652 novi
2795 5594 2910 5652 dei
2929 5591 3052 5651 (δὲαίί
3078 5593 3402 5648 vocaretur.
3450 5587 3582 5651 Qua
