4060 6178
893 459 1071 500 CAPUT
1107 460 1267 499 XXIII.

559 536 643 587 De
668 532 964 604 Evangelia
993 534 1294 588 secundum
1326 537 1594 589 Marcum.

339 648 580 719 (Euseb.,
611 665 732 719 cap.
779 649 846 703 15
892 649 1009 720 ejus
1058 648 1181 718 lib.)
1229 649 1392 703 Tunc
1444 648 1673 703 Marcus
1717 647 1921 703 scribit

261 735 646 809 Evangelium
673 736 780 792 hac
813 737 1135 792 occasione.
1158 737 1306 792 Cum
1340 736 1466 792 sola
1494 736 1645 791 Petri
1697 737 1918 792 auditio

257 843 377 881 non
414 825 728 890 sufﬁceret,
765 842 977 896 magna
1028 842 1165 881 eum
1215 825 1593 881 audientibus
1623 824 1917 891 aviditate,

261 913 496 986 magnis
529 913 798 984 precibus
830 918 1036 986 rogant
1079 915 1339 968 Marcum
1379 912 1734 984 discipulum
1767 914 1918 983 ejus,

262 1006 332 1058 ut
359 1001 829 1074 praedicationem
856 1002 1072 1074 scripto
1109 1002 1548 1057 commendaret
1602 1000 1916 1056 memorias.

262 1089 532 1146 Clemens
555 1090 611 1144 in
646 1095 808 1145 sexto
843 1090 1304 1162 Dispositionum
1329 1089 1516 1145 libro:
1553 1091 1757 1146 Petrus
1785 1107 1919 1145 vero

262 1185 332 1235 ut
364 1178 634 1251 religioso
657 1196 718 1236 se
749 1177 1066 1250 spoliatum
1099 1179 1384 1251 comperit
1403 1179 1919 1244 furto,delectatus

260 1271 373 1333 est,
410 1267 746 1338 factumque
775 1266 1141 1322 conﬁrmavit
1173 1266 1231 1320 in
1270 1271 1574 1339 perpetuo,
1606 1265 1918 1340 legendum

263 1355 541 1411 Ecclesiis
572 1354 770 1410 tradit.
803 1355 1186 1411 Postmodum
1217 1371 1351 1410 vero
1377 1356 1609 1410 Marcus
1630 1354 1738 1410 hoc
1760 1355 1917 1410 idem

269 1443 653 1516 Evangelium
676 1445 830 1516 apud
861 1444 1172 1517 [Egyptum
1206 1445 1424 1501 missus
1455 1462 1490 1499 a
1519 1444 1686 1499 Petro
1719 1442 1920 1515 praedi-

260 1537 447 1598 cat,et
481 1531 710 1604 primus
740 1533 894 1604 apud
923 1531 1332 1588 Alexandriam
1365 1532 1587 1588 levatur
1614 1533 1671 1586 in
1701 1531 1918 1604 episco-

262 1638 430 1695 pum,
457 1621 556 1677 ubi
587 1621 803 1678 multos
833 1620 1096 1677 lucratur
1125 1621 1392 1694 populos,
1427 1639 1648 1694 magna:
1697 1620 1916 1677 sobrie-

257 1711 398 1766 tatis
424 1715 483 1767 et
503 1710 873 1766 continentiae
895 1709 1180 1783 exemplo.
1201 1714 1425 1766 Interea
1451 1710 1628 1766 Paulo
1650 1708 1916 1783 apostolo

1209 309 1602 372 HISTORIE
1645 307 1924 372 SACRJE
1963 293 2334 372 EPITOME.
2367 343 2445 355 -
2474 306 2620 371 LIB.
2665 304 2746 371 Π.

1942 441 1997 508 Α
2029 440 2150 496 lum
2168 443 2411 499 Romam
2429 441 2865 512 transmissum,
2886 440 3144 498 videntes
3156 441 3339 498 Judaei
3365 443 3690 513 frustratas_

3554 307 3674 372 830

2030 529 2407 586 esSeinsidias
2421 548 2569 604 quas
2580 531 2630 586 ei
2649 530 3114 598 intenderant,ad
3126 531 3674 600 Jacobum,fratrem

2029 619 2278 688 Domini,
2307 624 2363 676 et
2393 619 2925 692 Hierosolymorum
2944 621 3304 694 episcopum,
3334 626 3675 677 convertun-

2028 712 2125 763 tur
2140 709 2210 764 ad
2235 708 2670 764 vindicandum.
2689 711 2852 765 Tunc
2874 714 3150 781 expetunt
3166 711 3238 766 ab
3261 727 3326 766 eo
3348 710 3680 783 abnegatio-

2029 813 2162 851 nem
2187 797 2396 852 Christi
2426 801 2515 865 ;at
2547 797 2641 852 ille
2669 797 2853 852 libera
2883 814 3016 853 voce
3047 815 3239 854 coram
3272 798 3430 854 omni
3465 799 3679 870 populo

2027 884 2323 940 Christum
2351 903 2477 940 esse
2510 884 2718 941 Filium
2744 887 2844 940 Dei
2873 887 3202 942 conﬁtetur.
3220 889 3383 943 Tune
3405 889 3476 943 de
3500 888 3683 960 pinna

2027 974 2228 1046 templi
2255 975 2516 1046 dejectus
2533 976 2604 1030 ab
2631 975 2827 1046 impiis
2843 975 3080 1030 Judazis.
3097 992 3273 1030 orans
3297 993 3472 1048 super
3492 994 3684 1050 genua

2031 1079 2159 1130 sua,
2192 1063 2368 1119 etiam
2403 1081 2504 1135 pro
2538 1063 2958 1135 lapidantibus,
2989 1065 3248 1133 tandem,
3275 1065 3683 1122 fullonisvecte

2029 1168 2363 1224 percussus,
2379 1152 2672 1219 occubuit,
2693 1153 2984 1209 tricesimo
3001 1154 3373 1226 episcopatus
3394 1154 3484 1210 sui
3505 1172 3678 1210 anno.

2027 1240 2337 1307 (Clemens.)
2364 1241 2494 1296 Fuit
2521 1246 2715 1297 autem
2743 1259 2808 1296 ex
2843 1247 3004 1297 utero
3039 1243 3244 1298 matris
3275 1261 3394 1300 suae
3418 1249 3678 1311 sanctus,

2025 1328 2226 1384 vinum
2244 1333 2299 1384 et
2311 1330 2553 1386 siceram
2588 1347 2702 1386 non
2725 1329 2900 1397 bibit,
2919 1332 3139 1387 animal
3156 1349 3269 1388 non
3287 1333 3678 1401 manducavit,

2030 1418 2250 1472 ferrum
2285 1423 2458 1490 caput
2487 1419 2618 1489 ejus
2637 1436 2754 1474 non
2779 1420 3060 1487 ascendit,
3077 1419 3200 1476 oleo
3220 1438 3334 1476 non
3363 1426 3452 1476 est
3474 1438 3683 1492 perun-

2027 1506 2396 1572 ctus,balneo
2420 1525 2532 1562 non
2553 1513 2817 1573 estusus,
2834 1508 3118 1564 neclaneo
3151 1508 3683 1566 indumentoindu-

2026 1597 2259 1661 tus,sed
2278 1600 2508 1651 tantum
2530 1596 2796 1652 sindone.
2814 1596 2958 1653 Huic
2981 1596 3087 1653 soli
3118 1596 3330 1654 licebat
3362 1599 3600 1654 introire
3621 1599 3681 1654 in

2032 1688 2238 1739 saneta
2270 1686 2972 1758 sanctorum,ubi,genua
3005 1686 3685 1756 ﬂectendo,incessanter

261 1800 338 1856 ab
370 1798 733 1856 Hierusalem
763 1798 825 1855 in
870 1773 1139 1870 circuitu,
1173 1803 1229 1854 et
1278 1816 1466 1871 usque
1511 1799 1583 1854 ad
1621 1773 1914 1872 Illyricum
1949 1810 1997 1876 Β
2033 1773 2256 1876 “allati
2289 1774 2437 1876 “19°.
2466 1777 2531 1828 “t
2561 1775 2630 1874 θίξ
2665 1775 3137 1876 ωοίξξξίξξυοθωίῗξί
3170 1775 3351 1876 callos
3380 1777 3681 1876 €§CBP§t_in

261 1887 636 1962 pradicante,
653 1887 934 1944 Claudius
962 1888 1282 1960 imperator
1301 1888 1535 1944 Judaios
1561 1891 1620 1944 tu
1631 1887 1920 1943 multuan-

265 1982 359 2034 tes
386 1978 531 2034 urbe
560 1977 817 2050 depellit.
851 1979 1015 2033 Tunc
1047 1975 1259 2049 Aquila
1287 1981 1344 2032 et
1373 1976 1641 2033 Priscilla
1667 1995 1799 2032 cum
1822 1995 1924 2032 ca:-

261 2065 406 2122 teris
442 2064 701 2137 expulsis
740 2065 982 2121 veniunt
1022 2065 1081 2120 in
1124 2065 1347 2131 Asiam,
1381 2065 1580 2138 ibique
1631 2067 1924 2124 cohaerent

256 2153 536 2228 Apostolo
567 2153 832 2210 Ecclesiae
863 2155 1245 2210 fundamenta
1260 2154 1522 2226 jacienti.

914 2341 1093 2379 CAPUT
1133 2342 1282 2379 XXIV.

632 2415 766 2483 Quae
793 2414 1000 2471 Iudaeis
1031 2413 1346 2469 acciderunt
1375 2415 1544 2469 mala.

340 2557 596 2629 (Joseph.,
646 2558 724 2612 lib
751 2601 763 2612 .
799 2575 870 2611 xx
911 2558 1037 2612 Ant.
1086 2557 1235 2629 Iud.)
1277 2558 1440 2612 Tunc
1490 2573 1622 2612 vero
1667 2557 1923 2629 Agrippa

272 2647 430 2718 apud
447 2645 905 2718 Hierosolymam
931 2650 1228 2718 regnante,
1247 2651 1621 2718 procuratore
1646 2663 1778 2701 vero
1798 2663 1924 2717 pro-

265 2735 471 2790 vinciae
500 2733 706 2800 Felice,
722 2733 960 2789 Claudio
983 2734 1171 2788 adhuc
1194 2733 1253 2788 in
1277 2733 1520 2806 imperio
1544 2735 1919 2806 perdurante,

268 2828 437 2880 tanta
462 2822 680 2879 Judazis
702 2822 973 2879 accidunt
1001 2821 1175 2887 mala,
1194 2826 1260 2877 ut
1290 2822 1416 2894 ipso
1448 2823 1540 2878 die
1572 2823 1804 2878 Paschae
1831 2839 1921 2879 se-

267 2912 493 2968 ditione
530 2915 749 2978 exorta,
784 2911 856 2966 de
887 2911 980 2966 his
1013 2909 1154 2966 solis
1186 2911 1283 2982 qui
1312 2910 1370 2965 in
1403 2910 1625 2967 foribus
1659 2911 1922 2967 Ecclesiae

270 3001 698 3073 constipatione
745 3000 945 3074 populi
996 2999 1212 3056 mortui
1264 3003 1421 3068 sunt,
1457 3000 1696 3072 triginta
1741 2999 1924 3056 millia

270 3094 690 3162 computentur
715 3087 843 3155 ;ubi
876 3092 932 3144 et
959 3087 1244 3144 Jonathas
1276 3089 1533 3160 pontifex
1554 3088 1920 3145 interﬁcitur.

2030 1861 2298 1934 genibus.
2333 1861 2437 1926 Qui
2473 1879 2578 1934 pro
2610 1863 2935 1918 incredibili
2971 1864 3332 1920 continentia
3355 1865 3482 1920 vita
3512 1869 3570 1921 et
3591 1867 3684 1937 ju-

2031 1949 2190 2006 stitia
2220 1968 2454 2006 summa
2475 1950 2804 2024 appellatus
2825 1955 2913 2007 est
2932 1950 3150 2019 Oblias,
3170 1953 3224 2007 id
3239 1957 3329 2008 est
3349 1953 3683 2010 munimen-

2031 2043 2156 2094 tum
2192 2040 2389 2112 populi
2423 2044 2479 2096 et
2500 2040 2754 2111 justitia.
2787 2041 2903 2098 Nec
2933 2041 3120 2097 multo
3156 2047 3290 2113 post
3329 2043 3683 2116 oppugnatio

2031 2133 2345 2184 consecuta
2375 2133 2465 2184 est
2491 2129 2858 2202 Vespasiani,
2893 2130 2975 2184 ita
2995 2135 3058 2185 ut
3089 2134 3145 2185 et
3172 2130 3508 2186 Judzeorum
3541 2147 3684 2203 pru-

2031 2217 2235 2272 dentes
2269 2218 2417 2273 hanc
2429 2235 2556 2274 esse
2575 2235 2818 2274 causam
2838 2218 3348 2275 crederentstatim
3363 2224 3683 2275 consecutae

2033 2305 2482 2378 oppugnationis
2513 2306 3075 2380 Hierosolymorum,
3109 2309 3263 2380 quod
3311 2309 3368 2364 in
3399 2309 3683 2365 Jacobum

2037 2393 2344 2464 injeccrint
2361 2412 2574 2451 manus
2588 2394 3334 2467 sceleratas,justissimum
3350 2397 3682 2453 etomnium

2035 2483 2398 2540 confessione
2412 2484 2746 2556 piissimum
2762 2484 2972 2550 virum,
2990 2483 3089 2556 qui
3105 2490 3227 2540 erat
3240 2486 3418 2541 frater
3431 2486 3682 2557 Domini,

2034 2571 2134 2643 qui
2155 2571 2369 2627 dicitur
2389 2572 2678 2628 Christus.
2695 2573 2965 2643 (ΗΑΥΜΟ.)
2983 2575 3100 2646 Ego
3123 2591 3252 2629 vero
3273 2575 3459 2646 magis
3477 2575 3683 2646 opinor

2034 2659 2142 2715 hoc
2173 2661 2257 2716 eis
2282 2660 2773 2734 contigisse,quia
2804 2662 2860 2715 in
2883 2661 3196 2717 Dominum
3213 2662 3414 2717 Jesum
3438 2663 3680 2718 commi-

2034 2753 2239 2804 serunt
2290 2753 2375 2815 ut,
2407 2749 2548 2820 quia
2595 2749 2997 2806 clamaverunt
3027 2767 3040 2804 :
3075 2749 3311 2821 Sanguis
3356 2752 3472 2824 ejus
3518 2766 3682 2822 super

2033 2855 2130 2894 nos
2159 2843 2210 2893 et
2232 2854 2395 2910 super
2423 2839 2568 2910 ﬁlios
2598 2845 2825 2905 nostros,
2849 2842 2969 2893 tam
3021 2839 3080 2893 in
3111 2855 3194 2906 se,
3223 2855 3399 2910 quam
3446 2838 3506 2894 in
3555 2839 3678 2895 suis

2035 2927 2476 2984 successoribus
2508 2927 2786 2983 continua
2816 2928 2932 2982 fere
2964 2927 3270 3000 sanguinis
3286 2927 3680 3001 elfusionepu-

2034 3015 2318 3072 nircntur.
2345 3016 2571 3071 Interea
2603 3017 2810 3072 Festus
2833 3017 3083 3070 moritur
3101 3016 3254 3087 apud
3270 3017 3563 3082 Judaiam;
3586 3017 3678 3072 cui

2032 3104 2316 3160 successit
2344 3103 2612 3169 Albinus,
2638 3104 2860 3160 Caesare
2892 3104 3294 3174 adjudicante;
3319 3105 3527 3161 Albino
3551 3105 3678 3161 Flo-

267 3179 705 3251 Eatempestale
734 3177 1038 3251 {Egyptius
1060 3177 1298 3249 quidam
1329 3194 1558 3250 magus,
1581 3182 1638 3233 et
1657 3182 1778 3234 arte
1797 3195 1920 3236 ma.-

2033 3210 2153 3260 rus,
2169 3193 2338 3263 cujus
2371 3193 2675 3248 avaritiam
2698 3199 2754 3250 et
2772 3193 3084 3259 luxuriam,
3101 3193 3680 3266 caateraqmellagitia

265 3267 400 3341 gica
427 3266 716 3323 simulans
737 3283 799 3322 se
811 3283 938 3323 esse
952 3266 1316 3338 prophetam,
1333 3283 1401 3322 ex
1430 3266 1590 3322 omni
1607 3271 1768 3340 parte
1787 3283 1920 3321 con-

266 3373 522 3429 gregans
534 3356 788 3421 Judaaos,
804 3354 1154 3428 promittens
1171 3355 1254 3410 eis
1273 3353 1600 3410 libertatem
1616 3355 1916 3426 antiquam

266 3449 323 3501 et
353 3443 757 3500 liberationem
790 3443 1040 3500 civitatis
1071 3461 1210 3510 suae,
1236 3460 1437 3498 eorum
1470 3443 1684 3498 auxilio
1737 3445 1919 3500 fretus

264 3551 374 3607 per
401 3534 700 3590 desertum
729 3534 885 3589 venit
918 3550 1107 3606 usque
1137 3533 1207 3588 ad
1242 3536 1496 3588 montem
1529 3530 1732 3588 Oliveti
1773 3550 1785 3588 :
1817 3533 1917 3589 sed

265 3626 515 3680 conatus
545 3623 674 3694 ejus
706 3622 980 3694 praevenit
1012 3621 1189 3688 Felix,
1218 3626 1298 3689 et,
1326 3621 1734 3694 congressione
1768 3621 1920 3678 facta

265 3728 401 3768 cum
433 3711 636 3777 armis,
667 3710 996 3784 .Egygtium
1031 3710 1268 3782 quidem
1301 3709 1646 3783 fugat,alios
1675 3727 1808 3766 vero
1831 3711 1918 3768 vel

262 3799 506 3874 perimit
532 3799 619 3857 vel
650 3800 825 3873 capit,
860 3815 1047 3871 usque
1077 3799 1149 3854 ad
1183 3798 1422 3872 triginta
1450 3802 1577 3854 octo
1608 3798 1793 3855 millia
1829 3800 1919 3854 vi-

261 3905 492 3945 rorum.

909 4021 1086 4060 CAPUT
1119 4021 1248 4059 XXV.

695 4093 832 4149 Mors
866 4092 1095 4149 Claudii
1116 4092 1479 4164 imperatoris.

340 4209 845 4275 Interea,Claudio
875 4209 1154 4266 tredecim
1187 4206 1360 4264 annis
1389 4210 1445 4262 et
1465 4211 1593 4262 octo
1616 4206 1919 4263 mensibus

287 4301 468 4354 uncto
497 4298 763 4370 imperio,
786 4298 935 4354 Nero
967 4297 1216 4370 suscipit
1246 4295 1662 4369 principatum.
1687 4294 1789 4351 Hic
1837 4295 1920 4351 fe-

260 4391 424 4442 stum
467 4386 650 4442 mittit
679 4385 739 4440 in
788 4386 1074 4450 Judaiam,
1108 4389 1174 4440 ut
1207 4385 1484 4440 succedat
1531 4383 1728 4453 Felici,
1762 4384 1918 4456 apud

265 4490 447 4546 quem
480 4473 698 4530 Paulus
728 4490 908 4529 causa
935 4473 1093 4528 dicta
1120 4472 1350 4529 vinctus
1373 4473 1620 4529 Romam
1643 4471 1918 4540 mittitur,

258 4561 605 4618 Aristarcho
635 4561 972 4627 comitante,
1003 4566 1061 4617 et
1082 4561 1386 4617 biennium
1418 4561 1475 4616 in
1508 4561 1693 4616 libera
1722 4564 1920 4616 manet
1948 4547 1995 4612 D

259 4649 552 4705 custodia.
578 4650 715 4705 Post
743 4650 854 4705 hoc
873 4650 944 4704 ad
959 4650 1394 4722 praedicandum
1415 4649 1748 4716 dimittitur,
1766 4667 1916 4705 non-

258 4738 406 4793 dum
437 4738 661 4794 Nerone
690 4737 748 4793 in
779 4742 944 4794 tanta
973 4742 1314 4810 erumpente
1344 4738 1582 4804 seelera,
1603 4743 1824 4810 quanta
1844 4739 1914 4794 de

256 4843 327 4882 eo
359 4834 602 4882 narrant
613 4825 888 4895 historiae,
905 4827 1006 4883 sed
1026 4808 1681 4900 adhuc:dispensatione
1696 4827 1913 4895 divina,

257 4913 614 4970 clementius
645 4919 889 4987 agente;
923 4919 988 4970 ut
1017 4913 1251 4970 interim
1284 4915 1670 4988 compleretur
1703 4914 1913 4988 praedi-

256 5003 413 5058 catio
438 5001 694 5066 Pauli,et
718 5003 1111 5059 scriberentur
1131 5004 1259 5075 ejus
1275 5003 1566 5076 Epistolas,
1582 5003 1669 5059 vel
1691 5004 1764 5060 ad
1790 5020 1913 5076 per-

257 5089 563 5156 sonas,vel
595 5090 668 5146 ad
699 5091 896 5162 capita
925 5091 1484 5162 provinciarum,vel
1518 5091 1588 5146 ad
1623 5091 1753 5147 ﬁdei
1773 5090 1909 5147 soli-

255 5180 529 5246 ditatem,
542 5177 629 5234 vel
661 5178 732 5233 ad
764 5179 1030 5235 decorem
1047 5180 1360 5252 Evangelii,
1375 5179 1627 5252 denique
1645 5181 1718 5237 ad
1734 5179 1912 5236 totius

253 5266 534 5325 Ecclesiae
565 5265 905 5325 utilitatem.

895 5400 1077 5440 CAPUT
1113 5401 1265 5440 Χινῐ.

526 5472 602 5527 De
623 5463 894 5544 martyrio
923 5475 1140 5538 Jacobi,
1171 5474 1364 5545 fratris
1394 5471 1630 5528 Domini.

324 5587 542 5656 (Euseb.
554 5629 567 5655 ,
584 5587 682 5644 lib.
697 5602 760 5657 ιι,
778 5605 902 5660 cap.
918 5588 1004 5655 l3,
1032 5591 1176 5646 Hist.
1191 5591 1399 5661 eccles.)
1413 5586 1599 5661 Igitur
1610 5591 1743 5660 post
1756 5587 1901 5645 Pau-

2029 3299 2144 3338 non
2180 3283 2427 3337 ferentes
2456 3283 2616 3354 (nam
2648 3286 2704 3338 et
2746 3281 3118 3338 honorabiles
3168 3299 3433 3354 quosque
3481 3282 3679 3354 ﬂagris

2026 3372 2449 3438 verberaverat,
2463 3376 2521 3426 et
2537 3370 2852 3428 nonnullos
2867 3370 2925 3425 in
2942 3375 3145 3427 sancta
3166 3370 3394 3426 civitate
3416 3369 3678 3443 patibulo

2026 3461 2436 3532 suspenderat)
2469 3461 2779 3516 adversum
2814 3460 3110 3514 Romanos
3161 3458 3463 3515 rebellant.
3497 3458 3678 3530 Cujus

2027 3549 2106 3604 rei
2139 3549 2551 3616 occasione,ad
2581 3547 2959 3604 debellandos
2979 3548 3214 3604 Judaeos
3237 3547 3680 3621 magistermili-

2025 3639 2120 3695 tiae
2153 3637 2554 3711 Vespasianus
2587 3636 3028 3694 transmittitur.

2631 3770 2814 3809 CAPUT
2851 3770 3025 3808 XXVII.

2492 3847 2573 3899 De
2601 3843 2920 3898 crudelitate
2947 3844 3193 3899 Neronis.

2097 3958 2269 4025 Nero,
2284 3956 2729 4013 crudelissimus
2752 3957 3089 4030 imperator,
3105 3958 3205 4030 qui
3229 3958 3286 4012 in
3308 3961 3537 4014 tantum
3555 3975 3675 4014 sce-

2027 4045 2166 4101 leris
2198 4061 2546 4118 progressus
2578 4049 2668 4100 est
2698 4046 2853 4117 quod
2886 4050 2942 4101 et
2972 4045 3032 4101 in
3065 4051 3336 4112 matrem,
3361 4051 3420 4101 et
3469 4045 3526 4100 in
3562 4047 3675 4100 fra-

2027 4138 2166 4200 tres,
2189 4139 2245 4189 et
2275 4150 2502 4196 uxores,
2534 4137 2591 4187 et
2620 4134 2814 4188 omnis
2845 4133 3150 4206 sanguinis
3182 4132 3476 4205 proximos
3497 4133 3678 4205 parri-

2027 4222 2160 4279 cida
2190 4221 2430 4288 exstitit,
2465 4225 2521 4276 et
2549 4221 2808 4276 incestus
2841 4220 2995 4286 fecit,
3028 4221 3394 4277 Christianos
3423 4219 3674 4275 maxime

2028 4311 2421 4383 persequitur.

2632 4442 2817 4482 CAPUT
2853 4443 3047 4482 XXVIII.

2304 4517 2494 4570 Petrus
2523 4519 2575 4570 et
2605 4515 2812 4570 Paulus
2834 4513 3008 4570 simul
3034 4519 3386 4570 coronantur.

2097 4613 2333 4681 (Euseb.,
2365 4629 2483 4684 cap.
2506 4614 2578 4667 25
2604 4612 2777 4684 ejusd.
2812 4613 3015 4678 lib.)Et
3045 4613 3371 4678 Petrum,et
3404 4612 3670 4677 Paulum,

2025 4701 2426 4774 apostolorum
2451 4701 2650 4767 duces,
2669 4705 2726 4756 et
2747 4699 3054 4773 signiferos
3073 4701 3307 4771 Judaiaa,
3321 4699 3536 4772 populo
3551 4701 3668 4767 Dei,

2023 4791 2081 4845 in
2116 4789 2243 4863 ipsa
2273 4789 2416 4846 urbe
2447 4790 2634 4845 Roma
2663 4789 2909 4844 alterum
2929 4789 3162 4862 quidem
3183 4789 3401 4862 gladio,
3422 4789 3671 4844 alterum

2023 4879 2212 4935 crucis
2246 4877 2506 4951 patibulo
2533 4878 2900 4934 condemnat.
2921 4879 2988 4933 Et
3019 4877 3218 4934 Petrus
3234 4879 3468 4950 quidem
3483 4877 3670 4949 capite

2022 4969 2288 5024 demerso
2323 4967 2702 5040 cruciﬁgitur,
2723 4968 2880 5040 quod
2901 4967 3139 5041 rogavit,
3158 4983 3229 5023 ne
3247 4966 3493 5023 Domino
3512 4965 3668 5022 vide-

2015 5061 2184 5112 retur
2213 5056 2526 5128 adaequari.

2093 5145 2424 5218 Dionysius,
2458 5143 2888 5200 Corinthiorum
2920 5145 3250 5218 episcopus,
3285 5145 3384 5217 qui
3419 5162 3532 5201 non
3580 5145 3669 5199 di-

2019 5234 2148 5302 visi,
2180 5233 2266 5289 vel
2301 5232 2547 5288 diversis
2577 5233 2961 5305 temporibus,
2999 5239 3061 5289 ut
3082 5233 3320 5305 quidam
3353 5234 3574 5300 volunt,
3589 5233 3668 5290 si-

2021 5322 2140 5379 mul
2175 5323 2234 5378 in
2267 5322 2505 5394 praefata
2531 5321 2674 5376 urbe
2705 5322 2999 5386 docentes,
3025 5339 3142 5377 uno
3173 5323 3494 5395 eodemque
3527 5327 3669 5377 tem-

2018 5429 2154 5487 pore
2186 5412 2358 5467 ambo
2390 5411 2606 5482 pariter
2627 5409 2902 5482 martyrio
2933 5417 3305 5466 coronantur.
3328 5412 3388 5466 In
3413 5428 3664 5484 quorum

2019 5500 2446 5575 gloriosissimo
2479 5499 2614 5564 ﬁne,
2641 5503 2698 5554 et
2729 5514 2836 5553 nos
2869 5498 3050 5570 hujus
3082 5500 3323 5556 secundi
3355 5499 3668 5559 voluminis

2013 5591 2192 5647 ﬁnem
2217 5587 2520 5645 faciamus.
