4060 6178
261 362 384 420 837

1193 359 1591 424 ΗΙΞΤΟΠΗΕ
1632 359 1907 423 SACRIE
1948 358 2324 423 EPITOME.
2358 393 2436 404 —
2463 357 2614 423 LIB.
2659 357 2759 420 IV.

3556 360 3678 423 838

1482 748 1813 836 LIBER
1855 746 2435 860 QUARTUS.

861 1174 1041 1213 CAPUT
1079 1175 1333 1213 PRIMUM.

349 1246 484 1302 Post
509 1247 733 1302 obitum
765 1246 918 1302 beati
949 1247 1193 1302 Joannis
1218 1251 1274 1301 et
1305 1247 1608 1302 decessum
1642 1246 1932 1319 apostolo-

269 1354 432 1402 rum,
467 1334 586 1392 sive
615 1334 774 1390 illius
805 1335 966 1390 chori
999 1336 1098 1406 qui
1133 1353 1166 1391 a
1196 1335 1442 1391 Domino
1473 1341 1812 1409 susceperat
1842 1336 1931 1390 vi-

265 1441 356 1478 vze
385 1424 544 1480 vocis
583 1424 872 1491 auditum,
909 1423 1128 1492 statim,
1167 1428 1231 1480 ut
1280 1425 1336 1479 in
1384 1441 1628 1480 vacuam
1662 1425 1930 1490 domum,

267 1514 552 1585 ingerunt
583 1529 646 1569 se
677 1513 1019 1585 pestilentes
1045 1512 1300 1569 haeretici
1332 1513 1390 1568 in
1422 1512 1759 1569 Ecclesiam.

981 1636 1166 1676 CAPUT
1197 1637 1234 1675 ll

619 1709 931 1764 Persecutio
968 1708 1194 1779 Trajani
1223 1710 1594 1780 imperatoris.

350 1797 590 1868 (Euseb.,
625 1797 724 1853 lib.
751 1814 832 1862 ιιι,
860 1813 906 1851 c.
929 1797 1021 1860 32,
1046 1799 1180 1852 Hist.
1210 1798 1367 1860 eccl.;
1392 1799 1608 1870 Epiph.,
1634 1796 1698 1852 de
1719 1797 1937 1861 Sectis.;

274 1888 524 1958 Niceph.,
554 1887 649 1941 lib.
676 1903 759 1953 ιιι,
784 1903 831 1940 c.
869 1887 953 1950 16,
981 1887 1122 1941 Hist.
1154 1887 1311 1949 eccl.;
1335 1887 1562 1951 Ter-(aL,
1595 1888 1656 1941 in
1687 1886 1934 1957 Apolog.)

273 1977 389 2032 Sed
436 1981 493 2030 et
521 1975 808 2046 Trajanus
858 1973 1177 2046 imperator
1224 1975 1534 2030 adversum
1575 1974 1938 2029 Christianos

277 2065 600 2121 maximam
633 2063 815 2118 movit
855 2061 1338 2135 persecutionem,
1373 2063 1482 2118 sub
1528 2079 1644 2135 quo
1677 2062 1934 2128 Simeon,

277 2151 815 2225 Hierosolymorum
836 2151 1164 2224 episcopus,
1185 2151 1600 2213 accusantibus
1626 2150 1934 2216 hmrcticis,

276 2260 388 2316 per
415 2241 538 2297 dies
559 2240 783 2313 aliquot
801 2241 1055 2296 afﬂictus
1073 2239 1400 2312 suppliciis,
1422 2241 1493 2295 ad
1514 2239 1789 2295 ultimum
1815 2256 1942 2293 cru-

275 2332 560 2404 ciﬁgitur,
593 2330 720 2402 ipso
752 2329 1073 2385 admirante
1096 2329 1295 2399 judice
1327 2325 1482 2400 quod
1505 2345 1678 2384 senex
1703 2333 1939 2383 centum

274 2426 337 2476 et
369 2420 569 2492 viginti
619 2435 907 2474 annorum
956 2417 1148 2473 crucis
1199 2417 1526 2490 patibulum
1579 2417 1938 2490 pertulisset.

274 2510 444 2564 Tunc
475 2508 935 2580 persecutionem
953 2497 1217 2578 pondere
1240 2512 1482 2579 urgetur
1504 2506 1778 2571 Ecclesia;
1801 2509 1942 2560 tunc

278 2596 473 2654 multa
497 2601 818 2669 martyrum
843 2595 1030 2651 millia
1051 2595 1405 2668 jugulantur
1433 2613 1445 2652 :
1483 2594 1696 2668 quibus
1720 2594 1942 2649 Plinius

278 2687 583 2743 secundus
613 2703 826 2758 praeses
858 2688 1076 2751 motus,
1109 2686 1372 2740 scribens
1400 2685 1470 2740 ad
1504 2684 1937 2756 imperatorem,

281 2793 393 2848 pro
425 2775 640 2830 nostris
670 2775 1015 2847 deprecatur
1045 2790 1314 2829 asserens
1346 2773 1577 2828 nullum
1605 2773 1663 2827 in
1695 2772 1780 2827 eis
1831 2772 1940 2826 cri-

284 2880 451 2929 men,
482 2862 596 2919 nisi
627 2865 784 2935 quod
837 2861 1217 2918 antelucanos
1255 2863 1504 2935 hymnos
1551 2859 1776 2917 Chrile
1821 2860 1943 2914 cui-

285 2954 430 3007 dam
463 2956 734 3007 canerent
766 2951 901 3007 Deo.

989 3058 1168 3097 CAPUT
1196 3057 1254 3096 IIl

332 3131 670 3202 llegesippus
699 3129 764 3185 de
791 3130 1380 3213 martyriqSimeonis,
1415 3130 1902 3201 Hierosolymittmi

989 3218 1244 3273 episcopi.

371 3290 582 3362 (Idem)
614 3289 815 3362 Igitur,
849 3289 1118 3346 Simeone
1150 3307 1252 3361 per
1290 3289 1633 3361 martyrium
1668 3287 1942 3355 resoluto,

285 3381 503 3435 Justus
547 3379 788 3450 quidam
838 3379 1097 3450 suscepit
1152 3379 1280 3450 ejus
1323 3379 1746 3451 episcopatum.
1781 3379 1946 3433 Tunc

287 3468 459 3524 urbis
492 3469 686 3524 Roma:
721 3467 974 3540 pontifex
1004 3466 1290 3532 Clemens,
1321 3484 1525 3523 novem
1557 3467 1730 3522 annis
1761 3483 1947 3522 sacer-

285 3558 453 3613 dotio
492 3557 750 3622 functus,
784 3555 1045 3611 Evaristo
1098 3555 1334 3628 reliquit
1383 3570 1633 3628 papatus
1682 3555 1945 3610 ministe-

290 3647 476 3712 rium.

979 3751 1164 3789 CAPUT
1193 3751 1265 3789 IV.

737 3823 810 3878 De
838 3823 1074 3892 Ignatio,
1108 3824 1242 3893 forti
1269 3823 1492 3878 athleta.

369 3912 609 3982 (Euseb.,
639 3929 757 3983 cap.
791 3912 861 3966 36
903 3911 1074 3982 ejusd.
1115 3912 1211 3966 lib.
1236 3930 1257 3966 .·
1293 3912 1540 3982 Νἰεερὴη
1571 3927 1618 3966 e.
1655 3911 1722 3967 19
1766 3911 1938 3982 ejusd.
1975 3894 2018 3962 C

289 4001 422 4068 lib.)
435 4001 599 4055 Tunc
631 4000 808 4055 etiam
832 4000 1116 4072 lgnatius,
1133 4003 1264 4071 post
1284 4000 1517 4054 Petrum
1542 4000 1800 4054 secunda
1815 4015 1946 4054 suc-

288 4088 580 4156 cessione,
609 4088 1006 4144 Antiochenus
1036 4088 1364 4160 episcopus,
1381 4087 1451 4142 de
1484 4087 1662 4159 Syriae
1681 4087 1948 4159 partibus

290 4178 366 4232 ad
401 4177 604 4232 urbem
635 4177 881 4232 Romam
905 4177 1420 4244 transmittitur,et
1449 4163 1552 4247 pro
1585 4175 1948 4231 conlessione

289 4265 511 4322 Christi
543 4265 778 4338 ejicitur
807 4267 877 4321 ad
908 4265 1150 4322 bestias.
1185 4265 1314 4331 Qui,
1349 4263 1568 4320 athleta
1598 4263 1810 4320 Christi
1826 4265 1948 4319 for-

292 4355 586 4422 tissimus,
603 4355 663 4409 in
690 4355 945 4427 quadam
967 4354 1213 4426 epistola
1235 4371 1341 4412 sua
1364 4369 1541 4425 quam
1565 4353 1636 4408 ad
1653 4354 1947 4410 Romanos

292 4444 520 4510 scribit,
540 4443 596 4499 id
631 4443 809 4499 etiam
842 4443 1186 4516 deprecatur
1216 4461 1287 4500 ne
1316 4443 1496 4498 velint
1523 4459 1658 4498 eum
1682 4459 1783 4515 spe
1798 4459 1946 4497 mar-

292 4531 432 4604 tyrii
464 4533 722 4604 privare;
748 4533 806 4588 in
829 4549 947 4604 qua
977 4532 1070 4587 his
1101 4533 1247 4604 ipsis
1278 4532 1464 4587 utitur
1490 4531 1946 4601 verbis,utivere

292 4619 838 4677 Christianissimus
881 4625 937 4677 et
981 4620 1301 4678 immobilis
1332 4637 1367 4674 a
1397 4620 1509 4676 ﬁde
1542 4637 1556 4675 :
1588 4620 1632 4676 Ο
1661 4618 1947 4676 salutares

292 4710 540 4778 bestias,
575 4728 702 4782 quae
743 4715 1149 4783 praeparantur
1185 4708 1360 4766 mihi!
1397 4711 1632 4782 quando
1679 4709 1949 4766 venient?

296 4799 536 4871 quando
549 4798 892 4854 emittentur
904 4800 932 4854 ?
947 4799 1182 4871 quando
1204 4797 1400 4853 licebit
1431 4797 1516 4854 eis
1543 4797 1652 4853 frui
1667 4798 1946 4854 carnibus

291 4887 484 4942 meis?
510 4889 666 4954 Quas
696 4904 800 4960 ego
834 4893 968 4959 opto
998 4887 1251 4943 acriores
1281 4886 1494 4958 parari,
1519 4889 1577 4942 et
1595 4885 1850 4942 invitabo
1874 4887 1947 4942 ad

288 4975 727 5032 devorationem
780 4975 917 5044 mei,
951 4978 1008 5031 et
1056 4975 1410 5048 deprecabor
1455 4990 1528 5030 ne
1572 4975 1736 5042 forte,
1772 4978 1836 5030 ut
1885 4974 1945 5030 in

291 5061 599 5119 nonnullis
614 5064 1487 5136 fecerunt,timeantcontingere
1501 5081 1711 5136 corpus
1724 5081 1945 5134 meum;

289 5151 584 5224 quinimo,
617 5156 675 5210 et
703 5152 751 5208 si
786 5153 1239 5220 cunctabantur,
1273 5169 1378 5226 ego
1408 5153 1523 5208 vim
1577 5153 1807 5220 faciam,
1839 5170 1944 5226 ego

288 5257 389 5295 me
420 5240 706 5313 ingeram.
741 5242 1134 5314 Date,quasso,
1165 5241 1426 5298 veniam:
1451 5257 1556 5313 ego
1584 5241 1945 5314 quippenovi
1975 5263 2021 5328 Ι)

291 5329 437 5402 quid
490 5330 756 5402 expediat
800 5329 970 5386 mihi.
1012 5331 1277 5403 (Niceph.,
1313 5330 1412 5386 lib.
1464 5347 1546 5395 ιιι,
1580 5347 1626 5385 c.
1681 5332 1746 5386 19
1795 5333 1940 5386 Hist.

286 5419 510 5488 eccles.)
531 5418 694 5474 Nunc
726 5419 940 5492 incipio
971 5436 1098 5476 esse
1128 5418 1342 5475 Christi
1373 5417 1732 5490 discipulus;
1753 5419 1941 5492 ignes,

365 5581 442 5665 (α)
457 5582 758 5666 Ερανίειηε.
775 5581 977 5640 Judan
999 5584 1163 5666 patre
1193 5584 1377 5649 ortus,
1393 5583 1449 5636 et
1471 5583 1666 5636 tamen
1684 5579 1941 5654 pontifex

293 5650 469 5712 annis
499 5650 610 5711 hoc
638 5669 754 5713 non
784 5650 1055 5713 convenit
1084 5653 1234 5712 inter
1263 5666 1490 5713 omnes.

1953 1159 2008 1226 Α
2037 1173 2262 1224 cruces,
2313 1155 2535 1222 bestiaz,
2569 1156 2968 1228 dispersiones
2991 1155 3237 1222 ossium,
3261 1155 3688 1228 discerptiones

2039 1246 2459 1312 membrorum,
2483 1245 2664 1300 totius
2695 1245 2954 1317 corporis
2985 1249 3261 1318 pmnae,et
3283 1244 3482 1300 omnia
3511 1245 3568 1300 in
3591 1261 3686 1300 me

2041 1351 2228 1390 unum
2266 1333 2812 1407 supplicia,diaboli
2836 1338 2957 1388 arte
2980 1334 3243 1406 quesita,
3265 1332 3687 1404 compleantur,

2039 1424 2366 1479 dummodo
2397 1423 2598 1479 Jesum
2629 1422 2926 1478 Christum
2959 1439 3184 1479 merear
3213 1422 3475 1494 adipisci.
3500 1422 3610 1477 Sed
3633 1424 3692 1477 et

2042 1511 2259 1568 multas
2288 1512 2432 1567 alias
2465 1511 2668 1567 scribit
2695 1511 2972 1583 epistolas
2997 1529 3010 1578 ;
3043 1511 3164 1582 qui,
3189 1528 3222 1564 a
3254 1511 3420 1582 Syria
3443 1511 3689 1566 Romam

2043 1601 2344 1674 navigans,
2378 1605 2435 1656 et
2466 1616 2568 1672 per
2596 1617 2800 1656 omnes
2832 1617 2980 1671 quas
3009 1599 3450 1672 ingredieb‘atur
3477 1599 3695 1656 exhor-

2041 1695 2176 1745 tans
2209 1689 2513 1754 Ecclesiae,
2545 1694 2602 1744 et
2630 1689 2966 1744 confortans
2988 1688 3047 1742 in
3070 1688 3694 1756 Domino,tandem,ut

2045 1782 2101 1832 et
2133 1779 2258 1850 ipse
2288 1778 2512 1841 scribit,
2533 1782 2589 1831 et
2618 1790 2913 1832 connexus
2938 1781 2995 1831 et
3025 1775 3331 1848 colligatus
3347 1777 3545 1832 decem
3575 1775 3694 1832 leo-

2043 1865 2263 1938 pardis,
2283 1864 2570 1920 militibus
2601 1865 2753 1920 datis
2775 1866 2848 1920 ad
2867 1865 3215 1929 custodiam,
3232 1864 3474 1920 feliciter
3487 1864 3697 1938 migra-

2043 1955 2125 2010 vit
2152 1955 2222 2009 ad
2256 1954 2593 2013 Dominum.

2722 2075 2898 2114 CAPUT
2936 2075 2988 2113 V.

2119 2167 2393 2234 (ΗΑγιιιο.)
2426 2166 2533 2232 Qui
2566 2166 2710 2221 bene
2743 2165 2799 2220 in
2834 2181 3058 2220 canone
3091 2163 3452 2238 missae,post
3483 2165 3698 2222 accele-

2047 2255 2328 2310 rationem
2350 2259 2686 2310 sanctorum
2712 2253 3108 2326 apostolorum
3130 2270 3263 2308 cum
3281 2255 3532 2327 egregiis
3547 2271 3698 2309 mar-

2045 2344 2273 2417 tyribus
2305 2343 2566 2416 ponitur.
2587 2343 2733 2398 Nam
2769 2342 2866 2414 qui
2901 2341 3064 2397 valde
3095 2343 3277 2397 Deum
3306 2348 3361 2398 et
3393 2343 3694 2399 Christum

2046 2433 2284 2504 ejus,ob
2320 2432 2609 2504 insignem
2646 2430 2775 2487 ﬁdei
2811 2432 3346 2498 confessionem,ob
3370 2431 3699 2488 clarissima

1970 2528 2018 2592 B
2048 2521 2265 2595 scripta
2290 2526 2345 2576 et
2379 2522 2528 2576 facta
2559 2520 2902 2594 promeruit,
2934 2519 3100 2576 valde
3149 2525 3343 2592 potest
3393 2539 3495 2593 pro
3530 2521 3698 2576 nobis

2051 2610 2402 2681 supplicare,
2424 2614 2488 2664 ut
2515 2627 2644 2664 vere
2673 2609 3082 2682 dignissimus,
3098 2615 3154 2664 et
3173 2609 3353 2664 haeres
3383 2609 3532 2664 Petri
3555 2626 3700 2682 apo-

2051 2698 2208 2766 stoli,
2241 2703 2361 2754 tam
2391 2715 2620 2753 morum
2656 2714 2834 2769 quam
2866 2697 3153 2759 cathedras
3185 2697 3570 2752 successione.

2725 2829 2909 2868 CAPUT
2945 2828 3020 2866 νι.

2538 2907 2620 2958 De
2645 2917 2948 2957 successore
2975 2903 3198 2970 Ignatii.

2138 3018 2377 3088 (Euseb.,
2403 3017 2499 3082 lib,
2524 3033 2609 3086 ιιι,
2640 3033 2763 3088 cap.
2803 3017 2892 3081 37,
2926 3017 3062 3071 Hist.
3104 3016 3312 3088 eccles.)
3345 3015 3482 3072 Post
3525 3020 3702 3089 Igna-

2057 3107 2203 3161 tium
2231 3107 2410 3162 Heros
2441 3105 2723 3160 successit
2754 3105 2812 3159 in
2843 3104 3266 3176 episcopatum,
3295 3122 3410 3176 quo
3440 3110 3701 3178 tempore

2056 3198 2218 3251 ﬂoret
2246 3195 2332 3250 vir
2359 3211 2522 3266 aeque
2545 3194 2816 3266 insignis,
2841 3194 3196 3260 Quadratus,
3212 3193 3454 3249 celebris
3483 3194 3539 3249 in
3573 3211 3700 3266 pro-

2053 3284 2284 3356 phetica
2310 3283 2515 3356 gratia,
2549 3283 2720 3353 cujus
2752 3282 2924 3338 etiam
2958 3281 3244 3355 epuscula
3273 3281 3582 3339 habentur.

2711 3413 2894 3453 CAPUT
2923 3414 3018 3452 VII.

2125 3518 2198 3572 De
2223 3517 2455 3587 egregiis
2481 3513 2940 3586 prwdicaloribus
2970 3521 3021 3568 et
3045 3513 3295 3584 praelatis
3325 3513 3598 3570 Ecclesiae.

2127 3606 2390 3677 Longum
2405 3607 2495 3659 est
2507 3619 2848 3658 enumerare
2879 3601 2948 3656 de
2971 3600 3222 3673 singulis
3244 3601 3583 3670 rectoribus,
3601 3601 3700 3674 qui

2057 3695 2292 3750 fuerunt
2323 3692 2382 3748 in
2413 3691 2686 3748 Ecclesiis
2709 3694 2840 3764 post
2868 3689 3182 3763 apostolos.
3209 3689 3372 3745 Unde
3404 3688 3534 3746 illos
3564 3707 3700 3745 con-

2055 3781 2536 3848 memorabimus,
2569 3797 2819 3853 quorum
2875 3779 3019 3835 fides
3069 3779 3141 3834 ad
3193 3795 3298 3834 nos
3337 3778 3599 3851 pervenit
3645 3782 3703 3835 et

2056 3871 2672 3942 przedicatio,quorum
2698 3867 2983 3941 exemplis
3014 3868 3241 3923 erudita
3269 3870 3326 3922 et
3356 3866 3704 3924 solidataest

2059 3959 2336 4027 Ecclesia,
2371 3958 2471 4030 qui
2521 3958 2850 4014 ardentiore
2882 3955 3251 4028 philosophia
3292 3957 3468 4011 verbo
3507 3956 3606 4012 Dei
3639 3973 3701 4012 se

2058 4051 2496 4114 consecrarunt,
2515 4051 2570 4100 et
2587 4047 2657 4101 ad
2692 4046 2944 4101 salutare
2968 4049 3318 4117 przeccptum
3335 4045 3524 4117 primo
3547 4045 3698 4100 indi-

2057 4136 2331 4210 gentibus
2362 4153 2470 4191 sua
2499 4134 2845 4199 dividentes,
2866 4134 2936 4189 ad
2971 4133 3409 4205 praedicandum
3443 4133 3695 4205 expediti

2057 4223 2542 4297 evangelistarum
2575 4221 2758 4277 functi
2791 4226 2930 4277 sunt
2960 4221 3170 4277 officio.
3202 4221 3358 4285 Quos
3406 4220 3602 4289 etiam,
3637 4225 3702 4276 ut

2059 4313 2376 4388 apostolos,
2395 4313 2451 4368 in
2476 4311 2641 4368 initio
2672 4311 2806 4367 ﬁdei
2838 4310 3116 4367 comitata
3131 4314 3218 4366 est
3247 4309 3496 4380 Spiritus
3515 4308 3700 4365 sancti

2056 4403 2264 4476 gratia,
2297 4407 2354 4458 et
2385 4399 2805 4457 miraculorum
2839 4403 3165 4473 praepotens
3185 4402 3422 4454 secutus
3452 4403 3542 4454 est
3569 4399 3701 4454 elfe-

2057 4499 2206 4548 ctus.
2226 4497 2300 4547 De
2325 4508 2574 4564 quorum
2609 4505 2852 4546 numero
2875 4489 3097 4545 Ccrdon
3129 4487 3553 4543 Alexandrinus
3579 4487 3698 4560 epi-

2056 4597 2290 4653 scopus,
2325 4581 2394 4635 de
2427 4596 2542 4653 quo
2591 4596 2771 4651 supra
2809 4578 3031 4633 dictum
3082 4582 3188 4644 est,
3222 4576 3323 4649 qui
3355 4576 3699 4634 duodecimo

2055 4686 2208 4724 anno
2240 4667 2474 4738 Trajani
2510 4667 2872 4740 principatus
2903 4665 3246 4737 obiit(ldem.
3271 4681 3391 4737 cap.
3424 4668 3489 4721 21
3523 4665 3695 4736 ejusd.

2057 4758 2200 4826 lib.),
2235 4757 2494 4812 succedit
2524 4756 2762 4829 quidam
2795 4755 3027 4810 Primus
3058 4755 3314 4823 nomine,
3349 4759 3595 4826 quartus
3627 4755 3698 4809 ab

2056 4845 2354 4919 apostolis.

2719 4949 2904 4989 CAPUT
2943 4950 3019 4988 IX.

2128 5026 2205 5092 (a)
2247 5022 2546 5079 Evaristus
2607 5039 2860 5094 quoque,
2905 5021 3203 5076 Romanus
3259 5021 3534 5092 pontifex,
3569 5027 3700 5094 post

2056 5117 2183 5168 octo
2207 5112 2580 5184 episcopatus
2612 5127 2796 5166 annos
2831 5109 2993 5177 obiit,
3026 5108 3352 5164 Alexandro
3382 5109 3698 5167 venerabili

2055 5206 2114 5258 et
2143 5199 2461 5274 apostolico
2502 5200 2625 5254 viro
2658 5199 3024 5254 succedente.

2726 5320 2910 5360 CAPUT
2947 5322 3024 5360 IX.

2124 5417 2340 5486 (Diom,
2375 5415 2552 5483 0ros.,
2581 5413 2798 5479 Euseb.,
2831 5413 2956 5480 lib.,
2990 5428 3196 5484 iv,cap.
3222 5412 3302 5485 1.)
3325 5417 3554 5470 Interea
3583 5429 3702 5469 cre-

2053 5579 2372 5647 Romanus,
2406 5578 2472 5633 ut
2500 5573 2855 5632 Theodorus.
2891 5575 3033 5632 Item
3067 5575 3136 5632 de
3165 5575 3295 5649 ejus
3324 5573 3700 5650 pontiﬁcatus
