4060 6178
425 360 557 419 843
825 355 1233 421 HAYMONIS
1279 356 1813 419 HALBERS'I‘AT.
1862 353 2098 419 EPISC.
2147 357 2316 417 orp.
2367 359 2566 419 PARS
2610 357 2713 419 ιιι.
2747 352 3410 419 -—MISCELLANEA.
3663 334 3764 417 sit

421 507 578 547 nem.
604 490 772 547 Soter
799 490 950 547 sedit
979 490 1150 546 annis
1170 493 1423 562 septem;
1457 506 1573 561 quo
1601 492 1863 560 tempore
1891 488 2065 545 etiam
2095 492 2152 558 Α
2181 488 2320 546 ralis
2351 506 2497 545 usus
2543 488 2845 562 expetebat
2891 487 3052 561 large
3100 486 3452 560 impertiens,
3481 486 3684 544 vivendi
3708 491 3762 545 Ii-

421 596 675 637 romanae
708 579 971 636 Ecclesiae
1001 580 1166 637 Soter
1203 578 1511 651 episCOpus
1561 576 1696 650 p'ius
1727 582 1784 634 et
1813 578 2070 635 clemens
2179 595 2312 635 nem
2346 578 2501 636 facit.
2533 579 2603 634 Et
2644 595 2751 635 nos
2796 577 2892 635 hic
2924 577 3119 651 quarti
3147 576 3455 634 voluminis
3498 577 3656 634 ﬁnem
3699 579 3768 635 fa-

422 669 579 727 circa
615 669 849 738 fratres,
877 673 936 727 et
977 673 1236 738 sanctus,
1269 666 1668 741 indigentibus
1699 684 1825 740 qua:
1866 684 2067 742 corpo-
2177 668 2423 725 ciamus.

1684 1024 2010 1109 LIBER
2066 1022 2579 1138 QUINTUS

2183 1370 2520 1442 respondit:
2545 1369 2652 1436 Qui
2684 1368 2882 1443 plures
2913 1373 3073 1438 sunt,
3095 1369 3433 1427 nominibus
3461 1372 3780 1447 distinguun-

2184 1462 2307 1528 tur;
2340 1458 2439 1532 qui
2473 1476 2626 1515 unus
2656 1464 2765 1526 est,
2799 1476 2914 1514 non
2945 1458 3188 1533 indiget.

2855 1564 3039 1604 CAPUT
3076 1566 3161 1604 III.

1012 1386 1195 1426 CAPUT
1232 1385 1486 1426 PRIMUM.

495 1485 651 1552 (Eus.
701 1480 798 1536 lib.
829 1496 884 1546 ν,
919 1481 979 1534 in
1005 1480 1211 1551 princ.)
1250 1478 1435 1551 Igitur
1482 1478 1666 1533 Soteri
1714 1478 1893 1550 episc.
1938 1478 2077 1534 duo-

424 1571 690 1630 decimus
737 1570 810 1625 ab
859 1567 1162 1641 apostolis,
1195 1566 1454 1624 succedit
1500 1566 1885 1635 Eleutherius,
1917 1567 2074 1640 vige-

424 1662 576 1719 simo
606 1659 863 1717 secundo
892 1637 1046 1713 anno
1090 1656 1319 1729 imperii
1353 1657 1430 1712 M.
1462 1655 1735 1711 Antonini
1767 1655 1919 1711 Veri.
1952 1657 2074 1720 Quo

2446 1682 2455 1693 .
2570 1639 2701 1693 Item
2730 1654 2802 1693 ex
2828 1638 3056 1709 epistola
3088 1637 3455 1708 Lugdunensi.

424 1755 686 1823 tempore
734 1765 835 1821 per
883 1745 1101 1802 multas
1136 1724 1359 1801 romani
1414 1744 1572 1799 orbis
1626 1743 1972 1816 provincias,
2007 1761 2076 1799 ex
2107 1809 2150 1824 Ἀ
2221 1724 2984 1824 ,Τίιηῐῇξξυίθωβξαῖοτυιξλ
3007 1730 3333 1824 ωενιῐῗυω
3354 1727 3668 1824 Ῑὶξιωεξῐιίῑιε
3684 1737 3782 1824 erat

427 1809 844 1897 acclamatione
872 1835 1030 1908 vulgi
1062 1839 1119 1892 et
1156 1834 1439 1891 seditione
1479 1834 1788 1889 adversum
1820 1838 2072 1901 nostros,

2183 1816 2240 1868 et
2269 1811 2594 1884 humilitas,
2618 1818 2682 1869 ut
2713 1815 3046 1887 frequenter
3075 1821 3362 1890 martyres
3392 1818 3540 1887 facti,
3564 1824 3681 1893 post
3703 1820 3781 1877 be-

426 1928 758 1986 durissimm
789 1923 1224 1998 persecutiones
1253 1922 1642 1989 concitantur,
1666 1921 1745 1977 ita
1773 1928 1837 1978 ut
1868 1926 2074 1995 marty-

2186 1902 2349 1970 stias,
2384 1907 2516 1974 post
2547 1902 2711 1976 ignes
2741 1907 2797 1959 et
2825 1903 3097 1973 laminas,
3131 1904 3467 1966 nullatenus
3496 1913 3784 1982 paterentur

428 2032 561 2074 rum
594 1991 995 2071 multa-millia
1025 2028 1127 2084 per
1157 2010 1392 2083 singula
1419 2010 1543 2066 loca
1571 2010 1745 2068 ﬁant:
2024 1991 2040 1995 ⁷
2186 2007 2248 2047 3°
2279 2008 2314 2084 ξι
2344 1992 2621 2084 φδνῖϊνίο
2650 1991 2950 2084 δρρεῗιιθνῗ»
2972 1993 3060 2084 Vel
3100 1994 3159 2050 ίῐι
3191 2012 3463 2054 sermone
3489 1998 3572 2054 vel
3600 1999 3650 2055 in
3682 1998 3783 2072 cpi“

2186 2079 2338 2136 stola
2361 2080 2719 2151 fratrum;et
2746 2082 2797 2138 si
2829 2082 2963 2155 quis
2994 2083 3115 2139 haec
3145 2084 3610 2153 fecisset,durius
3632 2088 3782 2145 incre—

2185 2169 2423 2241 pabant,
2449 2170 2706 2228 dicentes
2754 2172 2911 2244 quod
2956 2171 3077 2229 hmo
3122 2174 3438 2248 appellatio
3468 2176 3571 2233 soli
3597 2178 3784 2236 Christo

2186 2257 2578 2327 debeatur,vel
2600 2265 2753 2316 certe
2774 2260 2867 2316 his
2886 2261 2986 2333 qui
3018 2267 3151 2335 post
3168 2263 3388 2321 bonam
3409 2267 3783 2325 confessionem

2184 2346 2479 2403 discedere
2527 2349 2598 2404 de
2645 2348 2755 2405 hac
2787 2349 2902 2405 vita
2929 2354 2987 2406 et
3016 2367 3259 2426 pergere
3290 2356 3362 2411 ad
3396 2355 3571 2413 Deum
3598 2374 3783 2414 merue-

2184 2442 2321 2491 runt
2352 2454 2365 2491 :
2400 2436 2506 2494 'nos
2536 2442 2733 2494 autem
2767 2438 3040 2507 humiles,
3072 2445 3129 2497 et
3158 2444 3353 2515 egeni,
3388 2446 3624 2515 aiebant,
3652 2452 3784 2521 opta-

2183 2542 2317 2581 mus
2347 2530 2411 2581 ut
2440 2526 2569 2597 ipsa
2598 2526 2807 2583 saltem
2841 2528 2899 2583 in
2932 2529 3100 2586 nobis
3130 2532 3423 2590 confessio
3452 2539 3569 2591 tuta
3596 2552 3784 2609 perma-

2184 2618 2335 2669 neat.
2372 2615 2560 2671 Tanta
2588 2633 2724 2690 ergo
2755 2621 2879 2674 erat
2910 2618 2968 2672 in
2999 2618 3084 2675 eis
3114 2619 3443 2690 humilitas,
3473 2629 3553 2691 ut,
3577 2640 3695 2682 cum
3718 2641 3787 2683 re.

2182 2702 2293 2757 bus
2325 2703 2470 2776 ipsis
2511 2709 2795 2776 martyres
2840 2711 3058 2774 essent,
3080 2709 3347 2767 nominis
3376 2716 3562 2769 tamen
3597 2714 3785 2785 jactan-

2182 2790 2324 2846 tiam
2366 2793 2651 2866 fugerent,
2684 2794 2835 2851 inter
2877 2796 3086 2853 fratres
3131 2797 3415 2867 humiles,
3448 2802 3589 2858 inter
3630 2818 3785 2877 perse-

2183 2884 2413 2937 cutores
2442 2881 2598 2938 elati.
2626 2884 2993 2941 Accusabant
3022 2887 3347 2961 neminem,
3376 2890 3656 2948 solvebant
3678 2908 3788 2947 cun-

1107 2162 1291 2201 CAPUT
1329 2162 1389 2201 Ιῐ.

727 2241 807 2294 De
828 2234 1068 2308 Epistola
1097 2235 1473 2304 Lugdunensis
1498 2236 1770 2292 Ecclesia.

310 2407 320 2415 .
495 2354 677 2428 (Idem.
706 2369 790 2408 ca.
823 2353 858 2408 3
884 2351 1058 2424 ejusd.
1102 2350 1199 2406 lib.
1239 2353 1387 2407 Nicc.
1422 2353 1475 2418 1,
1508 2354 1594 2419 16,
1623 2352 1710 2419 17,
1745 2352 1831 2405 18.
1866 2350 1962 2406 lib.
1997 2366 2071 2419 IV,

422 2446 562 2501 Hist.
597 2441 819 2514 Ecclcs.)
849 2441 1011 2496 Tunc
1041 2440 1191 2497 servi
1219 2440 1435 2496 Christi
1474 2440 1806 2496 habitantes
1839 2440 2073 2513 Lugdu-

423 2531 914 2599 num,Viennam,
939 2528 1341 2585 nobilissimas
1362 2528 1557 2584 Gallias
1584 2530 1779 2599 urbes,
1804 2529 2074 2600 gravissi-

425 2621 538 2678 mis
571 2617 1052 2676 tribulationibus
1072 2618 1446 2690 aftliguntur;
1480 2618 1797 2690 quibus,ut
1826 2617 2075 2674 breviter

423 2715 482 2767 et
511 2710 724 2783 raptim
755 2724 860 2781 per
883 2706 1081 2763 omnia
1109 2708 1576 2780 persecutionum
1601 2724 1815 2780 genera
1845 2707 2075 2763 conclu-

424 2800 655 2868 damus,
687 2797 824 2853 totis
871 2795 1095 2853 viribus
1144 2812 1493 2868 congressus
1540 2800 1628 2851 cst
1676 2796 1971 2853 inimicus.
2005 2798 2074 2852 Et

423 2889 614 2962 primo
643 2886 905 2960 quidem,
932 2885 1241 2941 domorum
1274 2884 1356 2947 eis
1386 2885 1727 2957 prohibetur
1756 2885 2071 2956 habitatio;

426 2982 550 3033 tum
582 2975 791 3031 deinde
822 2991 966 3031 usus
998 2973 1361 3039 balnearum,
1398 2978 1528 3046 post
1556 2975 1733 3030 etiam
1767 2992 2073 3047 processus
2182 2972 2329 3037 ctos,
2359 2969 2671 3043 litigabant
2700 2988 2838 3046 erga
2868 2973 3120 3045 nullum,
3152 2978 3406 3036 orabant
3430 2997 3530 3052 pro
3558 2996 3786 3053 persecu-

424 3065 496 3121 ad
528 3064 858 3138 publicum;
892 3063 964 3119 ad
989 3062 1265 3118 ultimum
1286 3078 1418 3117 vero
1449 3065 1567 3117 tam
1601 3062 1872 3135 publicus
1895 3081 2072 3137 quam
2184 3057 2410 3114 toribus
2453 3059 2599 3129 suis,
2631 3065 2861 3118 utentes
2890 3063 3082 3120 verbis
3114 3065 3172 3121 S.
3206 3065 3494 3141 Stephani
3539 3068 3785 3142 martyris,

422 3153 682 3227 privatus
713 3153 896 3209 locus.
920 3152 1013 3207 Sic
1045 3151 1296 3223 denique
1328 3150 1543 3222 injuria
1573 3152 1757 3207 aﬂ‘ecti
1792 3152 2074 3209 claudun-
2105 3187 2148 3254 Ο
2184 3146 2433 3254 (licentia
2457 3164 2481 3249 ,ε
2516 3149 2780 3254 Domine,
2814 3169 2885 3250 ne
2915 3155 3140 3209 statuas
3182 3154 3308 3212 illis
3352 3157 3457 3214 hoc
3506 3163 3783 3232 peccatum.

421 3245 537 3313 tur,
562 3244 961 3308 verberantur,
998 3239 1356 3313 lapidantur,
1392 3244 1447 3295 et
1476 3240 1901 3309 excruciantur,
1930 3243 2073 3298 adeo
2106 3234 2148 3254 ν
2186 3234 2252 3289 Et
2281 3252 2385 3307 per
2414 3236 2657 3293 nimiam
2690 3239 3033 3297 charitatem
3061 3260 3243 3315 quam
3277 3245 3566 3304 habebant
3593 3248 3643 3304 in
3664 3245 3789 3303 chri-

423 3335 490 3386 ut
520 3330 785 3404 singulas
808 3329 1102 3386 cruciatus
1124 3328 1348 3400 species
1371 3344 1541 3383 nemo
1564 3329 1747 3401 possit
1767 3345 2071 3403 exponere.

431 3420 544 3477 Sed
574 3419 865 3476 sustinent
894 3417 1302 3490 aequanimiter
1322 3417 1530 3483 sancti,
1554 3418 1635 3473 uti
1661 3417 1898 3474 stabiles
1921 3419 2078 3475 Chri-

426 3508 505 3566 sti
536 3508 842 3576 columnaa,
867 3524 971 3563 nec
994 3506 1185 3563 solum
1203 3507 1329 3578 jam
1356 3506 1551 3562 ferunt
1570 3507 1846 3579 impetus,
1871 3510 1972 3564 sed
1996 3508 2077 3564 ul-

424 3602 513 3654 tro
543 3598 721 3654 etiam
743 3600 1043 3670 expetunt.
1063 3595 1311 3660 Quidam
1338 3600 1531 3651 autem
1557 3596 1927 3665 infirmiores,
1943 3598 2075 3653 sub-

425 3687 636 3742 eundis
666 3684 925 3751 invalidi,
967 3684 1220 3758 peccitis
1264 3686 1387 3740 suis
1438 3685 1633 3740 forsan
1684 3685 2074 3759 exigentibus,

429 3775 727 3843 labuntur,
743 3775 923 3831 ferme
944 3774 1140 3829 decem
1160 3792 1173 3841 ;
1193 3774 1288 3844 qui
1315 3772 1483 3846 lapsu
1508 3791 1614 3830 suo
1634 3773 1857 3830 luctum
1881 3776 2077 3849 ingen-

2184 3328 2273 3379 sto
2303 3324 2461 3394 Jesu,
2485 3331 2542 3382 et
2571 3327 2643 3383 iis
2665 3328 2765 3400 qui
2792 3328 2940 3401 lapsi
2963 3330 3192 3388 fuerant
3221 3334 3365 3391 totis
3395 3336 3785 3393 miserationum

2182 3414 2508 3471 visceribus
2528 3414 3315 3494 inhaerebant,omnipotenti
3339 3425 3455 3482 Deo
3473 3425 3786 3483 ell‘undentes

2184 3519 2289 3575 pro
2320 3503 2405 3559 eis
2437 3504 2681 3561 flumina
2717 3505 3139 3580 lacrymarum;
3173 3528 3285 3569 nec
3316 3513 3428 3571 sibi
3466 3520 3675 3589 gratum
3701 3514 3788 3569 iter

2185 3592 2458 3647 dicebant
2486 3594 2663 3649 eundi
2694 3595 2766 3651 ad
2799 3598 3132 3668 Dominum,
3161 3600 3210 3657 si
3262 3619 3399 3675 pars
3438 3605 3785 3661 membrorum

2185 3698 2425 3736 suorum
2459 3682 2530 3737 de
2574 3683 2845 3740 Ecclesiis
2893 3692 3058 3759 rapta
3106 3706 3139 3745 a
3187 3691 3425 3750 diabolo
3466 3695 3783 3766 diriperetur.

2187 3771 2314 3825 llaac
2357 3788 2513 3844 ergo,
2539 3788 2665 3844 quae
2722 3790 2791 3829 ex
2838 3780 3134 3834 tanlorum
3183 3782 3529 3839 auctoritate
3573 3784 3783 3838 virorum

310 3921 315 3925 ,
426 3868 545 3920 tem
568 3862 910 3937 relinquunt
926 3861 1209 3931 Ecclesiae,
1225 3880 1350 3934 qua:
1371 3863 1440 3917 de
1465 3862 1725 3935 lapsibus
1741 3869 2075 3921 nostrorum

2185 3859 2566 3932 descendunt,
2590 3860 2742 3918 dicta
2763 3869 2901 3920 sunt
2930 3870 3167 3939 propter
3185 3885 3289 3926 eos
3313 3876 3372 3927 et
3392 3877 3583 3929 contra
3608 3888 3692 3928 eos
3709 3868 3783 3942 qui

2184 3947 2393 4002 tumidi
2427 3953 2485 4003 et
2513 3948 2646 4005 elati
2680 3952 2985 4009 adversum
3020 3954 3227 4013 fratres
3276 3958 3567 4027 feruntur;
3588 3959 3682 4016 etsi
3707 3956 3785 4030 qui

2185 4037 2329 4091 forte
2358 4037 2753 4107 titubaverint,
2775 4040 2997 4098 viscera
3026 4043 3474 4105 miserationum
3496 4048 3687 4105 Christi
3706 4062 3785 4120 pu-

2183 4129 2312 4181 tant
2340 4127 2413 4181 ab
2444 4127 2527 4182 eis
2558 4128 2793 4199 penitus
2825 4130 3206 4190 excludenda.

2860 4237 3041 4277 CAPUT
3078 4239 3153 4278 ιν.

425 3952 615 4026 magis
646 3969 822 4025 quam
856 3952 925 4007 de
956 3950 1578 4011 tormentis.tristatur.
1604 3953 1767 4009 Tunc
1796 3954 2077 4010 adversus

425 4040 914 4112 nostros,diabolo
932 4040 1269 4113 instigante,
1289 4057 1435 4096 nova
1455 4045 1511 4096 et
1531 4041 1804 4114 capitalia
1832 4044 2076 4099 menda-

422 4129 512 4186 cia
533 4129 698 4204 plebs
722 4129 1048 4186 infidelium
1072 4134 1522 4199 commentatur,
1538 4134 1614 4198 et,
1638 4131 2076 4203 comprehensis

421 4220 779 4292 quibusdam
803 4218 987 4276 servis
1009 4218 1254 4292 paganis
1272 4218 1760 4287 Christianorum,
1775 4225 2077 4293 extorquet

419 4308 493 4365 ab
523 4307 627 4374 eis,
649 4311 1078 4363 tormentorum
1120 4308 1471 4379 metu,quod
1499 4312 1555 4363 et
1575 4307 1892 4364 Christiani
1922 4309 2074 4365 ﬁlios
2643 4307 2715 4363 De
2743 4310 2962 4375 frenato,
2992 4312 3109 4367 viro
3139 4313 3374 4373 illustri.

418 4413 556 4453 suos
588 4396 916 4463 comedent,
942 4399 997 4450 et
1022 4395 1311 4451 matribus
1334 4400 1391 4451 et
1412 4396 1710 4452 sororibus
1733 4398 2069 4453 abutantur.
2255 4395 2464 4465 (Euseb.
2499 4395 2594 4451 lib.
2628 4413 2683 4463 ν,
2714 4414 2760 4452 c.
2790 4398 2904 4470 20.)
2938 4399 3122 4472 Igitur
3150 4402 3422 4476 Photino,
3458 4398 3783 4480 Lugdunensi

417 4483 565 4539 Hinc
595 4485 749 4556 apud
783 4501 986 4540 omnes
1012 4483 1325 4540 Christiani
1348 4484 1725 4541 exsecrationi
1758 4485 2071 4556 habentur,
2103 4558 2135 4563 _
2181 4482 2612 4555 episcopo,cum
2637 4485 2858 4543 czeteris
2875 4490 3229 4563 martyribus
3249 4500 3541 4563 coronato,
3556 4495 3786 4551 Irenaeus,

416 4572 741 4646 praesertim
785 4573 939 4646 apud
988 4590 1089 4629 eos
1120 4572 1218 4645 qui
1270 4571 1615 4630 clementius
1663 4575 1943 4632 adversus
1972 4592 2071 4633 eos
2101 4558 2148 4625 D
2179 4571 2475 4645 Polycarpi
2508 4575 2740 4630 auditor
2785 4574 2844 4629 in
2890 4558 3162 4649 pueritia,
3188 4558 3656 4657 sacerdotio'ejus
3681 4594 3785 4636 suc-

418 4662 687 4736 agebant.
723 4662 878 4718 Inter
905 4678 1052 4734 quos
1089 4666 1331 4717 sanctus
1362 4661 1600 4733 quidam
1629 4663 1932 4732 diaconus,
1966 4680 2069 4720 no-
2180 4660 2349 4716 cedit.
2375 4660 2476 4717 Hic
2502 4662 2719 4718 multos
2757 4663 2962 4721 scribit
2990 4666 3194 4741 libros,
3217 4675 3283 4727 et»
3307 4673 3579 4746 praeclara
3606 4663 3783 4743 ingenii

418 4750 578 4808 mine
601 4749 971 4819 Viennensis,
1023 4755 1080 4806 et
1122 4749 1427 4816 Blandina,
1464 4751 1676 4808 nobilis
1728 4753 1963 4821 femina,
2014 4758 2073 4811 et
2180 4750 2267 4806 sui
2301 4756 2682 4807 monumenta
2730 4752 2985 4826 reliquit.
3020 4754 3177 4813 Inter
3218 4760 3411 4818 multa
3438 4767 3493 4818 et
3523 4762 3783 4816 innumera

419 4840 725 4911 Photinus,
744 4838 1093 4899 venerabilis
1124 4840 1535 4910 Lugdunensis
1575 4841 1905 4915 episcopus,
1934 4860 2069 4900 cum
2180 4856 2287 4895 sua
2306 4840 2589 4912 opuscula
2609 4842 2904 4913 quoddam
2927 4843 2997 4900 de
3020 4848 3395 4922 septuaginta
3417 4846 3779 4923 interpretibus

409 4928 536 5000 jam
586 4927 983 5003 nonagenaria
1003 4930 1158 4983 esset
1176 4930 1365 4993 aztate,
1388 4932 1445 4982 et
1474 4944 1587 4999 prae
1610 4927 1889 5002 languore
1909 4936 1966 4986 et
1988 4947 2072 4986 se-
2178 4928 2412 5001 elegans
2445 4928 2793 4986 miraculum
2827 4938 3043 4989 narrat.

418 5016 538 5083 nio,
554 5018 742 5090 magis
765 5017 1085 5073 deferretur
1108 5016 1179 5070 ad
1203 5014 1521 5071 tribunalia
1538 5033 1714 5088 quam
1737 5019 2066 5087 duceretur,
2865 5037 3049 5079 CAPUT
3085 5041 3138 5080 v.

417 5104 727 5161 solvuntur
756 5104 1053 5177 martyrio,
1079 5104 1229 5161 sicut
1260 5109 1425 5175 gesta
1442 5121 1645 5160 eorum
1669 5105 1903 5163 habent.
1925 5107 2070 5164 Pati-
2559 5110 2635 5164 De
2660 5112 3007 5182 septuaginta
3038 5115 3448 5187 interpretibus.

417 5196 516 5248 tur
534 5196 745 5279 etcum
768 5191 851 5279 eis
872 5192 1099 5247 Attalus
1123 5192 1387 5264 quidam,
1416 5193 1585 5263 cujus
1611 5193 1762 5250 inter
1781 5199 2071 5251 tormenta
2249 5196 2432 5269 (Idem,
2465 5214 2511 5254 ο.
2545 5200 2597 5265 8,
2626 5199 2796 5272 ejusd.
2823 5200 2949 5271 lib.)
2971 5202 3335 5274 Ptolemaeus,
3360 5206 3562 5279 inquit,
3588 5201 3705 5276 Lagi
3730 5198 3778 5254 ii-

2177 5284 2493 5341 liusvolens
2512 5286 2877 5344 bibliothecae
2895 5306 3220 5364 sum,quam
3239 5296 3395 5369 apud
3416 5290 3777 5352 Alexandriam

2177 5391 2243 5429 ex
2264 5374 2527 5430 omnium
2542 5375 2872 5434 Grazcorum
2885 5379 3281 5440 voluminibus
3300 5384 3673 5447 construebat,
3686 5393 3778 5433 m8-

415 5278 632 5336 nobilis
658 5296 767 5335 vox
797 5278 896 5335 illa
924 5279 1053 5347 fuit,
1078 5297 1209 5335 cum
1242 5286 1582 5361 assarentur
1608 5298 1810 5339 carnes
1841 5285 1988 5355 ejus,
2013 5289 2070 5340 et

412 5367 585 5424 nidor
613 5368 835 5423 adusta!
868 5369 1058 5424 carnis
1092 5370 1529 5441 persentiretur,
1573 5370 1685 5425 Hoc
1716 5376 1823 5438 est,
1854 5371 2066 5445 inquit,

412 5455 683 5515 homines
711 5456 1033 5525 comedere,
1055 5458 1206 5530 quod
1253 5475 1355 5514 vos
1404 5458 1623 5527 facitis;
1658 5479 1792 5517 nam
1826 5479 1932 5517 nos
1964 5462 2064 5517 ho-
2166 5464 2356 5534 jorem
2380 5464 2624 5538 gloriam
2648 5484 2921 5539 quaerere,
2937 5471 3273 5542 petitetiam
3306 5474 3379 5531 ab
3412 5464 3778 5542 Hierosolymis

412 5546 602 5604 mines
634 5562 749 5603 non
781 5546 1166 5616 comedimus,
1196 5563 1385 5620 neque
1416 5548 1573 5605 aliud
1607 5551 1746 5621 quid
1781 5550 1916 5606 mali
1950 5550 2067 5625 agi-
2175 5558 2240 5608 ut
2268 5570 2468 5610 eorum
2500 5553 2768 5612 Hebrazas
2809 5558 3149 5632 scripturas,
3175 5562 3232 5617 in
3263 5562 3519 5620 Graecam
3553 5561 3777 5632 linguam

414 5653 568 5706 mus.
586 5637 982 5715 interrogatus
1002 5635 1157 5715 quod
1181 5652 1388 5693 nomen
1413 5636 1585 5695 habet
1605 5637 1757 5695 Deus
1774 5638 2069 5714 eleganter
2175 5642 2603 5719 interpretatus,
2622 5645 2924 5720 acciperet.
2939 5650 3010 5706 At
3032 5648 3367 5727 illi,quippe
3385 5651 3619 5726 subjecti
3639 5646 3777 5710 erant
