3980 6174
240 279 356 345 853

1062 234 1069 247 ’
1138 275 1539 341 msronm
1582 272 1859 340 sseae
1898 272 2273 338 EPITOME.
2307 310 2384 323 --
2415 276 2562 340 me.
2605 275 2743 342 vn.

3528 270 3647 339 854

132 479 136 491 ,
244 414 572 482 ordinatur;
605 411 759 487 quod
809 408 909 470 alii
939 411 1010 469 de
1046 428 1136 484 eo,
1166 409 1264 468 alii
1315 412 1388 468 de
1432 409 1738 484 Zephirino
1768 410 1887 484 epi-
1913 410 1969 478 Α
1998 412 2237 486 Egypto
2282 410 2500 468 dicitur
2540 417 2792 469 exortus.
2819 411 3043 469 Interea
3089 384 3198 469 sub
3229 409 3401 470 Decio
3450 427 3646 487 persen

243 521 414 579 scopo
465 503 686 560 factum
736 502 917 559 fuisse
956 502 1199 558 trodunt
1225 501 1438 574 (Euseb.
1472 500 1570 557 lib.
1600 518 1679 570 vr,
1700 517 1748 556 c.
1779 502 1883 570 2i;

241 595 461 668 Niceph.
495 593 593 649 lib.
624 610 680 659 v,
711 608 758 648 c.
788 592 881 659 26,
908 591 1043 647 Hist.
1075 590 1264 663 Eccl.).
1298 590 1404 646 Per
1452 590 1607 646 idem
1656 592 1889 661 tempus

240 683 544 742 Africanus
602 681 754 737 inter
809 679 1122 751 scriptores
1194 677 1618 735 ecclesiasticos
1676 675 1891 734 nobilis

238 772 505 830 habetur.
529 770 633 826 Hic
663 767 883 825 multos
912 766 1116 824 scribit
1143 766 1324 823 libros
1345 770 1402 823 et
1421 766 1717 838 epistolas,
1742 766 1893 821 inter

238 877 385 934 quos
415 858 655 916 Mattbei
686 862 744 914 et
787 858 955 913 Luca
1003 856 1063 912 in
1111 855 1482 929 generatione
1512 855 1725 912 Christi
1774 854 1890 911 evi-

236 948 582 1006 dentissime
611 946 869 1004 ostendit
898 944 1380 1013 consonantiam;
1433 949 1490 1001 et
1541 943 1886 1001 Cbronicam

234 1039 362 1113 ipse
388 1036 710 1110 componit.

912 1140 1095 1180 CAPUT
1132 1141 1207 1179 XI.

610 1215 915 1271 Gordianus
945 1215 1178 1286 imperat
1205 1229 1305 1269 sex
1332 1215 1517 1268 annis.

304 1307 565 1370 Interea.
623 1303 915 1361 Gordiano
974 1302 1324 1375 imperatore
1381 1302 1559 1357 ﬁnem
1618 1301 1887 1369 faciente,

182 1422 195 1429 -
232 1396 542 1469 Philippus
571 1411 705 1450 cum
736 1391 1005 1465 Philippo
1040 1390 1156 1447 ﬁlio
1186 1408 1293 1446 suo
1323 1390 1611 1459 succedit;
1644 1390 1740 1447 hic
1770 1390 1888 1463 pri-

231 1502 370 1541 mus
399 1482 668 1540 omnium
694 1481 1117 1554 imperatorum
1138 1479 1506 1536 Christianus
1538 1480 1647 1535 fuit
1666 1482 1887 1552 (Euseb.

228 1590 277 1629 e.
297 1575 390 1640 25,
411 1574 547 1645 ejus.
573 1572 716 1644 lib.).
731 1570 837 1627 Cui
858 1569 1074 1626 volenti
1096 1569 1376 1626 interesse
1395 1567 1609 1642 vigiliis
1629 1568 1887 1638 Pascbai,

226 1667 286 1719 et
316 1660 755 1718 communicare
795 1657 1109 1732 mysteriis,
1134 1658 1350 1713 restitit
1387 1657 1678 1713 Fabianus
1710 1657 1884 1730 Papa,

224 1768 339 1808 nec
368 1749 656 1825 permisit,
678 1750 861 1805 donec
880 1748 1252 1804 conﬁteretur
1281 1753 1514 1819 peccata
1539 1763 1665 1815 sua,
1691 1750 1748 1802 et
1769 1751 1885 1803 sta-
1916 1780 1964 1845 Β

222 1844 318 1899 ret
347 1839 500 1897 inter
528 1839 895 1913 pcenitentes.
928 1836 1030 1892 Hic
1061 1839 1193 1908 post
1233 1835 1471 1891 tertium
1516 1836 1607 1891 sui
1654 1835 1884 1909 imperii

221 1947 477 1998 annum,
500 1945 637 1985 cum
668 1927 1016 1983 millesimus
1046 1942 1080 1980 a
1103 1924 1435 1981 conditione
1466 1925 1662 1980 Romae
1692 1942 1886 1981 annus

220 2023 386 2077 esset
412 2018 695 2091 expletus,
729 2014 1059 2090 magniﬁcis
1096 2013 1255 2070 ludis
1294 2012 1550 2070 celebrat
1580 2014 1750 2070 Urbis
1780 2031 1882 2071 na-

219 2107 431 2164 talem.

894 2210 1079 2250 CAPUT
1109 2210 1212 2248 XII.
1410 2240 1413 2241 ,

581 2285 873 2357 Philippus
903 2290 1093 2355 regnat
1121 2282 1285 2337 annis
1313 2290 1532 2353 septem.

290 2375 491 2447 (Idem,
515 2374 789 2445 29.)Post
819 2373 976 2428 hunc
1025 2370 1234 2427 Decius
1282 2368 1561 2426 succedit.
1595 2370 1697 2426 Hic
1745 2386 1880 2425 cum

216 2465 565 2539 Philippum
612 2467 857 2536 patrem,
893 2465 952 2518 et
1007 2461 1195 2516 ﬁlium
1252 2459 1658 2529 interiecisset,
1702 2462 1759 2514 et
1806 2459 1878 2513 ob

212 2555 430 2614 odium
462 2571 665 2610 eorum
696 2551 944 2608 infestus
969 2549 1508 2615 essetChristianis,
1534 2548 1882 2620 persecutio-

213 2660 363 2702 nem
394 2646 587 2699 movet
630 2639 948 2697 Ecclesiis:
982 2639 1043 2694 in
1094 2655 1212 2709 qua
1270 2637 1562 2694 Fabianus
1618 2637 1678 2692 in
1738 2638 1881 2693 urbe

212 2734 414 2791 Roma
442 2731 720 2804 martyrio
750 2732 1087 2796 coronatur;
1112 2726 1373 2783 Cornelio
1394 2726 1878 2799 succedente,qui

104 2882 111 2887 ,
209 2827 270 2880 et
304 2823 438 2894 ipse
461 2818 767 2877 resolvitur
795 2816 1091 2890 martyrio.
1118 2817 1179 2872 In
1202 2814 1618 2887 Hierosolymis
1647 2831 1879 2888 quoque

208 2910 570 2976 Alexander,
599 2909 688 2963 vir
715 2905 1175 2973 eruditissimus,
1205 2905 1514 2977 cpiscopus
1545 2902 1878 2976 praeclarus,

208 3017 241 3056 e
272 3013 534 3058 numero
558 2997 982 3060 confessorum,
1006 2997 1139 3067 post
1168 2993 1435 3067 longaeva:
1456 2992 1586 3048 vita:
1606 3009 1881 3048 veneran-

209 3090 361 3145 dam
394 3085 846 3158 canitiem,post
902 3082 1121 3140 multos
1176 3082 1472 3138 cruciatus
1519 3086 1576 3137 et
1620 3081 1872 3147 vincula,

2000 502 2155 558 cutio
2186 500 2535 558 Christianis
2563 502 2724 559 illata
2751 502 3121 560 vehementer
3138 501 3373 579 exarsit,
3396 504 3453 559 et
3481 500 3650 559 innu-

2000 591 2309 648 merabiles
2347 590 2533 647 sancti
2583 591 2653 647 de
2703 596 2950 664 utroque
2999 608 3160 661 sexu,
3193 590 3447 648 maxime
3494 591 3650 664 apud

1999 680 2428 747 Alexandriam,
2471 696 2687 753 agones
2745 681 3064 750 desudant;
3126 681 3210 737 ita
3262 684 3329 737 ut
3387 681 3650 738 crederes

2000 770 2192 843 prima
2222 770 2693 844 persecutionum
2726 776 2991 843 tempora
3028 770 3312 839 renovari,
3336 771 3407 827 de
3437 770 3651 843 quibus

2000 858 2338 930 Dionysius,
2388 858 2816 915 Alexandrinus
2874 858 3213 932 episcopus,
3273 858 3335 914 in
3389 858 3652 933 epistolis

1998 949 2124 1004 suis
2168 949 2240 1005 ad
2286 948 2608 1005 Fabianum
2660 948 2999 1022 episcopum
3043 947 3405 1021 plenissime,
3439 948 3647 1016 refert;

2000 1038 2099 1110 qui
2131 1042 2187 1094 et
2214 1037 2339 1111 ipse
2371 1037 2682 1111 Dionysius
2713 1038 3087 1112 postmodum
3118 1036 3327 1109 capitis
3372 1036 3653 1110 plectitur

1998 1127 2307 1184 sententia.

2070 1216 2183 1273 Sed
2216 1217 2353 1290 quia
2384 1217 2445 1272 in
2477 1234 2614 1273 area
2642 1216 2872 1273 Domini
2904 1216 3078 1273 etiam
3113 1215 3288 1289 paleae
3319 1220 3485 1273 erant
3513 1233 3647 1272 cum

1998 1304 2210 1373 tritico,
2245 1304 2713 1379 aliquantitunc
2762 1308 2834 1363 ad
2884 1306 3135 1380 primam
3172 1304 3394 1377 judicis
3441 1305 3648 1363 faciem

1997 1393 2292 1450 Christum
2317 1400 2552 1469 negant,
2569 1397 2639 1451 ad
2663 1413 2795 1452 aras
2813 1396 3145 1469 prosiliunt,
3160 1395 3435 1452 timentes
3457 1394 3649 1469 magis

1996 1482 2283 1539 bonorum
2305 1484 2717 1557 temporalium
2736 1485 3327 1558 direptionem,quam
3345 1500 3648 1540 summum

1996 1572 2217 1627 bonum
2247 1578 2531 1630 amantes.
2556 1574 2635 1631 De
2676 1574 2893 1646 quibus
2941 1572 3282 1646 praedixerat
3322 1571 3645 1629 Dominus:

1997 1661 2277 1732 quoniam
2301 1661 2400 1734 qui
2432 1664 2740 1735 pecuniam
2764 1668 2983 1730 amant,
3000 1662 3156 1719 haud
3180 1660 3418 1717 difﬁcile
3438 1660 3647 1717 labun-
3686 1700 3707 1713 .

1996 1752 2249 1816 tur.Quo
2281 1754 2541 1823 tempore
2585 1752 2860 1822 Novatus,
2893 1750 3158 1824 Cypriani
3200 1750 3452 1823 episcopi
3484 1766 3647 1824 pres-

1995 1839 2180 1912 byter,
2204 1840 2483 1913 exsurgit.
2507 1839 2722 1903 (Cornel
2752 1843 2809 1896 in
2841 1842 2998 1913 epist.
3026 1840 3097 1896 ad
3125 1840 3423 1896 Fabianum
3455 1841 3646 1895 Antio-

1991 1929 2134 1986 chiae
2160 1928 2514 2001 episcopum.)
2537 1929 2661 1998 Hic,
2695 1947 2729 1985 a
2757 1930 3064 2000 juventute
3094 1927 3305 2001 spiritu
3337 1928 3644 1985 immundo

1991 2021 2251 2084 vexatus,
2284 2034 2419 2074 cum
2465 2023 2698 2091 tempus
2749 2035 2783 2074 a
2827 2018 3075 2074 Domino
3125 2018 3280 2090 apud
3331 2016 3647 2073 exorcistas

1993 2107 2480 2179 consumpsisset,
2530 2107 2937 2179 mgritudinem
2984 2107 3229 2164 incurrit
3276 2123 3533 2181 gravem,
3564 2105 3646 2161 ita

1992 2200 2059 2251 ut
2089 2196 2424 2267 desperaret
2456 2213 2469 2251 :
2507 2196 2661 2251 unde
2687 2200 2744 2251 et
2772 2196 2979 2268 jacens
3022 2197 3082 2251 in
3131 2195 3278 2252 lecto
3309 2212 3413 2268 pro
3445 2212 3645 2252 neces-

1992 2286 2162 2341 sitate
2187 2302 2338 2357 aqua
2359 2286 2634 2357 perfusus
2654 2290 2760 2354 est,
2783 2303 2887 2341 nec
2908 2285 3134 2358 reliqua
3156 2286 3212 2341 in
3241 2302 3327 2352 eo,
3352 2302 3479 2357 qua:
3501 2285 3642 2359 bap~

1990 2374 2147 2430 tizati
2183 2374 2458 2446 consequi
2496 2374 2706 2441 solent,
2731 2375 3071 2431 solemniter
3115 2373 3432 2447 adimpleta
3480 2376 3641 2439 sunt;

1991 2463 2146 2518 unde
2176 2467 2233 2518 et
2271 2462 2553 2534 Spiritum
2601 2469 2869 2519 sanctum
2922 2480 3223 2535 nunquam
3274 2462 3463 2534 potuit
3511 2478 3642 2535 pro-

1991 2551 2221 2606 mereri.
2277 2551 2380 2605 Hic
2440 2551 2685 2606 Romam
2746 2552 2985 2607 veniens
3053 2550 3301 2606 elatione
3358 2549 3642 2622 tumidus,

1991 2655 2155 2711 spem
2188 2636 2396 2711 salutis
2427 2638 2684 2710 penitus,
2715 2638 2891 2693 etiam
2922 2637 2971 2693 si
3002 2638 3177 2711 digne
3207 2637 3644 2709 pmnituissent.

1990 2744 2134 2783 novo
2183 2727 2454 2799 dogmate
2504 2730 2749 2781 conatur
2797 2724 2979 2798 lapsis
3026 2725 3386 2792 adimere,ex
3432 2742 3548 2797 quo
3587 2729 3645 2781 et

1988 2816 2258 2889 princeps
2285 2815 2536 2872 efﬁcitur
2565 2813 2970 2871 haereticorum
3005 2812 3488 2881 Novatianorum;
3514 2811 3639 2886 qui,

1988 2905 2060 2962 ab
2088 2904 2343 2961 Ecclesia
2387 2904 2657 2977 separati,
2692 2920 2837 2960 novo
2883 2904 3121 2959 nomine
3150 2902 3442 2969 catharos,
3464 2902 3523 2957 id
3553 2904 3643 2957 est

1988 2995 2261 3064 mundos,
2292 3010 2353 3049 se
2374 2992 2839 3066 appellaverunt;
2864 2994 2935 3048 ob
2964 3009 3141 3065 quam
3171 3008 3295 3048 rem
3325 2989 3639 3047 concilium

1988 3081 2347 3139 sacerdotale
2395 3082 2841 3138 celeberrimum
2883 3080 2941 3136 in
2977 3081 3119 3137 urbe
3168 3081 3353 3137 Roma
3398 3096 3637 3153 congre-

205 3177 378 3234 inter
409 3177 537 3248 ipsa
563 3148 829 3240 vicissim
874 3172 987 3229 sibi
1032 3171 1406 3228 succcdentia
1455 3174 1745 3227 tormenta
1775 3172 1871 3227 de-
1906 3148 1949 3216 (ἶ
1986 3177 2180 3245 gatur,
2211 3173 2382 3243 cujus
2420 3177 2549 3227 acta
2595 3170 2823 3227 concilii
2873 3187 3126 3242 sequens
3175 3168 3409 3225 libellus
3456 3148 3636 3240 expli-

208 3267 368 3324 ﬁcit.
404 3264 655 3337 (Beda.):
694 3264 859 3320 Tunc
915 3264 1155 3318 sanctus
1211 3259 1502 3316 Antonius
1552 3259 1878 3317 monachus
1986 3258 2163 3316 cabit.

1448 3612 1781 3699 LIBER
1839 3610 2424 3701 SEPTIMUS.

1992 3970 2149 4020 nem,
2174 3969 2308 4009 cum
2340 3953 2550 4024 plenus
2571 3958 2729 4010 esset
2750 3954 2999 4021 dierum,
3015 3959 3071 4010 et
3091 3970 3238 4027 pene
3262 3959 3648 4028 septuagena-

1994 4042 2136 4097 rius.
2158 4042 2323 4096 Tunc
2353 4040 2553 4097 Callus
2604 4059 2737 4097 cum
2768 4042 3089 4097 Volusiano
3123 4042 3241 4097 ﬁlio
3283 4060 3389 4098 suo
3423 4043 3649 4099 obtinet

1993 4129 2337 4202 imperium;
2367 4130 2538 4201 cujus
2572 4147 2703 4186 cum
2736 4147 2983 4202 regnum
3024 4130 3253 4186 ﬂoreret
3283 4130 3341 4184 in
3372 4130 3558 4198 initio,
3590 4134 3649 4186 et

1993 4224 2202 4276 cuncta
2221 4218 2272 4274 ei
2295 4236 2363 4273 ex
2385 4218 2678 4274 sententia
2700 4219 2988 4284 cederent,
3023 4218 3093 4273 ad
3126 4217 3457 4291 exemplum
3490 4216 3646 4274 Decii

1994 4312 2228 4365 sanctos
2256 4308 2431 4375 viros,
2456 4307 2558 4380 qui
2588 4324 2692 4379 pro
2726 4316 2887 4379 parte
2927 4307 3087 4379 regni
3119 4308 3247 4379 ejus
3279 4311 3391 4363 Deo
3422 4305 3647 4379 suppli-

810 3970 994 4010 CAPUT
1032 3970 1287 4010 PRIMUM.

284 4045 511 4117 (Euseb.
564 4043 661 4099 lib.
693 4060 772 4112 v1,
805 4060 853 4098 c.
886 4044 975 4110 33,
1010 4045 1146 4099 Hist.
1188 4043 1356 4111 Eccl.)
1389 4042 1635 4098 Sedentc
1686 4042 1885 4114 itaque

201 4133 491 4192 Cornelio
522 4132 801 4189 Pontiﬁce
845 4148 979 4187 cum
1024 4130 1313 4205 episcopis
1346 4129 1647 4203 sexaginta
1680 4147 1882 4186 nume-

202 4241 302 4294 ro,
342 4222 709 4295 totidemque
740 4220 1094 4294 presbyteris
1124 4224 1182 4276 et
1213 4219 1485 4292 plurimis
1516 4218 1882 4287 diaconibus,

201 4315 428 4369 contra
457 4310 914 4366 Novatianorum
965 4308 1233 4365 haeresim
1279 4307 1590 4363 disseritur
1640 4307 1885 4380 vigilan-

198 4404 327 4469 ter,
363 4398 782 4470 statuiturque,
816 4397 1280 4471 suffragantibus
1314 4396 1621 4469 utriusque
1662 4397 1886 4470 paginae
1996 4398 2228 4465 cabant,
2255 4400 2593 4469 persecutus
2622 4400 2729 4460 est,
2755 4412 2890 4450 cum
2937 4394 3153 4466 quibus
3199 4399 3256 4451 et
3297 4394 3650 4468 prosperita-

196 4485 603 4552 testimoniis,
627 4503 725 4542 eos
768 4486 869 4560 qui
907 4485 1056 4558 lapsi
1091 4486 1320 4541 fuerant
1349 4486 1643 4542 curandos
1672 4502 1800 4542 esse
1832 4489 1889 4541 ct
1916 4488 1966 4554 Ι)
1998 4490 2111 4541 tem
2170 4503 2359 4545 suam.
2394 4490 2448 4540 et
2509 4502 2708 4557 pacem
2767 4484 3010 4557 fugavit.
3044 4484 3152 4540 Per
3202 4482 3359 4540 idem
3416 4488 3653 4556 tempus

203 4576 507 4634 fomentis
565 4574 919 4648 paenitentia:
987 4574 1397 4641 medicandos,
1455 4578 1512 4629 et
1578 4574 1886 4641 Novatum,
1997 4575 2240 4647 qumstio
2272 4576 2463 4629 oritur
2494 4574 2551 4629 in
2584 4573 2782 4629 Africae
2824 4573 3111 4644 partibus,
3145 4573 3216 4628 de
3246 4572 3532 4629 haereticis
3565 4589 3651 4627 re-

199 4664 370 4722 nihil
402 4664 719 4720 habentem
769 4662 1087 4719 Charitatis
1141 4664 1427 4730 fraternas,
1458 4679 1593 4718 cum
1651 4663 1890 4735 reliquis
1997 4664 2366 4737 baptizandis
2394 4662 2481 4719 vel
2515 4680 2661 4730 non;
2706 4663 2806 4718 sed
2839 4661 3104 4718 Cornelio
3135 4661 3472 4734 ceterisque
3502 4659 3652 4717 occi-

203 4752 583 4827 sequacibus
612 4753 740 4823 ejus
788 4752 860 4808 ab
910 4751 1154 4808 ecclesia
1185 4750 1561 4823 sequestrari.
1596 4753 1790 4807 Exstat
1821 4753 1892 4807 de
1999 4752 2333 4809 dentalibus
2362 4751 2652 4825 episcopis
2696 4755 2893 4807 manet
2937 4751 3133 4823 potius
3167 4751 3288 4805 haec
3317 4747 3604 4806 sententia
3636 4762 3652 4803 :

201 4844 318 4901 his
367 4841 621 4915 epistola
648 4840 897 4897 Cornelii
948 4842 1020 4898 ad
1082 4840 1406 4897 Fabianum
1462 4841 1892 4897 Antiochenum
2001 4847 2133 4915 post
2162 4842 2545 4913 abjectionem
2578 4840 2892 4915 dogmatis,
2924 4838 3049 4895 sola
3086 4857 3185 4896 eos
3225 4856 3436 4899 manus
3467 4838 3656 4911 impos

205 4932 598 5007 episcopum,
630 4935 688 4986 et
728 4929 964 4987 libellus
993 4930 1265 5004 Cypriani
1313 4928 1893 5003 magniﬁcentissime
2004 4931 2212 4988 sitione
2241 4930 2601 5003 purgandos.

205 5020 452 5088 editus,
475 5035 592 5092 quo
641 5022 699 5075 et
751 5017 950 5093 lapsos
1010 5019 1302 5086 conﬁrtat,
1332 5021 1390 5075 et
1431 5018 1897 5077 contradicentes
2677 5034 2862 5073 caru'r
2898 5035 2984 5073 III.

209 5108 718 5167 anathematizat.
2273 5108 2554 5164 Cornelius
2582 5107 2722 5163 sedit
2752 5107 2915 5162 annis
2944 5106 3166 5162 circiter
3195 5106 3389 5162 tribus.

2082 5212 2552 5288 Igitur,Cornelio
2583 5229 2685 5286 per
2710 5212 3053 5287 martyrium
3086 5215 3515 5280 consummato,
3549 5213 3663 5268 Lu-

346 5286 540 5343 Decius
569 5294 763 5358 regnat
788 5288 953 5343 annis
977 5287 1185 5343 duobus
1209 5293 1260 5343 et
1290 5287 1468 5341 tribus
1496 5288 1794 5344 mensibus.

2011 5286 2140 5360 cius
2173 5302 2459 5369 succedit;
2493 5319 2608 5373 quo
2636 5301 2776 5357 solis
2809 5286 3115 5359 mensibus
3146 5306 3275 5359 octo
3306 5302 3503 5358 functo
3525 5318 3664 5373 apo-

301 5393 501 5466 (Idem,
531 5393 629 5449 lib.
664 5411 764 5461 vn,
795 5411 842 5449 ο.
877 5395 930 5461 1,
964 5396 1018 5460 2,
1051 5394 1129 5462 3.)
1156 5394 1381 5448 Interea
1408 5392 1638 5460 Decius,
1672 5394 1904 5450 duobus
2015 5392 2251 5457 slolatu,
2277 5390 2609 5463 Stephanus
2642 5390 2867 5447 levatur
2896 5392 2953 5446 in
2977 5391 3434 5465 antistitem,qui
3458 5391 3527 5446 de
3548 5405 3665 5444 non

206 5498 352 5543 nec
372 5482 616 5555 integris
636 5483 811 5540 annis
835 5483 1071 5539 functus
1094 5480 1356 5555 imperio,
1380 5498 1513 5536 cum
1538 5480 1671 5537 ﬁliis
1695 5482 1909 5553 pariter
2016 5479 2443 5552 rebaptizandis
2474 5479 2762 5537 hareticis
2805 5478 3059 5538 similem
3090 5480 3352 5539 Cornelio
3395 5481 3505 5536 fert
3534 5493 3664 5533 sen-

212 5570 564 5641 occiditur;
599 5588 715 5645 quo
747 5575 1008 5645 tempore
1044 5572 1228 5628 fertur
1263 5571 1439 5627 etiam
1474 5570 1688 5626 obiissc
1719 5571 1906 5644 Origi-
2018 5569 2284 5626 tentiam.

928 5214 1114 5254 CAPUT
1150 5213 1237 5271 ιι..
