4060 6178
1004 426 1007 430 ’
1088 440 1272 482 ωυτ
1310 442 1386 481 1v.

708 517 785 573 De
812 515 1094 586 Dionysio,
1127 514 1483 572 Alexaner
1504 516 1769 585 episcopo.

486 606 566 665 Eo
606 608 869 677 tempore
914 603 1247 676 Dionysius,
1278 601 1640 658 Alexandria:
1683 599 1947 667 antistes,
1983 598 2065 655 fa-

416 710 621 753 mosus
648 692 927 761 habetur;
961 692 1062 764 qui
1108 692 1293 748 multa
1338 694 1395 746 et
1438 690 1601 746 varia
1647 688 1931 755 scribens,
1977 688 2064 743 in-

416 780 811 843 structionum
842 781 1010 838 nobis
1040 784 1097 836 et
1125 779 1401 836 doctrina":
1430 778 1728 851 copiosam
1759 778 2065 834 materiam

418 870 673 944 reiiquit.
708 870 907 927 Exstat
951 870 1128 941 hujus
1158 869 1229 925 ad
1269 869 1634 941 Stephanum
1680 869 1897 940 Papam
1944 867 2065 940 epi-

417 959 588 1027 stola,
644 960 717 1016 de
772 958 974 1016 multis
1030 957 1441 1015 ecclesiasticis
1498 957 1789 1014 disserens
1850 955 2065 1013 causis.

417 1050 661 1108 Exstant
690 1052 747 1103 et
776 1049 910 1119 ejus
954 1046 1158 1104 litterae
1214 1064 1362 1119 quas
1419 1052 1623 1103 contra
1678 1045 2068 1103 Sabellianam

418 1136 686 1193 haeresim
718 1140 1063 1208 prosecutus
1111 1140 1218 1203 est,
1253 1153 1379 1209 quae
1430 1153 1536 1191 suo
1583 1139 1844 1207 tempore
1873 1139 2071 1190 exorta

416 1228 527 1293 est,
557 1223 730 1298 plena
759 1225 1143 1299 blasphemiis
1186 1226 1243 1282 in
1286 1226 1470 1282 Deum
1502 1226 1754 1291 Patrem,
1785 1228 1843 1280 et
1873 1224 2067 1281 Domi-

419 1331 563 1372 num
612 1318 880 1373 nostrum
927 1315 1130 1372 Jesum
1183 1314 1481 1371 Christum
1531 1330 1751 1386 negans
1799 1328 1928 1369 esse
1974 1329 2068 1369 ve-

417 1420 549 1461 rum
584 1402 822 1475 Filium,
872 1420 978 1460 nec
1025 1403 1486 1478 primogenitum
1534 1402 1727 1460 omnis
1771 1405 2067 1469 creatura,

418 1492 597 1553 simul
626 1497 683 1550 et
713 1492 971 1566 Spiritus
999 1493 1191 1552 sancti
1221 1494 1490 1550 auferens
1521 1492 1904 1549 intellectum.

1108 1600 1294 1641 CAPUT
1328 1600 1385 1639 V.

565 1673 751 1730 Gallus
793 1675 1092 1746 Imperator
1134 1679 1328 1758 regnat
1364 1673 1573 1730 duobus
1609 1673 1794 1740 annis,
1832 1688 1933 1728 nec

439 1799 467 1809 -
1125 1754 1371 1817 integris.

496 1834 685 1907 (Idem,
717 1850 767 1889 ε.
797 1834 852 1902 9,
888 1835 1062 1907 ejusd.
1095 1834 1220 1906 lib.)
1252 1836 1480 1890 Interea
1515 1831 1720 1889 Gallus
1764 1832 2079 1904 imperator

424 1922 693 1989 moritur,
723 1920 1031 1978 Valeriano
1079 1921 1424 1978 succedente
1463 1935 1595 1976 cum
1646 1920 1764 1977 ﬁlio
1815 1918 2074 1977 Galieno.

424 2008 759 2083 Stephanus
789 2008 943 2066 diem
975 2010 1139 2066 obiit.

1104 2115 1287 2157 CAPUT
1321 2117 1395 2157 VL

860 2192 1052 2263 Xystus
1082 2191 1361 2263 episcopus
1389 2190 1638 2259 eligitur.

458 2268 461 2273 ’
496 2277 841 2336 Valerianus
873 2277 1124 2337 maxime
1153 2277 1526 2351 persequitur
1546 2277 2077 2345 Christianos,cum

428 2370 623 2424 tamen
648 2364 913 2441 primum
951 2366 1243 2439 benignus
1276 2365 1448 2422 fuerit
1476 2368 1533 2423 et
1576 2366 1893 2433 humanus,
1919 2370 2075 2439 post-

429 2455 673 2517 modum
701 2471 833 2511 vero
864 2455 1144 2513 seductus
1175 2473 1279 2528 per
1308 2456 1623 2529 quemdam
1656 2454 1893 2529 magicae
1933 2454 2077 2512 artis

430 2543 873 2618 magistrum,et
895 2543 1219 2618 principem
1241 2561 1544 2617 magorum
1564 2543 1982 2617 Egyptiorum.
1998 2544 2078 2602 De

430 2632 608 2705 huius
646 2631 1051 2705 persecutione
1097 2633 1412 2706 Dionysius
1467 2633 1670 2690 scribit
1718 2633 1779 2688 in
1832 2633 2078 2691 diversis

429 2721 702 2794 operibus
760 2720 885 2779 suis
944 2722 1027 2795 (in
1080 2723 1292 2795 epistol.
1347 2722 1417 2778 ad
1473 2722 1984 2794 Hermammonem),
2016 2722 2076 2779 in

429 2810 646 2885 quibus
675 2814 874 2869 narrat
903 2810 1182 2883 praeclara
1227 2815 1393 2884 gesta
1442 2815 1787 2885 martyrum,
1822 2815 1879 2868 et
1908 2828 2077 2869 suam

428 2898 615 2974 ipsius
645 2898 1110 2973 persecutionem
1137 2900 1424 2969 meminit,
1449 2906 1507 2958 et
1528 2901 1836 2974 cujusdam
1862 2900 2076 2958 'Asterii

427 2988 581 3047 inter
636 2993 872 3046 sanctos
929 2992 1214 3062 martyres
1271 2989 1586 3047 clarissimi
1631 2990 1762 3057 viri,
1801 2994 1858 3046 et
1912 2991 2078 3056 urbis

427 3078 623 3137 Romae
655 3077 960 3145 senatoris.
992 3078 1217 3134 Accidit
1247 3079 1403 3135 hunc
1433 3078 1748 3153 aliquando
1781 3080 1935 3153 apud
1960 3079 2076 3136 Cae-

796 289 1217 355 ﬂAYMONlS
1261 288 1799 354 HAL'BEBSTAT.
1846 267 2095 351 EPISG.
2138 282 2313 350 OPP.
2350 286 2559 351 PARS
2600 288 2712 352 ΠΙ.
2740 321 2820 337 —-
2847 285 3409 361 MISCELLANEAJ

2088 421 2143 487 Α
2172 424 2390 489 nostra,
2406 438 2584 494 quam
2601 422 2788 480 oculis
2808 423 3025 480 nostris
3053 422 3605 501 impeximus.(Beda.)
3618 430 3753 489 Hune

2106 1794 2152 1861 B

3649 295 3769 359 sur

2175 526 2312 586 ergo
2346 512 2724 571 Valerianum
2757 515 2856 573 Dei
2895 515 3154 572 vindicta
3173 516 3362 573 statim
3384 520 3751 593 consequitur;

2174 617 2313 661 nam
2344 619 2379 657 a
2407 603 2645 676 Sapore,
2680 620 2813 677 rege
2845 603 3172 674 Persarum,
3207 606 3445 678 capitur,
3473 605 3662 679 ibique,
3687 608 3757 665 tur

2176 689 2438 746 minibus
2467 693 2729 759 orbatus,
2764 697 3063 750 senectute
3090 693 3401 751 miserabili
3430 698 3758 753 consenescit.

2174 777 2475 848 Galienus,
2501 782 2630 852 ejus
2655 781 2832 849 illius,
2860 786 3170 855 postquam
3200 799 3480 839 summam
3509 800 3677 840 rerum
3695 803 3765 842 so-

2175 866 2271 924 lus
2302 868 2576 937 obtinuit,
2600 875 2723 927 tam
2756 871 2912 927 claro
2943 871 3044 928 Dei
3075 870 3297 944 judicio
3336 872 3575 941 territus,
3603 875 3762 935 mode-

2179 957 2367 1013 ratius
2423 975 2605 1032 agens
2674 961 3141 1034 persecutionem
3203 961 3263 1017 in
3311 965 3529 1018 nostros
3579 979 3767 1021 cessare

2179 1046 2335 1102 facit.
2360 1047 2443 1102 Ob
2476 1049 2753 1105 meritum
2786 1054 2984 1106 tamen
3014 1050 3104 1107 vel
3148 1053 3399 1123 paternas
3421 1051 3763 1117 theomachia,

2179 1134 2490 1191 innumera
2513 1137 2785 1195 Barbaris
2816 1139 3262 1211 assurgentibus
3292 1139 3447 1213 regni
3474 1139 3768 1196 detrimenta

2179 1224 2481 1280 sustinuit.
2505 1227 2670 1282 Tunc
2690 1228 2973 1300 temporis
3003 1228 3343 1303 Cyprianus,
3355 1226 3767 1302 Carthaginensis

2180 1312 2512 1386 episcopus,
2535 1316 2706 1387 cujus
2733 1316 3077 1373 doctissima
3096 1321 3326 1374 exstant
3349 1315 3625 1389 opuscula,
3654 1332 3771 1372 mar-

2178 1401 2327 1473 tyrio
2348 1407 2691 1472 coronatur;
2712 1405 3045 1477 Stephanus
3061 1422 3295 1479 quoque
3313 1409 3370 1462 et
3384 1406 3769 1479 Xystus,Rome

2181 1489 2461 1564 episcOpi,
2486 1492 2780 1549 decedunt
2810 1495 3110 1569 martyrio.

2852 1599 3037 1640 CAPUT
3073 1602 3174 1641 VH.

2517 1673 2590 1727 De
2618 1673 2794 1729 Paulo
2823 1673 3195 1741 Samosatam,
3232 1675 3497 1732 haeretica.

2254 1758 2445 1830 (Idem,
2475 1778 2522 1815 ο.
2555 1763 2645 1830 24,
2677 1763 2768 1828 25,
2811 1763 2986 1834 eiusd.
3016 1764 3141 1833 lib.)
3166 1764 3369 1836 Itaque
3404 1766 3530 1836 post
3557 1762 3776 1837 Xystam,

2186 1847 2516 1904 Romanum
2530 1850 3216 1926 Pontiﬁcem,Dionysius
3230 1852 3591 1924 subrogatur;
3605 1850 3779 1908 Paulus

2184 1936 2257 1994 de
2289 1938 2598 1995 Samosata
2629 1941 2888 2013 suscepit
2917 1940 3335 2011 sacerdotium,
3357 1941 3451 1997 hic
3477 1941 3533 1997 in
3560 1940 3777 1996 haeresim

2184 2025 2747 2095 devolvitur,diccns
2765 2029 3066 2086 Christum
3092 2029 3423 2086 communis
3452 2033 3650 2088 natura
3674 2033 3780 2084 tan-

2186 2116 2492 2172 tummodo
2524 2116 2824 2174 hominem
2855 2119 3057 2175 fuisse.
3077 2120 3245 2176 Tunc
3282 2118 3592 2176 celebratur
3621 2116 3780 2173 conci-

2186 2201 2354 2269 lium,
2385 2210 2734 2279 rogaturque
2764 2207 3077 2281 Dionysius
3115 2209 3353 2276 adesse;
3380 2206 3483 2280 qui
3518 2205 3779 2264 senectutis

2186 2309 2365 2350 causa
2383 2285 2744 2367 prohibetur,
2759 2297 2861 2353 sed
2883 2298 3050 2354 adest
3076 2314 3178 2371 per
3196 2297 3519 2371 epistolam.
3541 2296 3780 2354 Statuitur

2186 2382 2404 2439 Paulus
2423 2382 2480 2438 in
2505 2385 2792 2452 medio,et
2812 2387 3100 2458 frequenti
3127 2390 3384 2443 tractatu
3408 2391 3464 2443 et
3485 2383 3776 2458 disputatio.

2188 2471 2364 2527 nibus
2385 2472 2670 2545 arguitur,
2695 2474 3137 2532 considentibus
3152 2475 3576 2533 venerabilihus
3602 2473 3780 2547 episco-

2188 2560 2304 2634 pis,
2326 2564 2383 2616 et
2411 2560 2837 2635 blasphemiam
2861 2566 2990 2637 ejus
3020 2564 3476 2637 publicantibus,
3499 2562 3780 2621 Firmiliano

2187 2648 2409 2705 scilicet
2430 2668 2464 2706 a
2485 2652 2745 2709 Caesarea
2765 2654 3161 2726 Cappadocia,
3176 2654 3414 2723 Heleno,
3427 2650 3693 2717 Sat-densi,
3711 2648 3784 2705 Ni-

2187 2755 2358 2795 coma
2380 2738 2443 2811 [/2
2465 2740 2881 2814 Nichomacho]
2902 2742 2974 2798 ab
3006 2742 3257 2812 Iconieo,
3289 2747 3347 2800 et
3372 2744 3655 2816 Hymenaeo
3680 2737 3782 2795 Hie-

2186 2827 2612 2902 rosolymorum
2637 2831 2927 2903 praecipuo
2945 2832 3331 2898 sacerdote,et
3345 2832 3536 2888 vicinas
3549 2830 3670 2886 huic
3683 2826 3783 2884 urbi

2186 2917 2456 2975 Cresareae
2496 2918 2844 2988 Theotecno,
2868 2920 3244 2978 Athenodoro
3273 2925 3332 2978 et
3359 2919 3616 2993 Gregorio
3650 2918 3782 2973 Ponti

2186 3006 2492 3080 provinciae
2510 3009 2930 3066 sacerdotibus.
2945 3010 3051 3066 Hic
3067 3014 3267 3066 autem
3285 3009 3586 3084 Gregorius
3599 3008 3787 3064 cuncto»

2188 3111 2319 3151 rum
2342 3112 2614 3153 sermone
2630 3096 3047 3154 celeberrimus
3063 3099 3402 3168 habetur,et
3415 3095 3669 3172 potensin
3686 3110 3787 3166 ope-

424 3183 653 3238 saream
684 3166 936 3259 Philippi
967 3167 1364 3259 famosissimo
1394 3167 1533 3225 huic
1558 3169 1887 3241 spectaculo
1907 3169 2073 3225 ades-

2189 3185 2412 3241 ratione
2433 3185 2759 3259 signorum.
2783 3185 2885 3242 Hic
2902 3188 3049 3244 forte
3067 3187 3303 3244 duobus
3325 3166 3591 3244 fratribus
3608 3184 3785 3240 haben-

422 3274 507 3326 se,
540 3273 655 3330 quo
683 3255 765 3312 ibi
796 3260 953 3313 certa
981 3260 1038 3313 et
1075 3255 1323 3313 solemni
1367 3258 1461 3313 die
1511 3257 1929 3314 immolabatur
1957 3257 2083 3314 vic-.

422 3346 567 3405 tima
594 3347 667 3404 ad
697 3345 952 3403 radicem
982 3345 1221 3415 montis,
1250 3350 1324 3415 et,
1356 3349 1479 3403 arte
1507 3348 1762 3419 quadam
1794 3348 2074 3404 dmmonis

423 3453 718 3509 nusquam
756 3450 1124 3507 comparens,
1153 3434 1278 3492 tolli
1334 3434 1395 3490 in
1455 3436 1663 3492 caelum
1711 3454 1746 3492 a
1801 3436 2075 3510 gentibus

423 3525 786 3582 credebatur.
819 3524 983 3579 Tunc
1012 3523 1237 3579 Asterie
1284 3522 1576 3580 humanos
1626 3525 1944 3582 miserante
1985 3543 2074 3582 er-

426 3629 606 3682 rores,
638 3616 695 3670 et
724 3630 827 3686 pro
856 3611 950 3668 his
981 3611 1054 3667 ad
1103 3613 1287 3669 Deum
1340 3611 1506 3669 valde
1554 3613 1943 3687 supplicante,
1976 3632 2073 3671 su-

426 3701 551 3758 bito
587 3701 824 3758 victima
869 3701 1280 3774 conspectibus
1326 3700 1593 3758 omnium
1641 3703 1923 3774 redditur,
1970 3721 2075 3760 nec

416 3790 576 3848 ultra
604 3790 663 3846 in
693 3790 841 3847 locis
869 3789 987 3846 illis
1016 3788 1112 3845 hic
1142 3789 1365 3847 exstitit
1393 3807 1572 3847 error.
1607 3792 1824 3864 (Euseb.
1851 3793 1949 3848 lib.
1971 3810 2071 3862 vn,

423 3896 472 3937 ε.
508 3881 594 3948 13,
630 3881 716 3947 14,
746 3879 879 3935 Hist.
910 3878 1076 3950 Eccl.)
1096 3879 1286 3952 Hujus
1314 3880 1476 3937 urbis
1498 3880 1679 3937 civem
1707 3881 1886 3939 fuisse
1911 3881 2077 3938 aiunt

426 3966 735 4026 mulierem
763 3966 925 4024 illam
959 3984 1087 4040 quae
1113 3984 1151 4024 a
1177 3967 1472 4026 Salvatore
1500 3974 1700 4026 nostro
1729 3988 1764 4025 a
1793 3972 2076 4042 profluvio

424 4056 735 4131 sanguinis
764 4061 972 4114 sanata
1017 4060 1131 4126 est,
1160 4058 1490 4131 domusque
1518 4060 1647 4131 ejus
1694 4077 1853 4116 nunc
1899 4060 1959 4116 in
2008 4077 2077 4117 ea

422 4145 768 4205 ostenditur.
784 4146 893 4203 Pro
916 4146 1139 4204 foribus
1160 4148 1290 4219 ejus
1311 4148 1523 4204 domus
1545 4147 1703 4204 basis
1726 4148 2073 4221 quaedamin

417 4233 546 4292 loco
563 4234 809 4293 editiore
831 4236 1287 4303 monstratur,in
1314 4253 1431 4309 qua
1454 4235 1717 4293 mulieris
1737 4236 1899 4294 illius
1917 4238 2077 4294 velut

416 4322 666 4396 genibus
685 4322 999 4381 Salvatoris
1017 4323 1351 4395 provolutm,
1366 4324 1710 4397 palmasque
1731 4326 2077 4400 suppliciter

415 4412 730 4479 tendentis,
765 4411 958 4484 imago
989 4429 1099 4468 rere
1141 4412 1377 4468 videtur
1417 4430 1709 4486 expressa.
1745 4418 1912 4472 Astat
1939 4433 2079 4473 vero

2185 3272 2344 3329 tibus
2366 3274 2797 3345 possessionem
2816 3276 3097 3348 stagni,et
3114 3276 3185 3332 de
3207 3281 3451 3350 captura
3469 3273 3689 3348 piscium
3708 3287 3787 3326 ste-

2184 3379 2255 3435 pe
2278 3361 2648 3436 litigantibus
2677 3381 2863 3437 usque
2894 3366 2965 3420 ad
3000 3365 3249 3422 humani
3280 3363 3572 3439 sanguinis
3592 3358 3784 3418 eﬂusio-

2184 3467 2339 3520 nem,
2365 3451 2592 3507 medius
2616 3452 2951 3523 intervenit;
2977 3458 3055 3522 et,
3079 3454 3231 3510 facta
3263 3455 3517 3511 oratione
3536 3455 3785 3508 cruentam

2183 3539 2457 3612 deinceps
2513 3540 2788 3597 inhibens
2839 3544 3086 3598 fratrum
3152 3544 3598 3609 contentionem,
3640 3552 3787 3612 aquas

2183 3628 2344 3684 abire
2366 3629 2557 3700 jubet,
2582 3634 2639 3685 et
2668 3631 2964 3700 recedunt,
2987 3630 3170 3704 ﬁtque
3191 3631 3389 3688 solum
3417 3624 3787 3705 frugum,un

2186 3721 2359 3773 antea
2388 3719 2579 3774 fuerat
2624 3719 2881 3789 navium,
2906 3720 3083 3776 ferax.
3106 3720 3216 3776 Sed
3255 3727 3316 3777 et
3344 3720 3404 3776 in
3434 3720 3665 3794 quodam
3692 3717 3788 3771 loco

2185 3823 2318 3862 cum
2366 3807 2438 3862 ad
2490 3809 2947 3864 construendam
2995 3809 3306 3867 ecclesiam
3359 3827 3529 3884 rupes
3584 3806 3787 3867 obesset.

2187 3899 2541 3968 pernoctans
2566 3896 2627 3951 in
2657 3897 2918 3953 oratione
2946 3898 3255 3955 transtulit
3284 3917 3508 3973 rupem.
3533 3898 3661 3954 Item
3685 3907 3787 3949 cum

2185 4000 2289 4056 per
2315 3983 2489 4055 Alpes
2532 3984 2811 4041 transiret
2856 3984 3195 4061 aliquando,
3217 3987 3565 4045 necessitate
3608 3984 3787 4051 nivium

2184 4073 2531 4141 coactus,ad
2562 4073 2764 4129 fanum
2799 4075 3032 4131 divertit
3058 4076 3371 4149 Apollinis,
3400 4078 3586 4149 ibique
3622 4086 3787 4148 pereo:

2184 4164 2320 4217 etat.
2344 4163 2467 4227 Quo
2499 4179 2669 4218 mane
2702 4163 3024 4231 recedente,
3051 4160 3273 4221 rec’edit
3304 4166 3555 4233 daemon;
3578 4159 3789 4238 poscitur

2183 4250 2321 4306 dare
2352 4267 2634 4324 responsa
2655 4256 2719 4307 ut
2739 4251 2924 4325 prius,
2949 4253 3326 4324 obmutescit,
3352 4248 3658 4312 consulitur
3673 4268 3701 4305 a
3721 4264 3789 4305 sa-

2183 4340 2430 4407 cerdote,
2465 4340 2708 4412 opponit
2748 4340 2989 4398 titulum
3035 4343 3355 4400 adventum
3400 4341 3659 4417 Gregorii.
3687 4338 3791 4399 Mox

2183 4428 2454 4485 sacerdos
2476 4433 2723 4502 occupat
2735 4431 2889 4486 viam
2916 4433 3381 4506 perveniensque
3397 4434 3468 4491 ad
3480 4429 3793 4503 Gregorium

418 4498 1068 4601 aliaeue-nihilominus
1091 4502 1222 4556 fusa
1247 4504 1460 4569 statua,
1485 4502 1544 4557 in
1569 4503 1777 4560 habitu
1795 4505 1902 4560 viri
1925 4505 2074 4562 stola
2103 4537 2151 4601 Ι)
2184 4516 2481 4589 querelam
2542 4498 2768 4591 θχραιδί
2828 4498 3090 4576 ῃῃξῃίηίε
3138 4498 3398 4594 εχροῖιίι,
3435 4498 3790 4595 quasina]un

417 4585 607 4659 capite
633 4586 996 4657 circumdati,
1021 4592 1079 4645 et
1110 4591 1401 4646 dexteram
1432 4590 1664 4648 mulieri
1696 4594 2069 4666 porrigentis.

419 4677 603 4750 Cujus
633 4677 708 4733 ad
738 4677 943 4750 pedem
966 4682 1174 4735 statua:
1198 4683 1257 4735 et
1278 4680 1438 4737 basis
1460 4681 1640 4737 herba
1662 4682 1931 4755 quaedam
1954 4700 2081 4755 spe-

418 4765 503 4825 cie
525 4783 672 4825 nova
691 4766 980 4835 nascitur;
1004 4785 1133 4841 quae
1156 4785 1290 4823 cum
1313 4773 1512 4826 exorta
1537 4770 1731 4838 fuerit,
1747 4787 2079 4829 exerescere

418 4855 565 4915 solet
584 4872 774 4930 usque
794 4857 865 4913 ad
884 4856 1179 4913 ﬁmbriam
1200 4857 1359 4914 stola:
1384 4857 1545 4915 illius
1561 4860 1690 4915 aerei
1710 4859 2071 4919 indumenti:

416 4962 595 5018 quam
626 4962 762 5002 cum
792 4946 1043 5003 maxime
1075 4964 1308 5003 summo
1345 4947 1560 5004 vertice
1597 4947 1779 5005 herba
1807 4967 2074 5007 crescens

416 5033 747 5106 contigerit,
770 5033 922 5090 vires
948 5034 1080 5091 inde
1102 5037 1177 5092 ad
1204 5035 1578 5107 depellendos
1601 5053 1805 5094 omnes
1834 5037 2072 5111 languo-

415 5137 510 5176 res
541 5122 897 5193 morbosque
928 5123 1241 5195 conquirit,
1265 5124 1347 5179 ita
1389 5128 1455 5179 ut
1496 5141 1859 5199 quaecunque
1899 5127 2074 5184 fuerit

416 5207 730 5281 infirmitas
759 5211 1041 5284 corporis,
1058 5211 1278 5268 haustu
1302 5211 1509 5286 exiguo
1533 5215 1841 5272 madefacti
1862 5218 2075 5288 grami‘

416 5295 511 5357 nis
540 5295 885 5369 depellatur,
912 5298 1056 5354 nihil
1080 5300 1317 5357 omnino
1341 5301 1551 5357 virium
1583 5319 1814 5376 gerens,
1839 5306 1885 5361 si
1909 5312 2070 5365 ante-

416 5403 593 5460 quam
625 5384 868 5439 ﬁmbrias
906 5389 1305 5445 summitatem
1337 5391 1666 5464 contigerit,
1706 5393 2065 5467 decerpatur.

417 5475 576 5531 Hanc
608 5477 862 5530 statuam
885 5474 955 5529 ad
978 5475 1425 5535 similitudinem
1456 5476 1595 5536 Jesu
1628 5481 1825 5539 vultus
1856 5485 2067 5543 forma-

417 5571 538 5621 tam
572 5563 905 5632 tradebant;
939 5580 1066 5636 quaa
1099 5568 1426 5637 permansit
1464 5585 1651 5641 usque
1689 5570 1762 5626 ad
1808 5576 2069 5646 tempora

2182 4605 2446 4678 deplorat
2475 4607 2783 4663 amissum.
2806 4610 2878 4663 At
2919 4607 3016 4665 ille
3055 4609 3261 4666 scribit
3291 4609 3591 4684 epistolam
3618 4608 3669 4663 in
3694 4604 3787 4659 hac

2186 4694 2736 4769 verbazGregorius
2782 4696 3122 4769 Appollini:
3173 4696 3453 4756 Permitto
3497 4698 3594 4754 tibi
3637 4693 3788 4752 redire

2186 4784 2256 4840 ad
2292 4783 2485 4839 locum
2516 4789 2687 4840 tuum
2719 4787 2776 4840 et
2804 4801 2974 4858 agere
3003 4804 3131 4860 qum
3162 4788 3534 4846 consuevisti.
3558 4786 3695 4843 Hanc
3716 4798 3787 4839 sa-

2184 4873 2387 4929 cerdos
2417 4872 2490 4927 ad
2523 4872 2726 4927 fanum
2758 4873 2867 4929 fert
2896 4862 3525 4951 epistolam,po_nitque
3547 4876 3697 4955 juxta
3726 4867 3785 4925 si-

2183 4960 2542 5028 mulacrum;
2578 4961 2744 5017 adest
2794 4963 3006 5019 iterum
3056 4964 3306 5031 daemon,
3339 4965 3549 5023 iterum
3593 4965 3680 5020 dat
3718 4974 3785 5014 re-

2181 5066 2418 5121 sponsa.
2450 5049 2611 5105 Tunc
2646 5051 2938 5119 sacerdos,
2968 5051 3028 5107 in
3068 5055 3454 5127 semetipsum
3496 5061 3784 5110 conversus.

2179 5136 2297 5195 ait:
2321 5139 2618 5207 Quomodo
2648 5155 2765 5195 non
2803 5139 2990 5196 multo
3036 5142 3243 5199 melior
3266 5147 3359 5200 est
3384 5140 3674 5217 Gregorius
3696 5135 3786 5191 isto

2179 5227 2466 5299 Apolline,
2498 5227 2669 5299 cujus
2722 5226 3088 5301 obtemperat
3125 5231 3362 5303 jussis?
3390 5237 3447 5288 et
3473 5226 3785 5291 descendens

2180 5317 2382 5371 eadem
2414 5316 2559 5371 hora
2587 5315 2658 5370 ad
2692 5315 3059 5389 Gregorium,
3091 5320 3465 5394 referensque
3499 5313 3784 5391 epistolam,

2180 5420 2301 5460 rem
2325 5405 2528 5460 ordine
2551 5403 2777 5475 pandit.
2793 5408 2971 5475 utque
2996 5422 3057 5461 se
3078 5408 3280 5464 offerat
3295 5409 3430 5474 Deo,
3447 5410 3618 5480 rogat.
3633 5404 3784 5462 Tunc,

2178 5492 2379 5550 relicta
2399 5492 2742 5568 gentilitate,
2759 5492 2948 5549 factus
2968 5499 3058 5550 est
3086 5497 3159 5552 ab
3189 5513 3254 5554 eo
3277 5497 3726 5558 catechumenus,
3742 5487 3785 5542 ei
3808 5566 3829 5575 ‘

2176 5596 2310 5637 cum
2342 5598 2405 5638 se
2435 5580 2777 5640 castissima:
2806 5582 2936 5638 vita;
2965 5587 3023 5639 et
3061 5585 3567 5645 abstinentissimaa
3596 5575 3783 5638 manci-
