4060 6178
269 287 383 348 εει-ι
489 245 494 248 ’

1171 258 1572 353 ms'rosus
1596 259 1887 354 .SACRIE
1928 292 2304 358 EPITOME.
2345 331 2414 342 -
2442 297 2586 360 LIB.
2633 295 2766 362 vn.

3559 303 3686 380 838'

271 423 479 493 posset,
511 417 687 510 etiam
736 419 1031 510 baptisma
1077 423 1478 494 consequitur,
1510 428 1566 480 et
1596 425 1656 480 in
1688 429 1918 482 tantum
1951 429 2005 496 Α
2037 444 2154 495 cos,
2189 434 2246 484 et
2274 447 2463 502 nuper
2498 432 2802 489 inventos:
2839 449 2942 506 per
2970 435 3348 510 semetipsum
3378 455 3512 497 vero
3542 457 3680 500 con-

269 510 379 566 ﬁde
409 513 465 564 et
492 509 705 564 virtute
731 509 1143 582 proﬁcit,quod
1171 511 1233 565 Β.
1255 513 1510 585 Gregorii
1537 529 1842 570 successor
1863 514 1922 568 in

267 599 601 672 episcopatu
633 597 904 654 efﬁcitur.
938 599 1048 654 Sed
1092 603 1150 654 et
1180 600 1314 654 inde
1362 600 1674 674 Gregorius
1705 600 1924 674 ingenii

267 687 357 743 sui
402 686 570 742 nobis
619 685 677 742 in
736 703 910 758 parvo
961 687 1216 744 maxima
1273 695 1665 746 monumenta
1707 689 1923 747 dereli-

267 775 410 848 quit.

925 896 1109 950 caput
1145 901 1264 942 VIII.

265 973 397 1028 Nota
429 971 823 1043 metaphrasim
873 975 1121 1048 Gregorii
1159 976 1238 1042 (a)
1276 976 1562 1048 martyris,
1595 979 1647 1030 et
1676 969 1928 1048 Episcopi

901 1046 1284 1103 Νεοινεεδανίἃε.

334 1154 400 1205 In
434 1149 823 1208 Ecclesiasten
857 1167 1111 1223 namque
1137 1152 1554 1224 metaphrasim
1581 1153 1786 1212 scribit
1810 1170 1929 1214 ma.

264 1239 831 1313 gniﬁccntissime,et
860 1239 1154 1296 catholica:
1189 1241 1320 1297 ﬁdei
1351 1241 1777 1315 expositionem
1796 1242 1924 1298 bre-

263 1328 410 1384 viter
427 1329 507 1384 ita
529 1329 920 1385 continentem
947 1347 960 1384 :
995 1329 1156 1384 Unus
1176 1330 1329 1385 Deus
1349 1331 1516 1386 Pater
1537 1330 1710 1386 Verbi
1732 1331 1926 1386 viven-

263 1417 362 1484 tis,
397 1417 696 1491 sapientia:
719 1415 1115 1486 subsistentis,
1135 1421 1192 1473 et
1219 1419 1450 1474 virtutis
1481 1438 1598 1475 suae
1629 1423 1685 1476 et
1707 1421 1923 1493 ﬁgura,

261 1507 553 1580 perfectus
573 1506 810 1578 perfecti
832 1506 1256 1580 genitor,Pater
1288 1507 1415 1562 Filii
1447 1507 1926 1582 unigeniti,unus

260 1583 440 1666 Deus,
475 1594 634 1651 solus
665 1611 734 1650 ex
768 1594 890 1651 solo
922 1596 1057 1663 Deo,
1091 1595 1281 1668 figura
1339 1601 1396 1651 et
1443 1595 1635 1670 imago
1668 1595 1924 1662 deitatis,

258 1685 504 1741 verbum
529 1684 1162 1758 penetrans,sapientia
1183 1685 1684 1758 comprehendens
1707 1685 1927 1753 omnia,

258 1778 313 1832 et
343 1774 533 1865 virtus
567 1778 835 1865 qua-tota
867 1779 1149 1865 creatura
1165 1774 1288 1865 fieri
1321 1773 1725 1865 potuit.Filius
1746 1791 1924 1865 verus
1953 1800 2000 1865 Β

255 1863 402 1930 veri,
429 1866 486 1918 et
517 1862 830 1918 invisibilis
861 1879 929 1918 ex
960 1861 1263 1929 invisibili,
1287 1867 1343 1918 et
1374 1862 1837 1935 incorruptibilis
1859 1879 1926 1918 ex

258 1951 779 2024 incorruptibili,et
803 1951 1154 2010 immortalis
1183 1968 1252 2006 ex
1281 1950 1687 2020 immortali,et
1708 1953 1926 2026 sempi-

254 2046 466 2098 ternus
497 2056 565 2095 ex
595 2040 1143 2113 sempiterno.Unus
1174 2040 1426 2114 Spiritus
1459 2045 1698 2096 sanctus
1721 2059 1789 2098 ex
1809 2041 1924 2098 Deo

257 2129 659 2186 substantiam
709 2129 953 2196 habens,
986 2134 1042 2185 et
1084 2129 1183 2202 qui
1235 2146 1338 2202 per
1387 2129 1597 2186 Filium
1630 2130 1923 2201 apparuit,

257 2218 458 2291 imago
473 2217 575 2273 filii
591 2217 827 2290 perfecti
852 2217 1124 2290 perfecta,
1159 2217 1488 2274 viventibus
1506 2235 1680 2274 causa
1709 2220 1921 2274 sancti-

256 2305 909 2372 tatis,sanctilicationis
933 2307 1278 2378 praestatrix,
1300 2323 1403 2379 per
1432 2323 1606 2379 quem
1640 2311 1790 2363 Deus
1822 2325 1924 2364 su-

263 2412 371 2468 per
394 2395 595 2450 omnia
625 2399 683 2450 et
712 2394 772 2449 in
803 2395 1080 2451 omnibus
1107 2396 1500 2468 cognoscitur,
1526 2399 1583 2451 et
1611 2396 1791 2452 Filius
1825 2414 1926 2468 per

265 2501 444 2558 quem
479 2483 696 2540 omnia.
757 2484 966 2555 (Euseb.
1016 2485 1112 2539 lib.
1163 2501 1262 2549 vn,
1309 2501 1354 2548 c,
1387 2485 1502 2549 25.)
1551 2485 1620 2539 Et
1667 2485 1924 2541 Trinitas

262 2575 380 2629 ista
413 2573 664 2644 perlecta
696 2574 1021 2644 majestate,
1057 2577 1112 2628 et
1143 2572 1625 2644 sempiternitate,
1660 2578 1715 2628 et
1747 2591 1923 2646 regno

263 2662 512 2718 minime
561 2662 870 2728 dividitur,
921 2677 1111 2734 neque
1151 2660 1536 2717 abalienatur.
1600 2662 1782 2734 Igitur
1832 2679 1926 2718 ne-

263 2769 384 2824 que
414 2752 635 2807 factum
667 2750 805 2822 quid
840 2755 943 2806 aut
972 2749 1230 2806 serviens
1282 2751 1339 2804 in
1395 2749 1698 2817 Trinitate,
1735 2767 1925 2823 neque

261 2841 1081 2913 superinductum,tanquam
1111 2839 1358 2895 antehac
1389 2839 1626 2912 quidem
1645 2857 1759 2896 non
1791 2841 1926 2896 sub-

258 2931 502 2997 sistens,
537 2934 739 3003 postea
768 2946 900 2986 vero
932 2929 1680 3002 superingressum.Neque
1710 2929 1791 2984 ita
1818 2929 1922 2984 de-

258 3019 378 3074 fuit
407 3035 668 3091 unquam
702 3017 882 3074 Filius
913 3018 1090 3084 Patri,
1126 3035 1311 3090 neque
1337 3017 1481 3073 Filio
1510 3017 1761 3090 Spiritus
1793 3035 1924 3080 san-

259 3113 418 3175 ctus,
461 3108 559 3163 sed
618 3106 1098 3172 inconvertibilis,
1160 3105 1658 3162 incommutabilis
1717 3107 1919 3163 eadem

260 3194 527 3264 Trinitas
551 3212 798 3270 semper.
831 3197 1124 3252 Hactenus
1155 3197 1226 3251 de
1255 3195 1549 3269 Gregorio.

945 3346 1128 3388 CAPUT
1167 3347 1244 3384 IX.

413 3419 668 3476 Catienus
699 3419 994 3490 imperator
1022 3426 1212 3490 regnat
1241 3420 1406 3475 armis
1445 3417 1775 3490 quindecim.

335 3527 569 3582 Interea
600 3524 912 3598 Dionysius
944 3526 1098 3596 apud
1131 3525 1539 3582 Alexandriam
1581 3526 1644 3581 in.
1659 3543 1802 3599 pace
1826 3544 1920 3584 ec-

259 3614 598 3671 clesiastica
627 3613 779 3670 diem
810 3613 978 3682 obiit,
1007 3614 1209 3674 decem
1240 3619 1297 3670 et
1326 3620 1451 3670 octo
1483 3615 1653 3670 annis
1685 3615 1920 3673 functus

259 3703 612 3770 sacerdotio,
647 3703 937 3768 Maximus
969 3703 1254 3764 succedit.

957 3853 1142 3894 CAPUT
1178 3854 1233 3892 Χ.

620 3926 887 3982 Claudius
926 3933 1119 3997 regnat
1147 3925 1311 3982 annis
1340 3923 1567 3980 duobus.

335 4033 587 4106 (Niceph.
623 4033 719 4090 lib.
753 4051 830 4100 v1,
863 4052 909 4090 (τ.
943 4035 1037 4100 28,
1067 4033 1183 4101 29.)
1223 4031 1498 4088 Galienus
1531 4048 1762 4104 quoque
1793 4049 1915 4088 mo-

260 4124 423 4180 riens
444 4122 750 4179 Claudium
771 4123 947 4178 habet
967 4136 1386 4187 successorem,
1412 4121 1510 4193 qui
1534 4122 1590 4176 in
1614 4122 1769 4177 brevi
1794 4139 1916 4178 mo-

259 4212 434 4280 ritur,
467 4211 777 4268 Aureliano
809 4211 1174 4267 succedente.
1198 4210 1378 4280 Cujus
1395 4210 1758 4282 temporibus
1780 4227 1916 4266 con-

259 4305 508 4374 gregato
537 4300 691 4373 apud
721 4298 1086 4356 Antiochiam
1111 4298 1380 4367 concilio,
1405 4297 1621 4354 Paulus
1642 4297 1913 4356 Samosa-

258 4395 436 4445 tenus
459 4388 668 4445 ultima
688 4388 1189 4444 animadversione
1219 4389 1552 4454 damnatur,
1576 4387 1914 4460 disputante

259 4495 400 4535 cum
431 4495 498 4534 eo
544 4477 869 4534 Malchione
917 4477 1194 4550 quodam,
1255 4477 1518 4549 perfectae
1567 4477 1915 4535 eruditionis

255 4567 405 4633 viro,
439 4541 981 4641 excipientibusque
1015 4541 1280 4622 notariis:
1316 4567 1448 4638 Qum
1480 4565 1802 4637 disputatio
1835 4566 1914 4622 ita
1947 4541 1992 4606 D

259 4657 578 4730 magnifice
625 4657 698 4712 ab
747 4673 814 4712 eo
860 4661 916 4712 et
964 4659 1232 4711 accurate
1289 4653 1489 4710 habita
1519 4659 1626 4717 est,
1662 4659 1728 4709 ut
1757 4671 1914 4710 nunc

259 4761 499 4818 quoque
516 4744 845 4818 legentibus
855 4744 1003 4801 sitin
1019 4742 1422 4799 admiratione.
1442 4743 1639 4816 Itaque
1658 4745 1913 4800 secundo

252 4835 386 4905 jam
419 4833 726 4889 manifeste
773 4833 991 4890 Paulus
1021 4833 1329 4888 haereticus
1358 4832 1712 4897 confutatur,
1759 4833 1912 4889 datis

257 4921 526 4994 epistolis
539 4923 985 4996 Dionysio,Rom
994 4940 1102 4978 ano
1121 4921 1656 4994 ponti‘fici,Maximo
1670 4921 1913 4978 Alexan-

258 5011 429 5067 drino
464 5012 676 5083 (Euseb.
714 5013 811 5068 lib.
844 5029 943 5080 vn,
978 5029 1024 5067 ε.
1058 5012 1177 5083 3Ο);
1203 5011 1375 5081 cujus
1400 5010 1638 5067 haeresis
1668 5013 1725 5066 et
1754 5009 1913 5066 dam-

259 5100 420 5156 natio
442 5101 776 5168 innotescit,
810 5104 867 5156 et
898 5116 1126 5157 mores:
1162 5100 1414 5172 qualiter
1435 5099 1644 5156 Filium
1676 5100 1776 5155 Dei
1809 5116 1907 5155 ne-

255 5193 429 5262 garet
471 5190 842 5247 descendisse
891 5190 962 5246 de
992 5188 1154 5256 coelo,
1202 5189 1303 5246 sed
1353 5206 1392 5244 a
1436 5188 1622 5245 Maria
1666 5189 1910 5262 coepisse

257 5282 566 5345 assereret,
599 5282 660 5334 et
705 5277 941 5335 initium
990 5277 1271 5334 habuisse
1299 5277 1372 5334 de
1423 5280 1614 5333 terra:
1664 5276 1911 5350 qualiter

255 5365 434 5422 etiam
486 5366 770 5440 psalmos,
803 5367 904 5440 qui
956 5367 1014 5422 in
1062 5366 1376 5423 Dominum
1408 5369 1675 5420 nostrum
1705 5366 1907 5421 Jesum

254 5453 557 5513 Christum
580 5457 946 5526 dicebantur,
971 5473 1200 5514 cessare
1221 5455 1472 5522 fecisset,
1498 5453 1652 5510 velut
1668 5454 1910 5510 neoteri-

333 5602 411 5668 (a)
442 5599 524 5657 De
553 5600 662 5656 hoc
689 5601 963 5674 Gregorio
986 5604 1074 5658 est
1101 5598 1252 5658 liber
1279 5597 1536 5672 Gregorii
1568 5595 1833 5671 Nysseni.

593 5784 604 5801 ι
639 5809 644 5813 .
713 5781 774 5824 in;

2032 519 2274 589 positos,
2321 519 2527 576 diebus
2575 522 2806 578 Pascha:
2840 523 2896 578 in
2931 523 3121 580 medio
3167 527 3430 584 Ecclesia:
3474 547 3679 589 canere

2033 607 2266 664 fecisset
2295 609 2592 678 mulieres,
2617 628 2765 682 quas
2792 611 2917 682 ipse
2950 612 3330 684 (horrendum
3353 619 3575 689 auditu)
3607 621 3680 677 de

2033 711 2096 752 se
2120 696 2477 753 instituerat:
2497 699 2747 770 qualiter
2762 701 2959 768 etiam,
2983 701 3260 759 incedens
3282 721 3384 776 per
3403 706 3676 778 plateam,

2033 784 2131 840 tali
2167 787 2418 857 quadam
2451 787 2768 844 ambitione
2790 794 3049 845 uteretur
3069 795 3132 846 ut
3153 792 3381 864 publice
3401 795 3678 866 epistolas

2033 873 2331 946 relegeret,
2353 880 2526 948 atque
2547 877 2604 932 in
2627 877 2830 933 auditu
2851 879 3114 934 omnium
3133 885 3189 936 et
3211 881 3395 938 oculis
3411 884 3676 954 dictaret,

2035 964 2449 1021 assistentibus
2473 964 2582 1021 sibi
2608 965 2666 1021 in
2697 965 2889 1037 platea
2919 969 3186 1036 notariis,
3215 988 3554 1043 quanquam
3585 993 3680 1030 su-

2034 1053 2210 1126 perbe
2257 1053 2432 1109 etiam
2477 1055 2732 1112 tribunal
2764 1057 2823 1111 in
2871 1057 3116 1114 ecclesia
3141 1059 3253 1116 sibi
3287 1061 3471 1118 multo
3502 1063 3679 1120 altius

2035 1159 2212 1215 quam
2237 1143 2443 1209 fuerat,
2475 1143 2834 1212 collocasset,
2859 1150 2916 1201 et
2931 1147 3171 1203 verbum
3197 1149 3680 1222 faciensjactaret

2036 1247 2212 1304 super
2232 1233 2470 1289 modum
2493 1233 2809 1299 dexteram,
2826 1251 2892 1290 ac
2912 1235 3166 1306 palmam
3186 1237 3388 1293 femori
3409 1239 3676 1310 illideret,

2036 1321 2180 1393 pede
2227 1338 2459 1396 quoque
2508 1321 2888 1390 subsultaret,
2923 1328 2979 1379 et
3007 1325 3326 1382 scabellum
3378 1327 3591 1397 feriret,
3624 1334 3680 1386 et

2036 1427 2196 1466 more
2243 1410 2511 1466 theatrali
2553 1412 2624 1466 ab
2667 1412 3035 1468 auditoribus
3071 1431 3239 1471 voces
3287 1415 3575 1474 clamosae
3621 1422 3681 1476 et

2035 1497 2306 1570 plausum
2328 1503 2644 1571 expeteret:
2682 1500 2932 1556 maxime
2955 1500 3328 1574 impudenter
3355 1506 3527 1562 etiam
3549 1525 3678 1562 mu-

2033 1587 2206 1646 lieres
2237 1603 2436 1644 secum
2463 1588 2725 1644 habitare
2747 1590 3130 1661 permisisset,
3156 1596 3214 1648 et
3244 1595 3596 1667 presbyteris
3622 1601 3680 1652 et

2034 1675 2424 1748 diaconis,qui
2442 1678 2570 1747 ejus
2593 1694 2813 1733 morem
2833 1679 3399 1751 gerebant,similem
3423 1685 3680 1742 dedisset

2034 1764 2351 1820 licentiam.

2713 1899 2897 1938 CAPUT
2924 1901 3000 1938 XI.

2105 1998 2328 2070 (Euseb.
2363 1999 2460 2052 lib.
2495 2015 2593 2065 vn,
2627 2015 2672 2054 c.
2695 1998 2784 2054 26.
2809 2000 2945 2054 Hist.
2971 1999 3141 2066 Eccl.,-
3162 2003 3381 2073 Niceph.
3406 2005 3503 2060 lib.
3528 2022 3604 2070 γι,
3627 2023 3676 2062 e.

2035 2088 2145 2155 19.)
2176 2086 2374 2160 Igitur,
2409 2087 2686 2142 damnato
2729 2091 2786 2142 et
2831 2086 3074 2160 expulso
3111 2089 3184 2144 ab
3215 2090 3492 2159 Ecclesia,
3545 2110 3678 2151 cum

2033 2175 2189 2231 exire
2220 2174 2416 2241 nollet,
2467 2174 2702 2247 publica
2734 2191 2933 2243 manu,
2974 2193 3042 2231 ex
3075 2178 3354 2235 mandato
3381 2179 3679 2240 Auceliani

2033 2263 2403 2337 imperatoris
2434 2265 2695 2320 Domnus
2717 2264 2952 2320 nomine
2974 2264 3031 2320 in
3055 2265 3682 2330 EcclesiaAntiochena

2034 2352 2295 2410 succedit
2324 2352 2652 2425 episcopus.
2688 2354 2912 2410 Interea
2943 2353 3109 2410 malis
3132 2355 3394 2414 consiliis
3412 2357 3682 2432 deprava-

2035 2447 2136 2502 tus
2152 2440 2994 2514 Aurelianus,persecu~tionem
3014 2443 3336 2502 meditatur
3353 2445 3410 2502 in
3427 2453 3678 2516 nostros,

2033 2548 2289 2604 eousque
2312 2531 2637 2602 ut,scriptis
2659 2531 2871 2587 litteris
2893 2531 3102 2589 volenti
3131 2535 3520 2603 subscribere,
3543 2539 3679 2597 des.

2033 2625 2157 2677 tera
2188 2619 2288 2676 Dei
2325 2618 2722 2686 intervenerit,
2746 2625 2803 2676 et
2822 2620 3313 2694 subscriptionem
3339 2625 3683 2684 d‘eturbave-

2035 2710 2130 2775 rit,
2157 2708 2375 2764 fulmen
2398 2724 2634 2780 quoque
2655 2712 2790 2765 ante
2811 2725 2946 2764 eum
2969 2725 3182 2783 magno
3204 2728 3413 2784 pavore
3435 2714 3681 2772 circum-

2034 2797 2320 2856 stantium
2354 2797 2568 2856 ruerit:
2605 2813 2670 2853 ac
2703 2813 2815 2858 non
2848 2796 3034 2854 multo
3073 2803 3204 2872 post
3247 2804 3438 2860 morte
3483 2803 3681 2861 subita

2032 2889 2476 2944 condemnatur.

2688 3019 2872 3058 CAPUT
2919 3021 3015 3058 XII.

2423 3093 2753 3147 Aurelianus
2776 3099 2968 3161 regnat
2989 3095 3150 3148 a-n-nts
3168 3109 3283 3149 sex.
3348 3111 3355 3118 '

1953 3169 1997 3235 C
2101 3208 2204 3264 Cui
2239 3208 2459 3264 Probus
2490 3207 2786 3274 succedit;
2837 3207 2928 3262 cui
2959 3213 3015 3263 et
3062 3209 3305 3266 totidem
3338 3213 3508 3268 annis
3538 3230 3680 3272 con-

2031 3299 2535 3362 summato,Carus
2555 3313 2688 3351 cum
2709 3295 2843 3351 filiis
2865 3297 3217 3356 Numeriano
3239 3303 3297 3355 et
3316 3299 3525 3358 Carino
3549 3319 3680 3358 suc-

2030 3386 2200 3443 cedit.
2228 3385 2449 3455 Quibus
2471 3385 2528 3439 in
2563 3384 2720 3440 brevi
2746 3386 3192 3455 consummatis,
3219 3392 3422 3462 regnat
3451 3388 3680 3447 Diocle-

2029 3475 2263 3532 tianus:
2298 3475 2397 3530 sed
2445 3473 2618 3546 paulo
2650 3477 2780 3529 ante
2825 3473 3136 3547 imperium
3188 3477 3315 3550 ejus
3365 3477 3677 3552 Dionysius

2030 3582 2309 3622 romanus
2332 3563 2590 3638 pontifex
2615 3562 2781 3624 obiit.

2679 3713 2863 3754 CAPUT
2899 3713 3022 3754 XIII.
3615 3750 3620 3753 _

2028 3789 2502 3861 Dionysius-Papa
2527 3788 2858 3866 sedit'anmls
2901 3804 3116 3866 novem.
3161 3789 3334 3866 Carus
3373 3806 3500 3848 cum
3541 3793 3676 3866 ﬁliis

2313 3866 2505 3931 regnat
2530 3859 2740 3916 duobus
2769 3861 2956 3926 annis,
2987 3876 3086 3916 nec
3113 3864 3362 3931 tutegris.

2100 3977 2311 4033 Beatus
2341 3991 2575 4046 quoque
2597 3975 2696 4047 qui
2720 3980 2859 4031 tunc
2882 3976 3094 4032 meruit
3116 3977 3332 4048 rapide
3357 3980 3676 4048 mundo,ne

2025 4063 2249 4120 videret
2274 4063 2428 4118 mala
2458 4079 2583 4134 qua:
2616 4063 2725 4118 iste
2755 4062 3150 4119 Diocletianus
3180 4081 3314 4120 mox
3346 4065 3544 4121 intulit
3572 4068 3675 4124 Ec-

2026 4152 2220 4209 clesiis
2250 4151 2403 4207 ultra
2449 4169 2627 4223 quam
2660 4151 2814 4206 credi
2848 4156 3058 4223 potest.
3112 4153 3277 4207 'l‘u-ne
3323 4154 3673 4224 apostolatui

2026 4241 2287 4299 succedit
2311 4239 2486 4305 Felix,
2518 4256 2633 4312 quo
2653 4244 2917 4311 tempore
2947 4241 3146 4296 Manes
3175 4257 3385 4314 magus
3407 4242 3670 4313 quidam,

2025 4331 2348 4388 secundum
2377 4345 2586 4384 nomen
2619 4345 2790 4384 suum
2814 4328 3135 4396 insaniens,
3161 4329 3364 4385 Perses
3383 4345 3614 4402 genere,
3639 4349 3673 4389 a

2024 4437 2140 4492 quo
2161 4425 2217 4475 et
2253 4417 2704 4474 Manichaeorum
2736 4416 2995 4485 haeresis,
3021 4434 3228 4473 novam
3261 4421 3478 4474 sectam
3513 4419 3668 4489 facit,

2023 4512 2081 4565 et
2109 4509 2387 4580 dogmata
2404 4507 2671 4579 quaedam
2689 4507 2930 4578 profert,
2953 4524 2986 4561 a
3005 4506 3250 4564 diversis
3275 4511 3542 4566 mutua'ta
3562 4509 3673 4566 ha:-

2024 4595 2242 4663 retieis,
2263 4600 2321 4651 et
2345 4612 2501 4651 nunc
2522 4595 2820 4650 Christum
2851 4612 2913 4650 se
2943 4595 3202 4662 simulat,
3236 4613 3396 4651 nunc
3417 4597 3672 4654 Paracle-

2022 4691 2149 4742 tum
2173 4702 2233 4741 se
2252 4684 2534 4750 nominat,
2551 4689 2607 4739 et
2621 4684 3112 4756 elegitduodecim
3127 4687 3197 4740 ad
3218 4684 3667 4744 similitudinem

2023 4774 2236 4830 Christi
2268 4773 2606 4846 discipulos.

2677 4906 2860 4946 CAPUT
2898 4907 3009 4946 XIV.

2425 4981 2581 5035 Felix
2610 4981 2760 5051 Papa
2790 4979 2926 5036 sedit
2954 4980 3119 5035 annis
3143 4995 3257 5038 sex.

2094 5096 2295 5170 Igitur,
2321 5094 2504 5152 Felice
2519 5095 2676 5167 Papa
2691 5093 3515 5168 consummato,Eutychianus
3537 5113 3666 5154 suco

2018 5186 2206 5242 cedit:
2244 5202 2360 5256 quo
2393 5185 2450 5241 in
2483 5184 2634 5241 brevi
2670 5187 3096 5250 consummato,
3129 5183 3312 5242 Gaius
3347 5185 3662 5258 episcopus

2018 5273 2270 5346 eligitur.
2307 5273 2408 5330 Hic
2422 5275 2548 5345 jam
2581 5279 2836 5346 tempore
2867 5272 3092 5328 Eusebii
3126 5272 3462 5346 quindecim
3491 5275 3661 5332 annis

2019 5361 2340 5418 sacerdotio
2372 5365 2732 5435 perfunctus,
2759 5361 3094 5418 Marcellum
3126 5361 3401 5435 relinquit
3431 5381 3658 5420 succes-

2019 5467 2232 5519 sorem,
2265 5467 2439 5524 quem
2455 5451 2580 5524 jam
2604 5454 2838 5524 tempus
2858 5450 3276 5525 persecutionis
3311 5452 3549 5510 invenit.
