4060 6178
439 261 569 322 859
852 259 1259 322 HAYMONIS
1307 258 1839 321 HALBEBSTAT.
1889 259 2133 320 EPISC.
2183 259 2354 320 OPP.
2403 258 2598 320 PARS
2642 259 3434 326 lII.—-MISCELLANEA.
3583 233 3597 256 .
3686 270 3782 334 860

1657 591 2001 680 LIBER
2061 590 2634 682 OCTAVUS.

1945 776 2367 792 mm

1035 944 1217 983 CAPUT
1248 942 1494 982 PRIMUM.
2119 931 2174 998 Α
2204 927 2363 982 bant.
2389 927 2552 982 Tunc
2576 928 2732 999 apud
2751 927 3145 997 Antiochiam,
3179 929 3326 986 inter
3347 933 3569 989 caeteros
3591 949 3790 1007 agones,

757 1033 1127 1107 Eua/(Manus
1161 1034 1296 1089 δείιίι
1327 1034 1490 1089 (mm-8
1521 1033 1779 1105 quinque.
2200 1014 2496 1107 quoddam
2529 1014 2719 1070 nobile
2751 1015 2967 1107 factum
2992 1019 3090 1107 est
3119 1017 3271 1107 quod
3304 1015 3472 1072 silere
3491 1035 3596 1073 non
3623 1020 3788 1078 debeo.

2200 1103 2326 1158 Duo
2340 1103 2586 1175 juvenes
2602 1103 3323 1176 comprehensiimmolare
3337 1109 3787 1179 coguntur.Aiunt:

515 1198 739 1250 Interea
769 1211 959 1250 nonus
981 1194 1242 1250 decimus
1265 1211 1454 1250 annus
1475 1199 1599 1250 erat
1631 1192 1857 1266 imperii
1878 1191 2093 1249 Diocle-
2199 1192 2404 1248 Ducite
2425 1208 2531 1248 nos
2555 1191 2625 1248 ad
2646 1210 2798 1249 aras.
2824 1194 2928 1258 Qui
2953 1210 3086 1249 cum
3110 1194 3342 1249 abducti
3364 1194 3787 1264 fuissent,manus

440 1272 605 1351 tiani,
635 1289 691 1338 et
722 1283 928 1356 incipit
965 1283 1082 1338 fieri
1118 1283 1440 1356 persecutio
1462 1283 1520 1338 in
1544 1282 1907 1338 Christianos
1931 1283 2002 1338 ab
2025 1299 2090 1338 co
2200 1298 2338 1337 suas
2367 1285 2765 1353 supponentes
2798 1280 2945 1354 igni:
2974 1283 3028 1336 Si
3054 1282 3785 1357 subtraxerimus,inquiunt,

441 1372 998 1446 permaxima,justo
1014 1371 1301 1443 siquidem
1324 1371 1422 1427 Dei
1442 1372 1666 1443 judicio
1690 1376 1747 1426 et
1765 1370 2093 1427 necessaria
2198 1371 2560 1426 sacrificasse
2593 1388 2698 1426 nos
2730 1371 2967 1426 credite.
3000 1372 3070 1426 Et
3091 1373 3472 1445 quoadusque
3495 1389 3615 1429 caro
3634 1378 3789 1432 omnis

441 1462 812 1526 correctione,
844 1479 974 1516 cum
996 1463 1122 1532 jam
1156 1461 1344 1516 multa
1374 1460 1664 1529 libertate,
1687 1460 1872 1515 multa
1900 1459 2089 1515 indul-
2197 1458 2255 1513 in
2291 1459 2484 1531 ignem
2518 1460 2817 1528 deflueret,
2853 1459 3234 1516 immobiliter
3253 1462 3577 1533 perdurant.
3609 1464 3788 1536 Itaque,

439 1550 634 1624 gentia
661 1549 849 1606 vitiati
882 1554 1022 1605 sunt
1055 1566 1246 1606 mores
1297 1553 1656 1621 nostrorum,
1690 1554 1747 1606 et
1778 1549 2092 1621 disciplina
2199 1549 2452 1618 cumjam
2469 1547 2811 1603 crudelitate
2826 1549 3788 1622 satiatusimperatoraliquantulum

440 1641 826 1697 Ecclesiarum
859 1643 1134 1712 corrupta
1166 1640 1380 1711 (Euseb.
1417 1641 1513 1694 lib.
1549 1657 1669 1706 vm,
1703 1657 1750 1694 c.
1783 1641 1831 1705 1,
1866 1639 1920 1704 2,
1953 1639 2006 1707 3,
2029 1637 2088 1704 4,
2199 1636 3116 1709 resipisceretproponitedictum
3135 1639 3330 1708 utjam
3344 1638 3789 1697 Christianimorti

437 1747 561 1785 cum
607 1732 767 1801 seq.(,
797 1729 937 1784 dum
987 1729 1130 1783 fides
1161 1730 1359 1784 nostra
1392 1745 1495 1800 per
1538 1727 1767 1781 diversa
1815 1728 2090 1798 dogmata
2198 1743 2312 1781 non
2348 1727 2678 1793 tradantur,
2711 1727 2836 1794 sed,
2863 1727 3080 1783 dextris
3119 1727 3307 1784 oculis
3334 1728 3477 1784 ferro
3507 1729 3721 1798 effossis,
3745 1733 3791 1784 et

438 1819 744 1887 scinditur,
777 1822 833 1873 et
862 1818 935 1873 ob
969 1817 1024 1871 id
1048 1815 1271 1872 vilescit
1296 1835 1308 1884 ;
1336 1816 1473 1870 dum
1502 1815 1718 1888 praelati
1750 1820 1809 1870 et
1839 1820 2089 1870 rectores
2198 1814 2449 1870 sinistra“:
2480 1814 2691 1886 pollice
2722 1814 3003 1883 sauciato,
3029 1816 3113 1872 sic
3134 1821 3528 1888 permaneant.
3559 1818 3655 1873 Sed
3683 1834 3787 1873 cum

437 1911 494 1963 et
523 1909 701 1962 duces
723 1903 2088 1978 populi,humilitatisChristiana:etsinceritatis
2195 1907 2415 1958 statum
2468 1903 2731 1959 Ecclesiae
2781 1904 2999 1960 crudeli
3044 1905 3543 1962 animadversione
3595 1906 3788 1974 vastari,

438 1995 622 2061 obliti,
657 1996 966 2050 adversum
1000 2010 1062 2049 se
1094 1994 1242 2048 odiis
1273 1997 1328 2049 et
1359 1992 1832 2049 contentionibus
1865 1993 2090 2048 inflam-
2197 1991 2362 2047 illum
2405 1996 2683 2048 aeternum
2715 2010 2781 2047 ac
2811 1992 3145 2066 pervigilem
3195 2011 3313 2050 non
3341 1994 3540 2050 lateret
3577 1994 3787 2060 oculum,

438 2086 694 2138 mantur.
728 2083 890 2136 Tunc
914 2099 1049 2154 ergo
1082 2081 1332 2137 nefanda
1361 2081 1549 2138 edicta
1578 2083 1861 2155 principis
1883 2099 2088 2154 propo-
2196 2079 2551 2153 castigatain
2569 2082 2773 2153 paucis
2799 2081 3157 2147 familiasua,
3182 2084 3352 2140 adest
3374 2083 3632 2140 continuo
3652 2083 3789 2139 ultrix

439 2175 680 2237 nuntur,
714 2175 780 2226 ut
835 2175 1054 2226 cunctae
1102 2171 1366 2227 Ecclesiae
1419 2189 1606 2244 usque
1646 2173 1713 2227 ad
1766 2172 1959 2226 solum
1987 2171 2086 2226 de-
2195 2169 2296 2225 Dei
2328 2171 2561 2226 dextera
2603 2170 2662 2225 in
2707 2170 3089 2243 imperatores
3126 2171 3539 2228 Diocletianum
3569 2178 3618 2228 el.
3645 2172 3787 2228 Maxi-

438 2263 765 2327 struantur,
797 2275 974 2314 sacrae
1005 2259 1316 2332 Scriptura:
1342 2261 1764 2316 comburantur
1795 2261 1958 2333 igne:
2007 2264 2082 2327 et,
2117 2304 2162 2368 Β
2197 2258 2703 2330 minum,quorum
2735 2259 2880 2315 alter
2905 2259 2964 2315 in
2997 2260 3330 2329 Occidente,
3361 2262 3502 2319 alter
3524 2261 3578 2317 in
3601 2261 3790 2318 Oriente

439 2349 488 2405 si
512 2347 644 2420 quis
668 2352 1000 2404 nostrorum
1025 2349 1214 2404 statin
1241 2348 1748 2421 honore,privatus
1764 2366 1830 2404 eo
1855 2353 2088 2403 maneat
2117 2347 2162 2368 ”
2194 2351 2518 2403 vastaverat
2543 2347 2881 2413 Ecclesiam,
2904 2347 2984 2403 ita
3007 2353 3090 2420 ut,
3116 2355 3268 2405 nutu
3291 2350 3481 2406 divino
3503 2350 3676 2406 subito
3695 2366 3788 2420 per-

438 2437 698 2494 infamis.
743 2437 1001 2509 Denique
1029 2437 1126 2508 qui
1162 2441 1420 2510 przesunt
1441 2439 1728 2509 jubentur
1755 2436 2088 2493 simulacris
2195 2436 2423 2502 mutati,
2457 2436 2721 2509 deposita
2752 2455 3012 2510 purpura
3051 2439 3393 2512 caterisqne
3439 2437 3787 2513 imperialibus

439 2526 762 2591 immolare,
787 2525 1044 2598 alioquin
1077 2526 1287 2598 conjici
1313 2527 1371 2581 in
1404 2526 1655 2597 vincula,
1706 2544 1772 2582 ac
1803 2526 2082 2598 torqueri.
2195 2525 2575 2592 ornamentis,
2611 2525 2820 2598 plebeii
2851 2527 2998 2582 ﬁant
3027 2545 3093 2583 ac
3124 2527 3333 2600 privati
3355 2531 3484 2600 post
3504 2526 3786 2601 imperium.

439 2615 624 2689 Igitur
643 2616 701 2670 in
723 2615 1141 2683 Nicomedia,et
1161 2615 1538 2683 Thebaide,et
1563 2616 1848 2683 Phoenice,
1883 2621 1938 2671 et
1966 2614 2089 2670 Ale-
2195 2615 2357 2670 Tunc
2386 2615 2656 2687 ergojam
2681 2631 2784 2686 per
2799 2615 2914 2670 vim
2939 2617 3442 2672 etcontentionem
3461 2617 3694 2672 Romano
3711 2615 3791 2669 im-

435 2705 701 2770 xandria,
724 2704 977 2776 denique
996 2721 1100 2776 per
1122 2708 1300 2760 totam
1329 2707 1720 2778 IEgyptum,et
1751 2704 2082 2777 Phrygiam,
2195 2703 2354 2775 perio
2398 2703 2454 2757 in
2489 2704 2636 2760 duas
2668 2705 3105 2775 procurationes
3137 2705 3348 2774 diviso,
3383 2706 3705 2762 Maximinus
3745 2704 3788 2758 in

438 2797 497 2851 et
527 2794 776 2866 Syriam,
811 2798 867 2850 et
896 2794 1344 2866 Cappadociam,
1380 2798 1436 2849 et
1455 2798 1664 2850 caetera
1681 2794 1942 2865 undique
1962 2793 2088 2848 loca
2195 2792 2445 2848 Orientis
2473 2794 2737 2864 partibus
2761 2799 2984 2866 regnat,
3013 2793 3067 2848 vi
3089 2795 3326 2866 rapiens
3347 2811 3548 2850 nomen
3567 2791 3788 2866 Augusti,

436 2883 609 2938 turbo
642 2881 1063 2955 persecutionis
1094 2886 1212 2938 tam
1247 2882 1572 2938 immensus
1603 2887 1660 2938 et
1705 2880 2086 2937 intolerabilis
2196 2881 2574 2938 Constantius
2608 2882 2665 2936 in
2689 2882 3020 2940 Occidente.
3046 2883 3148 2938 Hic
3178 2883 3554 2940 Constantius
3576 2899 3694 2954 erga
3717 2897 3790 2935 no-

439 2972 570 3040 fuit,
593 2978 660 3026 ut
687 2988 755 3026 ex
780 2971 914 3044 ipsa
935 2970 1234 3027 nimietate
1255 2975 1314 3027 et
1343 2973 1642 3028 atrocitate
1664 2972 1847 3046 gestis
1870 2975 2086 3042 marty-
2196 2974 2347 3026 stros
2381 2969 2694 3027 clemenler
2724 2972 2860 3044 agit.
2898 2972 3008 3028 Sed
3058 2975 3117 3028 et
3157 2973 3507 3045 Maxentius,
3540 2968 3789 3027 Maximini

444 3076 574 3115 rum
599 3059 836 3132 deroget
856 3059 1302 3132 fidem.(Niceph.
1327 3062 1426 3116 lib.
1449 3079 1526 3116 vu
1561 3079 1625 3116 .c.
1664 3063 1748 3117 17.
1773 3062 1890 3116 Hist
1919 3061 2083 3128 Eccl.)
2195 3047 2459 3116 Herculei
2491 3057 2670 3126 ﬁlius,
2704 3059 2936 3133 collegae
2991 3061 3362 3130 Diocletiani,
3396 3062 3452 3117 in
3485 3061 3616 3116 urbe
3644 3060 3790 3116 Roma

440 3147 549 3204 Alii
575 3148 770 3220 flagris
801 3147 1232 3221 discerpuntur,
1259 3149 1355 3204 alii
1382 3151 1683 3206 fodiuntur
1703 3149 1960 3223 ungulis,
1986 3147 2084 3203 alii
2195 3148 2523 3204 dominium
2551 3154 2815 3222 occupat,
2834 3154 2891 3206 et
2911 3154 3136 3208 exercet
3165 3150 3553 3224 tyrannidem.
3588 3148 3674 3204 llic
3700 3163 3789 3201 ma-

439 3233 696 3294 ﬂammis
726 3236 926 3309 ignitis
957 3243 1227 3306 uruntur,
1284 3238 1380 3293 alii
1412 3239 1604 3312 gladio
1637 3239 2081 3305 obtruncantur,
2194 3236 2379 3309 gicam
2405 3242 2641 3295 secutus
2659 3244 2866 3308 artem,
2890 3244 3073 3295 totam
3099 3240 3349 3296 Romam
3374 3239 3639 3296 scelerum
3665 3235 3790 3309 ﬂagi—

439 3326 537 3383 alii
567 3325 849 3400 patibulis
877 3327 1218 3399 affiguntur,
1244 3327 1341 3382 alii
1367 3328 1800 3401 praecipitantur
1820 3327 1879 3382 in
1903 3342 2081 3394 mare,
2195 3325 2292 3382 tiis
2313 3330 2370 3383 et
2390 3328 2524 3384 fzece
2554 3327 2910 3400 impuritatis
2942 3328 3142 3402 replet,
3166 3329 3414 3402 gloriam
3433 3326 3692 3385 nobilium
3710 3325 3789 3379 ob-

438 3415 538 3471 alii
568 3420 698 3488 post
744 3420 976 3488 tergum
1003 3416 1212 3472 vinctis
1246 3417 1516 3473 manibus
1565 3418 1996 3489 appenduntur,
2029 3418 2088 3470 et
2195 3421 2413 3484 scurat,
2471 3422 2768 3474 senatores
2817 3417 3146 3489 proscribit,
3208 3417 3496 3476 matronis
3544 3414 3787 3474 nobilibus

437 3503 713 3561 trochleis
734 3503 970 3560 distenti
1004 3507 1374 3562 membratim
1399 3506 1774 3573 divelluntur,
1805 3505 1900 3561 alii
1920 3503 2085 3559 testis
2195 3505 2475 3561 abutitur.

440 3592 709 3649 fictilium
732 3593 1103 3650 vasculorum
1137 3594 1484 3662 lacerantur,
1516 3597 1699 3651 donec
1730 3598 1852 3651 tota
1880 3609 2083 3649 eorum
2130 3667 2157 3671 ᾧ
2870 3630 3054 3671 CAPUT
3080 3631 3162 3670 HL

395 3684 398 3686 ’
439 3684 714 3739 eradatur
729 3683 900 3751 cutis,
925 3682 1023 3738 alii
1045 3684 1262 3739 dantur
1282 3685 1353 3740 ad
1381 3685 1618 3752 bestias,
1639 3683 1858 3750 leones,
1890 3700 2081 3751 ursos,
2116 3667 2160 3735 C
2513 3705 2766 3776 Regnum
2796 3667 3168 3761 οοξιξέαᾷιξίέξλ
3195 3706 3521 3761 Maximini.

439 3773 675 3845 pardos,
706 3776 930 3839 tauros,
965 3788 1158 3843 apros,
1183 3776 1239 3828 et
1272 3774 1342 3829 ad
1371 3790 1574 3830 omnes
1598 3774 1853 3830 ferarum
1876 3789 2084 3846 genus.

441 3860 557 3933 Ipsi
589 3860 920 3916 sacerdotes
937 3859 1315 3918 ecclesiarum
1349 3864 1650 3919 nudantur
1678 3861 2084 3928 inverecunde,

439 3949 556 4004 huc
577 3952 753 4020 atque
776 3947 913 4004 illuc
936 3950 1007 4005 ab
1029 3949 1224 4022 impiis
1246 3951 1580 4006 trahuntur.
1605 3953 1713 4008 Pro
1739 3949 1932 4007 nefas!
1961 3967 2087 4022 quae

439 4035 1083 4104 homicidis,adu1teris,
1111 4039 1535 4106 venenariis,ac
1552 4038 1952 4112 sepulcrorum
1974 4039 2088 4094 vio-

442 4124 728 4181 latoribus
761 4126 990 4181 fuerant
1016 4126 1484 4196 fabricata,nunc
1514 4129 1938 4202 episcoporum,
1958 4145 2088 4200 pre-

443 4214 830 4287 sbyterorum,
865 4213 1266 4285 diaconorum,
1300 4221 1760 4290 ceterorumque
1789 4216 2088 4289 religioso-

442 4319 596 4370 rum,
630 4301 779 4358 colla
809 4303 1255 4375 constringunt;
1280 4304 1361 4360 ita
1387 4310 1452 4360 ut
1476 4305 1809 4361 criminosis
1831 4322 1935 4361 nec
1963 4304 2087 4359 vin-

443 4390 573 4448 cula
604 4394 996 4463 superessent,
1031 4409 1136 4448 nec
1179 4392 1343 4449 locus
1384 4393 1682 4466 ergastuli.
1739 4395 1925 4450 Tanta
1954 4409 2089 4466 ergo

443 4479 707 4536 scelerati
726 4479 1007 4553 principis
1023 4481 1580 4538 satellitibusinerat
1594 4481 1770 4538 libido
1783 4481 2090 4554 torquendi

444 4572 510 4622 ut
536 4572 809 4622 vacarent
827 4585 927 4639 per
947 4569 1133 4624 otium
1153 4571 1223 4626 ad
1246 4569 1656 4642 excogitandos
1676 4588 1854 4628 novos
1876 4572 2093 4627 crucia-

446 4661 565 4712 tus.
591 4656 952 4722 Quibusdam
977 4659 1086 4714 sub
1114 4659 1414 4731 unguibus
1432 4662 1632 4715 acutas
1652 4658 1906 4733 inﬁgunt
1923 4677 2095 4716 arun-

444 4746 640 4801 dines:
671 4744 1025 4817 quibusdam
1043 4746 1353 4817 plumbum
1372 4748 1506 4820 igne
1523 4746 1902 4820 liquefactum
1923 4750 2092 4805 dorso

443 4833 807 4903 diffundunt,
842 4850 1028 4905 usque
1061 4835 1135 4888 ad
1170 4834 1296 4891 loca
1325 4837 1599 4908 pudenda
1630 4838 1845 4909 quibus
1877 4838 2093 4910 egestio

444 4922 731 4978 naturalis
782 4921 1073 4995 procreari
1130 4924 1311 4992 solet;
1374 4926 1724 4998 feminisque
1788 4925 2090 4982 candentis

446 5011 580 5105 ferri
611 5015 668 5066 et
694 5011 881 5067 exusti
913 5011 1138 5083 plumbi
1173 5030 1400 5082 massae,
1434 5017 1656 5087 absque
1683 5013 1799 5069 ullo
1832 5015 2099 5070 humani-
2122 5039 2172 5105 Β

447 5098 584 5153 tatis
605 5104 999 5172 respectu,per
1018 5103 1291 5173 pudenda
1311 5103 1632 5159 visceribus
1655 5105 2097 5177 merguntur.Et
2122 5096 2165 5105 ’⁷
2879 5096 3063 5137 CAPUT
3110 5099 3170 5136 "-

446 5185 495 5243 si
527 5190 770 5241 tortores
794 5187 1008 5244 alicubi
1031 5191 1180 5247 duas
1201 5193 1420 5248 vicinas
1443 5192 1680 5247 arbores
1702 5192 1814 5248 sibi
1837 5192 2089 5250 invenie-

2278 5197 2552 5269 (HAYMO.)
2585 5196 2925 5253 Itedivivum
2954 5197 3208 5268 quodam
3244 5195 3416 5252 modo
3445 5208 3544 5267 per
3588 5183 3798 5269 similent

447 5277 608 5343 bant,
643 5291 836 5330 ramos
869 5278 940 5331 ad
974 5293 1035 5333 se
1056 5279 1446 5348 inﬂectebant,
1471 5280 1672 5352 eisque
1702 5281 1952 5354 singulis
1974 5283 2096 5338 sin-
2206 5267 2475 5343 morbum
2517 5285 2802 5343 habemus
2834 5267 2990 5342 nunc
3018 5286 3320 5342 Herodem.
3357 5284 3474 5352 Ille,
3516 5279 3640 5353 quia
3668 5267 3800 5328 Chri-

446 5363 616 5437 gulos
650 5367 972 5436 martyrum
1005 5369 1182 5439 pedes
1214 5369 1511 5442 ligabant;
1547 5369 1647 5442 qui
1679 5369 1827 5424 rami
1857 5388 1990 5425 curn
2026 5373 2096 5427 ad
2207 5380 2367 5432 stum
2400 5374 2792 5448 persequitur,
2816 5376 2968 5447 pube
2990 5380 3164 5431 tenus
3191 5375 3425 5430 inﬂatus
3447 5372 3617 5427 scatet
3633 5357 3802 5419 vermi-

449 5453 630 5509 situm
658 5467 832 5507 suum
868 5455 1116 5510 naturali
1141 5457 1359 5529 impetu
1388 5458 1760 5526 referrentur,
1787 5459 2099 5532 discerptis
2208 5467 2346 5522 bus:
2375 5470 2434 5521 et
2457 5464 2566 5520 iste
2587 5465 2866 5536 probroso
2889 5465 3090 5520 eodem
3124 5465 3344 5522 laborat
3365 5460 3536 5526 exitu,
3560 5453 3683 5529 quia
3703 5463 3802 5521 P31“

448 5539 811 5612 divulsisque
827 5542 1171 5614 visceribus,
1196 5546 1396 5602 avulsa
1412 5563 1611 5604 secum
1629 5549 1894 5616 membra
1916 5550 2099 5623 rapie-
2209 5552 3071 5627 sequiturChristianos.Actum
3086 5552 3372 5628 siquidem
3386 5547 3618 5626 pulchro
3629 5538 3800 5598 divin33

2266 3818 2329 3873 In
2363 3817 2582 3874 Orienti
2611 3836 2744 3874 vero
2775 3823 2952 3891 atque
2977 3819 3205 3893 Egypti
3230 3821 3503 3892 partibus
3523 3816 3709 3875 similis
3726 3816 3795 3870 est

2196 3906 2248 3963 ei
2264 3924 2368 3979 per
2388 3906 2585 3962 Omnia
2602 3907 2974 3972 Maximinus,
2994 3913 3204 3964 exutus
3221 3905 3790 3981 principem,rabidum

2197 3996 2392 4051 induit
2412 4001 2748 4069 tyrannum,
2773 3996 3090 4053 simulacra
3113 3997 3270 4068 colit,
3302 3999 3545 4073 auguria
3562 3996 3790 4054 sectatur,

2199 4083 2468 4156 impurus
2486 4085 2724 4141 conviva
2741 4090 2798 4141 et
2818 4085 3108 4153 ebriosus,
3129 4089 3412 4160 omnique
3433 4101 3629 4160 genere
3648 4082 3795 4136 disso-

2196 4174 2488 4230 lutionum
2505 4173 3013 4241 ﬂuctuans,hostis
3027 4175 3282 4232 maxime
3295 4169 3795 4233 Christianorum,et

2198 4266 2570 4336 persecutor;
2604 4263 2821 4335 quibus
2859 4262 3045 4336 ignes,
3083 4262 3358 4331 laminas,
3393 4279 3604 4327 cruces,
3628 4264 3676 4314 et
3701 4255 3794 4311 sin—

2199 4351 2352 4425 gulis
2385 4351 2666 4406 membris
2697 4350 2974 4423 specialia
3004 4351 3180 4408 infert
3209 4353 3513 4426 supplicia.
3526 4350 3686 4424 Igitur
3711 4343 3790 4399 de-

2199 4457 2325 4495 cem
2357 4439 2528 4495 annis
2559 4438 2740 4510 hujus
2769 4439 3189 4512 persecutionis
3220 4441 3531 4506 devolutis,
3553 4437 3696 4494 adest
3719 4432 3796 4486 ite-

2206 4546 2339 4584 rum
2371 4528 2567 4584 divina
2595 4529 2957 4601 providentia
2989 4529 3227 4597 nostris,
3259 4535 3318 4586 et
3347 4546 3493 4602 quos
3527 4542 3619 4600 per
3641 4523 3795 4595 ignem

2202 4619 2564 4691 probaverat,
2591 4617 2789 4674 educit
2813 4618 2884 4673 ad
2914 4618 3303 4690 refrigerium.
3338 4619 3483 4674 Nam
3503 4613 3678 4672 divina
3702 4622 3794 4662 cor-

2205 4711 2407 4780 reptus
2439 4705 2660 4763 ultione
2689 4707 2843 4763 idem
2876 4706 3250 4774 Maximinus,
3288 4706 3481 4763 subito
3502 4691 3801 4780 inﬂatus,

2202 4779 2485 4864 sceribus,
2500 4794 3342 4868 distenditur,putrefactisque
3352 4791 3698 4868 postmodum
3710 4779 3802 4838 vul-

2207 4885 2468 4952 neribus,
2504 4901 2730 4940 vermes
2761 4882 2986 4951 ebullit,
3021 4885 3379 4958 fetoremque
3428 4871 3798 4939 intolerabilem

2205 4973 2458 5031 exhalat.
