4060 6178
266 291 380 356 ,861

1161 288 1555 353 HISTORLE
1599 287 1880 353 SACRE
1921 286 2293 350 EPlTOME.
2327 314 2413 334 -θ
2433 289 2579 352 LIB.
2625 285 2785 352 VIII.

3561 291 3678 356 862

268 418 754 483 considerationis
782 421 1025 489 intuitu,
1057 425 1123 478 ut
1151 422 1388 478 daretur
1414 420 1660 496 intelligi
1693 424 1927 503 quanta
1942 421 1998 489 Α
2029 420 2220 477 simus
2266 419 2604 495 imperator,
2639 420 2959 479 Constantii
3008 439 3172 496 atque
3220 423 3675 484 moderatissimi

274 513 348 569 sit
366 510 578 584 capitis
601 515 660 567 et
681 511 1081 567 membrorum
1104 509 1405 578 connexio,
1421 515 1642 583 quanta
1669 515 1725 567 et
1740 527 1920 583 quam

275 600 525 657 indivisa
554 599 632 655 sit
671 599 884 656 Christi
938 599 1217 668 oharitas,
1247 600 1407 656 zelus
1457 601 1529 656 ad
1580 600 1922 665 Ecclesium,

270 692 411 747 dum
446 689 714 745 eamdem
747 688 925 744 iufert
943 688 1263 747 vindictam
1298 690 1772 762 persecutoribus
1793 705 1924 745 suo-

270 795 423 845 rum,
459 793 638 849 quam
670 776 762 833 sui
794 777 982 850 ipsius
1014 778 1390 851 persecutori.
1423 778 1638 849 (Euseb.
1668 780 1920 847 lib.|x,c.

266 867 322 935 9,
349 868 489 923 Hist.
513 867 680 934 Eccl.)
706 866 926 939 Itaque,
959 883 1092 922 cum
1106 868 1235 939 jam
1267 868 1721 941 desperaretura
1744 867 1926 923 modi-

268 956 371 1021 cis,
385 972 517 1011 sera
532 957 744 1011 ductus
763 955 1123 1029 poenitentia,
1145 956 1502 1013 Maximinus
1515 956 1703 1029 legem
1721 955 1926 1012 scribit

267 1048 333 1100 ut
361 1048 552 1101 cesset
577 1044 901 1116 persecutio
917 1044 1407 1114 Christianorum,
1423 1050 1481 1101 et
1496 1044 1926 1102 reaediticentur

265 1131 545 1189 εοοιθείω.
579 1134 764 1199 Tunc,
787 1132 945 1187 velut
969 1132 1091 1189 sole
1122 1133 1295 1189 terris
1327 1134 1927 1202 reddito,relaxantur

265 1238 472 1277 omnes
502 1220 679 1276 vincti
700 1237 713 1275 :
731 1225 789 1276 et
818 1237 920 1292 qui
950 1220 1213 1277 damnati
1236 1226 1403 1277 erant
1431 1240 1533 1295 per
1561 1222 1816 1288 metalla,
1834 1239 1923 1279 re-

258 1309 576 1376 vehuntur,
610 1310 1021 1366 instaurantur
1069 1309 1347 1376 ecclesiae,
1374 1312 1702 1368 sacerdotia
1751 1329 1924 1385 repa-

260 1402 488 1467 rantur,
522 1398 899 1470 stupentibus
930 1398 1251 1471 gentilibus
1283 1399 1496 1455 turmis
1544 1400 1616 1455 de
1672 1403 1837 1455 tanta
1867 1403 1925 1455 et

260 1489 387 1542 tam
408 1486 608 1542 subita
637 1504 833 1542 rerum
866 1486 1211 1543 mutatione.
1234 1488 1343 1543 Sed
1381 1487 1533 1544 hanc
1565 1504 1769 1560 pacem
1794 1488 1923 1544 red-

254 1575 451 1632 ditam
475 1574 692 1631 nostris
712 1579 956 1632 Severus
980 1576 1358 1645 Maximinus,
1385 1577 1608 1650 praefati
1622 1577 1925 1633 Maximini

260 1664 582 1738 collega,in
611 1664 866 1722 Orientis
896 1665 1163 1738 partibus
1194 1670 1370 1739 atque
1389 1666 1632 1739 .Egypto
1655 1666 1923 1739 tyranni-

259 1753 401 1810 dem
432 1769 725 1823 exercens,
756 1753 960 1810 statim
1008 1759 1143 1827 post
1186 1771 1287 1810 sex
1334 1771 1567 1811 menses
1600 1755 1921 1828 perturbat.

260 1843 526 1899 Rursum
575 1843 854 1899 adversus
888 1848 1120 1899 nostros
1152 1843 1481 1916 persecutio
1537 1844 1927 1911 instauratur,

254 1930 638 1997 concitantur
666 1930 1124 1987 simulacrorum
1156 1932 1462 2004 pontifices
1488 1932 1548 1987 in
1579 1932 1713 1988 odia
1742 1936 1799 1988 et
1831 1949 1931 1988 ne-

254 2037 395 2087 cem
427 2020 915 2076 Christianorum.
950 2020 1114 2086 Quod
1145 2024 1211 2075 ut
1241 2020 1441 2093 aliqua
1472 2021 1643 2092 justa
1708 2022 1931 2077 ratione

261 2110 537 2165 videatur
559 2109 705 2177 fieri,
721 2110 1138 2183 continguntur
1157 2114 1286 2165 acta
1312 2110 1579 2182 quaedam
1602 2110 1930 2182 vclutapud

259 2198 522 2254 Pilatum
545 2199 617 2254 de
634 2198 934 2255 Salvatore
952 2202 1155 2255 nostro
1172 2198 1393 2265 habita,
1418 2198 1476 2253 in
1502 2198 1719 2271 quibus
1739 2200 1935 2256 adver-

262 2304 378 2343 sus
392 2287 692 2343 Christum
715 2288 907 2343 omnis
924 2287 1292 2359 blasphemia
1311 2287 1716 2343 conscribitur.
1741 2289 1929 2358 (Idem,

265 2393 317 2432 c.
357 2378 416 2444 6,
443 2378 500 2444 7,
528 2378 583 2443 8,
614 2376 790 2449 ejusd.
824 2376 947 2448 lib.)
978 2378 1143 2432 Tunc
1175 2393 1414 2432 rursum
1446 2377 1601 2450 apud
1633 2379 1851 2450 Tyrum
1876 2383 1936 2434 et

276 2464 599 2521 Phoanicen
632 2464 801 2521 multi
835 2469 1126 2539 martyres
1159 2465 1491 2540 agonizant,
1527 2470 1584 2523 et
1614 2484 1716 2540 per
1749 2466 1936 2522 multa

266 2553 394 2610 alia
415 2553 557 2610 loca.
572 2554 750 2610 Addit
765 2571 998 2627 quoque
1023 2555 1295 2628 praefatus
1309 2555 1558 2611 Severus
1581 2556 1934 2612 Maximinus

270 2642 568 2715 impietati
585 2660 724 2713 sum,
741 2644 898 2716 quod
920 2644 993 2700 ad
1002 2660 1231 2699 versum
1250 2648 1483 2700 nostras
1499 2643 1658 2717 leges
1674 2644 1840 2701 aereis
1856 2649 1932 2701 ta-

275 2730 442 2788 bulis
472 2730 694 2800 scribit,
728 2736 1011 2805 tanquam
1063 2733 1122 2787 in
1173 2736 1457 2788 azternum
1508 2750 1843 2799 mansuras,
1875 2733 1935 2789 in

271 2820 501 2894 quibus
529 2819 708 2894 impie
736 2823 794 2875 et
823 2821 1072 2893 superbe
1094 2823 1679 2894 commemoratquod
1695 2840 1763 2879 ex
1781 2821 1940 2877 Chri-

268 2908 608 2966 stianorum
639 2909 1044 2981 persecutione
1075 2913 1229 2966 esset
1258 2910 1569 2982 temperies
1595 2914 1652 2966 et
1674 2915 1839 2967 terra:
1865 2912 1942 2967 fe-

261 2998 544 3055 cunditas
600 2997 1018 3054 abundantior.
1074 2999 1317 3071 (Niceph.
1371 3000 1469 3056 lib.
1500 3016 1601 3067 vn,
1633 3017 1681 3055 ο.
1722 3000 1814 3068 21,
1846 3004 1942 3086 22,

258 3089 359 3153 23,
393 3103 517 3143 cum
544 3087 679 3160 seq.)
710 3087 823 3143 Sed
856 3086 949 3143 his
985 3087 1259 3160 superbis
1289 3088 1520 3161 legibus
1553 3089 1755 3146 statim
1798 3107 1945 3147 con—

2032 509 2429 583 principis,de
2458 527 2572 583 quo
2598 511 2769 584 paulo
2801 515 2934 569 ante
2957 511 3430 583 memoravimus,
3445 514 3602 572 filius
3623 520 3681 572 et

2031 598 2232 669 haeres,
2269 600 2599 655 Romanum
2632 600 2854 657 obtinet
2879 600 3215 673 imperium.
3248 602 3351 657 Hic
3380 602 3441 658 in
3479 605 3681 661 obser-

2031 688 2231 744 vantia
2261 688 2561 761 religionis
2574 705 2778 745 omnes
2805 693 2939 747 ante
2960 706 3023 746 se
3045 689 3425 762 imperatores
3446 706 3683 765 exsupe-

2032 783 2142 833 rat.
2178 777 2302 843 Hic,
2337 777 2564 833 ultimis
2606 778 3081 851 persecutionum
3132 780 3496 853 temporibus
3545 782 3680 849 fere,

2033 884 2168 922 cum
2199 866 2370 923 vellet
2401 871 2554 923 Deus
2583 867 2955 940 repropitiari
2979 854 3198 925 sanctis
3232 868 3377 937 suis,
3414 873 3470 925 et
3498 869 3688 926 Eccle-

2032 955 2182 1012 siam
2205 972 2375 1012 suam
2396 955 2717 1029 tranquilla
2739 956 2900 1029 pacis
2921 956 3213 1014 soliditate
3231 957 3511 1027 stabilire,
3526 959 3687 1016 Chri-

2034 1045 2264 1101 stianus
2294 1044 2555 1113 effectus,
2588 1043 2888 1100 licentiam
2917 1046 3019 1101 dat
3048 1044 3396 1101 Christianis
3440 1048 3688 1105 concilia

2032 1134 2214 1190 libere
2244 1133 2692 1207 congregare,'et
2713 1134 2999 1190 azdiﬁcare
3020 1133 3483 1207 ecclesias,quas
3495 1136 3688 1209 etipse

2033 1223 2318 1296 plurimas
2331 1221 2798 1289 constituerat,et
2809 1222 3542 1296 plurimalargitur,divino
3556 1241 3685 1282 com

2033 1311 2296 1368 monitus
2328 1310 2571 1384 Spiritu,
2600 1315 2656 1367 et
2680 1311 2790 1367 hoc
2812 1311 3025 1369 caalestl
3058 1300 3689 1371 miraculo.Cumesset

2034 1405 2406 1474 pugnaturus
2438 1404 2644 1455 contra
2687 1400 3046 1456 Maxentium
3078 1402 3241 1457 urbis
3273 1403 3467 1458 Romae
3498 1407 3689 1476 tyran-

2041 1508 2207 1557 num,
2239 1495 2296 1546 et
2315 1490 2451 1546 inde
2481 1489 2750 1546 divinum
2779 1490 3065 1546 auxilium
3096 1491 3523 1563 deprecaretur,
3545 1492 3690 1549 vidit

2033 1583 2197 1635 nocte
2224 1596 2607 1652 persoporem
2640 1578 3210 1653 signumigneumin
3244 1579 3480 1650 ccslo,et
3495 1585 3686 1639 astare

2036 1667 2310 1740 angelum
2341 1667 2631 1723 dicentem
2648 1684 2661 1723 :
2678 1668 3079 1736 Constantine,
3097 1670 3158 1723 in
3180 1667 3281 1724 hoc
3307 1670 3461 1741 signo
3482 1671 3683 1726 vinces.
3740 1704 3745 1709 -

2039 1755 2241 1828 Itaque
2273 1772 2407 1811 cum
2437 1755 2546 1811 hoc
2579 1754 2743 1826 signo
2775 1755 2833 1810 in
2866 1754 3145 1812 militaria
3170 1756 3376 1813 vexilla
3406 1759 3685 1815 transfor-

2041 1850 2200 1901 mato
2232 1843 2489 1917 procedit
2521 1844 2592 1900 ad
2623 1843 3156 1917 bellum,idemque
3187 1845 3423 1919 signum
3455 1863 3525 1903 ex
3546 1864 3687 1928 auro

2042 1933 2425 1990 fabrefactum
2440 1934 2674 1989 dextera
2696 1950 2872 1988 manu
2888 1950 2997 1989 sua
3021 1937 3281 2007 gestans,
3300 1938 3355 1990 et
3372 1936 3688 2008 deprecans

2040 2023 2246 2089 Deum,
2281 2027 2346 2078 ut
2375 2022 2424 2078 si
2456 2021 2578 2077 llori
2610 2025 2827 2095 posset,
2853 2021 3013 2077 illam
3040 2023 3335 2078 dexteram
3369 2040 3539 2079 suam
3571 2042 3687 2081 non

2041 2112 2257 2168 sineret
2287 2112 2548 2167 Romano
2580 2111 2865 2184 sanguine
2897 2109 3175 2166 maculari
3206 2129 3218 2179 ;
3253 2114 3606 2184 praestatque
3636 2112 3689 2169 ei

2044 2205 2216 2268 Deus,
2229 2199 2710 2272 Maxentiumque
2722 2204 3033 2273 tyrannum
3047 2242 3058 2265 ,
3073 2200 3344 2273 congredi
3361 2205 3686 2273 parantem,

2042 2307 2174 2347 cum
2200 2289 2490 2345 universis
2507 2288 2751 2344 navibus
2770 2287 2986 2360 quibus
3009 2289 3255 2345 fluvium
3278 2294 3581 2357 straverat,
3597 2291 3692 2346 de-

2044 2378 2330 2452 mergitin
2359 2378 2919 2451 profundum.Tunc
2943 2381 3184 2434 senatus
3202 2370 3691 2452 populusqueRo-

2043 2484 2277 2534 manus,
2309 2466 2613 2541 tyrannica
2640 2470 2801 2538 peste
2849 2464 3101 2539 liberati,
3135 2465 3583 2523 Constantinum
3626 2471 3690 2523 ut

2045 2574 2162 2613 sua:
2197 2555 2479 2611 libertatis
2510 2554 2909 2611 restitutorem
2946 2555 3266 2627 excipiunt,
3287 2556 3688 2629 faciuntqueei

2043 2645 2361 2718 imaginem
2395 2646 2467 2700 ob
2498 2644 2778 2699 honorem
2825 2642 3133 2715 triumphi.
3170 2643 3232 2699 In
3281 2645 3450 2715 cujus
3491 2646 3693 2701 dextra

2047 2735 2203 2791 idem
2254 2733 2574 2807 imperator
2621 2732 2857 2805 signum
2902 2731 3091 2788 crucis
3135 2732 3371 2805 depingi
3412 2733 3601 2804 jubet,
3635 2737 3692 2789 et

2048 2824 2250 2880 subter
2279 2820 2489 2878 ascribi
2521 2822 2701 2892 hujus
2719 2819 2932 2876 virtute
2963 2820 3173 2876 Urbem
3205 2821 3539 2876 restitutam
3562 2838 3691 2877 esse

2048 2911 2321 2968 libertati.
2355 2911 2520 2967 Tunc
2546 2909 2734 2984 legem
2765 2909 2989 2976 scribit,
3011 2909 3382 2981 conspirante
3413 2909 3587 2966 etiam
3605 2926 3692 2966 se-

2050 3018 2183 3058 cum
2212 3000 2273 3056 in
2304 3000 2412 3056 hoc
2432 2999 2672 3067 Licinio,
2704 2997 2922 3055 sororis
2953 3016 3068 3054 suae
3095 2997 3438 3054 Constantia
3468 2998 3611 3068 viro,
3634 3003 3691 3054 et

2053 3093 2319 3147 consorte
2339 3089 2525 3162 regni,
2542 3092 2605 3143 ut
2618 3088 2689 3142 ab
2704 3085 2990 3143 universis
3003 3086 3229 3142 colatur
3244 3087 3397 3143 Deus
3409 3086 3689 3143 Christia-

263 3175 584 3233 tradicitur
607 3192 641 3230 a
668 3175 883 3243 Deo,et
909 3192 1003 3232 res
1027 3180 1333 3231 vertuntur
1361 3176 1420 3232 in
1454 3177 1835 3248 contrarium,
1867 3182 1925 3236 et
1954 3163 1997 3230 Ο
2035 3195 2267 3247 norum,
2284 3176 2385 3250 qui
2417 3176 2529 3231 sibi
2561 3175 2867 3231 victoriam
2899 3173 3060 3230 dedit
3090 3174 3302 3231 etUrbi
3334 3174 3684 3245 libertatem;

263 3281 380 3339 pro
406 3265 533 3337 ipsa
562 3268 896 3321 nostrorum
929 3265 1332 3337 persecutione
1364 3283 1498 3323 mox
1527 3268 1791 3325 restricto
1810 3268 1921 3324 im-

261 3352 480 3419 bribus
508 3352 671 3422 ccelo,
693 3356 750 3409 et
780 3353 933 3409 facta
958 3353 1313 3410 intolerabili
1336 3354 1825 3424 ariditate,fames
1842 3356 1922 3412 ibi

266 3442 403 3499 dira
434 3446 739 3516 grassatur
756 3461 780 3507 ,-
809 3441 959 3499 aeris
991 3442 1224 3515 quoque
1254 3444 1569 3516 temperies
1607 3444 1666 3500 in
1698 3448 1923 3501 tantam

262 3530 520 3588 vertitur
548 3532 1005 3604 corruptionem,
1022 3536 1088 3588 ut
1108 3532 1370 3588 humana
1389 3549 1632 3606 corpora
1648 3533 1922 3606 pessimis

267 3619 574 3676 ulceribus
594 3618 1019 3689 intumescant;
1038 3637 1166 3693 qua:
1185 3619 1339 3693 ignis
1356 3638 1521 3679 sacer
1532 3622 1922 3695 appellantur.

269 3707 462 3782 Igitur
476 3708 604 3763 duae
625 3707 999 3766 validissimae
1024 3713 1216 3782 pestes
1236 3714 1295 3766 et
1313 3708 1439 3766 lues
1468 3710 1750 3783 populum
1762 3712 1927 3768 deva-

270 3800 462 3863 stant,
494 3812 630 3852 cum
661 3800 879 3868 tamen,
901 3798 1056 3869 quod
1087 3796 1526 3866 mirabiles,nec
1556 3800 1741 3856 fames
1755 3802 1813 3855 in
1827 3800 1927 3856 ali-

270 3902 415 3958 quo,
430 3901 538 3942 nec
552 3883 682 3943 lues
696 3886 916 3942 nostris
928 3885 1349 3943 dominaretur.
1370 3886 1532 3943 Unde
1547 3890 1925 3961 postmodum

269 3975 346 4031 ab
380 3973 658 4031 omnibus
684 3974 1014 4031 Christiana
1041 3974 1243 4049 religio
1273 3992 1407 4031 vera
1438 3980 1495 4032 et
1524 3977 1778 4048 perfecta
1798 3994 1927 4034 esse

269 4062 650 4130 inclamatur,
665 4063 997 4136 petiturque
1010 4081 1045 4120 a
1056 4064 1273 4120 nostris
1285 4063 1616 4121 subsidium
1638 4064 1926 4122 alimonia:

271 4156 331 4208 et
349 4151 655 4209 orationis.
670 4152 848 4209 Addit
864 4170 1096 4226 quoque
1108 4153 1262 4209 Deus
1280 4153 1594 4211 Maximino
1608 4153 1929 4226 hancjusta

272 4239 663 4298 retributione
694 4242 1134 4298 confusionem:
1170 4241 1454 4299 rebellant
1481 4240 1742 4298 Armenii
1763 4242 1927 4315 prius

272 4328 451 4386 amici
482 4332 901 4399 Romanorum,
918 4334 1153 4404 propter
1169 4330 1391 4388 nefaria
1407 4331 1535 4403 ejus
1557 4331 1772 4401 edicta;
1789 4349 1930 4404 quo-

260 4434 414 4485 'rum
446 4417 506 4474 in
537 4417 689 4475 bello
719 4422 776 4475 et
808 4418 933 4492 ipse
962 4420 1215 4493 turpiter
1253 4420 1507 4493 fugatur,
1541 4424 1599 4477 et
1645 4420 1930 4478 exercitus

2032 3283 2209 3340 quam
2240 3265 2427 3339 legem
2458 3269 2514 3321 et
2544 3280 2731 3336 usque
2748 3264 2820 3319 ad
2842 3263 3095 3320 Orientis
3119 3268 3316 3337 partes
3332 3263 3568 3335 emittit,
3585 3265 3687 3320 ubi

2030 3354 2224 3411 adhuc
2237 3354 2529 3410 ferbuerat
2544 3352 2894 3426 persecutio.
2910 3352 3073 3408 Tunc
3098 3352 3357 3425 apertius
3378 3350 3687 3427 indulgen-

2030 3443 2115 3499 tia
2141 3442 2387 3515 legitimi
2420 3439 2703 3514 principis
2736 3440 3044 3497 manifeste
3076 3444 3266 3498 status
3294 3440 3687 3499 Ecclesiarum

2032 3532 2283 3605 reperari
2316 3529 2539 3603 incipit,
2575 3529 2817 3585 verbum
2850 3533 2907 3584 et
2935 3529 3209 3585 doctrina
3246 3529 3464 3585 Christi
3510 3529 3691 3587 libere

2033 3624 2407 3696 prepagatur,
2467 3619 2835 3675 celebrantur
2913 3618 3287 3689 festivitates,
3339 3619 3692 3675 conveniunt

2034 3710 2309 3783 episcopi,
2343 3707 2595 3764 ecclesia:
2628 3708 3401 3780 dedicantur,persecutores
3430 3724 3685 3781 quoque,

2034 3816 2137 3872 per
2165 3815 2313 3870 quos
2344 3796 2696 3853 Maximinus
2724 3795 3042 3868 impietatis
3057 3796 3688 3870 fomentaconceperat,

2027 3887 2210 3959 juben
2219 3891 2274 3942 te
2286 3884 2565 3959 principe,
2582 3884 2887 3958 suppliciis
2899 3886 3336 3953 excruciantur;
3352 3885 3541 3959 ipsius
3557 3902 3690 3942 vero

2035 3974 2267 4049 tyranni
2298 3974 2583 4045 imagines
2614 3972 2859 4046 sculpta:
2889 3972 2978 4028 vel
3015 3973 3181 4045 picta:
3212 3973 3561 4045 praecipitari
3586 3975 3691 4045 ju-

2035 4064 2270 4133 hentur,
2301 4062 2387 4118 vel
2428 4066 2554 4116 atro
2600 4062 2835 4126 fuscari,
2871 4064 2973 4115 aut
3006 4060 3299 4116 coloribus
3344 4061 3687 4118 oblitterari.

2036 4154 2186 4210 Dum.
2218 4167 2352 4225 ergo
2385 4150 2469 4206 sic
2501 4148 2728 4221 proﬁcit
2756 4148 3013 4204 Ecclesia
3044 4149 3199 4220 apud
3225 4153 3408 4205 Deum
3428 4154 3484 4206 et
3506 4150 3694 4206 homi-

2038 4259 2163 4308 nes,
2197 4244 2254 4297 et
2283 4239 2451 4313 quasi
2485 4237 2752 4311 quaedam
2786 4236 2981 4309 imago
3003 4235 3329 4292 caelestium
3358 4237 3606 4293 habetur
3628 4238 3687 4294 in

2036 4329 2231 4399 terris,
2247 4328 2523 4402 praafatus
2544 4324 2825 4396 Licinius,
2840 4326 3103 4399 Augusto
3116 4324 3384 4382 invidens
3399 4326 3689 4382 Constan-

2036 4421 2181 4489 tino,
2216 4418 2371 4492 quod
2404 4416 2476 4472 ob
2510 4414 2826 4471 maximam
2854 4413 3197 4487 religionem
3229 4414 3285 4469 in
3318 4415 3690 4471 veneratione

273 4505 503 4562 interiit
525 4523 664 4563 ense
693 4508 882 4578 (Idem,
913 4525 959 4564 c.
991 4509 1373 4582 31,39,ejusd.
1398 4510 1520 4579 lib.)
1546 4510 1708 4565 Tunc
1737 4526 1928 4567 sacer-
1960 4532 2008 4598 D
2038 4514 2194 4568 esset
2214 4506 2588 4598 omnibus,et_
2610 4504 2862 4559 maxime
2885 4501 3252 4598 Christianis,
3269 4503 3530 4598 occultas
3543 4502 3688 4598 insi-

275 4595 447 4652 dotes
477 4595 721 4652 deorum
747 4614 1014 4669 suorum,
1036 4603 1093 4655 et
1107 4597 1620 4672 divinos,quorum
1634 4598 1930 4672 responsis
1960 4592 1999 4598 _
2041 4600 2168 4655 dias
2200 4596 2461 4652 molitur.
2481 4593 2838 4661 Sed,carens
2867 4593 3095 4660 effectu,
3114 4609 3247 4647 mox
3278 4596 3544 4665 apertum
3566 4592 3689 4649 bel-

276 4682 437 4740 bella
466 4685 1008 4755 moveraLinterfici
1033 4687 1208 4759 jubet
1238 4691 1520 4761 tanquam
1552 4687 1933 4756 fallaces.Qui
2042 4689 2166 4744 lum
2198 4686 2423 4751 indicit,
2457 4682 2819 4739 Christianos
2846 4698 3016 4738 versa
3044 4681 3170 4738 vice
3200 4682 3591 4755 persequitur,
3610 4686 3685 4751 et,

276 4777 337 4829 et
362 4772 603 4829 demum
632 4774 958 4832 vehementi
976 4776 1342 4851 aegritudine,
1360 4775 1728 4833 etdoloribus
1749 4777 1933 4834 inter-
2042 4794 2191 4833 nova
2219 4779 2276 4832 et
2300 4772 2563 4830 inaudita
2593 4770 2955 4836 crudelitate,
2978 4768 3177 4827 missis
3208 4769 3266 4825 in
3298 4785 3589 4825 carcerem
3606 4769 3685 4825 ci-

276 4877 495 4919 nerum
525 4862 815 4920 viscerum
846 4869 1167 4939 correptus,
1200 4864 1437 4921 amissis
1470 4881 1703 4938 quoque
1726 4868 1930 4924 morbo
2041 4867 2183 4922 bum
2210 4868 2269 4920 et
2300 4866 2502 4936 potum
2554 4858 2852 4916 interdicit
2885 4876 2898 4914 :
2933 4857 3315 4929 nolentesque
3361 4857 3688 4914 sacriﬁcare

279 4949 634 5020 luminibus,
665 4957 724 5008 et
753 4956 890 5009 tunc
923 4955 1112 5028 magis
1133 4954 1275 5027 quid
1308 4953 1591 5011 adversus
1629 4954 1927 5012 Christum
2035 4955 2199 5012 novis
2229 4970 2296 5009 ac
2333 4949 2725 5007 monstruosis
2746 4946 3085 5005 excrucians
3135 4945 3474 5019 suppliciis,
3506 4946 3688 5003 tradit

277 5038 645 5096 commiserit
673 5041 899 5113 videns,
930 5042 1160 5100 vivendi
1191 5043 1370 5099 finem
1410 5042 1567 5110 facit,
1595 5041 1715 5100 lata
1761 5044 1929 5117 prius
2038 5042 2395 5101 lanionibus.
2430 5044 2497 5095 ut
2526 5054 2836 5111 porcorum
2869 5052 3030 5092 more
3063 5039 3476 5109 suspensos,et
3491 5035 3687 5092 caudi-

276 5124 408 5200 lege
436 5144 541 5201 pro
570 5127 914 5187 liberatione
942 5131 1430 5189 Christianorum.
2041 5134 2208 5191 cibus
2240 5126 2901 5203 superpositos,caedant
2929 5125 2988 5179 in
3021 5125 3257 5193 frustra,
3272 5130 3328 5181 et
3348 5124 3409 5180 in
3439 5141 3598 5181 mare
3612 5126 3684 5181 ad

957 5238 1142 5278 CAPUT
1178 5238 1254 5277 iv.
2041 5220 2323 5297 pabulum
2338 5216 2600 5291 piscibus
2618 5215 2949 5288 projiciant.
2964 5213 3177 5270 Missos
3197 5231 3328 5270 vero
3341 5214 3399 5270 in
3414 5204 3685 5270 exsilium

2040 5308 2318 5386 legitimis
2346 5305 2624 5361 uxoribus
2645 5302 2873 5375 spoliat,
2898 5319 2964 5358 ac
2987 5302 3689 5375 suis(a)satellitibusjun-

2040 5400 2290 5476 git.Jam
2320 5413 2453 5453 vero
2485 5393 2760 5451 ecclesias
2792 5390 3243 5466 fidelium,quas
3273 5393 3437 5466 prius
3464 5390 3684 5449 exstrui

705 5308 782 5364 De
807 5309 1159 5367 Constantino
1184 5312 1524 5383 imperatore.

352 5397 463 5450 Per
483 5392 637 5451 idem
656 5399 889 5472 tempus
901 5400 1159 5457 exoritur
1178 5398 1596 5456 Constantinus
1618 5397 1932 5473 religiosis-

357 5571 435 5646 (α)
458 5572 711 5631 Subaudi
740 5591 858 5633 eas.
