4060 6178
244 366 370 428 B73

1192 365 1589 428 HISTORLE
1629 363 1912 426 SACRE
1953 363 2326 427 EPl’l‘OME.
2359 398 2437 415 -ρ-
2465 362 2616 428 LIB.
2645 360 2720 427 Χ.

3542 350 3667 431 ἓτί

254 499 598 567 celebratur,
630 496 692 555 in
723 515 845 571 qua
886 514 1094 556 omnes
1122 498 1376 555 heretici
1416 498 1903 555 condemnentur.
1930 495 1991 566 Α
2019 500 2136 565 tur,
2192 498 2518 572 gentilibus
2574 516 2679 572 pro
2728 501 2889 556 certo
2930 498 3352 569 asserentibus,
3402 500 3558 573 quod
3611 499 3668 561 Si

254 591 413 646 Tunc
443 588 755 655 Martinus,
788 589 1236 658 Turouicorum,
1269 587 1465 645 Gallia
1494 586 1766 657 civitatis,
1790 586 1908 659 epi-

252 694 481 751 scopus,
514 675 720 733 multis
766 677 1188 734 miraculorum
1239 676 1425 751 signis
1454 676 1709 751 effulget.
1741 677 1905 735 Tunc

250 767 638 840 Hieronymus
668 768 970 840 presbyter
998 767 1059 823 in
1090 765 1589 846 Bethlehem,i_mo
1620 769 1736 823 toto
1766 763 1904 823 orbe

248 856 440 913 clarus
460 856 744 925 habetur;
764 857 834 913 de
856 874 971 929 quo
994 874 1109 913 non
1132 857 1259 912 sine
1280 871 1496 928 magna
1516 853 1902 911 admiratione

246 945 525 1018 suspicio,
561 962 741 1018 quare
788 946 848 1001 in
897 945 1007 1001 hac
1049 944 1327 1001 historica
1355 945 1686 1002 narratione
1710 958 1749 1003 ιι
1779 944 1902 1001 Ru-

246 1037 363 1091 ﬁno
381 1033 814 1107 praetermissus
829 1038 918 1090 est
932 1033 1222 1107 insigniri,
1238 1033 1492 1089 maxime
1509 1050 1643 1089 cum
1667 1036 1900 1088 caeteros

246 1122 507 1180 illustres
526 1122 704 1190 viros,
731 1126 787 1178 et
808 1126 1328 1196 contemperaneos
1345 1139 1489 1180 suos
1511 1119 1903 1180 nobilitaverit

243 1211 498 1285 eloquio,
532 1212 634 1285 qui
664 1211 753 1270 vel
784 1211 1039 1284 impares
1068 1211 1120 1273 ei
1148 1214 1384 1279 fuerunt
1412 1210 1679 1279 scientia,
1707 1209 1816 1278 vel,
1850 1208 1901 1264 si

241 1316 414 1374 pares
445 1305 547 1357 aut
572 1301 922 1373 superiores,
939 1306 1091 1357 certe
1119 1301 1458 1358 omnimodo
1487 1301 1685 1356 minus
1720 1297 1896 1354 utiles

238 1390 536 1446 Ecclesiis.
569 1390 857 1446 Fortassis
889 1389 1005 1464 egit
1035 1389 1143 1446 hoc
1182 1391 1431 1446 Ruﬁnus
1477 1387 1789 1458 industria,
1822 1404 1896 1443 ne

236 1480 531 1536 videretur
579 1477 858 1550 injuriam
908 1478 993 1534 illi
1039 1477 1236 1535 libello
1284 1479 1489 1547 facere,
1522 1494 1698 1550 quem
1736 1477 1893 1532 idem

234 1570 444 1626 beatus
477 1569 865 1641 Hieronymus
896 1569 1101 1624 scribit
1128 1570 1198 1625 de
1226 1569 1368 1626 viris
1406 1568 1757 1636 illustribus,
1791 1567 1893 1624 ubi

233 1660 396 1715 etde
440 1658 634 1732 seipse
672 1658 809 1714 facit
858 1659 917 1714 in
966 1658 1194 1715 ultimis
1243 1657 1622 1715 mentionem.
1672 1657 1894 1713 Dicitur

231 1749 412 1805 etiam
434 1749 589 1821 quod
607 1747 945 1804 inimicitias
962 1749 1113 1804 inter
1125 1765 1190 1805 se
1201 1747 1517 1820 aliquando
1532 1747 1887 1817 habuerunt,

229 1843 284 1936 et
314 1838 508 1936 (sitas
538 1841 628 1893 est
657 1837 770 1893 dici
802 1838 872 1893 de
899 1841 1019 1892 tam
1053 1837 1274 1936 sanctis
1303 1842 1359 1893 et
1390 1836 1887 1936 prudentibus-vi-
1921 1871 1967 1936 Β

228 1926 332 1999 ris)
366 1926 626 1999 obliquis
656 1943 719 1983 se
748 1940 1051 1999 respexere
1100 1926 1383 1994 vultibus,
1414 1929 1472 1983 et
1516 1925 1893 1987 sermonibus

229 2020 546 2083 notavere;
578 2015 735 2071 unde
785 2015 1026 2071 forsitan
1059 2033 1093 2071 a
1121 2015 1288 2072 beato
1338 2015 1684 2089 Hieronymo
1731 2015 1887 2070 hunc

226 2121 569 2162 sermonem
599 2103 946 2160 historicum
981 2103 1321 2177 obliquavit.
1357 2104 1487 2161 Sive
1529 2108 1724 2160 autem
1754 2112 1885 2176 pro-

222 2198 361 2267 pter
388 2194 518 2259 hoc,
552 2194 672 2250 sive
702 2197 941 2267 propter
974 2192 1121 2249 illud
1170 2192 1451 2261 omiserit,
1484 2193 1700 2262 nescio,
1733 2193 1888 2257 Deus

222 2285 341 2340 scit
378 2301 391 2338 :
426 2299 610 2339 unum
645 2283 785 2351 scio,
835 2283 974 2355 quia
1021 2282 1556 2355 praetermittendus
1594 2298 1711 2337 non
1740 2287 1885 2338 erat.

223 2372 395 2428 Unde
424 2389 583 2428 nunc
616 2372 891 2428 idoneum
923 2372 1058 2427 duxi
1091 2372 1274 2427 vicem
1302 2371 1573 2445 supplere
1595 2371 1812 2435 Ruﬁni,
1832 2376 1889 2427 et

220 2465 459 2517 tantum
490 2461 647 2517 hunc
689 2460 880 2517 virum
924 2460 1181 2519 inserere
1228 2460 1571 2527 narrationi,
1602 2465 1684 2529 ut,
1717 2460 1885 2533 quasi

220 2550 486 2624 quodam
522 2567 703 2606 cornu
726 2566 901 2606 aureo
924 2549 1194 2606 mutilata
1213 2549 1482 2619 historia,
1499 2549 1680 2621 hujus
1700 2550 1885 2605 inser-

219 2639 387 2695 tione
411 2640 777 2695 reformetur.
811 2637 1014 2710 Itaque
1044 2656 1112 2695 ea
1141 2656 1267 2711 quae
1319 2638 1570 2711 sparsim
1601 2637 1671 2694 de
1701 2654 1766 2694 eo
1797 2637 1883 2693 di-

219 2733 384 2785 ctata
412 2728 620 2800 reperi,
656 2727 1115 2800 suffragantibus
1145 2729 1274 2800 ejus
1321 2727 1547 2785 meritis
1592 2726 1652 2782 in
1698 2744 1883 2782 unum

219 2817 503 2890 colligere
522 2817 774 2874 breviter
804 2817 1071 2890 dispono.
1092 2818 1203 2874 Sed
1218 2819 1345 2889 jam
1368 2817 1440 2873 ad
1463 2817 1767 2872 historiam
1793 2832 1882 2872 re-

217 2909 544 2963 vertamur.
571 2906 796 2963 Interea
822 2906 1185 2964 Theodosius
1216 2907 1349 2979 pius
1380 2907 1696 2980 imperator
1724 2923 1881 2962 com-

220 3012 472 3053 munem
500 3013 562 3052 se
582 2995 847 3068 praebens
870 2996 1272 3053 sacerdotibus
1293 2995 1417 3069 Dei,
1440 2996 1741 3052 exstinctis
1753 2997 1880 3067 jam

220 3084 542 3152 haereticis,
572 3086 804 3158 in‘pace
835 3089 890 3141 et
915 3085 1108 3156 quiete
1149 3101 1362 3158 magna
1391 3085 1539 3159 regit
1568 3084 1877 3141 Ecclesias.

220 3176 421 3247 (Idem,
452 3174 542 3245 33,
574 3174 641 3250 34
691 3173 862 3247 ejusd.
913 3174 1034 3246 lib.)
1084 3174 1247 3230 Tunc
1288 3173 1446 3231 idola
1493 3173 1725 3247 penitus
1777 3174 1879 3230 de-

221 3239 835 3336 struuntur,ltempla
872 3239 1178 3336 gentilium
1218 3239 1654 3320 subvertuntur.
1714 3265 1879 3320 Tunc
1910 3239 1952 3306 (ἶ

219 3354 387 3426 apud
398 3352 806 3409 Alexandriam
821 3352 1323 3426 ingenstemplum
1339 3353 1572 3426 Serapis
1587 3353 1698 3427 deji
1707 3353 1880 3423 citur,

221 3444 275 3500 in
301 3459 431 3519 quo
453 3447 573 3499 tam
594 3447 824 3499 vastum
858 3447 982 3499 erat
1012 3443 1198 3515 ipsius
1219 3442 1450 3516 Serapis
1472 3442 1880 3513 simulacrum,

222 3537 284 3588 ut
305 3520 554 3588 dextera
574 3547 757 3587 unum
780 3530 1335 3604 parietem,alterum
1357 3530 1498 3588 laeva
1527 3532 1881 3605 perstringe-

221 3625 345 3691 ret;
384 3622 539 3695 quod
582 3624 912 3677 monstrum
945 3636 1012 3677 ex
1043 3621 1201 3676 omni
1249 3636 1458 3693 genere
1489 3620 1880 3688 metallorum,

222 3712 658 3785 signorumque
686 3710 1077 3783 compositum
1128 3709 1441 3765 ferebatur.
1492 3709 1609 3765 Hoc
1659 3710 1881 3766 idolum

222 3798 503 3855 dicebant
521 3798 757 3855 statutis
775 3799 982 3875 diebus
1001 3797 1242 3855 salutari
1261 3815 1294 3853 a
1310 3798 1450 3867 sole,
1467 3799 1742 3870 quoniam
1762 3802 1885 3855 arte

122 3951 137 3956 ,
222 3893 354 3946 erat
389 3888 880 3961 compositum,ut
909 3905 1013 3965 per
1042 3888 1354 3945 fenestram
1383 3887 1655 3963 exiguam
1686 3887 1889 3943 radius

225 3977 378 4034 solis
391 3976 742 4046 directus,os
754 3978 1114 4050 ctlabiaejus
1129 3974 1891 4050 populoinspcctanteillus-

223 4069 433 4124 traret.
450 4066 563 4123 Sed
586 4071 643 4123 et
662 4067 722 4122 in
740 4067 941 4123 eodem
963 4065 1176 4139 templo
1198 4066 1434 4139 signum
1458 4064 1600 4122 solis
1621 4082 1690 4121 ex
1710 4065 1892 4123 subti-

226 4155 466 4213 lissimo
516 4155 667 4212 ferro
711 4155 1081 4225 fabricatum,
1116 4158 1386 4229 magnete
1415 4154 1607 4227 lapide
1638 4155 1891 4229 desuper

224 4243 611 4318 laquearibus
627 4244 825 4314 infixo,
842 4244 1152 4317 ipsumque
1166 4243 1534 4300 trahentibus
1553 4245 1891 4301 movebatur

227 4331 533 4402 deorsum,
549 4340 605 4390 et
625 4338 907 4406 tauquam
930 4335 1002 4391 ad
1025 4333 1403 4391 salutandum
1426 4332 1689 4406 Serapim
1712 4333 1890 4392 altius
1914 4340 1915 4343 “

227 4421 590 4480 elevabatur.
615 4424 727 4480 Sed
758 4439 893 4479 cum
926 4424 997 4480 ad
1028 4422 1484 4480 subvertendum
1513 4421 1622 4479 hoc
1653 4422 1890 4481 simula—
1938 4485 1947 4489 _

229 4528 402 4570 crum
434 4513 621 4570 nostri
646 4513 1038 4587 insurgerent,
1061 4511 1368 4588 paululum
1389 4512 1576 4591 territi
1597 4514 1893 4573 retardan-
1921 4501 1977 4570 θ’

562 5801 1091 5871 PATROL.CXVIII.

2014 586 2276 643 humana
2331 604 2544 645 manus
2600 587 2743 645 illud
2792 588 3100 662 tetigisset,
3150 592 3305 644 terra
3359 588 3665 646 dehiscens

2011 673 2168 733 illico
2197 676 2521 734 solveretur
2548 677 2606 733 in
2639 678 2837 746 chaos,
2864 677 3190 751 coelumque
3222 680 3417 734 rueret
3443 676 3502 733 in
3523 694 3666 751 pra:-

2013 781 2169 837 ceps.
2205 767 2354 822 Tum
2397 783 2545 823 ecce;
2577 783 2732 823 unus
2775 784 2843 823 ex
2882 766 3191 836 militibus,
3221 766 3337 823 ﬁde
3366 764 3666 824 concales-

2011 870 2170 922 cens,
2203 859 2528 929 correptam
2560 856 2870 930 bipennem
2905 854 3153 913 maxilla
3180 856 3523 913 veteratoris
3553 854 3664 913 illi-

2010 943 2132 1000 dit:
2184 960 2290 1001 nec
2320 944 2533 1001 ccslum
2563 950 2761 1002 tamen
2791 944 2930 1014 ruit,
2962 961 3068 1002 nec
3095 948 3252 1002 terra
3282 944 3657 1002 distenditur.

2009 1032 2247 1103 Exinde,
2273 1033 2402 1091 aliis
2431 1035 2845 1107 adjuvantibus
2877 1036 2948 1091 ad
2979 1034 3343 1102 caedendum,
3368 1050 3542 1091 senex
3569 1051 3661 1093 ve-

2008 1124 2278 1178 ternosus
2325 1122 2695 1193 distlahitur,
2741 1128 2800 1201 et
2849 1122 2908 1179 in
2953 1126 3274 1199 conspectu
3312 1121 3656 1181 clericorum

2005 1208 2364 1269 Alexandriae
2412 1214 2695 1271 exuritur.
2730 1212 2832 1279 Hic
2876 1208 3110 1286 Serapis
3152 1209 3288 1275 ﬁnis
3318 1211 3448 1283 fuit,
3479 1228 3657 1284 quem

2006 1297 2099 1354 alii
2129 1300 2330 1356 Jovem
2360 1306 2588 1373 putant,
2623 1301 2720 1357 alii
2768 1301 3042 1359 virtutem
3089 1300 3203 1373 Nili
3241 1300 3523 1368 fluminis,
3555 1299 3659 1358 alii

2002 1404 2198 1461 regem
2230 1391 2458 1464 [Egypti
2486 1391 2682 1464 Apim,
2701 1390 2795 1447 alii
2820 1391 2879 1447 in
2910 1391 3191 1448 honorem
3223 1389 3408 1446 nostri
3436 1389 3654 1463 Joseph

2004 1476 2318 1534 formatum
2341 1485 2613 1535 asserunt
2631 1496 2760 1538 esse
2780 1480 3184 1551 simulacrum,
3209 1479 3281 1537 ob
3306 1478 3654 1536 divisionem

2000 1564 2282 1625 frumenti
2312 1580 2432 1640 qua
2461 1569 2732 1625 subvenit
2753 1571 3016 1642 Egypw.
3063 1569 3176 1626 Sed
3224 1572 3282 1626 et
3327 1568 3387 1625 in
3433 1566 3653 1642 templo

2002 1655 2237 1710 Saturni
2263 1673 2398 1712 cum
2420 1657 2803 1715 simulacrum
2825 1658 3113 1731 dejicitur,
3131 1657 3366 1732 tyranni
3385 1658 3652 1731 ejusdem

2000 1742 2119 1803 fani
2153 1745 2474 1807 sacerdotis
2504 1747 2665 1804 fraus
2687 1752 2985 1821 comperta
3007 1751 3095 1805 est
3118 1765 3131 1804 :
3157 1746 3259 1820 qui
3278 1750 3562 1820 tanquam
3583 1763 3654 1804 ex

2000 1848 2281 1904 responso
2296 1834 2578 1904 numinis,
2593 1854 2711 1893 sua:
2732 1836 2962 1893 libidini
2984 1835 3281 1910 placentes
3298 1835 3548 1893 feminas
3568 1835 3653 1893 di-

1980 1928 2145 1993 ‘gnae
2174 1934 2303 1983 esse
2333 1924 2585 1986 Saturno
2614 1925 2731 1987 Deo
2749 1930 2807 1984 et
2824 1927 2955 1997 ejus
2969 1924 3291 1993 vocatione,
3313 1924 3648 1997 faciensque

1996 2008 2056 2065 in
2091 2012 2310 2084 templo
2341 2018 2700 2084 pernoctare,
2725 2014 2941 2071 clausis
2960 2013 3185 2086 januis,
3205 2016 3263 2070 et
3285 2012 3516 2070 traditis
3539 2011 3650 2071 cla-

1994 2098 2186 2168 vibus,
2221 2117 2357 2158 cum
2398 2102 2690 2159 videretur
2725 2104 3045 2174 discedere,
3084 2120 3189 2177 per
3234 2101 3647 2161 subterraneos

1997 2187 2193 2245 aditus
2224 2189 2606 2248 simulacrum
2639 2191 3078 2266 ingrediebatur
3107 2210 3141 2249 a
3168 2196 3331 2267 tergo
3382 2208 3643 2261 exesum,

1995 2281 2052 2333 et
2078 2277 2282 2350 parieti
2306 2278 2617 2354 diligenter
2636 2299 2948 2352 annexum,
2968 2286 3027 2339 et
3054 2299 3189 2340 mox
3217 2281 3646 2357 supplicantem

1996 2371 2053 2423 et
2081 2368 2365 2425 intentam
2398 2370 2727 2442 mulierem,
2761 2372 2931 2444 quasi
2969 2389 3105 2431 voce
3135 2372 3370 2431 Saturni
3401 2372 3648 2431 advoca-

1993 2457 2232 2513 bat.Sed
2256 2463 2312 2514 et
2333 2458 2458 2515 aliae
2482 2460 2677 2516 multa:
2698 2478 3062 2535 paganorum
3083 2461 3321 2520 fraudes
3337 2466 3480 2519 tunc
3497 2460 3652 2518 dete-

1996 2550 2232 2617 gantur.
2272 2548 2476 2620 Itaque
2508 2549 2730 2621 dejecto
2760 2551 2916 2623 apud
2943 2551 3353 2608 Alexandriam
3395 2550 3525 2624 ipso
3554 2565 3650 2613 0&-

1995 2634 2116 2705 pite
2144 2634 2503 2704 idololatriae,
2537 2638 2761 2712 reliqua
2791 2639 2945 2696 idola
2975 2637 3414 2708 conculcantur,
3447 2632 3504 2695 et
3529 2632 3648 2694 veri

1994 2722 2093 2778 Dei
2126 2726 2548 2781 construuntur
2573 2725 2846 2784 ecclesia).
2873 2727 3099 2784 Interea
3116 2726 3565 2789 Valentinianus
3586 2726 3648 2783 in

1993 2812 2254 2870 occiduis
2285 2814 2573 2886 partibus,
2594 2815 2801 2888 laqueo
2822 2817 2998 2874 vitam
3022 2815 3230 2887 finivit,
3254 2814 3408 2887 dole,
3431 2820 3497 2873 ut
3513 2810 3652 2882 dlci-

1992 2906 2110 2969 tur,
2135 2901 2300 2959 ducis
2322 2902 2412 2959 sui
2433 2903 2761 2978 Arbogasti.
2787 2906 2922 2963 Post
2941 2920 3117 2980 quem
3137 2907 3435 2982 Eugenius
3456 2909 3648 2980 tyran-

1992 3006 2103 3047 nus
2135 2990 2360 3049 Italiam
2402 2999 2666 3066 occupat.
2701 2994 3067 3053 Theodosius
3116 2996 3523 3053 inflammatur
3567 2990 3641 3054 ad

1992 3078 2294 3151 ultionem,
2314 3086 2389 3153 et,
2413 3082 2682 3141 consulto
2702 3083 2925 3141 Joanne
2944 3084 3309 3142 Anachoreta
3330 3085 3641 3153 monacho,

1992 3169 2091 3242 qui
2108 3170 2443 3243 prophetico
2465 3173 2674 3245 spiritu
2692 3171 2965 3246 pollebat,
2986 3171 3312 3248 Eugenium
3333 3164 3645 3249 exeuperat

1990 3266 2323 3333 tyrannum,
2343 3264 2463 3338 tam
2485 3262 2665 3319 armis
2685 3264 2944 3320 conﬁsus
2975 3280 3152 3337 quam
3174 3262 3418 3337 jejuniis
3440 3267 3498 3320 et
3517 3262 3642 3321 ora:

1987 3347 2267 3405 tionibus.
2302 3350 2466 3406 Tunc
2496 3350 2567 3408 de
2598 3351 2854 3409 inimicis
2886 3354 2957 3410 ad
2988 3353 3271 3431 orientem
3309 3348 3635 3423 revertitur,

1989 3436 2186 3510 ibique
2216 3438 2529 3494 Arcadium
2562 3440 2749 3497 filium
2782 3447 3101 3517 augustum
3124 3449 3298 3513 creat,
3317 3443 3639 3502 Honorium

1990 3542 2222 3599 quoque
2252 3526 2467 3584 factum
2488 3527 2898 3603 imperatorem
2919 3533 3176 3591 occiduis
3196 3533 3461 3608 partibus
3483 3534 3640 3591 dele-

1989 3620 2118 3690 gat;
2139 3617 2263 3690 ipse
2272 3619 2434 3690 veroj
2442 3634 2536 3674 am
2550 3621 2680 3692 subj
2693 3622 2882 3695 ugatis
2894 3621 3207 3697 hostibus,j
3214 3641 3310 3682 am
3323 3622 3641 3681 eliminatis

1992 3704 2186 3777 idolis,
2211 3705 2337 3777 jam
2370 3709 2572 3765 sedata
2609 3709 2884 3779 Ecclesia,
2936 3717 3071 3784 post
3100 3714 3301 3771 decem
3329 3717 3388 3770 et
3416 3717 3640 3788 septem

1995 3811 2179 3850 annos
2211 3795 2454 3852 Romani
2486 3796 2717 3872 imperii
2758 3800 2973 3877 migrat
3014 3802 3087 3859 ad
3134 3802 3474 3873 Dominum,
3506 3818 3643 3860 cum

1996 3884 2282 3956 piissimis
2318 3885 2682 3959 principibus
2711 3895 3092 3964 percepturus
3133 3894 3374 3966 praemia
3417 3891 3661 3949 merito-'

1996 3988 2148 4027 rum.
2170 3973 2272 4028 Hic
2301 3975 2548 4058 Ruﬁnus
2569 3975 2970 4035 ecclesiastica:
2991 3980 3246 4037 historiae
3276 3984 3455 4038 finem
3486 3981 3646 4041 facit.

1996 4062 2065 4116 Et
2080 4078 2184 4117 nos
2194 4079 2269 4134 qu
2278 4079 2445 4136 oque,
2455 4064 2635 4120 finitis
2648 4068 3501 4138 persecutionibus,hmresibus
3518 4061 3651 4126 con;

1997 4150 2221 4223 sopitis,
2242 4152 2485 4208 fundata
2505 4159 2561 4208 et
2580 4158 2874 4212 exstructa
2892 4157 3167 4227 Ecclesia,
3194 4160 3331 4232 quia
3350 4163 3483 4233 post
3501 4156 3655 4216 enu-J

1996 4240 2377 4297 merationem
2401 4246 2698 4300 tantorum
2724 4238 3497 4319 martyrum,corifessorum,
3516 4248 3648 4316 doc-

1996 4336 2213 4400 torum,
2229 4330 2348 4388 sive
2360 4332 2770 4402 Patrum,nihil
2787 4335 3023 4409 dignius
3038 4341 3219 4394 restat
3228 4337 3313 4396 vel
3331 4337 3643 4410 illustrius,

1996 4419 2089 4479 hic
2102 4437 2235 4479 cum
2250 4438 2315 4479 eo
2329 4424 2582 4497 suscepti
2594 4423 2787 4498 operis
2809 4426 3222 4500 compendium
3238 4428 3647 4491 terminemus.

3258 5830 3345 5915 se
