4026 6180
485 337 605 415 875
886 346 1295 409 HAYMONIS
1341 347 1882 413 HALBERSTAT.
1927 346 2175 413 EPISC.
2220 349 2391 409 ore.
2442 328 2637 411 Mus
2681 347 2893 410 Ill.-
2923 349 3451 417 MISCELLANEA.
3676 358 3763 420 8'16

481 502 3765 555 Μ

1538 689 2828 821 HAYMONIS

1666 934 2348 994 HALBERSTATENSIS
2391 935 2708 994 EPISCOPI

848 1125 1100 1277 DE
1275 1123 2400 1286 VARIETATE
2550 1128 3490 1289 LIBRORUM
3518 1116 3523 1121 ’

2119 1417 2257 1464 ειη

1508 1565 1618 1637 DE
1668 1563 1982 1637 AMORE
2029 1561 2465 1637 COELESTIS
2522 1565 2871 1638 ΡΑΤΒΙιΕ

1913 1752 2173 1819 LIBRI
2226 1752 2476 1821 TRES

1025 1913 1202 1976 Nunc
1226 1933 1508 1996 primum,
1540 1933 1616 1977 ea:
1642 1914 1894 1978 editione
1926 1914 2271 1978 Coloniensi
2290 1916 2443 1978 anni
2468 1918 2646 1993 1531,
2680 1916 2764 1979 ad
2783 1915 3022 1999 prelum
3052 1919 3331 1981 revocati.

1527 2231 2154 2322 PROLOGUS
2222 2233 2819 2323 HAYMONIS

1960 2446 2359 2460 ﬁ

539 2596 683 2654 Cum
703 2596 784 2654 sis
803 2597 1043 2655 unicum
1065 2601 1121 2654 et
1142 2597 1583 2654 sanctissimum
1605 2616 1749 2656 verm
1767 2599 2116 2659 humilitatis
2144 2605 2198 2672 Α
2230 2602 2449 2657 mundo
2480 2617 2608 2658 esse
2640 2600 3071 2670 mortiﬁcatam,
3100 2606 3163 2659 et
3192 2619 3226 2658 a
3256 2603 3472 2660 cunctis
3498 2602 3704 2658 exterius
3725 2601 3785 2656 in-

467 2691 524 2742 et
552 2686 1020 2762 compunctionis
1060 2686 1375 2761 exemplar,
1408 2692 1464 2743 et
1494 2688 1629 2743 huic
1672 2690 1892 2745 mundo
1931 2690 2119 2746 cruci-
2226 2690 2527 2762 teriusque
2555 2691 2710 2747 vitiis
2739 2696 3147 2765 expurgatam,
3171 2708 3393 2748 necnon
3413 2696 3465 2748 et
3492 2691 3555 2748 ab
3582 2689 3786 2748 omnibus

473 2779 645 2846 ﬁxus,
667 2777 889 2850 tibique
920 2777 1178 2832 mundus
1205 2777 1282 2832 sit
1302 2778 1633 2845 cruciﬁxus,
1659 2778 1872 2850 petiisti
1896 2779 2115 2847 crebro,
2229 2778 2607 2843 saecularibus
2638 2780 2794 2836 curis
2847 2781 3276 2854 desideriisque
3322 2780 3624 2839 carnalibus
3648 2778 3786 2835 divino

473 2866 553 2938 mi
575 2865 810 2922 domine
826 2865 1491 2923 reverendissimePater
1505 2862 1934 2937 Guilhelme,ut
1955 2872 2121 2940 prata
2230 2869 2302 2922 ab
2333 2868 2466 2941 igne
2497 2868 2745 2941 pleniter
2774 2874 3088 2936 excoctam,
3120 2876 3179 2927 et
3210 2871 3337 2927 sine
3367 2870 3548 2944 aliqua
3574 2866 3791 2924 intermis-

471 2972 770 3012 sacrarum
787 2955 1018 3027 Scriptu
1028 2972 1221 3011 rarum
1240 2955 1400 3011 omni
1418 2973 1550 3011 cum
1569 2954 1873 3013 velocitate
1891 2972 2121 3029 percur—
2228 2957 2390 3013 sione
2420 2974 2555 3013 cum
2585 2958 2880 3014 continuis
2901 2959 3227 3032 gemitibus
3246 2965 3303 3016 et
3321 2960 3573 3033 lacrymis
3591 2963 3637 3013 te
3652 2957 3706 3012 ad
3723 2971 3796 3027 ρει--

470 3048 742 3114 rerem,et
757 3060 825 3101 ex
843 3044 951 3101 tibi
974 3043 1066 3100 his
1083 3044 1355 3100 flosculos
1372 3049 1682 3117 perpetuos
1695 3046 1765 3100 ad
1783 3045 1990 3101 animas
2006 3054 2117 3101 ture
2226 3047 2399 3101 triam
2423 3063 2599 3103 cursu
2620 3046 2985 3123 velocissimo
3009 3048 3289 3105 festinare
3310 3044 3797 3123 perpetuarmlgitur,’

470 3123 718 3189 salutem
741 3134 1051 3205 proficuos,
1076 3136 1196 3188 tam
1220 3135 1290 3189 de
1319 3150 1516 3189 amore
1543 3133 1792 3189 ccelestis
1823 3135 2043 3207 patriae,
2063 3141 2120 3191 et
2228 3134 2564 3191 beatissime
2580 3140 2799 3205 sancte,
2807 3137 3065 3207 jussioni
3079 3142 3198 3193 tua
3215 3139 3540 3195 inobediens
3554 3153 3647 3192 non
3662 3147 3788 3190 ausus

467 3222 685 3297 quibus
705 3223 777 3278 ad
799 3238 928 3279 eam
950 3222 1237 3278 bonorum
1261 3239 1504 3295 operum
1536 3224 1808 3295 passibus
1827 3224 2120 3296 pervenia—
2227 3224 2309 3278 iui
2341 3224 2584 3281 existere
2619 3243 2631 3280 :
2666 3243 2771 3282 nec
2802 3225 2956 3282 volui
2986 3227 3232 3284 omnino
3254 3245 3357 3285 nec
3378 3225 3556 3298 debui,
3570 3225 3680 3281 licet
3693 3220 3791 3278 elin-

466 3314 582 3379 tur,
615 3327 794 3382 quam
824 3312 1002 3368 etiam
1035 3310 1105 3367 de
1150 3311 1358 3367 timore
1403 3315 1461 3367 et
1508 3312 1789 3383 qualitate
1841 3312 2117 3386 supplicii
2225 3313 2358 3385 guis
2388 3313 2663 3386 omnique
2692 3332 2762 3371 ex
2788 3320 2950 3388 parte
2994 3317 3110 3372 vita
3144 3323 3204 3374 et
3234 3334 3493 3375 sermone
3517 3313 3789 3375 ineruditus,

465 3400 861 3472 perquirerem
887 3417 900 3456 :
935 3403 1224 3472 quatenus
1254 3399 1761 3457 mortiﬁcationem
1793 3401 2116 3458 carnalium
2225 3405 2422 3458 tamen
2456 3402 2937 3461 luculentissima.-
2968 3406 3281 3463 Sanctitati
3313 3408 3630 3479 Tuae,prout
3646 3403 3791 3457 auctor

465 3486 891 3561 desideriorum
920 3490 1226 3560 fontesque
1268 3488 1685 3561 lacrymarum,
1715 3491 2116 3561 compunctio-

464 3560 719 3649 nemque
734 3577 1094 3643 continuam,
1111 3560 1697 3647 largientebonorum
1721 3560 1985 3634 omnium
2008 3579 2117 3634 lar-

465 3656 672 3737 gitore,
724 3663 940 3721 divinis
982 3664 1267 3720 excitatus
1313 3664 1765 3737 admonitusque
1811 3668 2115 3724 sententiis

462 3751 679 3809 habere
707 3752 899 3824 possis
933 3752 1188 3809 assidue.
1209 3752 1441 3809 Scimus
1461 3752 1618 3809 enim
1635 3770 1839 3811 omnes
1861 3755 1961 3827 qui
1982 3773 2113 3813 cru-
2226 3775 2479 3833 namque
2511 3760 2770 3817 continet
2798 3761 3032 3818 libellus
3062 3763 3136 3819 de
3185 3763 3467 3828 Qualitate
3492 3757 3700 3818 calcatis
3719 3770 3790 3827 pl.

466 3838 697 3896 cifixam
718 3840 900 3896 vitam
928 3844 1090 3896 tuam
1121 3858 1237 3897 non
1266 3840 1625 3915 incognitam
1647 3842 1954 3912 habemus,
1974 3846 2113 3919 quia
2222 3847 2381 3917 triaa;
2408 3850 2701 3906 secundus
2730 3867 2883 3921 vero,
2919 3852 3140 3924 quibus
3171 3853 3395 3910 sanctis
3423 3851 3532 3907 haec
3559 3845 3791 3905 vitabeata

463 3931 774 4020 postquam
798 3945 831 3985 a
846 3930 1162 4029 mundanis
1179 3929 1524 4029 etpalatinis
1544 3932 1792 3990 vinculis
1808 3934 2115 3993 absolutus
2144 3964 2191 4029 Β
2222 3937 2562 4009 acquiratur
2590 3939 2911 4013 Operibus;
2937 3943 3167 4008 tertius,
3188 3943 3261 4000 de
3290 3941 3561 4008 Qualitate
3586 3929 3791 4010 supplicii

462 4015 546 4099 es,
565 4021 623 4075 et
651 4021 881 4076 terrena
911 4023 968 4076 et
998 4019 1255 4092 peritura
1284 4021 1593 4095 reliquisti,
1620 4026 1677 4078 et
1708 4023 1779 4080 ad
1809 4028 2117 4098 pauperta—
2144 4015 2191 4029 ⁶’
2223 4026 2529 4099 poenisque
2555 4031 2875 4102 perpetuis.

462 4110 581 4191 tem
629 4107 873 4167 feliciter
916 4108 1219 4183 advolasti,
1263 4128 1495 4168 omnem
1539 4112 1719 4168 vitam
1765 4116 1929 4170 tuam
1977 4113 2114 4170 huic

2224 3495 2282 3546 et
2308 3492 2438 3547 fons
2469 3491 2712 3549 luminis
2734 3493 2952 3550 donare
2973 3494 3259 3567 dignatus
3280 3500 3583 3569 est,parere
3601 3507 3693 3547 non
3707 3488 3791 3545 dis-

2222 3579 2353 3648 tuli,
2376 3581 2477 3636 sed
2508 3581 2567 3636 in
2598 3586 2715 3638 tres
2744 3582 3274 3642 librosnonnullas
3303 3584 3601 3642 sententias
3623 3597 3677 3636 ex
3699 3592 3792 3634 san-

2224 3673 2452 3726 ctorum
2474 3671 2711 3728 Patrum
2735 3672 3034 3744 opusculis
3051 3679 3358 3747 excerptas
3376 3671 3608 3731 distinxi.
3622 3668 3791 3725 Primus

1751 4469 2079 4557 LIBER
2140 4469 2569 4561 PRIMUS

970 4692 1007 4699 ω.-

991 4829 1223 4887 CAPUT
1263 4830 1570 4888 PRIMUM.
1598 4905 1607 4915 ⁸

695 4939 770 4994 De
796 4939 1063 5010 qualitate
1090 4940 1302 5011 futurae
1328 4956 1393 4995 ac
1415 4947 1695 5012 perpetua:
1724 4940 1872 4999 vitae.

2216 4836 2504 4907 cunditas,
2540 4837 2676 4895 felix
2704 4840 3015 4911 mternitas,
3040 4843 3257 4899 aeterna
3288 4842 3555 4909 felicitas;
3579 4837 3646 4894 ibi
3670 4842 3790 4890 amor

2215 4926 2529 4999 perfectus,
2552 4927 2727 4985 timor
2755 4929 2975 5001 nullus,
2999 4930 3124 4989 dies
3144 4936 3418 4999 aeternus,
3438 4928 3608 4987 alacer
3625 4924 3787 5013 motus,

2215 5021 2272 5072 et
2294 5034 2446 5072 unus
2468 5018 2732 5074 omnium
2754 5019 2997 5093 spiritus
3017 5020 3087 5078 de
3108 5019 3586 5094 contemplatione
3604 5004 3685 5070 Πθὶ
3703 5004 3787 5069 sui,

524 5094 606 5149 De
623 5095 818 5153 futura
834 5098 991 5155 enim
1007 5100 1123 5155 vita
1140 5097 1274 5173 plus
1294 5099 1647 5155 credendum
1666 5103 1756 5156 est
1771 5116 1947 5173 quam
1966 5102 2104 5159 scri-
2214 5123 2281 5161 ac
2312 5106 2381 5161 de
2410 5123 2518 5162 sua
2547 5123 2682 5162 cum
2711 5106 2810 5164 illo
2842 5110 3257 5181 permansione
3286 5124 3540 5167 securus.
3572 5100 3663 5160 Ubi
3694 5097 3789 5169 ίρει

455 5179 633 5238 δίων·
653 5184 797 5247 Quia
819 5203 922 5242 nec
940 5192 1128 5258 potest
1148 5191 1377 5244 tantum
1395 5187 1529 5243 inde
1546 5189 1789 5260 proferri
1812 5207 2100 5262 sermone,
2213 5194 2437 5264 civitas,
2463 5212 2590 5267 quae
2620 5200 2709 5252 est
2730 5179 3092 5270 angelorum,
3117 5203 3455 5257 sanctorum
3475 5189 3789 5255 ethomiuum

453 5274 741 5362 quantum
774 5278 964 5345 potest
992 5280 1185 5333 mente
1207 5276 1533 5349 complecti.
1559 5279 1794 5351 (Prosp.)
1816 5281 1885 5335 Et
1906 5280 2102 5339 minus
2213 5283 2582 5358 congregatio
2613 5284 2799 5357 beata,
2822 5287 3048 5344 meritis
3068 5287 3429 5362 fulgentibus
3450 5285 3612 5342 micat
3628 5280 3789 5362 eterna

451 5359 931 5451 concipitmentis
944 5364 2098 5451 quamlibetprofundaeompleximquam
2130 5376 2173 5443 C
2212 5373 2373 5430 salus
2402 5373 2699 5443 exuberat,
2731 5375 2944 5432 veritas
2974 5359 3194 5451 regnat.
3228 5376 3471 5434 Ubi‘nec
3512 5370 3643 5430 fallit
3665 5359 3790 5438 quis-

449 5466 513 5507 se
537 5448 716 5506 habet
746 5450 826 5506 rei
858 5450 1045 5524 ipsius
1076 5455 1436 5527 magnitudo.
1461 5457 1609 5530 Ergo
1636 5457 1832 5514 futura
1851 5458 1964 5515 vita
1984 5475 2099 5517 cre-
2208 5478 2385 5535 quam
2409 5478 2513 5518 nec
2534 5461 2790 5520 fallitur:
2816 5464 2969 5521 unde
2991 5448 3188 5523 nullus
3215 5466 3424 5523 beatus
3451 5460 3786 5535 ejicitur,qu°'

448 5539 610 5597 ditur
637 5539 818 5634 beate
831 5540 1203 5614 sempiterna,
1229 5546 1285 5599 et
1308 5545 1662 5634 sempiterna
1690 5546 1984 5615 beata,ubi
2009 5551 2099 5605 est
2207 5552 2365 5608 niam
2387 5551 2582 5608 nullus
2600 5552 2780 5608 miser
2793 5553 3141 5612 admittitur.
3155 5556 3238 5611 Ad
3258 5571 3434 5629 quam
3452 5551 3787 5634 quibonorutn

447 5634 607 5694 certa
632 5630 938 5704 securitas,
971 5645 1176 5690 secura
1206 5633 1626 5707 tranquillitas,
1658 5636 1977 5710 tranquilla
1998 5639 2095 5712 ju-
2206 5658 2449 5716 operum
2478 5640 2985 5702 consummatione
3025 5623 3392 5720 pervenerint
3419 5623 3589 5699 beatis
3614 5623 3787 5706 angam
