4026 6180
203 397 317 492 877

1187 432 1287 494 DE
1334 434 1782 496 VARIETATE
1826 431 2256 495 LIBRORUM.
2286 466 2363 477 -—
2392 433 2542 494 LIB.
2589 431 2640 494 Ι.

3497 431 3618 495 878

200 563 430 620 similes
461 567 654 633 erunt,
670 568 726 620 et
747 564 925 621 simul
948 583 1082 622 cum
1106 566 1221 622 Deo
1244 584 1350 623 suo
1375 566 1500 622 sine
1522 568 1636 622 fine
1659 583 1859 638 regna-
1887 569 1943 635 Α
1972 566 2084 622 bus
2115 566 2312 623 unitas
2343 564 2664 621 charitatis.
2699 565 2901 637 (Greg)
2933 562 3207 632 Quamvis
3241 563 3298 619 in
3333 561 3433 620 illa
3462 564 3623 621 retri-

196 654 362 709 bunt.
393 653 555 719 Quod
580 654 672 709 hic
695 655 1089 725 crediderunt,
1121 655 1203 712 ibi
1233 656 1536 723 videbunt,
1566 655 1658 710 sui
1690 656 1854 711 Crea-

195 742 340 798 toris
369 742 764 799 substantiam
796 744 1035 800 mundis
1065 744 1342 800 cordibus
1373 743 1853 816 contemplantes,

193 836 410 887 aeterna
440 830 827 887 exsultatione
846 833 1206 905 gaudebunt.
1228 831 1546 888 Dilectione
1573 831 1769 887 divina
1790 847 1855 887 ac

191 925 400 976 mutua
431 920 818 977 delectatione
865 921 1122 994 possessi
1173 922 1288 978 Deo
1320 939 1426 978 suo
1458 921 1516 977 in
1548 925 1852 987 aeternum,

191 1015 246 1065 et
277 1009 526 1065 invicem
551 1009 664 1065 sibi
690 1009 931 1065 feliciter
950 1010 1348 1078 adhaerebunt,
1368 1010 1497 1068 etin
1519 1009 1619 1064 illa
1640 1013 1854 1066 aeterna

190 1098 308 1154 vita
330 1115 538 1154 omnes
564 1098 750 1154 sancti
775 1099 962 1155 Deum
982 1099 1284 1165 videbunt,
1311 1100 1408 1156 ubi
1434 1100 1559 1155 sine
1583 1099 1695 1154 ﬁne
1715 1116 1854 1171 gau-

193 1187 436 1243 debunt.
458 1187 543 1242 lbi
576 1188 939 1259 gaudebunt,
962 1187 1062 1242 ubi
1097 1189 1401 1260 prazmium
1431 1188 1809 1260 reportabant
1835 1205 1847 1243 :

193 1277 273 1331 ibi
291 1276 582 1347 recepturi
606 1280 746 1332 sunt
769 1277 1094 1349 praemium,
1117 1277 1213 1331 ubi
1236 1295 1350 1332 non
1376 1276 1563 1332 solum
1587 1276 1849 1343 devictis,

193 1366 294 1421 sed
329 1365 506 1420 etiam
535 1364 719 1421 finitis
749 1364 1018 1421 hostibus
1041 1365 1490 1438 triumphabunt
1515 1383 1526 1420 :
1552 1366 1630 1420 ibi
1649 1365 1852 1419 trium-

193 1454 462 1526 phabunt
495 1453 593 1508 ubi
616 1452 862 1510 ulterius
886 1455 1283 1510 adversarium
1308 1472 1422 1509 non
1445 1453 1848 1510 timebunt.lbi

190 1544 591 1599 humanorum
625 1549 998 1616 peccatorum
1029 1547 1190 1599 tanta
1221 1549 1278 1598 et
1309 1547 1427 1598 tam
1461 1544 1715 1615 perfecta
1743 1542 1851 1598 erit

191 1632 507 1701 munditia,
537 1637 600 1688 ut
630 1633 886 1690 habeant
917 1634 1070 1688 unde
1103 1633 1438 1689 mundatori
1462 1649 1567 1688 suo
1593 1633 1704 1688 Deo
1725 1648 1852 1704 gra-

187 1722 304 1778 tias
337 1727 534 1795 agant,
571 1740 686 1778 non
719 1723 872 1779 unde
905 1723 1105 1778 offensi
1141 1722 1439 1794 aliquibus
1479 1725 1847 1794 peccatorum

183 1812 464 1868 sordibus
503 1812 870 1868 erubescant.
906 1811 1106 1884 (Greg)
1141 1811 1286 1876 Quia
1317 1811 1396 1866 ibi
1430 1827 1533 1866 nec
1565 1809 1686 1865 ulla
1718 1827 1846 1882 pec-

184 1904 340 1965 cata,
374 1917 479 1956 nec
527 1905 862 1973 peccatores
909 1905 1101 1970 erunt,
1136 1905 1192 1956 et
1239 1899 1339 1972 qui
1370 1899 1448 1954 ibi
1485 1899 1698 1955 fuerint
1720 1900 1846 1970 jam
1877 1941 1925 2007 Β

184 2005 431 2062 peccare
462 2005 578 2045 non
610 1992 901 2062 poterunt.
920 1989 1003 2045 Ibi
1036 1988 1192 2044 enim
1215 1988 1489 2060 gaudent,
1505 1991 1562 2042 et
1585 1987 1711 2049 sine
1733 1987 1846 2043 ﬁne

181 2079 552 2152 gaudebunt.
603 2077 689 2134 Ibi
737 2077 1059 2151 hymnidici
1093 2077 1434 2150 angelorum
1465 2077 1646 2145 chori,
1678 2076 1758 2132 ibi
1793 2080 1850 2132 et

179 2167 439 2223 societas
470 2183 862 2239 supernorum
894 2166 1128 2235 civium,
1163 2167 1242 2222 ibi
1287 2165 1477 2222 dulcis
1507 2165 1847 2221 solemnitas

180 2272 217 2311 a
242 2254 733 2328 peregrinationis
761 2255 940 2326 hujus
962 2255 1112 2310 tristi
1139 2255 1334 2310 labore
1357 2254 1846 2310 redeuntium.lbi

181 2343 416 2416 providi
449 2343 870 2416 prophetarum
897 2343 1078 2411 chori,
1113 2342 1192 2398 ibi
1225 2344 1410 2414 judex
1449 2342 1844 2415 apostolorum

181 2448 500 2499 numerus,
518 2431 594 2486 ibi
616 2430 1134 2488 innumerabilium
1155 2436 1479 2504 martyrum
1496 2431 1678 2487 victor
1694 2448 1847 2487 exer-

178 2523 364 2587 citus,
396 2526 557 2577 tanto
587 2520 707 2575 illic
735 2520 938 2588 laetior,
963 2523 1179 2592 quanto
1209 2520 1302 2576 hic
1334 2521 1539 2576 durius
1569 2521 1841 2576 afflictus.

177 2611 269 2667 Ibi
302 2610 706 2666 confessorum
737 2609 1070 2665 constantia
1099 2609 1323 2682 prtemli
1350 2608 1440 2665 sui
1481 2609 1846 2681 perceptione

177 2698 510 2760 consolata.
542 2699 624 2754 lbi
661 2696 861 2756 fideles
892 2698 998 2752 viri
1036 2715 1184 2770 quos
1212 2716 1246 2753 a
1274 2697 1584 2752 viriditatis
1615 2715 1720 2752 suo
1752 2715 1843 2753 ro-

175 2791 325 2844 bore
355 2786 628 2860 voluptas
659 2786 856 2842 saeculi
881 2787 1142 2843 emollire
1166 2804 1279 2842 non
1303 2787 1510 2858 potuit.
1527 2786 1609 2841 lbi
1631 2791 1844 2841 sancta)

174 2876 465 2932 mulieres
483 2893 610 2947 qua:
629 2892 762 2930 cum
782 2875 994 2931 saeculo
1012 2892 1213 2931 sexum
1230 2875 1507 2930 vicerunt.
1521 2875 1846 2947 (Prosp.)lhi

176 2965 484 3038 pueri,qui
502 2964 597 3020 hic
614 2981 800 3020 annos
814 2981 953 3020 suos
966 2964 1229 3020 moribus
1250 2963 1847 3020 transcenderunt.lbi

175 3070 382 3122 senes,
410 3070 558 3125 quos
589 3053 683 3108 hic
708 3057 848 3108 aetas
878 3052 1098 3108 debiles
1130 3052 1398 3121 reddidit,
1419 3055 1476 3107 et
1503 3051 1688 3108 virtus
1718 3070 1847 3125 ope-

177 3145 270 3200 ris
295 3160 415 3199 non
448 3141 705 3214 reliquit.
740 3142 824 3198 Ibi
857 3141 1192 3215 quicunque
1223 3146 1414 3210 erunt,
1443 3142 1548 3197 etsi
1584 3141 1847 3198 differen-

177 3233 352 3289 tibus
381 3231 604 3289 meritis
635 3232 707 3287 ab
739 3231 982 3286 invicem
1027 3232 1344 3300 distabant,
1397 3247 1600 3286 omnes
1646 3235 1842 3286 tamen

179 3341 304 3379 una
341 3320 692 3394 perfectione
722 3320 875 3376 beati
905 3325 1095 3378 erunt.
1147 3321 1293 3384 Quia
1321 3319 1572 3392 singulis
1604 3319 1844 3392 praemia
1875 3307 1918 3375 C

177 3428 293 3467 sua
351 3409 680 3467 sufﬁcentia
727 3413 918 3472 erunt.
951 3414 1008 3466 et
1037 3426 1240 3482 capere
1289 3407 1542 3482 amplius
1589 3409 1845 3481 praemiis

177 3500 312 3556 suis
341 3499 468 3570 jam
503 3497 739 3571 perfecti
766 3516 880 3553 non
916 3502 1221 3570 poterunt:
1247 3501 1302 3553 et
1324 3497 1501 3552 inilla
1523 3501 1684 3554 tanta
1710 3498 1843 3553 bea-

175 3588 468 3645 titudinis
500 3587 734 3659 regione
766 3604 869 3642 nec
901 3589 1126 3659 majora
1157 3587 1364 3642 merita
1393 3585 1504 3642 sibi
1527 3587 1738 3659 aliquis
1760 3604 1847 3642 ar-

177 3675 443 3751 rogabit,
469 3677 608 3748 quia
629 3676 962 3750 arrogantia
984 3675 1062 3731 ibi
1089 3675 1250 3732 nulla
1274 3675 1412 3732 erit:
1435 3693 1537 3732 nec
1561 3676 1845 3749 superiori

175 3765 432 3823 inferior
462 3765 764 3834 invidebit,
809 3765 948 3837 quia
976 3763 1195 3821 invidia
1226 3765 1306 3820 ibi
1336 3781 1464 3820 esse
1495 3781 1611 3820 non
1639 3766 1848 3837 poterit

177 3857 248 3912 Et
277 3854 420 3910 ideo
453 3853 500 3909 si
531 3853 612 3909 ibi
645 3855 755 3910 erit
783 3854 1066 3910 distantia
1093 3853 1490 3925 mansionum,
1523 3870 1757 3909 summa
1788 3855 1847 3908 in

177 3944 305 4001 illis
337 3944 452 3999 erit
500 3943 677 4000 unius
726 3942 1098 4016 perfectionis
1139 3942 1463 4015 aequalitas,
1495 3942 1710 4014 quibus
1741 3942 1852 3998 erit

177 4031 358 4108 regni
388 4031 641 4089 caelestis
694 4049 814 4089 una
861 4031 1126 4088 felicitas.
1161 4032 1444 4089 Denarius
1487 4031 1722 4104 quidem
1751 4031 1850 4088 ille

176 4121 438 4195 aequalis
459 4126 549 4177 est
569 4121 687 4179 illis
708 4121 984 4178 omnibus
1006 4138 1180 4194 quem
1205 4119 1622 4194 paterfamilias
1643 4120 1728 4176 eis
1749 4122 1850 4193 qui

177 4211 412 4286 operati
442 4214 582 4266 sunt
600 4210 661 4266 in
682 4211 851 4267 vinea
865 4211 1034 4283 jubet
1056 4209 1258 4266 donari
1281 4209 1697 4288 omnibus,non
1721 4209 1851 4266 ideo

179 4300 534 4356 discernens
569 4299 670 4372 qui
702 4299 900 4355 minus
930 4303 987 4355 et
1015 4299 1116 4372 qui
1148 4298 1404 4372 amplius
1433 4289 1854 4356 laboraverunt

179 4389 404 4463 (Matth.
441 4393 558 4459 xx).
584 4388 769 4462 [Atta]
791 4391 912 4456 Quo
938 4389 1139 4461 utique
1165 4389 1401 4445 denario
1423 4389 1540 4444 vita
1565 4388 1852 4461 significa-

177 4483 285 4534 tur
306 4483 549 4546 aeterna,
568 4477 668 4534 ubi
691 4477 946 4549 amplius
968 4477 1079 4533 alio
1105 4495 1273 4533 nemo
1295 4479 1452 4547 vivit,
1479 4477 1754 4550 quoniam
1777 4478 1854 4534 vi-

180 4567 366 4623 vendi
399 4583 516 4622 non
548 4571 636 4622 est
666 4567 966 4633 distantia,
987 4584 1092 4622 nec
1115 4567 1174 4622 in
1199 4568 1520 4623 aeternitate
1550 4585 1853 4637 mansura,

1963 655 2203 710 butione
2234 659 2516 728 perpetua
2545 669 2614 710 ea
2643 652 2901 727 dignitas
2931 651 3207 709 omnibus
3239 669 3354 709 non
3385 652 3482 719 sit,
3505 668 3624 708 una

1962 747 2160 799 tamen
2183 744 2294 800 erit
2315 743 2591 799 omnibus
2612 742 2731 797 vita
2751 740 3321 799 beatitudinis.Unde
3337 745 3395 798 et
3415 757 3518 813 per
3537 756 3624 796 se-

1965 832 2101 888 meti
2109 850 2284 906 psum
2304 831 2589 888 Dominus
2608 830 2776 887 dicit:
2795 833 2859 888 In
2878 831 3033 888 domo
3054 831 3238 887 Patris
3257 831 3367 887 mei
3385 831 3623 888 mansio-

1962 938 2056 978 nes
2074 923 2269 978 multa?
2285 929 2414 977 sunt
2438 921 2623 993 (Joan.
2640 919 2779 991 XIV),
2795 920 2896 975 sed
2918 924 3114 975 tamen
3135 919 3234 992 qui
3255 918 3314 974 in
3335 935 3465 976 eam
3487 935 3620 978 con-

1964 1010 2121 1066 ducti
2141 1009 2573 1082 sunt,quamvis
2590 1008 2836 1065 diversis
2855 1007 3014 1064 horis
3029 1007 3315 1075 venerint,
3332 1025 3516 1064 unum
3533 1011 3618 1066 ta-

1963 1117 2096 1155 men
2111 1099 2414 1155 denarium
2431 1098 3166 1171 perceperunt.Quaitaque
3179 1096 3402 1153 ratione
3415 1113 3616 1154 conve-

1962 1187 2128 1244 niant
2149 1189 2485 1244 mansiones
2509 1187 2704 1243 multa:
2727 1204 2860 1243 cum
2883 1204 2998 1243 uno
3020 1186 3255 1242 denario
3272 1187 3299 1242 7
3331 1186 3442 1242 nisi
3475 1186 3614 1257 quia

1961 1278 2198 1334 diversa:
2232 1279 2469 1349 quidem
2500 1279 2801 1334 beatiorem
2831 1276 3045 1332 civium
3070 1276 3386 1349 dignitates
3417 1279 3608 1344 erunt,

1961 1369 2060 1424 sed
2080 1373 2274 1422 tamen
2290 1386 2406 1423 una
2419 1367 2648 1439 requies
2666 1371 2890 1421 aaternae
2909 1364 3482 1422 retributionis.Nam
3499 1364 3609 1422 etsi

1961 1456 2161 1528 dispar
2183 1457 2292 1511 erit
2314 1457 2587 1512 meritum
2611 1454 2997 1528 singulorum,
3018 1471 3134 1511 non
3165 1456 3275 1510 erit
3303 1453 3609 1512 diversitas

1959 1544 2484 1617 gaudiorum.Quia
2495 1543 2603 1600 etsi
2617 1543 2764 1600 alter
2775 1544 3173 1616 minus,atque
3186 1543 3336 1600 alius
3352 1541 3610 1615 amplius

1958 1633 2476 1700 exaltatur,omnes
2490 1637 2685 1689 tamen
2700 1650 2882 1688 unum
2897 1633 3180 1706 gaudium
3199 1633 3269 1689 de
3281 1630 3610 1689 Conditoris

1960 1722 2053 1778 sui
2074 1722 2292 1778 visione
2322 1723 2577 1778 laetiﬁcat
2600 1738 2613 1778 :
2640 1726 2697 1777 et
2717 1721 2897 1778 semel
2921 1721 3082 1777 illius
3112 1721 3291 1777 beatae
3312 1721 3441 1778 vitae
3471 1719 3611 1777 facti

1959 1811 2291 1885 participes,
2315 1811 2741 1884 inexplebiliter
2759 1815 3057 1867 auctorem
3088 1810 3468 1866 beatitudinis
3491 1826 3610 1866 suas

1959 1901 2346 1974 conspiciunt.
2383 1901 2451 1956 Et
2482 1900 2689 1956 merito
2721 1917 2839 1956 suae
2869 1898 3205 1956 stabilitatis
3234 1899 3294 1954 in
3325 1902 3610 1956 aaternum

1956 1990 2153 2048 felices
2182 1991 2388 2058 effecti,
2423 1991 2494 2047 de
2526 2007 2635 2046 sua
2665 1989 3076 2062 permansione
3105 1987 3293 2044 securi
3326 1991 3484 2054 sunt,
3507 1986 3610 2058 qui

1955 2096 2258 2136 summum
2289 2079 2662 2151 solidumque
2693 2077 2998 2152 gaudium,
3033 2093 3148 2150 quo
3187 2073 3614 2148 inexplebiliter

1954 2169 2354 2241 perfruuntur,
2389 2169 2460 2223 de
2508 2168 2705 2222 divina
2735 2165 3225 2240 contemplatione
3254 2163 3609 2238 percipiunt,

1956 2275 2022 2314 ac
2053 2264 2166 2313 Deo
2198 2275 2304 2313 suo
2327 2255 2770 2329 infatigabiliter
2789 2260 2846 2312 et
2866 2259 3134 2312 amanter
3157 2254 3502 2312 inserviunt.
3522 2251 3609 2310 Ita

1954 2347 2205 2420 perfecte
2234 2347 2408 2415 beati,
2443 2350 2509 2402 ut
2538 2363 2643 2402 nec
2673 2345 2913 2418 cupiant
2955 2343 3247 2400 beatiores
3295 2342 3421 2400 fleri
3453 2340 3609 2398 ultra

1955 2452 2060 2491 nec
2090 2435 2338 2494 valeant.
2368 2435 2492 2490 Erit
2520 2435 2677 2490 enim
2709 2433 2825 2489 illis
2857 2433 2915 2488 in
2946 2431 3048 2488 illa
3076 2432 3248 2488 beata
3275 2430 3484 2505 patria,
3517 2429 3606 2486 in-

1955 2523 2223 2580 tellectus
2253 2524 2379 2580 sine
2409 2527 2646 2590 terrore,
2670 2522 2954 2577 memoria
2983 2521 3109 2577 sine
3133 2519 3440 2588 oblivione,
3459 2517 3615 2590 cogi.

1955 2614 2096 2669 tatio
2128 2613 2255 2668 sine
2285 2611 2714 2684 pervagatione,
2748 2609 3000 2666 charitas
3035 2609 3161 2664 sine
3210 2606 3606 2672 simulatione,

1953 2719 2164 2758 sensus
2194 2702 2319 2758 sine
2350 2698 2686 2768 offensione,
2720 2695 3096 2753 incolumitas
3128 2696 3254 2752 sine
3284 2693 3604 2764 debilitate,

1959 2791 2120 2848 salus
2151 2790 2277 2846 sine
2309 2787 2660 2858 dolore,vita
2687 2787 2813 2843 sine
2842 2789 3048 2854 morte,
3066 2783 3314 2842 facilitas
3344 2783 3470 2840 sine
3499 2781 3610 2838 im-

1955 2881 2308 2953 pedimento,
2338 2878 2617 2934 saturitas
2665 2876 2792 2932 sine
2836 2875 3092 2943 fastidio,
3124 2879 3183 2932 et
3224 2877 3347 2931 tota
3385 2871 3606 2930 sanitas

1955 2969 2080 3026 sine
2111 2968 2437 3024 morboilbi
2468 2983 2573 3023 nec
2605 2967 2774 3022 ﬂetus
2808 2964 2962 3022 ullus
2991 2967 3184 3037 potest
3212 2980 3361 3032 esse,
3385 2978 3492 3020 nec
3513 2977 3608 3034 ge-

1956 3058 2155 3114 mitus.
2189 3058 2500 3114 Habebunt
2527 3056 2609 3112 ibi
2640 3071 2844 3112 omnes
2873 3054 3061 3111 sancti
3109 3069 3368 3110 amorem
3416 3051 3609 3124 perfe-

1955 3152 2136 3218 ctum,
2171 3148 2439 3203 timorem
2471 3144 2722 3213 nullum,
2741 3143 3026 3217 gaudium
3057 3143 3499 3216 sempiternum.
3521 3139 3608 3196 lbi

1955 3238 2066 3293 erit
2079 3236 2350 3292 voluntas
2368 3233 2841 3307 recta,cupiditas
2857 3231 3038 3289 nulla.
3054 3231 3341 3298 Quoniam
3357 3229 3604 3287 fruendo

1953 3325 2289 3383 cmlestibus
2319 3323 2599 3392 bonis,ad
2634 3340 2763 3396 qua:
2792 3322 3090 3396 pervenire
3119 3317 3605 3395 cupiebant,nihil

1952 3417 2036 3472 eis
2055 3415 2236 3472 deerit
2253 3414 2406 3486 quod
2428 3413 2672 3470 ulterius
2688 3411 3127 3484 concupiscant,
3145 3415 3201 3468 et
3220 3409 3305 3466 illi
3324 3412 3606 3482 perpetua

1953 3503 2187 3577 regione
2219 3503 2551 3560 securitatis
2581 3520 2647 3559 ac
2673 3501 2833 3574 pacis
2854 3501 3104 3574 perfecte
3123 3499 3418 3570 beati,nec
3441 3497 3606 3554 timo-

1955 3594 2035 3649 ris
2069 3591 2342 3649 stimulos
2368 3591 2597 3664 passuri
2630 3595 2788 3658 sunt,
2821 3606 2926 3645 nec
2951 3588 3189 3646 doloris.
3231 3588 3317 3645 lbi
3347 3587 3456 3645 erit
3481 3602 3606 3644 om-

1957 3684 2120 3739 nium
2154 3681 2414 3738 fidelium
2445 3673 2866 3737 catholicorum
2897 3678 3060 3736 salus
3099 3677 3291 3752 plena,
3321 3673 3608 3749 corrupti-

1955 3772 2150 3828 bilitas
2183 3770 2364 3838 nulla,
2382 3775 2440 3827 et
2467 3769 2882 3826 immortalitas
2904 3769 3091 3825 beata.
3113 3767 3200 3825 lbi
3227 3767 3340 3826 erit
3360 3766 3613 3840 pruden-

1955 3861 2050 3917 tiae
2076 3877 2142 3916 ac
2174 3860 2472 3932 sapientia
2502 3858 2777 3932 perfectio
2806 3874 2962 3926 vera,
2995 3873 3194 3914 rerum
3225 3856 3494 3914 omnium
3525 3870 3618 3910 co-

1957 3949 2139 4022 gnitio
2171 3952 2314 4003 tota.
2335 3947 2420 4002 Ibi
2445 3947 2779 4019 quicunque
2799 3945 2998 4003 salvus
3023 3945 3414 4018 fuerit,perire
3436 3943 3612 4010 ultra,

1958 4054 2075 4094 non
2107 4035 2339 4109 poterit,
2373 4035 2474 4091 sed
2506 4034 2744 4090 animus
2773 4034 2889 4090 Deo
2921 4035 3243 4104 subjectus,
3276 4048 3410 4088 cum
3441 4047 3614 4088 carne

1959 4127 2068 4183 sibi
2088 4125 2350 4195 subjecta
2362 4121 2630 4196 regnabit
2645 4121 2704 4177 in
2721 4139 2861 4194 pace
2878 4121 3395 4193 sempiterna.Qua3
3416 4122 3614 4176 autem

1960 4215 2161 4288 lingua
2180 4210 2498 4279 dicere,vel
2519 4211 2654 4283 quis
2683 4209 3012 4267 intellectus
3042 4226 3248 4283 capere
3276 4205 3495 4264 sufficit
3513 4204 3618 4263 illa

1962 4323 2029 4361 su
2035 4320 2228 4378 pernae
2243 4301 2495 4359 civitatis
2513 4305 2733 4372 quanta
2749 4298 2867 4356 sint
2881 4296 3463 4372 gaudia,angelorum
3483 4294 3616 4351 cho-

1961 4396 2042 4452 ris
2054 4387 3083 4462 intcresse,(Grcg.)cumbeatissimis
3096 4386 3401 4460 spiritibus
3417 4383 3612 4456 glorias

1961 4481 2289 4540 Conditoris
2321 4481 2413 4537 sui
2444 4481 2739 4547 assistere,
2759 4481 3103 4551 prasentem
3125 4475 3351 4533 vultum
3373 4472 3476 4530 Dei
3498 4489 3616 4529 cer-

1962 4589 2119 4641 nere,
2143 4569 2722 4641 incircumscriptum
2753 4567 2954 4623 lumen
2978 4565 3194 4635 videre,
3213 4562 3376 4622 nullo
3409 4560 3616 4620 mortis

182 4657 290 4713 sed
321 4654 526 4711 multae
547 4656 882 4712 mansiones
904 4656 1160 4713 diversas
1185 4657 1526 4713 meritorum
1551 4657 1607 4712 in
1631 4657 1854 4715 unitate
1887 4683 1934 4748 Ι)
1966 4665 2122 4717 metu
2147 4660 2321 4728 affici,
2341 4656 2796 4731 incorruptionis
2819 4659 3111 4729 perpetuas
3133 4649 3617 4712 munereltetari‘l

183 4750 415 4801 aeterna
445 4744 738 4818 signiﬁcat
786 4745 1125 4819 dignitates.
1158 4747 1282 4801 Alia
1310 4747 1465 4801 enim
1496 4748 1675 4818 gloria
1705 4749 1854 4811 solis,

181 4835 309 4890 alia
339 4835 527 4903 gloria
558 4835 728 4901 lunae,
761 4835 878 4890 alia
923 4835 1102 4906 gloria
1149 4836 1431 4890 stellarum
1460 4853 1480 4889 .·
1510 4836 1669 4890 stella
1710 4839 1859 4891 enim

179 4939 216 4979 a
246 4923 418 4979 stella
470 4922 656 4994 differt
688 4925 745 4979 in
775 4924 995 4994 gloria;
1025 4926 1107 4980 sic
1156 4932 1207 4979 ct
1251 4925 1574 4979 resurrectio
1619 4932 1858 4981 mortuo-

178 5029 320 5067 rum
356 5012 404 5083 (I
452 5011 575 5067 Cor.
626 5013 740 5084 xv).
772 5013 1079 5083 Tanquam
1136 5011 1316 5068 stellas
1365 5013 1551 5067 sancti
1601 5012 1860 5069 diversas

179 5100 539 5156 mansiones
571 5100 807 5156 diversae
839 5100 1146 5173 claritatis,
1165 5105 1446 5173 tanquam
1480 5100 1540 5156 in
1572 5100 1715 5156 ccelo
1738 5118 1862 5157 sor-

178 5190 433 5246 tiuntur
449 5188 510 5244 in
534 5206 732 5262 regno,
749 5191 852 5245 sed
873 5194 1109 5262 propter
1127 5207 1311 5246 unum
1335 5190 1640 5246 denarium
1664 5190 1862 5246 nullus

177 5283 511 5352 separatur
541 5296 574 5334 a
611 5295 786 5351 regno
821 5295 833 5333 :
870 5284 1046 5351 atque
1075 5279 1154 5334 ita
1201 5278 1311 5335 erit
1360 5279 1513 5336 Deus
1555 5279 1754 5336 omnia
1800 5280 1862 5337 in

175 5369 514 5426 omnibus:
539 5371 604 5423 ut
633 5366 911 5440 quoniam
945 5369 1097 5424 Deus
1129 5369 1382 5424 charitas
1412 5373 1520 5437 est,
1548 5386 1651 5441 per
1678 5368 1864 5424 chari-

175 5464 381 5515 tatem
413 5456 577 5525 facit,
606 5461 672 5512 ut
712 5457 869 5528 quod
904 5456 1125 5513 habent
1157 5456 1394 5530 singuli,
1447 5473 1757 5513 commune
1787 5458 1864 5514 sit

174 5545 499 5606 Omnibus.
535 5547 628 5601 Sic
658 5546 816 5602 enim
849 5545 1099 5618 quisque
1131 5547 1305 5603 etiam
1343 5546 1466 5618 ipse
1495 5545 1690 5615 habet,
1725 5563 1860 5603 cum

175 5638 363 5696 amat
391 5635 451 5690 in
486 5634 689 5704 altero,
708 5636 862 5710 quod
888 5637 1013 5710 ipse
1043 5653 1156 5692 non
1180 5636 1372 5694 habet.
1390 5635 1511 5690 Non
1536 5635 1644 5690 erit
1666 5638 1861 5713 itaque

176 5723 426 5787 invidia
461 5725 703 5798 imparis
739 5724 1043 5797 claritatis,
1070 5741 1203 5788 cum
1235 5725 1558 5804 regnaverit
1586 5725 1646 5786 in
1678 5727 1862 5791 omni-

1966 4751 2146 4807 Nemo
2171 4765 2424 4820 namque
2447 4746 2784 4803 mortalium
2807 4746 2996 4802 dicere
3012 4749 3114 4801 aut
3128 4743 3384 4817 cogitare
3403 4742 3614 4814 potest,

1969 4843 2188 4912 quanta
2204 4838 2263 4892 in
2282 4837 2380 4892 illa
2396 4840 2674 4908 perpetua
2690 4834 2924 4909 regione
2941 4833 3060 4890 sint
3073 4832 3616 4906 gaudiajustorum,

1969 4928 2195 4984 dicente
2225 4925 2524 4999 Scriptura
2559 4942 2570 4980 :
2606 4925 2806 4980 Oculus
2833 4941 2943 4981 non
2972 4922 3127 4991 vidit,
3154 4938 3253 4979 nec
3281 4920 3437 4977 auris
3465 4916 3622 4976 audi-

1968 5021 2072 5086 vit,
2101 5033 2200 5072 nec
2231 5018 2289 5071 in.
2313 5032 2406 5071 cor
2432 5015 2670 5071 hominis
2699 5013 2938 5069 ascendit
2967 5027 3093 5085 qua:
3115 5012 3454 5086 praeparavit
3482 5013 3622 5067 Deus

1970 5105 2328 5176 diligentibus
2375 5121 2431 5160 se
2481 5104 2524 5176 (ι
2567 5103 2686 5158 Cor.
2721 5104 2805 5174 ιι).
2852 5101 3180 5175 Diligamus
3227 5116 3365 5174 ergo
3413 5099 3622 5166 Deum,

1972 5197 2180 5252 fratres
2233 5192 2587 5262 cbarissimi,
2621 5193 2749 5263 ejus
2796 5190 3064 5249 videlicet
3107 5191 3386 5248 mandata
3430 5190 3626 5246 custo«

1971 5285 2204 5342 diendo.

2041 5372 2296 5446 Diligere
2327 5373 2483 5428 enim
2515 5371 2721 5439 Deum,
2740 5370 3020 5428 mandata
3039 5370 3169 5442 ejus
3198 5367 3491 5428 custodire
3513 5368 3624 5424 est.

1969 5468 2100 5534 Ipse
2126 5462 2283 5517 enim
2315 5461 2432 5518 ait:
2459 5461 2521 5517 Si
2544 5461 2666 5534 quis
2693 5459 2884 5532 diligit
2910 5476 3016 5530 me,
3039 5475 3311 5518 sermones
3338 5473 3485 5516 meos
3510 5471 3625 5513 ser-

1972 5553 2120 5609 vabit
2168 5553 2344 5622 (Joan.
2395 5550 2532 5622 xw).
2584 5551 2653 5606 Et
2690 5550 2945 5607 Joannes
2976 5550 3034 5607 in
3067 5548 3324 5623 Epistola
3354 5563 3462 5604 sua
3491 5543 3575 5602 ait
3605 5557 3622 5600 :

1973 5645 2078 5714 Qui
2107 5643 2242 5701 dicit
2272 5661 2290 5700 :
2324 5644 2464 5712 Quia
2491 5641 2680 5712 diligit
2729 5643 2916 5712 Deum,
2960 5650 3010 5698 et
3054 5641 3312 5697 mandata
3359 5639 3473 5710 ejus
3513 5648 3626 5689 non

1969 5731 2222 5810 custodit,
2243 5729 2480 5791 mendax
2509 5737 2584 5791 est
2613 5731 2661 5807 (Ι
2684 5731 2840 5789 Ιοαη.
2870 5730 2951 5808 ιι).
2983 5728 3264 5786 Curemus
3294 5740 3399 5800 per
3427 5719 3628 5788 omnia
