4102 6180
472 397 597 479 8Ἰὲ

877 395 1289 459 HAYMONIS
1332 398 1866 475 HALBEBSTAT.
1910 397 2158 465 EPISC.
2204 398 2377 467 OPP.
2427 398 2625 473 PARS
2669 398 2776 473 III.
2805 429 2885 455 ψ-
2913 395 3460 459 MISCELLANEA.
3701 400 3805 481 88)

478 526 757 605 mandata
785 526 907 597 Dei,
938 526 999 583 in
1034 532 1318 602 quantum
1368 529 1491 602 ipse
1539 528 1764 585 dederit
1809 527 2123 597 custodire,
2153 527 2208 605 Α
2238 527 2687 602 contemplativa
2705 528 2914 600 vita,in
2938 545 3054 603 qua
3073 527 3389 585 Creatorem
3410 544 3567 598 suum
3588 533 3803 599 creatura

476 602 875 690 eleemosynas
898 616 1179 688 faciendo,
1201 618 1893 691 orationibus,lacrymis,
1910 615 2124 691 vigiliis

468 705 832 784 jejupiisque
845 704 1353 764 insistendo.Bona
1370 707 1817 780 quibuscumque
1829 706 2126 780 possimus

478 795 793 873 operando,
826 813 893 853 ea
939 813 1065 869 qua:
1115 794 1271 851 mala
1312 799 1451 850 sunt
1498 795 1866 861 declinando,
1899 799 1956 851 et
1998 811 2125 866 qua;

479 882 683 961 sanct‘a
709 886 766 940 et
792 884 908 940 Deo
932 884 1149 958 placita
1168 887 1326 951 sunt,
1346 885 1473 957 ipso
1496 885 1805 957 adjuvante
1827 885 1963 940 totis
1986 882 2127 939 viri-

478 972 591 1051 bus
621 973 933 1046 operando,
979 977 1045 1027 ut
1072 972 1368 1046 pervenire
1398 990 1731 1029 mereamur
1761 973 1831 1028 ad
1863 977 2127 1028 sanctam

478 1061 814 1141 societatem
834 1060 1174 1135 angelorum
1191 1062 1708 1131 civium,a3ternam
1730 1062 2082 1119 Hierusalem
2112 1081 2124 1118 :

478 1151 539 1205 in
571 1167 689 1224 qua
717 1152 806 1206 est
839 1150 1155 1207 electorum
1186 1151 1450 1208 omnium
1499 1151 1746 1208 societas
1775 1156 1996 1218 sancta,
2031 1169 2128 1207 so.

476 1238 751 1301 lemnitas
778 1244 954 1310 certa,
989 1242 1219 1314 requies
1252 1257 1476 1309 secura,
1511 1259 1620 1314 pax
1667 1259 1820 1310 vera,
1853 1241 1970 1297 vita
1999 1257 2128 1315 per-

478 1331 676 1401 petua.
710 1329 792 1384 Ad
828 1345 1004 1402 quam
1054 1328 1290 1385 illorum
1340 1330 1606 1386 omnium
1655 1329 1753 1402 qui
1805 1331 1864 1386 in
1896 1348 1963 1386 ea
1992 1334 2132 1387 sunt

479 1417 707 1473 meritis
737 1420 795 1474 et
824 1418 1095 1491 precibus
1126 1418 1310 1491 adjuti
1337 1436 1671 1475 mereamur
1699 1420 2031 1488 ascendere,
2064 1436 2131 1475 eo

480 1506 734 1571 donante
764 1507 862 1581 qui
893 1526 997 1583 per
1027 1506 1255 1564 inﬁnita
1282 1508 1421 1564 vivit
1444 1506 1677 1566 saecula.
1712 1511 1914 1564 Amen.

1134 1624 1366 1681 CAPUT
1406 1625 1473 1680 ΙΙ.

649 1718 872 1784 Quanta
900 1715 1190 1779 electorum
1228 1715 1302 1771 sit
1328 1716 1529 1785 gloria,
1562 1714 1743 1770 videre
1771 1716 1961 1771 Deum.

553 1817 768 1892 (Beda.)
793 1820 1004 1876 Nullus
1032 1837 1226 1876 sermo
1255 1819 1562 1891 explicare,
1594 1820 1791 1876 nullus
1820 1820 1972 1877 valet
2000 1838 2131 1876 sen-

484 1925 590 1968 sus
630 1908 1145 1980 comprehendere,
1179 1913 1400 1979 quanta
1449 1907 1566 1965 sint
1599 1910 1814 1982 gaudia
1836 1911 2134 1978 justorum
2164 1902 2212 1969 Β

483 2013 619 2061 cum
651 1996 1003 2052 accesserint
1031 1996 1103 2051 ad
1133 1996 1271 2052 Sion
1303 2002 1583 2064 montem,
1624 2002 1681 2053 et
1710 1998 2001 2054 civitatem
2031 1999 2133 2055 Dei

478 2082 729 2139 viventis
750 2083 1110 2140 Hierusalem
1132 2085 1443 2157 caelestem,
1458 2091 1515 2141 et
1534 2086 1857 2143 multorum
1880 2087 2133 2144 millium

484 2170 826 2243 angelorum
842 2173 1254 2245 frequentiam,
1269 2175 1583 2247 ipsumque
1601 2176 1852 2233 civitatis
1867 2178 2133 2248 ejusdem

482 2260 767 2317 artiﬁcem
812 2266 872 2317 et
919 2262 1277 2319 conditorem
1312 2264 1517 2331 Deum,
1550 2282 1667 2320 non
1695 2282 1798 2337 per
1827 2266 2131 2337 speculum

482 2354 541 2405 et
566 2349 625 2404 in
655 2350 981 2423 mnigmate,
1001 2351 1155 2407 sicut
1185 2370 1362 2423 nunc,
1381 2354 1482 2409 sed
1505 2354 1651 2410 facie
1671 2356 1739 2409 ad
1767 2354 1970 2409 faciem
1995 2372 2132 2411 con-

482 2438 796 2511 spexerint.
831 2439 911 2495 De
940 2456 1057 2511 qua
1085 2440 1306 2497 visione
1358 2442 1499 2496 dicit
1544 2443 1749 2498 beatus
1796 2443 2001 2499 Petrus
2048 2442 2131 2499 lo-

484 2524 671 2599 quens
721 2528 793 2583 de
841 2528 1088 2584 Domino
1120 2529 1392 2585 ﬁdelibus
1426 2547 1439 2584 :
1474 2532 1538 2585 In
1567 2548 1727 2604 quem
1752 2548 1902 2587 nunc
1925 2548 2134 2604 quoque

484 2632 592 2677 non
620 2616 859 2673 videntes
887 2617 1109 2673 creditis
1133 2637 1152 2672 :
1184 2635 1344 2689 quem
1374 2635 1498 2673 cum
1539 2620 1785 2675 videritis
1813 2621 2133 2677 exaltabitis

502 2706 683 2765 aetitia
729 2706 1102 2762 inenarrabili
1148 2714 1199 2762 et
1239 2709 1546 2778 gloriﬁcata
1591 2709 1637 2781 (I
1662 2710 1807 2765 Petr.
1842 2709 1902 2780 1).
1950 2712 2128 2781 (Joan.

483 2794 700 2865 Chrys.)
718 2793 1005 2866 Explicari
1022 2812 1137 2851 non
1156 2800 1347 2867 potest
1361 2795 1520 2852 illius
1538 2795 1748 2852 laetitiae
1767 2798 2131 2870 magnitudo,

481 2882 582 2937 ubi
601 2884 800 2939 anima
818 2884 890 2939 ad
906 2884 1202 2956 propriam
1221 2885 1673 2957 generositatem
1694 2903 1978 2958 regressa,
1997 2906 2130 2944 cum

481 2971 699 3031 ﬁducia
729 2972 965 3046 coeperit
980 2974 1107 3045 jam
1133 2973 1325 3030 videre
1347 2974 1531 3030 Deum
1553 2992 1750 3044 suum,
1770 2976 1864 3032 cui
1889 2992 2129 3050 congre-

2234 617 2647 673 intellectualis
2698 618 2769 674 ab
2820 616 2981 674 omni
3012 620 3243 690 peccato
3287 620 3536 691 purgata,
3564 621 3713 691 atque
3750 636 3804 689 ex

2237 705 2395 762 omni
2440 711 2603 779 parte
2649 711 2854 763 sanata
2893 706 3094 763 visura
3122 710 3227 776 est,
3262 723 3294 762 a
3320 705 3736 779 contemplanda,
3760 707 3807 776 id

2235 798 2322 852 est
2350 795 2598 851 videndo
2631 813 2845 852 nomen
2865 796 3106 869 accepit.
3127 795 3284 863 Quod
3308 793 3354 851 si
3382 795 3459 851 ita
3486 798 3565 851 est
3590 794 3677 850 illa
3700 796 3807 867 vita,

2237 884 2337 940 ubi
2366 885 2519 941 Deus
2542 885 2721 941 videri
2754 889 2968 958 potest,
2989 885 3119 958 ipsa
3145 882 3572 957 contemplativa
3595 884 3695 941 vita
3713 902 3810 953 cre-

2236 973 2428 1029 denda
2449 977 2556 1030 est.
2572 978 2636 1029 In
2658 973 2927 1047 praesenti
2948 978 3139 1031 autem
3157 974 3274 1030 vita
3294 972 3532 1029 miseriis
3547 974 3811 1037 erroribus-

2239 1080 2351 1139 que
2406 1062 2768 1136 plenissima,
2802 1064 2985 1120 Deum
3016 1062 3195 1119 videri
3230 1062 3398 1119 sicuti
3426 1065 3511 1117 est
3532 1078 3633 1118 non
3660 1080 3811 1137 posse,

2238 1151 2483 1209 dubium
2517 1170 2634 1209 non
2667 1157 2772 1209 est.
2807 1153 2921 1209 Nec
2973 1155 3203 1209 moveat
3248 1150 3397 1224 quod
3443 1150 3529 1206 hic
3574 1168 3814 1224 quoques

2231 1241 2413 1313 justis
2444 1241 2703 1315 antiquis
2732 1242 2922 1299 visum
2955 1241 3205 1315 legimus
3236 1241 3438 1309 Deum,
3475 1238 3601 1311 quia
3627 1257 3722 1295 non
3748 1245 3816 1297 est

2242 1331 2297 1386 in
2323 1331 2429 1386 hac
2455 1330 2865 1388 humiliatione
2897 1336 3099 1388 nostra
3119 1331 3201 1387 sic
3222 1329 3548 1400 visus,sicut
3565 1328 3617 1384 in
3635 1328 3717 1384 illa
3733 1328 3817 1385 cla-

2240 1419 2410 1477 ritate
2437 1420 2722 1477 videndus
2744 1424 2850 1477 cst.
2877 1419 3360 1492 Quandoquidem
3390 1417 3448 1473 in
3478 1417 3646 1477 forma
3660 1415 3817 1473 visibi-

2241 1508 2313 1564 lis
2344 1514 2621 1565 creatura:
2654 1510 2709 1565 in
2760 1527 2877 1582 qua
2927 1527 3033 1584 pro
3065 1508 3497 1584 dispensatione
3525 1510 3818 1580 temporum,

2242 1598 2339 1654 ubi
2357 1598 2624 1666 voluit,et
2638 1599 2854 1671 quibus
2869 1597 3070 1669 voluit,
3079 1598 3262 1670 justis
3277 1595 3555 1672 apparuit,
3568 1612 3659 1651 nec
3676 1595 3820 1668 potuit

2242 1705 2346 1744 nec
2374 1692 2564 1761 potest
2591 1688 2793 1755 videri,
2811 1689 2909 1761 sed
2941 1688 3157 1761 poterit
3184 1703 3319 1743 cum
3351 1686 3419 1742 ad
3452 1701 3728 1757 supernam
3747 1700 3821 1759 pa-

2242 1777 2417 1833 triam
2449 1776 2837 1851 peregrinatio
2867 1781 3068 1835 nostra
3098 1774 3442 1850 pervenerit,
3457 1779 3510 1830 et
3530 1772 3824 1829 mortalcno-

2243 1871 2430 1922 strum
2464 1866 2874 1927 immortalitas
2917 1867 3088 1923 beata
3132 1864 3410 1933 vestierit,
3443 1869 3604 1939 atque
3629 1862 3691 1919 ad
3716 1879 3824 1930 con-

2244 1954 2680 2027 templationem
2713 1955 2969 2011 divinam
2995 1954 3082 2011 vel
3110 1954 3531 2028 perceptionem
3560 1950 3823 2019 ccelestiuin

2243 2044 2637 2117 praemiorum,
2671 2062 2875 2101 omnes
2903 2061 3034 2100 vere
3065 2042 3291 2111 ﬁdeles,
3311 2044 3454 2099 fides
3482 2042 3740 2114 ipsa,que
3754 2038 3823 2103 hic

2243 2134 2440 2189 futura
2471 2135 2878 2201 credebantur,
2911 2132 3149 2209 impleta
3180 2131 3528 2206 perduxerit.

2880 2267 3112 2324 CAPUT
3155 2267 3256 2323 IV.

2242 2358 2397 2428 Quod
2430 2358 2519 2413 hic
2552 2374 2652 2429 per
2693 2357 2853 2428 ﬁdem
2897 2361 3093 2428 potest,
3145 2358 3205 2411 in
3234 2358 3427 2428 futuro
3471 2361 3639 2413 autem
3674 2351 3832 2424 poterit

2692 2431 2831 2485 Deus
2860 2429 3039 2485 videri
3061 2444 3162 2499 per
3188 2430 3443 2500 speciem.

2313 2535 2610 2607 (Prosper.)
2636 2535 2730 2589 Ait
2766 2534 2923 2590 enim
2956 2537 3196 2589 sanctus
3228 2529 3574 2605 Apostolus:
3604 2528 3831 2599 Perﬁdae

2240 2624 2607 2691 ambulamus,
2640 2640 2747 2678 non
2790 2640 2888 2695 per
2929 2625 3162 2695 speciem
3189 2625 3277 2692 (ll
3304 2621 3422 2677 Cor.
3452 2621 3525 2691 v).
3561 2620 3704 2675 Fides
3727 2630 3829 2689 ergo

2241 2717 2329 2768 est
2359 2730 2461 2786 per
2491 2728 2668 2785 quam
2701 2711 3056 2778 ambulatur,
3090 2715 3147 2767 et
3191 2711 3425 2783 species
3469 2727 3587 2782 quae
3634 2707 3828 2763 videtur.

2241 2801 2386 2866 Quia
2416 2802 2475 2857 in
2505 2801 2616 2857 hac
2636 2802 2755 2857 vita
2776 2801 2873 2857 ubi
2900 2818 3001 2874 per
3024 2800 3197 2855 ﬁdem
3222 2800 3374 2856 bene
3395 2799 3623 2854 vivendo
3648 2793 3829 2868 prolici-

2241 2907 2396 2957 mus,
2418 2892 2704 2947 bonorum
2735 2906 2976 2962 operum
3013 2888 3456 2961 quodammodo
3486 2887 3833 2961 passibusam-

2239 2977 2548 3047 bulamus;
2574 2979 2633 3034 in
2656 2980 2854 3035 futuro
2884 2982 3081 3034 autem
3116 2977 3518 3051 pervenientes
3539 2975 3605 3030 ad
3628 2972 3829 3045 speciem

483 3061 642 3133 gatio
674 3067 878 3123 sancta
906 3078 975 3119 ex
1006 3061 1229 3135 angelis
1261 3067 1435 3135 atque
1481 3064 1869 3137 archangelis,
1901 3066 2131 3125 thronis
2230 3069 2357 3140 jam
2389 3086 2504 3125 non
2536 3068 2647 3125 erit
2668 3085 2781 3141 quo
2801 3068 2959 3124 velut
2983 3066 3346 3140 proficiendo
3366 3065 3603 3123 ulterius
3619 3058 3830 3123 ambule-

482 3150 540 3205 et
566 3149 1086 3219 dominationibus,
1103 3151 1530 3223 principatibus
1548 3169 1612 3208 ac
1635 3154 2020 3225 potestatibus
2042 3173 2131 3212 as-

2239 3175 2393 3225 mus,
2413 3158 2514 3213 sed
2540 3158 2727 3229 ipsam
2759 3156 3034 3229 speciem,
3060 3156 3130 3211 ad
3166 3171 3353 3227 quam
3383 3172 3485 3228 per
3512 3154 3670 3217 ﬁdem
3694 3145 3830 3221 spiri.

478 3238 890 3339 sistet:qualis
905 3240 1394 3339 gloria-aeternum.
1406 3257 1600 3314 regem
1620 3242 1815 3299 videre
1831 3244 2127 3316 placatum
2158 3274 2200 3339 Ο
2237 3246 2415 3302 talem
2446 3246 2840 3312 ambulamus,
2871 3245 3266 3318 pervenimus,
3300 3241 3608 3339 insatiabili
3625 3239 3831 3339 delecta-

480 3327 644 3384 nulla
667 3346 777 3385 vox
804 3330 994 3386 dicere
1014 3330 1253 3397 sufﬁcit,
1273 3330 1437 3386 nulla
1456 3331 1729 3404 cogitatio
1753 3333 2129 3405 comprehen-

481 3418 615 3473 dere
644 3422 851 3491 potest.
884 3418 1098 3491 Eil‘ugit
1126 3419 1283 3475 enim
1313 3437 1548 3477 omnem
1572 3437 1924 3490 sermonem,
1954 3426 2129 3495 atque

479 3522 713 3563 omnem
730 3524 970 3564 sensum
993 3508 1261 3564 humanas
1283 3508 1498 3564 mentis
1518 3510 1740 3566 excedit
1759 3510 1938 3566 decus
1958 3511 2125 3580 illud,

479 3594 583 3652 illa
610 3595 1004 3667 pulchritudo,
1023 3596 1124 3652 illa
1149 3597 1360 3666 virtus,
1382 3597 1481 3652 illa
1510 3598 1713 3671 gloria,
1733 3598 1835 3654 illa
1863 3600 2130 3673 magniﬁ-

479 3686 692 3753 centia,
723 3684 826 3742 illa
861 3686 1156 3758 maiestas.
1186 3685 1231 3741 Ο
1263 3702 1442 3756 quam
1473 3686 1846 3743 inetl'abiliter
1874 3688 2009 3745 felix
2039 3689 2127 3745 ni-

478 3774 784 3847 miumque
802 3774 1028 3842 beatus,
1048 3775 1147 3847 qui
1173 3779 1354 3830 Deum
1372 3774 1432 3829 in
1464 3773 1564 3830 illa
1594 3780 1873 3849 perpetua
1894 3778 2127 3852 regione

477 3864 673 3920 videre
701 3863 1002 3932 meruerit,
1037 3863 1137 3920 ubi
1167 3863 1292 3920 sine
1324 3864 1439 3920 ﬁne
1481 3880 1613 3920 cum
1657 3864 1882 3937 angelis
1931 3872 1989 3922 et
2035 3885 2126 3923 ar-

481 3952 780 4026 changelis
811 3951 1057 4009 feliciter
1084 3952 1381 4027 gaudebit.

1116 4077 1350 4136 CAPUT
1388 4079 1485 4137 ΙΙΙ.

478 4170 633 4245 Quod
660 4179 954 4247 antequam
980 4170 1158 4247 sancti
1172 4168 1253 4247 _ad
1273 4171 1524 4247 futuram
1548 4170 1873 4247 perveniant
1903 4170 2130 4229 beatitu-

671 4242 875 4310 dinem,
902 4243 1139 4315 perfecte
1165 4242 1334 4296 Deum
1363 4242 1546 4296 videre
1571 4258 1682 4297 non
1706 4245 1936 4314 possint.

549 4359 781 4434 (Prosp.)
812 4357 1008 4443 In.i11a
1037 4357 1207 4413 beata
1235 4355 1353 4411 vita
1402 4372 1527 4429 quae
1573 4357 1771 4413 futura
1800 4362 1908 4427 est,
1940 4359 2125 4415 Deum

473 4449 649 4522 sicuti
679 4452 765 4507 est
790 4447 1041 4521 perfecte
1067 4443 1345 4500 videbunt
1376 4444 1582 4515 sancti,
1606 4446 1706 4499 ubi
1733 4450 1790 4502 et
1821 4446 1934 4519 ipsi
1955 4452 2129 4506 erunt

474 4538 604 4595 vita:
626 4540 850 4593 mterna:
872 4552 938 4593 ac
962 4533 1126 4607 regni
1148 4531 1397 4588 caelestis
1429 4533 1837 4591 consecutione
1864 4536 2121 4607 perfecti.

2238 3336 2395 3391 tione
2423 3336 2775 3391 videbimus.
2809 3337 2875 3391 In
2907 3338 3192 3407 quantum
3225 3339 3428 3390 autem
3460 3330 3602 3388 valet
3625 3329 3834 3385 humana

2237 3442 2423 3491 mens,
2443 3441 2622 3497 quam
2645 3441 2789 3482 suus
2817 3424 3051 3480 Creator
3076 3423 3146 3479 ad
3181 3440 3358 3479 suam
3390 3422 3525 3478 fecit
3551 3418 3833 3492 imaginem.

2237 3514 2469 3570 studeat
2517 3514 2695 3569 etiam
2726 3513 2820 3568 hic
2866 3512 3320 3585 intelligibiliter
3361 3512 3541 3568 Deum
3568 3508 3736 3565 videre
3758 3517 3837 3575 por

2237 3603 2433 3669 fidem,
2455 3607 2521 3659 ut
2534 3619 2669 3659 eum
2688 3602 2919 3675 plenius
2938 3602 3128 3659 videat
3146 3617 3286 3657 cum
3313 3597 3627 3675 pervenerit
3647 3605 3841 3652 munem

2236 3692 2424 3764 ipsius
2454 3690 2782 3747 Conditoris
2812 3692 2904 3747 sui
2935 3692 3007 3746 ad
3044 3690 3325 3762 speciem.

2896 3815 3128 3873 CAPUT
3166 3814 3237 3871 V.

2238 3908 2300 3962 1η
2348 3914 2551 3981 quanta
2598 3906 2852 3963 claritate
2892 3905 2961 3961 ab
3007 3905 3186 3960 electis
3214 3906 3336 3962 suis
3368 3903 3632 3973 videbitur
3656 3894 3836 3955 Drusi?!

2904 3992 3070 4046 regno
3098 3992 3217 4045 suo.

2308 4094 2519 4167 (Beda.)
2551 4098 2616 4151 In
2647 4111 2714 4150 ea
2744 4091 3006 4150 claritate
3036 4109 3154 4165 qua
3184 4091 3467 4166 discipuli
3498 4088 3738 4149 viderunt
3760 4082 3838 4153 De

2238 4183 2463 4240 minum
2497 4183 2815 4257 fulgentem
2849 4182 2906 4238 in
2937 4186 3132 4239 monte
3162 4183 3395 4254 (Matth.
3427 4181 3584 4254 xvu),
3614 4178 3666 4234 in
3691 4190 3749 4239 ea
3772 4185 3842 4257 96‘

2237 4276 2392 4328 racto
2416 4272 2640 4345 judicio
2665 4273 2736 4328 ab
2767 4271 3042 4327 omnibus
3074 4269 3298 4327 sanctis
3327 4269 3389 4331 in
3417 4284 3589 4341 regno
3608 4280 3702 4353 suo
3725 4256 3843 4353 vide-

2236 4361 2410 4417 bitur.
2430 4362 2539 4418 Sed
2572 4360 2727 4434 quod
2758 4358 3032 4417 mortales
3056 4359 3271 4429 adhuc,
3294 4352 3695 4431 corruptibiles
3712 4347 3845 4411 disci-

2236 4450 2510 4523 pulorum
2542 4449 2693 4506 oculi
2718 4449 2959 4505 suii‘erre
2981 4448 3395 4521 nequiverunt,
3424 4451 3561 4505 tunc
3584 4459 3677 4518 per
3695 4450 3844 4527 resur:

2235 4539 2549 4596 rectionem
2569 4539 2695 4610 jam
2720 4539 2869 4593 facta
2888 4535 3378 4609 incorruptibilis,
3398 4536 3654 4608 potenter
3672 4527 3845 4584 intueri

478 4629 765 4709 Ceterum
796 4624 844 4683 si
874 4624 969 4680 hic
999 4623 1248 4698 perfecte
1276 4621 1564 4695 potuisset
1602 4622 1994 4680 substantiam
2026 4625 2125 4682 Dei
2156 4649 2203 4714 Β
2235 4627 2453 4685 sufﬁcit
2483 4627 2675 4683 omnis
2706 4624 2964 4683 Ecclesia
2994 4628 3361 4694 sanctorum,
3387 4625 3457 4681 de
3480 4639 3593 4714 qua
3611 4615 3843 4714 seriptflm

478 4704 741 4779 humana
778 4713 1066 4790 fragilitas
1112 4712 1515 4784 contemplari,
1548 4730 1851 4786 nunquam
1884 4719 2126 4773 sanctus
2156 4701 2199 4714 υ
2235 4722 2366 4774 est:
2406 4718 2595 4789 Regem
2641 4718 2700 4772 in
2752 4716 2945 4773 decore
2990 4731 3089 4771 suo
3137 4714 3405 4773 videbunt
3449 4712 3591 4770 oculi
3617 4701 3841 4790 611180³Ϋῆ-

479 4806 834 4884 evangelista
890 4803 1131 4861 dixisset
1183 4819 1196 4858 :
1242 4803 1419 4859 Deum
1466 4818 1633 4858 nemo
1678 4802 1820 4858 vidit
1876 4819 2129 4877 unquam

479 4903 656 4970 (Joan.
698 4901 816 4968 v1);
854 4912 968 4952 non
1018 4891 1162 4950 dixit
1195 4907 1209 4947 :
1242 4892 1421 4948 Nemo
1465 4891 1699 4948 videbit.
1757 4892 2015 4965 Denique
2065 4897 2129 4951 ut

479 4990 772 5063 evidenter
786 4984 1118 5042 ostenderet
1137 4980 1421 5037 visionem
1440 4979 1539 5036 Dei
1562 4998 1676 5037 non
1706 4986 1975 5054 negatam
2000 5000 2131 5040 san-

480 5077 589 5132 ctis
618 5075 977 5142 hominibus,
1003 5073 1103 5130 sed
1131 5070 1392 5139 dilatam,
1417 5070 1572 5141 quod
1594 5068 1653 5125 in
1685 5070 1955 5142 praesenti
1981 5075 2128 5128 tem-

480 5179 618 5236 pore
631 5164 880 5235 negavit,
897 5164 955 5217 in
975 5162 1169 5217 futuro
1188 5158 1477 5232 promisit,
1496 5158 1725 5214 dicens:
1742 5159 2129 5219 Beatimundo

477 5252 648 5309 corde
674 5252 943 5323 quoniam
974 5251 1086 5319 ipsi
1118 5255 1297 5305 Deum
1341 5248 1604 5304 videbunt
1636 5250 1853 5317 (Matth.
1885 5253 1962 5319 v).
2013 5252 2127 5308 Nec

476 5340 572 5398 hic
603 5338 768 5406 dixit,
798 5338 1083 5403 Quoniam
1113 5338 1223 5411 ipsi
1256 5338 1453 5407 Deum.
1470 5337 1687 5392 vident.
1734 5337 1919 5409 Igitur
1950 5339 2122 5408 Deus,

480 5429 583 5503 qui
612 5429 671 5484 in
704 5427 813 5484 hac
840 5427 960 5483 vita
990 5426 1114 5481 sine
1146 5426 1394 5497 alicujus
1430 5424 1691 5481 alimenti
1725 5428 2127 5500 assumptione

479 5536 585 5599 nec
614 5514 802 5593 potuit
826 5513 1009 5571 videri
1034 5531 1138 5570 nec
1172 5518 1383 5586 potest,
1409 5514 1469 5570 in
1493 5515 1688 5570 futura
1706 5514 1825 5572 vita
1843 5518 2128 5575 videndus

478 5594 586 5669 est.
614 5607 698 5665 Ibi
726 5612 817 5663 est
846 5602 1354 5676 contemplationis
1385 5602 1589 5658 divina:
1621 5605 1912 5675 speranda
1942 5608 2127 5679 perfe-

477 5699 613 5788 ctio,
645 5697 745 5760 ubi
776 5696 888 5759 erit
917 5696 1204 5761 bonorum
1252 5692 1517 5751 omnium
1545 5691 1869 5770 plenitudo.
1905 5695 1971 5753 Et
2000 5697 2128 5759 ideo

2236 4810 2454 4873 xxxm).
2477 4785 2764 4863 'Deoorem
2796 4804 2986 4872 illum,
3014 4804 3263 4879 gloriam
3296 4802 3488 4870 illam,
3519 4785 3847 4874 pulchritudi-

2238 4912 2371 4952 nem
2403 4894 2585 4962 illam,
2630 4892 3124 4968 magniﬁcentiam
3179 4891 3368 4961 illam,
3402 4891 3667 4947 virtutem
3694 4879 3843 4943 illam:

2237 4983 2558 5041 claritatem
2590 4981 2771 5051 illam,
2804 4981 3172 5054 maiestatem
3206 4980 3394 5049 illam,
3423 4976 3617 5052 qualis
3640 4987 3729 5049 per
3752 4979 3848 5031 οω·

2238 5074 2335 5129 nia
2367 5073 2465 5141 sit,
2490 5071 2649 5127 nulla
2677 5088 2784 5126 vox
2805 5070 3114 5126 hominum
3136 5070 3326 5128 dicere
3348 5064 3542 5143 potuit
3560 5066 3655 5121 aut
3672 5054 3843 5135 potest-

2235 5163 2419 5236 (Joan.
2456 5161 2669 5233 Chrys.)
2703 5159 3081 5215 Conferamus
3105 5157 3306 5216 oculos
3328 5158 3405 5216 ad
3432 5156 3596 5212 illum
3628 5149 3845 5209 monte“.l

2234 5250 2294 5306 in
2339 5267 2455 5324 quo
2504 5248 2957 5305 transformatus
3003 5251 3092 5304 est
3138 5246 3433 5312 Christus,
3487 5248 3544 5300 et
3587 5238 3847 5324 videam“

2235 5322 2602 5413 Splendorem
2638 5338 2786 5409 ejus,
2818 5336 2987 5393 illum
3039 5354 3155 5410 quo
3203 5342 3341 5392 tunc
3374 5322 3848 5395 transformatione.

2235 5427 2613 5501 resplenduit,
2649 5443 2753 5482 nec
2785 5426 2867 5482 sic
2908 5426 3145 5499 quidem
3196 5426 3562 5483 inveniemus
3612 5416 3853 5474 cunctam

2237 5517 2406 5574 nobis
2438 5516 2597 5572 illius
2628 5513 2949 5571 claritatem
2984 5515 3280 5591 futurique
3302 5512 3505 5573 saeculi
3526 5504 3755 5585 gloriam

2237 5608 2528 5663 tel‘actaiu.
2562 5603 2667 5665 Illa
2705 5602 2861 5659 enim
2914 5603 3348 5661 transformatio
3386 5604 3534 5658 facta
3564 5600 3649 5653 cst
3677 5605 3776 5646 non
3801 5597 3847 5637 in

2236 5699 2522 5777 quantum
2564 5694 2854 5755 bonorum
2895 5694 3228 5755 futurorum
3275 5692 3491 5753 veritas
3537 5683 3722 5755 habet,
3766 5668 3851 5738 1θά
