4026 6180
271 232 388 305 881

1256 247 1360 311 DE
1400 244 1852 314 VARIETATE
1895 238 2328 319 LIBRORUM.
2362 287 2439 304 --
2465 256 2611 321 LlB.
2657 252 2709 320 Ι.

3569 250 3691 327 88Ξ

273 381 564 472 quantum
595 378 748 472 ferre
772 379 1223 472 oculipoterant
1252 381 1552 472 intuitum.
1588 384 1645 440 Si
1678 386 1834 441 enim
1868 385 1925 441 in
1962 386 2017 454 Α
2047 388 2147 443 scd
2179 407 2352 446 omne
2382 376 2671 465 quidquid
2702 389 3095 465 corruptionis
3123 394 3212 450 est
3240 392 3547 469 exsulat,et
3569 396 3691 472 glo-

273 467 583 549 EVangeli'o
638 469 799 537 dicit,
843 468 981 543 quia
1038 471 1375 545 resplenduit
1404 472 1548 530 sicut
1574 475 1653 531 sol
1712 474 1921 547 (Matth.

269 560 430 626 ἐνδυ).
465 562 944 635 Incorruptorum
976 564 1169 616 autem
1211 561 1396 635 gloria
1447 580 1778 636 corporum,
1811 582 1926 621 non

269 647 379 703 hoc
407 649 640 703 tantum
670 646 999 720 splendoris
1028 650 1565 722 emittit,quantum
1588 668 1656 708 ex
1676 653 1789 709 ista
1810 671 1930 710 cor-

266 728 531 810 ruptibili
576 736 704 793 luce
752 739 1032 810 procedit,
1065 756 1171 795 nec
1218 740 1397 797 talem
1445 741 1658 811 lucem,
1692 742 1924 815 qualem

264 840 426 882 nunc
457 824 731 882 mortales
761 826 914 882 oculi
945 843 1149 899 capere
1180 833 1449 900 possunt,
1474 830 1575 885 sed
1597 833 1796 887 tantus
1817 831 1927 887 erit

164 901 185 911 ’
266 916 478 971 futuras
504 913 652 970 lucis
683 913 1272 990 splendor,quantum
1295 933 1607 990 corporeus
1631 919 1778 975 ferre
1808 938 1923 975 non

268 1004 457 1077 possit
496 1007 790 1076 aspectus,
824 1020 957 1061 cum
1005 1008 1201 1062 tamen
1253 1006 1422 1063 illum
1472 1007 1669 1065 tulerit
1715 1010 1814 1082 qui
1864 1011 1923 1065 in

268 1093 488 1149 montis
516 1092 1029 1151 transformatione
1057 1095 1439 1168 resplenduit.
1474 1096 1635 1153 Unde
1666 1099 1924 1155 ostendi-

262 1186 381 1247 tur,
413 1181 553 1254 quia
581 1186 810 1238 tantum
842 1182 1157 1239 revelatum
1188 1184 1578 1257 sit,quantum
1602 1186 1749 1244 ferre
1772 1206 1924 1245 mor-

260 1270 474 1327 talium
507 1271 660 1327 oculi
690 1275 1027 1344 potuerunt.
1060 1272 1176 1329 Nec
1204 1276 1403 1330 tamen
1450 1275 1709 1332 tulerunt
1739 1294 1806 1333 ex
1832 1278 1921 1333 in-

262 1364 448 1433 tegro,
481 1359 585 1416 sed
614 1359 971 1433 ceciderunt,
994 1359 1281 1433 inquit,in
1313 1360 1519 1418 faciem
1553 1378 1722 1419 suam
1745 1380 1923 1437 super

261 1450 501 1506 terram.

904 1583 1141 1641 CAPUT
1179 1583 1275 1642 VI.

546 1674 623 1730 De
651 1672 1042 1732 resurrectione
1068 1681 1119 1732 et
1146 1676 1259 1731 vita
1296 1680 1630 1732 sanctorum.

330 1798 659 1879 Resurgent
689 1806 870 1879 igitur
897 1812 1235 1864 sanctorum
1264 1823 1507 1880 corpora
1534 1808 1663 1865 sine
1683 1807 1804 1865 ullo
1836 1810 1914 1866 vi-

252 1895 503 1964 tio,sine
517 1894 638 1951 ulla
657 1895 1208 1965 deformitate,sicut
1230 1896 1355 1953 sine
1378 1896 1496 1953 ulla
1517 1898 1911 1970 corruptione,

253 1997 457 2051 Onere,
488 1983 851 2041 difﬁcultate.
886 1985 949 2040 In
981 1986 1197 2058 quibus
1223 1989 1389 2042 tanta
1418 1986 1663 2042 facilitas
1694 1992 1915 2060 quanta

254 2074 506 2130 felicitas
535 2074 665 2130 erit.
701 2073 968 2146 Receptis
991 2090 1126 2130 cum
1148 2075 1582 2148 incorruptione
1604 2079 1781 2149 atque
1802 2077 1912 2133 im-

254 2161 611 2219 mortalitate
628 2162 1219 2235 corporibus,munici
1227 2168 1427 2237 patum
1448 2165 1645 2236 patris:
1664 2166 1913 2222 caelestis

252 2252 562 2326 accipient,
596 2255 771 2325 atque
800 2253 929 2324 ejus
959 2253 1019 2308 in
1051 2257 1333 2309 internum
1365 2253 1522 2309 cives
1553 2254 1913 2327 effecti,pro-

250 2343 445 2403 missa
476 2342 716 2414 praemia
744 2343 1144 2415 reportabunt.
1170 2342 1255 2398 Ibi
1277 2342 1361 2398 eis
1383 2343 1725 2399 exuberabit
1752 2348 1916 2400 tanta

254 2430 479 2499 latitia,
502 2433 665 2486 tanta
689 2430 1011 2487 caelestium
1045 2432 1233 2504 gratia
1262 2432 1706 2505 gaudiorum,ut
1726 2449 1916 2490 remu-

249 2520 511 2578 neratori
543 2536 650 2575 suo
684 2536 786 2592 pro
816 2519 995 2575 tantis
1028 2520 1377 2576 muneribus
1406 2522 1625 2593 gratias
1655 2525 1915 2595 agant,et

253 2607 491 2666 nullum
522 2606 823 2663 fastidium
854 2625 923 2664 ex
944 2609 1074 2681 ipsa
1095 2609 1396 2665 afﬂuentia
1415 2610 1701 2666 bonorum
1724 2628 1915 2684 perce-

256 2698 458 2773 ptione
487 2696 927 2760 sustineant.lbi
955 2715 1068 2754 non
1092 2698 1297 2754 latebit
1318 2698 1565 2771 perfecte
1588 2700 1787 2756 beatos
1809 2700 1913 2757 ali-

256 2786 403 2860 quid
434 2789 811 2851 sccretorum,
845 2786 946 2858 qui
977 2788 1131 2859 quod
1171 2789 1259 2843 est
1300 2785 1471 2858 longe
1520 2789 1910 2860 praestantius,

256 2876 459 2950 ipsum
489 2873 671 2930 visuri
703 2879 841 2931 sunt
873 2875 1113 2932 mundis
1135 2876 1410 2932 cordibus
1431 2877 1915 2943 Deum.Quando-

259 2965 502 3039 quidem
533 2964 795 3020 humana
824 2967 1091 3020 creatura
1119 2965 1199 3019 ita
1221 2965 1476 3037 perfecta
1496 2965 1697 3031 erit,ut
1716 2966 1777 3021 in
1800 2982 1916 3022 me-

258 3053 379 3110 lius
411 3056 513 3108 aut
540 3051 799 3108 deterius
827 3052 981 3108 ultra
1011 3053 1222 3109 mutari
1252 3069 1368 3108 non
1399 3053 1911 3127 possit.Quidquid

258 3142 360 3199 hic
388 3140 666 3198 humanis
695 3141 1035 3216 corporibus
1053 3142 1351 3208 vitiandis,
1367 3147 1469 3198 aut
1488 3142 1744 3200 ferarum
1768 3161 1915 3200 mor-

256 3247 366 3287 sus
397 3230 702 3298 ademerit,
738 3235 840 3287 aut
871 3230 1186 3303 improviso
1234 3245 1407 3287 casus
1454 3231 1783 3302 abstulerit,
1817 3236 1919 3290 aut

257 3319 553 3377 malarum
582 3318 987 3376 valetudinum
1018 3334 1231 3393 genera
1251 3319 1479 3376 diversa
1501 3320 1913 3394 decerpserint,

259 3414 367 3467 aut
394 3409 658 3465 humana
686 3408 1004 3466 crudelitas
1034 3409 1443 3481 amputaverit,
1460 3414 1561 3464 aut
1581 3410 1630 3465 si
1654 3410 1808 3484 ignis
1829 3411 1917 3467 vel

257 3497 539 3572 quaslibet
567 3497 683 3553 alia
724 3514 815 3553 res
863 3496 1088 3570 aliquid
1136 3496 1457 3554 debilitatis
1506 3496 1786 3564 intulerit,
1818 3504 1920 3556 aut

255 3588 399 3661 ipsa
422 3590 695 3642 senectus
724 3586 899 3641 etiam
948 3585 1111 3643 sanis
1158 3602 1405 3642 onerosa
1450 3588 1764 3659 negaverit,
1797 3588 1919 3644 haec

260 3680 443 3749 atque
471 3675 566 3731 his
597 3674 818 3731 similia
841 3691 1151 3748 corporum
1183 3675 1544 3742 damna,una
1564 3675 1644 3731 ibi
1666 3693 1921 3734 resurre-

260 3765 379 3821 ctio
411 3754 726 3836 reparabit,
757 3767 931 3835 atque
960 3779 1029 3819 ea
1056 3778 1301 3835 corpora
1330 3763 1611 3820 membris
1641 3765 1917 3822 omnibus

258 3855 593 3912 instaurata
619 3852 1082 3925 incorruptibilis
1108 3852 1329 3909 sanitas
1359 3853 1662 3909 obtinebit.
1688 3853 1918 3910 Statum

260 3942 447 4000 etiam
476 3940 635 3997 illius
667 3945 881 3998 sancta:
912 3941 1354 3999 resurrectionis
1386 3958 1450 3997 ac
1471 3945 1763 4014 perpetuae
1787 3943 1919 3999 vita

258 4029 725 4096 consideremus,
749 4030 809 4085 in
840 4034 1127 4102 quantum
1151 4030 1319 4086 nobis
1341 4030 1707 4086 considerare
1730 4032 1917 4104 possi-

258 4120 384 4177 bile
412 4122 520 4188 est,
553 4122 612 4175 et
637 4123 706 4175 ut
734 4118 909 4175 etiam
938 4135 1070 4175 vere
1099 4124 1209 4189 est,
1242 4118 1735 4191 comprehendere
1781 4120 1918 4175 nul-

255 4210 359 4267 lus
386 4220 581 4265 sermo
612 4208 880 4276 sufﬁciet,
913 4208 1015 4264 sed
1046 4211 1335 4280 quantum
1384 4207 1681 4280 possimus
1726 4226 1794 4265 ex
1825 4208 1919 4265 his

256 4302 392 4371 quas
424 4296 697 4368 legimus,
730 4299 789 4351 et
815 4311 919 4367 per
955 4295 1264 4368 aenigmata
1311 4294 1635 4366 accipimus
1682 4299 1918 4351 tenuem

258 4386 581 4460 quamdam
608 4384 943 4457 opinionem
974 4384 1045 4439 de
1068 4400 1136 4439 ea
1163 4384 1485 4457 capiamus.
1520 4384 1744 4440 Dicitur
1762 4386 1833 4441 de
1852 4401 1921 4442 ea

2038 476 2123 531 ria
2178 478 2633 553 incorruptionis
2700 483 2911 538 cuncta
2966 476 3313 539 circumdat.
3371 480 3535 542 Unde
3592 476 3695 559 per

2037 563 2282 623 Paulum
2313 569 2528 625 dicitur
2557 588 2570 625 :
2605 570 2727 642 Ipsa
2757 578 3008 627 creatura
3038 571 3366 628 liberabitur
3385 590 3419 629 a
3438 562 3697 633 servitute

2030 660 2412 728 corruptionis,
2492 662 2552 715 in
2630 661 2932 717 libertatem
3006 662 3208 730 gloriae
3282 662 3524 733 ﬁliorum
3587 666 3694 723 Dei

2033 748 2205 815 (Rom.
2239 750 2385 817 VIII.)
2418 749 2623 821 (Grcg.)
2655 749 2879 806 Electos
2910 750 3065 805 enim
3101 767 3261 806 nunc
3293 762 3463 825 poena
3490 768 3691 810 corru-

2036 836 2249 908 ptionis
2306 844 2604 911 aggravet,
2655 839 2755 896 sed
2808 844 2943 894 tunc
2994 839 3446 913 incorruptionis
3504 840 3691 915 gloria

2031 924 2246 980 exultat
2274 930 2330 980 et
2359 930 2647 998 quantum
2679 927 2753 982 ad
2785 928 3086 1000 praesentis
3128 928 3495 986 necessitatis
3542 948 3686 1003 pon-

2005 1012 2171 1075 ,dera
2201 1031 2357 1070 nunc
2382 1016 2439 1070 in
2472 1016 2572 1072 Dei
2607 1015 2744 1071 filiis
2787 1016 2857 1071 de
2899 1016 3163 1072 libertate
3212 1017 3357 1073 nihil
3407 1020 3683 1075 ostendit.

2032 1101 2325 1166 Quantum
2356 1119 2489 1161 vero
2521 1105 2595 1160 ad
2627 1104 3041 1176 subsequentis
3082 1104 3371 1162 libertatis
3413 1107 3681 1180 gloriam,

2030 1194 2170 1247 tunc
2199 1191 2259 1247 in
2290 1192 2391 1247 Dei
2437 1191 2675 1249 famulis
2722 1194 2792 1249 de
2840 1194 3116 1250 servitute
3164 1192 3310 1249 nihil
3359 1196 3680 1269 apparebit.

2030 1280 2307 1336 Creatura
2336 1297 2472 1355 ergo
2505 1282 2783 1339 servitute
2812 1282 3203 1357 corruptionis
3222 1288 3395 1340 exuta
3413 1288 3471 1340 et
3489 1285 3682 1359 digni-

2028 1373 2147 1426 tate
2175 1370 2464 1427 libertatis
2496 1376 2751 1445 accepta,
2776 1371 2836 1428 in
2865 1372 3118 1429 filiorum
3149 1372 3251 1429 Dei
3280 1372 3527 1446 gleriam
3557 1390 3683 1431 ver-

2026 1459 2189 1528 titur,
2220 1459 2357 1532 quia
2386 1460 2552 1517 unita
2582 1461 2697 1517 Deo
2736 1478 2838 1535 per
2884 1461 3183 1534 spiritum,
3217 1462 3386 1535 quasi
3432 1462 3542 1519 hoc
3593 1463 3684 1535 ip-

2026 1560 2171 1622 sum'
2186 1546 2340 1621 quod
2372 1554 2637 1608 creatura
2667 1554 2775 1620 est,
2808 1550 3094 1609 transisse
3123 1564 3189 1609 ac
3228 1550 3535 1626 subegisse
3579 1552 3685 1609 de-

2025 1636 2301 1695 claratur.

2653 1755 2884 1813 CAPUT
2923 1757 3048 1813 VII.

2025 1843 2174 1911 Quod
2204 1843 2533 1900 detrimenta
2560 1845 2830 1921 angelica:
2860 1847 3043 1921 ruina:
3069 1861 3140 1903 ex
3166 1848 3369 1903 sanctis
3411 1863 3678 1921 reparan-

2625 1923 2716 1971 tur
2740 1915 3071 1973 hminibus.

2096 2040 2279 2112 (Aug.)
2310 2041 2391 2095 Ex
2420 2040 2820 2113 redemptione
2847 2038 3156 2097 hominum
3187 2040 3368 2097 ruinas
3394 2039 3555 2098 illius
3575 2059 3678 2099 an-

2022 2127 2217 2202 gelica:
2249 2129 2599 2185 detrimenta
2629 2134 2993 2201 reparantur.
3029 2131 3097 2186 Et
3143 2131 3350 2204 utique
3396 2136 3683 2188 noverunt
3780 2189 3793 2199 η

2023 2217 2213 2291 angeli
2248 2217 2434 2274 sancti
2465 2218 2620 2274 docti
2654 2218 2725 2274 de
2754 2218 2891 2288 Deo,
2927 2220 3099 2290 cujus
3145 2218 3407 2277 veritatis
3453 2223 3682 2277 aeterna

2023 2305 2509 2378 contemplatione
2556 2304 2708 2362 beati
2740 2310 2895 2376 sunt,
2929 2304 3136 2378 quanti
3164 2305 3396 2362 numeri
3443 2307 3680 2383 supple-

2023 2399 2288 2450 mentum
2320 2395 2391 2450 de
2416 2411 2626 2468 genere
2658 2395 2919 2452 humano
2950 2396 3258 2469 integritas
3288 2394 3448 2452 illius
3479 2396 3681 2475 civitas

2022 2482 2101 2539 tis
2127 2487 2437 2555 exspectet.
2472 2486 2715 2556 Propter
2744 2485 2853 2541 hoc
2883 2485 2966 2540 ait
2994 2484 3308 2557 Apostolus
3332 2501 3345 2541 ε
3367 2489 3679 2541 Instaurarz

2021 2574 2209 2627 omnia
2238 2573 2295 2625 in
2330 2572 2540 2627 Christo
2568 2586 2695 2642 quae
2726 2574 2787 2627 in
2817 2573 2967 2627 caelis
2994 2580 3123 2628 sunt
3157 2581 3209 2628 et
3254 2587 3382 2644 qua
3426 2574 3488 2626 in
3516 2575 3679 2629 terris

2022 2659 2234 2731 (Ephes.
2264 2659 2327 2728 ι).
2353 2658 2417 2712 In
2450 2658 2578 2730 ipso
2609 2658 3019 2714 instaurantur
3038 2660 3255 2731 quippe
3282 2677 3410 2731 quas
3434 2661 3494 2716 in
3516 2660 3678 2717 oculis

2023 2751 2179 2815 sunt,
2213 2763 2347 2802 cum
2378 2746 2435 2801 id
2464 2747 2618 2818 quod
2646 2746 2705 2801 in
2737 2746 2959 2820 angelis
2992 2747 3223 2820 lapsum
3252 2752 3362 2813 est,
3387 2764 3456 2803 ex
3486 2747 3677 2803 homié

2022 2836 2198 2893 nibus
2229 2835 2512 2892 redditur.
2549 2835 2964 2891 Instaurantur
3013 2840 3206 2892 autem
3259 2852 3385 2908 quas
3416 2836 3476 2891 in
3502 2836 3676 2893 terris

2022 2930 2183 2993 sunt,
2214 2941 2350 2979 cum
2382 2925 2495 2996 ipsi
2534 2924 2802 2981 homines
2853 2924 2954 2996 qui
3006 2924 3398 2997 praedestinati
3448 2929 3588 2981 sunt
3614 2925 3674 2981 in

2022 3018 2298 3069 aeternam
2328 3013 2529 3081 vitam,
2564 3029 2598 3067 a
2626 3011 3017 3085 corruptionis
3059 3016 3347 3069 vetustate
3393 3014 3675 3071 innovan-

1944 3116 1987 3194 α
2028 3108 2141 3159 tur.
2172 3101 2275 3158 Illa
2302 3101 2458 3158 enim
2493 3117 2749 3177 superna
2780 3101 2984 3157 civitas
3033 3118 3101 3157 ex
3149 3101 3373 3194 angelis
3403 3102 3677 3194 ethomi-

2027 3191 2201 3247 nibus
2232 3194 2481 3258 constat,
2515 3191 2585 3247 ad
2620 3206 2797 3263 quam
2843 3194 3076 3246 tantum
3123 3189 3419 3248 credimus
3468 3191 3677 3249 huma-

2026 3298 2167 3337 num
2199 3296 2384 3353 genus
2406 3280 2739 3347 ascendere,
2773 3283 3025 3352 quantos
3054 3278 3173 3334 illic
3201 3279 3490 3354 eontingit
3531 3281 3678 3357 elec-

2025 3372 2115 3424 tos
2145 3367 2384 3440 angelos
2413 3365 2788 3435 remansisse,
2817 3366 2969 3422 sicut
2989 3366 3276 3438 scriptum
3301 3370 3392 3424 est
3418 3383 3432 3424 :
3466 3366 3682 3424 Statuit

2023 3456 2305 3511 terminos
2334 3455 2600 3529 gentium
2634 3456 2958 3511 secundum
3005 3455 3065 3511 in
3097 3471 3415 3513 numerum
3444 3456 3679 3530 angelo-

2026 3561 2159 3601 rum
2196 3545 2314 3601 Dei.

2639 3658 2871 3715 CAPUT
2910 3658 3058 3715 VIII.

2028 3748 2180 3820 Quod
2226 3747 2384 3805 electi
2432 3749 2493 3804 in
2537 3751 2981 3874 antemabpatria
3029 3756 3246 3805 cunctos
3292 3740 3683 3821 recognoscant

2794 3836 2943 3874 onor.

2794 3836 2923 3876 01103
2931 3863 2943 3875 .

2100 3944 2303 4016 (Greg.)
2336 3942 2513 3998 Electi
2544 3946 2740 3998 autem
2772 3943 2827 3998 in
2861 3945 3075 4000 aeterna
3108 3943 3297 4018 patria
3342 3961 3458 4001 non
3488 3945 3681 4002 solum

2027 4048 2126 4089 eos
2154 4034 2483 4104 agnoscunt
2511 4030 2716 4101 bonos,
2750 4047 2897 4102 quos
2918 4031 2979 4087 in
3000 4031 3110 4087 hoc
3131 4034 3353 4088 mundo
3373 4038 3681 4102 noverunt,

2028 4120 2129 4176 sed
2159 4118 2317 4174 velut
2344 4117 2498 4174 viros
2529 4117 2685 4174 visos
2718 4135 2783 4173 ac
2814 4118 3079 4192 cognitos
3109 4125 3537 4192 recognoscunt
3574 4122 3681 4177 bo-

2028 4226 2154 4276 nos,
2190 4225 2338 4281 quos
2369 4222 2670 4279 nunquam
2708 4204 2999 4262 viderunt.
3029 4206 3177 4262 Nam
3224 4222 3360 4261 cum
3408 4208 3682 4280 antiquos

2027 4301 2223 4370 patres
2240 4296 2300 4351 in
2319 4295 2420 4351 illa
2436 4299 2652 4350 aeterna
2669 4293 3005 4350 haereditate
3019 4293 3382 4363 viderint,eis
3400 4294 3681 4366 incogniti

2027 4402 2131 4459 per
2157 4385 2441 4442 visionem
2476 4400 2590 4439 non
2622 4387 2813 4451 erunt,
2849 4399 2996 4456 quos
3023 4382 3083 4437 in
3116 4398 3287 4456 Opere
3317 4398 3550 4457 semper
3578 4394 3689 4440 no-‘

256 4458 523 4548 quodam
551 4458 679 4528 loco
713 4487 725 4526 :
760 4472 915 4544 quod
948 4472 1210 4544 aufugiat
1239 4471 1317 4526 ibi
1352 4470 1535 4540 dolor,
1570 4476 1627 4529 et
1655 4472 1914 4541 tristitia,
1947 4492 1995 4559 Ι)
2024 4458 2251 4532 verunt.
2287 4472 2433 4536 Quia
2462 4472 2619 4528 enim
2652 4471 2770 4528 illic
2818 4488 3021 4528 omnes
3070 4471 3369 4529 communi
3418 4472 3684 4531 claritate

257 4567 320 4620 et
349 4562 626 4636 gemitus.
661 4561 807 4629 Quid
839 4561 948 4616 hac
978 4561 1097 4615 vita
1125 4560 1372 4625 beatius,
1396 4561 1495 4616 ubi
1520 4578 1636 4618 non
1666 4567 1755 4618 est
1781 4580 1919 4635 pau-

258 4651 513 4725 pertatis
534 4653 870 4717 metus,non
893 4649 1257 4722 egritudinis
1279 4648 1437 4704 laedit
1458 4650 1714 4722 injuria?
1734 4652 1920 4723 (Aug.)

258 4736 446 4797 Nemo
478 4738 772 4805 irascitur,
805 4753 976 4794 nemo
1005 4737 1246 4806 invidet,
1272 4737 1433 4793 nulla
1453 4738 1743 4812 cupiditas
1764 4757 1922 4796 exar-

262 4828 475 4895 descit,
506 4826 737 4882 nullum
770 4827 851 4882 ibi
882 4826 1441 4896 desiderium,nulla
1461 4827 1698 4884 honoris
1728 4829 1924 4901 pulsat

261 4934 334 4975 ex
364 4918 657 4990 potestate
687 4916 949 4985 ambitio,
983 4917 1084 4972 sed
1114 4916 1309 4972 omnis
1338 4916 1611 4973 vitiorum
1642 4916 1802 4973 labes
1834 4934 1924 4975 so-

262 5006 389 5079 pita
418 5009 477 5060 et
506 5004 739 5077 penitus
767 5005 1055 5062 exstincta
1081 5009 1191 5074 est,
1225 5021 1335 5077 pax
1356 5010 1566 5061 cuncta
1589 5007 1847 5063 continet
1867 5011 1927 5063 et

260 5094 489 5151 latitia.
511 5092 853 5166 Tranquilla
874 5098 1013 5150 sunt
1032 5094 1231 5150 omnia
1252 5098 1309 5150 et
1331 5094 1708 5168 quieta,jugis
1730 5095 1926 5167 Splen-

262 5184 376 5239 dor
405 5187 463 5239 et
492 5181 625 5249 lux;
660 5199 776 5238 non
807 5182 922 5238 ista
951 5198 1078 5254 qua:
1108 5199 1264 5237 nunc
1295 5182 1510 5251 est,sed
1540 5186 1704 5239 tanto
1735 5184 1926 5257 splen-

263 5271 649 5343 didior,tanto
674 5270 1129 5343 clarior,qua‘nto
1160 5270 1526 5344 splendidior
1550 5288 1711 5327 nunc
1734 5274 1818 5328 sol
1841 5277 1930 5330 est

260 5361 530 5418 lucerna.
562 5358 736 5416 Nulla
783 5359 864 5415 ibi
913 5376 1047 5427 nox,
1080 5359 1252 5415 nullae
1300 5360 1573 5429 tenebrae,
1605 5376 1929 5419 concursus

263 5449 473 5506 nullus
503 5449 775 5517 nubium,
800 5446 965 5505 nulla
988 5448 1241 5523 frigoris,
1270 5447 1433 5503 nulla
1454 5448 1682 5504 ardoris
1712 5452 1929 5522 asperi-

263 5544 379 5601 tas.
416 5538 543 5595 Non‘
573 5541 664 5596 est
704 5538 786 5594 ibi
835 5541 1109 5596 senectus
1155 5555 1261 5595 nec
1302 5536 1618 5596 senectutis
1668 5538 1926 5607 miseria,

2028 4565 2210 4620 Deum
2246 4561 2639 4634 conspiciunt,
2674 4560 2813 4633 quid
2856 4565 2945 4616 est
2969 4561 3124 4633 quod
3155 4561 3236 4616 ibi
3266 4561 3550 4630 nesciant,
3583 4563 3683 4619 ubi

2029 4654 2308 4709 scientem
2333 4651 2531 4705 omnia
2556 4649 2785 4706 sciunt?
2801 4650 2944 4705 Nam
2969 4649 3209 4723 quidam
3232 4654 3433 4707 noster
3452 4651 3684 4725 religio-

2029 4756 2133 4797 sus
2160 4740 2330 4809 vir,et
2357 4739 2484 4795 vitae
2514 4738 2682 4795 valde
2712 4737 3191 4806 laudabilis,cum
3223 4743 3359 4798 ante
3380 4739 3491 4795 hoc
3512 4736 3690 4796 trien-

2029 4830 2197 4887 nium
2228 4832 2555 4885 moreretur
2585 4829 2760 4901 (sicut
2788 4827 3039 4901 religiosi
3074 4827 3197 4896 alii,
3223 4828 3323 4901 qui
3370 4826 3695 4901 prasentes

2034 4921 2193 4975 fuere
2219 4918 2415 4974 testati
2447 4920 2608 4986 sunt)
2631 4917 2690 4972 in
2714 4917 2857 4972 hora
2881 4916 2972 4971 sui
2994 4916 3183 4972 exitus
3205 4916 3415 4973 Jonam
3443 4917 3690 4990 prophe-

2036 5005 2540 5076 tam,Ezechielem
2575 5021 2808 5078 quoque
2837 5008 2894 5061 et
2913 5003 3211 5061 Danielem
3234 5005 3417 5078 cmpit'
3429 5005 3697 5079 aspicere

2036 5113 2183 5171 quos
2213 5097 2355 5152 dum
2385 5096 2455 5149 ad
2487 5110 2549 5149 se
2576 5094 2808 5150 venisse
2836 5092 3071 5159 diceret,
3103 5098 3162 5149 et
3192 5091 3486 5167 depressis
3513 5094 3689 5152 lumi-

2037 5185 2210 5242 nibus
2243 5184 2326 5240 eis
2358 5182 2687 5239 reverentiae
2720 5182 3068 5253 obsequium
3095 5184 3397 5255 prmberet,
3421 5201 3491 5241 ex
3520 5192 3694 5242 carne

2037 5277 2247 5331 ductus
2278 5276 2385 5328 est.
2419 5274 2543 5338 Qua
2573 5272 2631 5326 in
2682 5288 2741 5327 re
2792 5275 2987 5343 aperte
3038 5272 3213 5328 datur
3261 5271 3531 5348 intelligi,
3565 5290 3692 5347 qua!

2036 5363 2148 5420 erit
2179 5363 2235 5417 in
2265 5361 2366 5416 illa
2394 5359 2792 5432 incoruptibili
2823 5360 2943 5415 vita
2992 5361 3219 5429 notitia,
3250 5361 3298 5419 si
3329 5363 3420 5418 vir
3448 5364 3558 5418 iste
3590 5363 3692 5418 ad-

2038 5454 2153 5509 huc
2174 5451 2233 5506 in
2268 5466 2440 5506 carne
2457 5446 2820 5521 corruptibili
2842 5450 3417 5525 positus,prophetas
3436 5454 3690 5515 sanctos,

2039 5558 2188 5615 quos
2220 5532 2501 5596 nimirum
2528 5553 2834 5611 nunquam
2864 5538 3112 5608 viderat,
3145 5540 3396 5615 agnovit.
