4102 6180
330 282 454 359 889

1289 244 1398 355 ne
1439 288 1887 356 umerus
1929 288 2358 354 LIBRORUM.
2391 284 2645 353 ...ιω
2691 289 2770 352 n.

3618 292 3743 360 890

331 431 606 488 voluntas
630 430 702 488 ab
716 429 1325 487 omnibustcrrcnisac
1339 429 1724 501 praesentibus
1741 444 1982 500 prorsus
2014 427 2058 492 Α
2099 445 2168 483 ne
2199 432 2260 482 tu
2294 425 2457 482 altcri
2491 425 2686 481 facias.
2713 426 2892 499 Etpcr
2912 426 3286 499 scmetipsam
3318 429 3542 487 Veritas
3565 432 3735 488 dicit:

335 522 583 593 πεῖθε,λὶ
593 520 772 576 uncta
785 519 903 576 Deo
922 517 1475 591 inseparabiliter,ct
1496 516 1661 573 unita
1687 517 1806 590 igni
1838 532 1983 588 quo-

335 613 473 668 dam
507 613 692 667 sancti
722 608 976 682 Spiritus
1003 624 1037 663 a
1067 622 1182 681 quo
1208 611 1316 674 est,
1349 610 1403 663 et
1424 606 1494 663 ad
1520 622 1694 680 quem
1714 606 1983 672 refertur,

2095 518 2229 586 Quae
2258 516 2422 572 vultis
2453 522 2513 571 ut
2538 517 2748 588 faciant
2773 514 2922 572 vobis
2952 515 3216 585 homines,
3250 517 3326 573 ita
3366 523 3419 574 et
3460 535 3550 576 vos
3577 523 3743 591 facite

2094 608 2209 663 illis
2239 606 2445 680 (Matth.
2480 609 2603 672 vn).
2636 604 2859 668 Quibus
2889 605 3142 673 duobus,
3174 605 3395 662 scilicet
3434 609 3742 683 utriusque

334 700 597 757 incensa.
632 697 1065 770 Inquinamenti
1109 696 1302 753 omnis
1349 701 1640 762 extranea,
1692 694 1986 767 corrumpi
2095 694 2451 753 Testamenti
2484 694 2777 750 mandatis
2806 710 2909 766 per
2936 712 3121 750 unum
3155 694 3377 751 malitia
3425 698 3743 772 compesci~

334 787 553 855 nescia,
580 784 743 843 nullo
757 785 897 842 vitio
921 786 1331 843 mutabilitatis
1360 786 1629 854 obnoxia,
1655 801 1835 858 supra
1863 798 1986 840 om-

335 878 438 937 nia
464 894 592 949 quae
635 874 947 932 carnaliter
977 875 1305 949 diliguntur
1332 874 1580 949 excelsa,
1612 875 1987 932 aifectionum

335 965 606 1024 omnium
637 963 1068 1038 potentissima,
1100 964 1307 1020 divina:
1337 964 1846 1038 contemplationis
1876 965 1991 1021 avi-

336 1057 434 1124 da,
471 1056 530 1111 in
560 1054 836 1111 omnibus
867 1070 1099 1126 semper
1137 1053 1372 1110 invicta.
1407 1071 1644 1111 summa
1694 1055 1990 1110 actionum

334 1146 648 1211 bonarum,
684 1141 844 1200 salus
872 1158 1125 1215 morum,
1159 1143 1294 1199 ﬁnis
1327 1142 1650 1199 caelestium
1680 1148 1991 1217 praecepto-

336 1246 495 1303 rum,
526 1250 687 1290 mors
706 1232 1045 1299 criminum,
1064 1232 1179 1288 vita
1199 1232 1506 1299 virtutum,
1527 1231 1713 1289 virtus
1731 1250 1993 1307 pugnan-

334 1322 510 1389 tium,
530 1321 726 1396 palma
741 1320 1059 1393 iustorum,
1084 1321 1283 1376 anima
1312 1323 1649 1377 sanctarum
1681 1322 1990 1391 mentium,

336 1429 519 1469 causa
547 1411 891 1467 meritorum
914 1410 1227 1477 bonorum,
1253 1410 1559 1483 praemium
1581 1412 1991 1483 perfecturum.

337 1504 402 1558 In
426 1501 679 1575 peccatis
697 1499 822 1556 suis
853 1503 1118 1556 mortuos
1138 1499 1405 1569 suscitat,
1434 1500 1779 1574 languentes
1800 1504 1990 1570 sanat,

337 1590 597 1665 perditos
626 1590 935 1656 instaurat,
969 1606 1134 1663 spem
1166 1589 1489 1663 desperatis
1518 1588 1804 1663 inspirat;
1838 1591 1995 1663 paci-

336 1681 482 1737 ﬁcas
521 1681 747 1735 mentes
776 1677 1088 1743 inhabitat,
1122 1678 1423 1736 fructuosa
1461 1679 1521 1734 in
1556 1678 1993 1752 paenitentibus,

2095 786 2321 857 tur,per
2345 783 2505 840 aliud
2521 781 2849 855 benignitas
2872 787 3247 856 prmrogatur;
3268 790 3332 841 ut
3350 786 3569 843 malum
3590 790 3743 860 quod

2098 875 2213 949 pati
2246 892 2360 930 non
2390 871 2515 928 vult
2546 872 2816 945 quisque,
2848 890 2963 927 non
2996 872 3213 929 faciens
3241 881 3428 931 cesset
3449 878 3748 936 anocendi

2098 980 2290 1038 opere.
2331 963 2405 1019 Ut
2427 977 2631 1018 rursus
2652 962 2873 1017 bonum
2905 963 3060 1035 quod
3091 962 3202 1017 sibi
3235 963 3358 1019 ﬁeri
3389 967 3613 1038 appetit
3637 967 3749 1023 im-

2099 1054 2525 1127 pendens,erga
2550 1050 2863 1107 utilitatem
2895 1068 2956 1108 se
2987 1051 3235 1124 proximi
3255 1058 3519 1111 exerceat
3547 1070 3615 1112 ex
3644 1057 3749 1113 be-

2101 1141 2405 1215 nignitate.
2433 1142 2544 1197 Sed
2573 1141 2662 1197 hae
2686 1140 2963 1197 nimirum
2988 1141 3103 1197 duo
3133 1142 3276 1197 dum
3299 1142 3549 1201 sollicita
3569 1145 3750 1203 inten-

2100 1231 2258 1288 tione
2280 1230 2632 1305 cogitantur,
2655 1247 2753 1286 cor
2768 1231 2838 1286 ad
2862 1230 2961 1286 inn
2971 1247 3173 1329 umerp
3186 1231 3474 1288 virtutum
3493 1233 3753 1291 ministe-

2103 1321 2190 1377 ria
2218 1321 2517 1390 tenditur;
2569 1336 2640 1376 ne
2690 1320 2778 1376 vel
2810 1320 2882 1376 ad
2921 1320 3224 1376 inferen'da
3253 1338 3379 1394 quae
3411 1340 3528 1380 non
3560 1323 3751 1392 debet,

2103 1410 2409 1467 desideriis
2430 1410 2695 1482 inquieta
2718 1426 2884 1465 mens
2902 1409 3231 1479 ferveat,vel
3261 1428 3399 1485 erga
3428 1413 3755 1472 exhibenda

2104 1516 2233 1573 qua:
2261 1500 2431 1556 debet
2462 1498 2578 1555 otio
2610 1498 2864 1555 resoluta
2895 1502 3205 1572 torpescat.
3255 1500 3401 1557 Nam
3432 1519 3567 1559 cum
3595 1508 3755 1561 cavet

2105 1588 2272 1646 alteri
2294 1589 2481 1645 facere
2496 1590 2650 1661 quod
2664 1604 3039 1661 nequaquam
3051 1588 3175 1645 vult
3191 1590 3262 1648 ab
3280 1590 3460 1648 altero
3484 1592 3752 1659 tolerare,

2106 1677 2354 1735 sollicita
2383 1692 2445 1733 se
2466 1675 2789 1733 intentione
2809 1676 3225 1750 circumspicit,
3250 1697 3322 1737 ne
3344 1682 3619 1754 superbia
3646 1682 3757 1739 ele-

337 1767 476 1825 lzeta
503 1767 564 1823 in
595 1765 1057 1864 proficientibus,
1082 1765 1337 1841 gloriosa
1374 1767 1432 1823 in
1465 1769 1996 1841 perseverantibus,
2027 1790 2075 1864 Β
2105 1772 2219 1835 vet,
2252 1770 2310 1823 et
2342 1782 2529 1864 usque
2561 1766 2630 1821 ad
2682 1766 3018 1838 despectum
3052 1768 3301 1840 proximi
3345 1770 3613 1828 animum
3657 1772 3757 1828 de-

337 1856 724 1916 victoriosain
742 1854 1118 1929 martyribus,
1135 1873 1381 1929 operosa
1397 1856 1455 1912 in
1471 1858 1745 1914 omnibus
1758 1859 1997 1915 omnino
2028 1853 2072 1864 ”
2101 1856 2146 1929 ji
2156 1855 2313 1913 ciens
2334 1853 2564 1923 exaltet,
2592 1871 2664 1910 ne
2684 1854 2925 1910 ambitio
2947 1855 3357 1928 cogitationem
3378 1858 3576 1928 leniet,
3599 1877 3760 1919 cum-

342 1945 639 2004 ﬁdelibus.
665 1946 853 2010 Quam
877 1944 1022 2001 ﬁdes
1049 1945 1320 2018 concipit,
1346 1946 1419 2001 ad
1440 1962 1618 2018 quam
1641 1964 1774 2020 spes
1795 1949 1996 2015 currit,

345 2035 441 2093 cui
474 2034 767 2109 profectus
815 2031 1081 2090 omnium
1113 2035 1308 2091 servit.
1342 2032 1422 2090 Ex
1455 2052 1571 2108 qua
1599 2036 1886 2109 quidquid
1912 2042 2001 2094 est

344 2124 487 2183 boni
518 2124 709 2197 operis
734 2122 892 2191 vivit,
939 2123 1050 2179 sub
1096 2140 1213 2197 qua
1261 2123 1592 2181 obedientia
1622 2127 1849 2192 crescit,
1902 2144 2002 2198 per

347 2232 527 2288 quam
558 2214 839 2287 patientia
860 2212 1301 2286 vincit,propter
1338 2231 1514 2287 quam
1547 2214 1805 2271 carnalia
1833 2216 1999 2272 blan-

344 2305 611 2361 dimenta
641 2302 870 2359 devotio
900 2302 1177 2379 religiosa
1201 2303 1541 2371 contemnit,
1569 2305 1695 2361 sine
1725 2322 1842 2377 qua
1868 2305 2003 2361 nul-

342 2393 443 2450 lus
464 2393 581 2449 Deo
601 2390 841 2471 placuit,
876 2408 1010 2447 cum
1037 2408 1155 2464 qua
1185 2409 1287 2448 nec
1308 2392 1503 2465 potuit
1518 2391 1734 2465 aliquis
1767 2411 2003 2467 peccare

346 2498 457 2538 nec
480 2481 847 2555 poterit.Haec
869 2483 957 2536 est
974 2479 1229 2536 charitas
1241 2498 1393 2548 vera,
1410 2498 1710 2554 germana,
1728 2483 1999 2554 perfecta,

347 2577 530 2644 quam
561 2567 1024 2625 excellentiorem
1070 2569 1225 2625 viam
1274 2568 1540 2625 nominat
1578 2575 1819 2626 sanctus
1849 2573 2001 2644 Apo-

349 2658 540 2717 stolus
581 2658 629 2733 (l
661 2659 788 2714 Cor.
826 2662 947 2729 xn).
995 2658 1063 2713 Et
1104 2674 1236 2714 vere
1266 2659 1394 2730 ipsa
1444 2664 1533 2715 est
1562 2660 1654 2714 via
1685 2674 1811 2731 quae
1842 2659 2006 2715 ducit

351 2760 459 2824 per
484 2765 547 2807 se
577 2747 950 2805 ambulantes
981 2747 1053 2803 ad
1086 2748 1359 2820 patriam.
1393 2748 1538 2813 Quia
1578 2748 1732 2804 sicut
1760 2749 1886 2805 sine
1915 2747 2009 2805 via

351 2836 557 2897 nullus
597 2837 857 2910 pervenit
887 2854 1002 2910 quo
1032 2836 1241 2904 tendit,
1275 2836 1358 2892 ita
1386 2837 1513 2893 sine
1543 2836 1845 2908 charitate,
1878 2855 2008 2910 quae

353 2927 513 2984 dicta
554 2932 642 2985 est
682 2927 793 2996 via,
827 2943 943 2984 non
974 2923 1277 2983 ambulare
1309 2929 1557 3000 possunt
1585 2926 1854 2984 homines
1904 2928 2006 2983 sed

353 3033 551 3075 errare
560 3060 572 3072 .

1016 3184 1250 3242 CAPUT
1284 3184 1349 3240 II.

354 3300 509 3374 Quod
560 3303 803 3360 Charitas
848 3300 919 3358 (ul
958 3304 1251 3358 innumera
1284 3301 1423 3358 bona
1466 3300 1882 3374 multiformiter
1905 3319 2007 3360 ex-

1046 3391 1321 3448 tendatur.

428 3552 723 3609 Plenitudo
750 3552 904 3622 legis,
938 3554 1005 3607 ut
1047 3550 1263 3608 Paulus
1305 3550 1388 3607 ait
1417 3550 1742 3624 apostolus,
1791 3553 2009 3610 dilectio

348 3648 437 3700 est
462 3641 635 3715 (Rom.
667 3644 811 3709 xm).
838 3641 920 3697 De
949 3640 1058 3696 hac
1090 3639 1300 3696 iterum
1333 3640 1473 3697 dicit
1502 3659 1515 3697 :
1558 3643 1795 3699 Invicem
1844 3659 2012 3700 onera

350 3738 534 3789 vestra
550 3735 781 3803 portate,
803 3735 854 3785 et
873 3731 955 3785 sic
973 3729 1345 3801 adimplebitis
1367 3731 1539 3800 legem
1575 3731 1785 3789 Christi
1806 3735 2006 3802 (Galat.

350 3819 579 3891 v1).Lex
598 3817 810 3875 ctenim
823 3812 1033 3874 Christi
1058 3817 1196 3891 quid
1214 3818 1629 3891 congruentius
1645 3820 1891 3896 intelligi
1916 3839 2014 3894 po-

350 3912 492 3979 test,
525 3924 703 3982 quam
734 3905 1038 3964 charitas?
1076 3924 1255 3980 quam
1287 3912 1429 3964 tunc
1472 3924 1603 3964 vere
1651 3909 2008 3982 perﬁcimus,

353 4014 495 4056 cum
526 3999 782 4055 fraterna
825 4008 1003 4054 onera
1049 4014 1118 4053 ex
1146 4010 1344 4053 amore
1368 3996 1710 4053 toleramus.
1745 3996 1909 4054 Unde
1956 4003 2014 4055 et

352 4098 461 4161 per
485 4086 725 4143 beatum
755 4086 864 4143 Job
895 4085 1134 4156 dicitur,
1165 4085 1321 4158 quod
1350 4083 1651 4158 multiplex
1678 4087 1755 4142 sit
1782 4086 1874 4144 lex
1894 4088 2014 4159 ejus

352 4175 623 4249 (106.1(1).
647 4175 797 4244 Quid
830 4175 1044 4232 etenim
1075 4174 1186 4231 hoc
1212 4173 1339 4231 loco
1370 4176 1469 4231 Dei
1517 4173 1608 4230 lex
1637 4175 1844 4248 accipi,
1896 4175 2011 4233 nisi

354 4264 617 4322 charitas
632 4264 805 4322 debet
818 4264 847 4320 ‘i
858 4278 969 4337 per
984 4280 1161 4336 quam
1185 4278 1418 4337 semper
1437 4261 1497 4319 in
1521 4268 1715 4320 mente
1735 4263 2016 4337 leguntur

354 4358 646 4429 praecepta
662 4353 793 4410 vitae
815 4351 1068 4427 qualiter
1082 4353 1142 4409 in
1159 4352 1385 4410 actione
1400 4356 1728 4409 teneantur.
1751 4346 1864 4410 sed
1890 4352 2013 4410 haec

356 4442 566 4500 eadem
588 4444 677 4500 lex
699 4440 1006 4516 multiplex
1022 4440 1401 4515 dicitur,quia
1412 4440 1672 4498 studiose
1686 4457 1788 4515 per
1804 4436 2015 4499 sollici-

2107 1963 2220 2020 que
2250 1945 2402 2002 hanc
2435 1945 2506 2000 ad
2530 1945 2857 2017 appetenda
2896 1944 3088 2001 aliena
3108 1945 3652 2022 dilatat,angustet;
3686 1970 3760 2009 ne

2107 2034 2447 2093 corluxuria
2460 2033 2699 2107 polluat,
2714 2038 2771 2088 et
2783 2034 3115 2105 subjectum
3128 2034 3433 2095 desideriis
3446 2039 3763 2111 perillicita

2108 2129 2475 2196 corrumpat;
2511 2139 2580 2179 ne
2610 2123 2698 2179 ira
2726 2126 3046 2196 exasperet,
3074 2128 3131 2180 et
3152 2136 3339 2197 usque
3361 2125 3433 2181 ad
3463 2128 3763 2200 proferen-

2109 2215 2245 2271 dam
2278 2211 2693 2269 contumeliam
2732 2212 3095 2281 inﬂammet;
3127 2228 3198 2269 ne
3225 2213 3447 2271 invidia
3476 2217 3761 2291 mordeat,

2109 2308 2167 2360 et
2194 2301 2403 2359 alienis
2444 2300 2823 2358 felicitatibus
2861 2301 3074 2357 aemula
3105 2303 3411 2360 suavitatis
3442 2305 3760 2377 pertrahat,

2109 2409 2357 2465 eamque
2386 2407 2573 2464 usque
2598 2391 2668 2446 ad
2693 2388 2989 2447 lasciviam
3003 2390 3443 2449 obtrectationis
3468 2395 3761 2463 extendat;

2113 2497 2184 2537 ne
2209 2481 2410 2536 odium
2434 2477 2660 2535 malitia
2679 2477 2985 2545 cxcitet,'et
3005 2496 3191 2551 usque
3212 2481 3285 2538 ad
3298 2480 3566 2554 jaculum
3589 2483 3765 2540 male-

2112 2569 2386 2626 dictionis
2436 2568 2643 2623 irritet.
2695 2567 2952 2622 Rursum
2991 2585 3127 2624 cum
3159 2570 3377 2642 cogitat
3407 2576 3472 2627 ut
3500 2590 3567 2630 ea
3596 2573 3763 2631 alteri

2114 2658 2307 2726 faciat,
2334 2675 2462 2730 quae
2481 2655 2613 2729 ipsa
2633 2656 2745 2712 sibi
2767 2656 2890 2712 fieri
2912 2658 2984 2712 ab
3015 2656 3198 2713 altero
3219 2664 3529 2732 exspectat,
3559 2667 3766 2733 pensat

2112 2747 2394 2804 nimirum
2428 2749 2492 2802 ut
2520 2744 2693 2801 malis
2716 2746 2898 2816 bona,
2942 2749 3007 2801 ut
3036 2744 3207 2801 bonis
3239 2746 3480 2807 meliora
3522 2766 3764 2822 respon.

2113 2837 2318 2894 deant:
2351 2839 2416 2892 ut
2446 2850 2582 2909 erga
2611 2846 2885 2908 procaces
2917 2836 3391 2892 mansuetudinis
3420 2834 3764 2912 longanimi-

2112 2930 2295 2982 tatem
2326 2923 2595 2981 exhibeat
2618 2941 2630 2991 ;
2663 2926 2730 2979 ut
2750 2920 2987 2979 malitiae
3010 2926 3169 2995 peste
3191 2924 3609 2999 languentibus
3632 2945 3764 3002 gra-

2114 3015 2259 3072 tiam
2285 3010 2663 3086 benignitatis
2698 3012 3029 3083 impendat;
3067 3016 3129 3068 ut
3149 3012 3444 3071 discordes
3470 3015 3542 3072 ad
3564 3026 3764 3090 pacem

2113 3103 2372 3171 veniant;
2397 3104 2461 3158 ut
2474 3101 2785 3157 concordes
2798 3099 2870 3155 ad
2896 3101 3429 3173 concupiscentiam
3441 3121 3585 3161 verae
3605 3106 3766 3179 pacis

2041 3173 2093 3240 Π
2118 3191 2418 3264 accingat;
2452 3193 2518 3246 ut
2542 3186 2941 3262 indigentibus
2975 3190 3301 3249 necessaria
3327 3191 3572 3262 tribuat;
3602 3173 3667 3249 ut
3685 3212 3770 3252 er-

2118 3280 2387 3338 rantibus
2434 3278 2588 3334 viam
2647 3277 3015 3337 rectitudinis
3061 3280 3364 3349 ostendat;
3418 3285 3482 3337 ut
3521 3281 3767 3340 afﬂictos

2115 3371 2291 3427 verbo
2308 3372 2365 3425 et
2381 3366 2790 3439 compassione
2810 3366 3093 3438 mulceat;
3119 3372 3185 3424 ut
3209 3384 3486 3426 accensos
3506 3370 3564 3426 in
3588 3370 3768 3443 hujus

2119 3458 2324 3516 mundi
2347 3455 2673 3526 desideriis,
2699 3455 3092 3529 increpatione
3113 3458 3466 3532 restringat;
3491 3463 3555 3517 ut
3576 3460 3767 3517 minas

2119 3548 2449 3623 potentium
2480 3545 2923 3603 ratiocinatione
2949 3546 3178 3620 mitiget
3203 3566 3216 3615 ;
3259 3551 3325 3603 ut
3353 3564 3768 3621 oppressorum

2119 3636 2425 3712 angustias
2456 3641 2676 3710 quanta
2705 3635 2977 3709 praevalet
2997 3651 3124 3709 ope,
3155 3636 3333 3707 levet;
3363 3643 3429 3694 ut
3456 3638 3596 3695 foris
3625 3639 3767 3696 resi-

2120 3727 2414 3784 stentibus
2445 3729 2701 3799 opponat
2730 3724 3092 3798 patientiam,
3127 3729 3191 3781 ut
3223 3726 3382 3784 intus
3424 3726 3770 3801 superbien-

2118 3817 2278 3874 tibus
2300 3814 2569 3872 exhibeat
2596 3830 2729 3873 cum
2760 3814 3041 3888 patientia
3069 3814 3440 3888 disciplinam
3469 3842 3482 3885 ;
3531 3822 3596 3874 ut
3635 3834 3773 3892 erga

2119 3911 2309 3963 errata
2332 3905 2704 3961 subditorum
2735 3904 2820 3961 sic
2846 3905 3236 3961 mansuetudo
3256 3903 3445 3962 zelum
3466 3909 3769 3980 temperet,

2122 3999 2414 4068 quatenus
2439 4010 2473 4049 a
2504 3991 2749 4065 justitiae
2773 3990 2969 4049 studio
3000 4006 3116 4051 non
3144 3998 3393 4050 enervet.
3427 3993 3519 4050 Sic
3567 3994 3768 4051 adula-

2121 4084 2348 4140 tionum
2395 4081 2554 4137 zelus
2610 4079 2843 4147 ferveat,
2894 4097 2966 4136 ne
2994 4084 3192 4136 tamen
3246 4080 3479 4153 pietatis
3520 4080 3771 4139 limitem

2122 4169 2810 4244 fervendoztranscendat.
2832 4168 2907 4225 Ut
2925 4169 3187 4242 ingratos
3206 4169 3504 4225 beneﬁciis
3523 4171 3594 4227 ad
3616 4188 3776 4228 amo-

2121 4276 2245 4317 rem
2272 4260 2635 4333 provocet,ut
2655 4256 2836 4330 gratis
2858 4272 3088 4330 quoque
3123 4255 3468 4313 ministeriis
3488 4256 3548 4312 in
3574 4274 3774 4315 amore

2124 4353 2348 4418 servet;
2399 4352 2465 4404 ut
2513 4346 2912 4421 proximorum
2958 4346 3114 4403 mala
3155 4363 3288 4403 cum
3317 4346 3604 4420 corrigere
3656 4358 3772 4403 non

2121 4438 2295 4507 valet,
2313 4441 2531 4506 taceat;
2555 4441 2619 4492 ut
2640 4448 2786 4509 quae,
2802 4450 2937 4492 cum
2957 4434 3169 4510 corrigi
3188 4435 3480 4508 loquendo
3500 4441 3773 4510 possunt,

355 4531 626 4589 tudinem
648 4530 904 4588 cbaritas
924 4526 997 4586 ad
1019 4534 1230 4586 cuncta
1249 4530 1533 4587 virtutum
1567 4530 1717 4588 facta
1737 4528 2018 4588 dilatatur
2044 4544 2092 4614 Β
2125 4527 2425 4586 silentium
2448 4538 2800 4583 consensum
2821 4540 2949 4581 esse
2960 4524 3333 4597 pertimescat
3349 4542 3362 4593 ;
3380 4528 3445 4614 ut
3457 4523 3540 4581 sic
3562 4542 3630 4582 ea
3646 4544 3772 4600 quae

357 4634 491 4695 qua:
522 4638 556 4677 a
584 4620 816 4678 duobus
847 4619 1087 4692 quidem
1118 4618 1429 4692 praeceptis
1452 4618 1676 4692 incipit,
1710 4620 1812 4676 sed
1849 4638 1910 4677 se
1942 4620 2015 4677 ad

354 4712 673 4766 innumera
697 4708 975 4766 extendit.
1008 4707 1201 4779 Hujus
1226 4724 1484 4781 namque
1513 4706 1659 4782 legis
1678 4709 1911 4769 initium
1935 4708 2016 4764 di-

353 4799 532 4855 lectio
562 4798 663 4855 Dei
698 4802 807 4867 est,
833 4815 899 4855 ac
928 4796 1159 4855 dilectio
1190 4796 1461 4870 proximi.
1493 4799 1603 4855 Sed
1634 4798 1736 4855 Dei
1783 4796 2022 4855 dilectio

355 4901 466 4962 per
494 4888 607 4944 tria
627 4886 1175 4961 distinguitur,quia
1195 4901 1262 4941 ex
1283 4889 1404 4941 toto
1428 4886 1620 4956 corde,
1644 4889 1768 4944 tota
1798 4886 2013 4954 anima,

356 4978 420 5035 et
452 4992 521 5034 ex
547 4978 671 5034 tota
689 4976 1034 5034 fortitudine
1057 4974 1221 5048 diligi
1242 4974 1519 5032 Conditor
1538 4974 1785 5047 jubetur
1814 4974 2012 5049 (Exod.

355 5065 478 5138 xx);
502 5068 627 5135 Qua
653 5065 713 5122 in
742 5080 804 5121 re
835 5064 1160 5121 notandum
1190 5066 1297 5133 est,
1331 5065 1488 5136 quod
1539 5064 1772 5121 divinus
1823 5074 2016 5122 ‘sermo

356 5168 500 5214 enm
524 5155 706 5212 Deum
730 5152 897 5226 diligi
923 5153 1203 5227 praecipit,
1227 5168 1345 5209 non
1367 5152 1557 5209 solum
1576 5158 1775 5210 narrat
1791 5170 1860 5210 ex
1876 5171 2013 5226 quo,

359 5246 469 5304 sed
497 5245 671 5302 etiam
702 5242 983 5300 informat
1013 5259 1081 5299 ex
1109 5245 1349 5315 quanto,
1382 5259 1517 5299 cum
1566 5243 1892 5316 eubjungit,
1948 5260 2017 5299 ex

357 5339 518 5393 toto:
549 5337 613 5389 ut
634 5331 905 5389 videlicet
931 5331 1032 5406 qui
1059 5331 1310 5405 perfecte
1341 5331 1456 5387 Deo
1504 5330 1729 5403 placere
1782 5330 2015 5388 deside-

358 5427 473 5494 rat,
502 5422 614 5478 sibi
645 5423 716 5477 de
755 5439 818 5480 se
847 5420 996 5478 nihil
1044 5421 1355 5494 relinquat.
1389 5419 1641 5476 Proximi
1690 5424 1888 5476 autem
1922 5420 2016 5477 di-

357 5512 533 5571 lectio
554 5511 628 5569 ad
654 5512 771 5569 duo
794 5515 1080 5586 praecepta
1105 5511 1421 5579 derivatur,
1443 5526 1577 5566 cum
1602 5513 1659 5565 et
1680 5527 1782 5582 per
1810 5527 2015 5583 quem-

359 5603 747 5675 damjustum
771 5601 1012 5659 dicitur:
1036 5601 1198 5669 Quod
1220 5601 1291 5658 ab
1313 5598 1425 5657 alio
1449 5599 1553 5657 tibi
1574 5599 1704 5657 odis
1724 5599 1869 5672 ﬁeri,
1884 5599 2017 5658 vide

2125 4622 2278 4674 tacet
2304 4616 2607 4683 toleret,ne
2624 4618 2821 4670 tamen
2844 4614 2903 4669 in
2925 4613 3124 4670 anima
3145 4613 3303 4670 virus
3330 4613 3548 4671 doloris
3580 4615 3773 4672 occul-

2125 4712 2236 4777 tet;
2255 4712 2321 4764 ut
2342 4708 2425 4763 sic
2452 4702 2749 4763 malevolis
2771 4702 2970 4760 minus
2988 4703 3367 4778 benignitatis
3384 4703 3671 4773 exhibeat,
3702 4720 3773 4761 ne

2124 4800 2321 4852 tamen
2355 4810 2457 4867 per
2485 4793 2735 4866 gratiam
2768 4810 2801 4848 a
2821 4794 2960 4866 jure
2990 4792 3357 4849 rectitudinis
3387 4793 3662 4862 excedat;
3712 4795 3775 4849 ut

2125 4887 2334 4943 cuncta
2364 4881 2644 4956 proximis
2693 4898 2820 4955 quae
2853 4880 3123 4956 praevalet
3153 4881 3471 4954 impendat,
3516 4881 3618 4938 sed
3650 4880 3773 4938 haec

2123 4971 2515 5047 impendendo
2542 4987 2659 5026 non
2680 4975 2905 5027 tumeat
2930 4988 2943 5039 ;
2971 4973 3035 5026 ut
3064 4970 3148 5025 sic
3176 4968 3236 5026 in
3267 4970 3436 5026 bonis
3469 4986 3596 5041 quae
3618 4969 3775 5027 exhi-

2123 5064 2221 5119 bet
2264 5060 2512 5117 tumoris
2543 5059 2926 5132 pracipitium
2960 5060 3182 5131 paveat,
3218 5074 3291 5113 ne
3326 5061 3524 5114 tamen
3557 5077 3592 5115 a
3618 5060 3773 5118 bono

2124 5151 2397 5208 exercitio
2426 5152 2756 5221 torpescat;
2812 5152 2876 5203 ut
2932 5147 3015 5204 sic
3047 5162 3176 5220 quae
3222 5147 3485 5221 possidet
3530 5148 3771 5223 tribuat,

2126 5246 2416 5315 quatenus
2442 5241 2664 5312 quanta
2679 5238 2757 5293 sit
2777 5236 3014 5310 largitas
3036 5235 3465 5293 remunerantis
3485 5239 3773 5310 attendat,

2125 5347 2198 5387 ne
2218 5346 2351 5386 cum
2376 5333 2605 5383 terrena
2627 5326 3066 5399 largitur,suam
3087 5326 3219 5398 plus
3233 5343 3410 5399 quam
3432 5344 3668 5383 necesse
3687 5332 3773 5383 est

2124 5419 2405 5492 inopiam,
2434 5416 2569 5474 etin
2606 5413 2897 5472 oblatione
2933 5414 3192 5471 muneris
3230 5414 3544 5472 hilaritatis
3574 5415 3770 5471 lumen

2122 5508 2365 5567 tristitia
2395 5508 2688 5563 obscuret.
2722 5505 2873 5562 Bene
2897 5521 3032 5579 ergo
3054 5521 3189 5561 voce
3210 5503 3365 5561 beati
3404 5503 3533 5569 Job,
3561 5503 3653 5560 lex
3673 5503 3771 5558 Dei

2125 5597 2432 5672 multiplex
2478 5594 2692 5652 dicitur
2728 5595 2863 5668 (Job.
2886 5595 2988 5667 xr).
3010 5593 3156 5665 Quia
3188 5594 3466 5652 nimirum
3489 5607 3623 5648 cum
3654 5607 3773 5647 una
