4102 6180
438 247 550 315 891
836 247 1246 314 HAYMONIS
1290 248 1837 313 BALBERSTAT.
1883 247 2128 311 EPISC.
2173 249 2347 311 OPP.
2392 247 2595 312 PARS
2637 247 2848 312 III.—
2874 247 3424 315 MISCELLANEA.
3668 254 3763 324 an
3958 76 3973 399 1

436 384 758 455 eademque
780 382 856 440 sit
871 384 1147 451 Charitas,
1167 384 1217 440 si
1235 387 1488 440 mentem
1508 382 1674 457 plene
1692 382 2082 455 ceperit,hanc
2114 386 2165 450 Α
2198 400 2258 438 se
2290 384 2549 451 sustulit,
2559 387 2692 456 post
2713 400 2813 456 per
2842 382 3180 440 cincinnum
3205 385 3400 457 capitis
3421 403 3537 444 aere
3557 386 3763 449 libravit.

436 474 508 533 ad
541 473 855 532 innumera
883 491 1061 549 opera
1089 472 1526 531 multiformiter
1550 472 1835 531 accendit.

1077 596 1308 692 CAPUT
1352 635 1443 690 III.

438 728 574 798 Quae
619 734 669 783 et
715 730 923 801 quanta
968 726 1107 781 bona
1112 731 1355 851 ἕρῗνςὲια
1382 726 1456 781 sit
1502 724 1744 779 charitas
1792 725 1853 780 in
1882 726 2085 781 sanctis

1161 813 1194 851 a
1220 812 1269 850 ri
1310 812 1396 851 us.

1161 812 1396 851 ambus.

513 921 708 996 (0rig.)
734 920 998 979 Charitas
1022 936 1273 993 namque
1308 938 1410 993 per
1434 920 1597 987 Abel,
1637 925 1694 977 et
1745 919 1929 977 electa
1968 921 2083 976 Deo

438 1029 682 1070 munera
730 1009 959 1077 obtulit,
992 1013 1047 1065 et
1102 1010 1297 1067 fratris
1339 1009 1565 1083 gladios
1597 1026 1713 1065 non
1746 1009 2104 1080 reluctando,

437 1100 719 1158 toleravit.
753 1098 1016 1154 Charitas
1062 1098 1251 1154 Enoch
1287 1102 1342 1153 et
1385 1100 1537 1154 inter
1582 1098 1850 1155 homines
1894 1098 2083 1155 vivere

435 1186 815 1262 spiritualiter
832 1187 1049 1253 docuit,
1084 1191 1142 1243 et
1165 1189 1236 1242 ad
1261 1186 1574 1243 sublimem
1598 1187 1776 1242 vitam
1802 1188 1873 1242 ab
1898 1187 2083 1244 homi-

433 1278 607 1334 nibus
637 1277 812 1332 etiam
861 1284 1104 1349 corpa'a
1155 1277 1457 1333 abstraxit.
1508 1276 1773 1332 Charitas
1810 1277 1947 1344 Noe,
1982 1278 2078 1334 de-

431 1366 644 1441 spectis
667 1364 943 1423 omnibus
959 1366 1149 1421 solum
1172 1367 1349 1421 Deum
1370 1365 1713 1438 placabilem
1732 1366 2083 1433 ostendit,ut

430 1474 555 1530 quas
586 1473 731 1511 arca:
756 1455 1063 1509 frabricam
1098 1455 1293 1511 studio
1319 1454 1477 1527 longi
1498 1454 1717 1510 laboris
1742 1456 2081 1525 exercuit,et

428 1546 651 1602 mundo
682 1544 1060 1617 superstitem
1094 1544 1189 1616 pio
1220 1560 1391 1617 opere
1416 1544 1734 1599 exercendo
1760 1546 2074 1617 superavit.

427 1635 689 1692 Charitas
720 1652 823 1708 per
851 1638 1034 1689 semet
1053 1634 1264 1706 Japhet
1285 1633 1586 1689 humiliter
1613 1635 1863 1690 verenda
1894 1637 2077 1707 patris

424 1724 743 1823 erubuit,et
765 1723 1096 1825 superjecto
1115 1722 1322 1825 dorsis.
1335 1722 1529 1796 pallio,
1558 1740 1685 1795 quae
1709 1740 1823 1780 non
1843 1724 2077 1781 videbat
2104 1760 2152 1825 B

426 1812 1277 1871 abscondit.CharitasAbrahae
1290 1813 1722 1885 dextram,quia
1735 1814 1806 1868 ad
1827 1818 2073 1870 mortem

424 1902 545 1958 filio
559 1901 881 1959 obediendo
894 1900 1281 1968 extulit,bunc
1294 1900 2074 1976 prolisinnumeraegentium

423 1995 648 2064 patrem
673 1991 825 2046 fecit.
849 1990 1116 2046 Charitas
1148 1991 1310 2046 Isaac
1341 1980 1807 2064 mentem,quam
1842 2009 2075 2065 semper

423 2081 497 2137 ad
524 2079 880 2136 munditiam
902 2078 1108 2145 tenuit,
1142 2078 1532 2152 caligantibus
1565 2083 1729 2136 aetate
1760 2080 1964 2149 oculis,
1998 2083 2071 2139 ad

419 2168 858 2241 videndalonge
878 2172 1011 2240 post
1028 2172 1273 2225 ventura
1297 2168 1578 2225 dilatavit.
1607 2169 1872 2226 Charitas
1892 2170 2073 2227 Jacob

420 2255 724 2331 compulit,
758 2260 817 2313 et
846 2256 1134 2313 amissum
1165 2258 1385 2314 bonum
1408 2258 1595 2314 filium
1619 2258 1960 2317 medullitus
1980 2276 2081 2333 ge-

421 2351 665 2416 mere,et
691 2362 1001 2419 pravorum
1025 2345 1278 2402 filiorum
1302 2347 1671 2419 praesentiam
1695 2349 1805 2404 sub
1822 2348 2074 2421 equani-

419 2436 623 2492 mitate
654 2434 919 2491 tolerare.
954 2434 1217 2491 Charitas
1247 2434 1462 2508 Joseph
1496 2435 1694 2491 docuit
1727 2454 1761 2492 a
1790 2436 2071 2494 fratribus

416 2525 838 2592 venundatum,
871 2528 929 2580 et
964 2522 1229 2580 libertate
1258 2524 1439 2580 animi
1472 2524 1736 2591 infracta,
1769 2526 2068 2582 servitium

418 2613 660 2687 perpeti,
693 2618 751 2669 et
778 2614 1002 2670 eisdem
1051 2617 1182 2686 post
1213 2612 1491 2670 fratribus
1524 2619 1719 2671 mente
1769 2632 1886 2671 non
1916 2614 2070 2672 elata

416 2702 752 2776 principari.
796 2702 1063 2759 Charitas
1097 2702 1332 2775 Moysen
1363 2702 1738 2776 delinquente
1770 2704 1985 2777 p0pulo
2012 2710 2070 2761 et

416 2808 604 2865 usque
635 2792 707 2849 ad
728 2791 1070 2865 petitionem
1099 2791 1305 2847 mortis
1338 2792 1396 2847 in
1437 2792 1710 2864 precibus
1756 2794 1979 2862 stravit,
2012 2799 2069 2850 et

416 2897 606 2953 usque
648 2881 720 2936 ad
767 2878 1230 2936 interfectionem
1266 2878 1465 2952 populi
1498 2896 1602 2953 per
1644 2881 1750 2937 zeli
1801 2882 2066 2941 studium

418 2968 616 3035 erexit,
650 2972 715 3023 ut
742 2972 800 3023 et
830 2984 934 3040 pro
977 2973 1253 3041 pereunte
1303 2967 1469 3041 plebe
1515 2986 1643 3026 sese
1692 2972 1865 3028 morti
1919 2973 2069 3044 obji-

416 3062 593 3125 ceret,
626 3060 684 3113 et
712 3059 915 3112 contra
954 3060 1289 3129 peccantem
1332 3057 1599 3130 protinus
1658 3059 1777 3116 vice
1839 3061 2068 3119 Domini

415 3145 722 3203 irascentis
770 3145 1014 3202 sreviret.
1047 3145 1313 3202 Charitas
1364 3146 1614 3205 Phincos
1668 3150 1973 3206 brachium
2005 3151 2063 3208 in
2095 3130 2140 3198 (ἶ

415 3233 638 3291 ultione
662 3233 1026 3307 peccantinm
1060 3235 1258 3302 erexit,
1293 3240 1355 3291 ut
1385 3243 1615 3309 arrepto
1647 3236 1839 3311 gladio
1860 3257 2065 3297 coeun-

413 3329 502 3381 tes
561 3323 952 3396 transﬁgeret,
1012 3328 1070 3379 et
1130 3322 1277 3380 iram
1336 3326 1567 3380 Domini
1626 3326 1810 3383 iratus
1869 3328 2062 3402 placa-

414 3417 516 3470 ret.
551 3411 815 3469 Charitas
834 3413 974 3470 Jesu
1006 3412 1429 3486 exploratorem
1457 3414 1678 3484 docuit,
1700 3421 1765 3472 ut
1811 3421 1867 3473 et
1900 3418 2063 3491 prius

412 3504 614 3559 contra
633 3500 975 3574 falsiloquos
997 3501 1150 3558 cives
1172 3501 1472 3559 veritatem
1505 3504 1677 3559 verbo
1709 3505 2061 3575 defenderet,

412 3596 471 3647 et
499 3590 649 3647 hanc
673 3591 1050 3664 postmodum
1082 3590 1276 3664 gladio
1308 3596 1512 3648 contra
1542 3592 1744 3650 hostes
1775 3593 2060 3668 alligaret.

413 3678 678 3735 Charitas
709 3677 945 3735 Samuel
966 3683 1024 3735 et
1049 3679 1108 3734 in
1127 3678 1459 3752 principatu
1484 3679 1770 3737 humilem
1791 3684 2062 3755 praebuit,
2094 3720 2101 3723 -

412 3771 470 3824 et
500 3767 794 3840 integrum
824 3766 885 3822 in
915 3767 1236 3839 dejectione
1266 3768 1532 3839 servavit,
1567 3769 1666 3841 qui
1701 3787 1835 3826 cum
1867 3789 2063 3845 perse-

413 3859 688 3929 quentem
718 3873 781 3911 se
819 3854 1049 3928 plebem
1080 3855 1366 3929 diligeret,
1412 3857 1537 3930 ipse
1568 3858 1677 3914 sibi
1726 3860 2063 3919 testimonio

410 3944 651 4012 exstitit,
667 3943 806 4017 quia
826 3943 1058 4002 culmen
1072 3961 1140 4001 ex
1162 3962 1279 4018 quo
1291 3946 1553 4018 dejectus
1576 3951 1665 4004 est
1685 3965 1800 4005 non
1822 3952 2059 4007 amavit.

411 4032 681 4091 Charitas
712 4033 889 4089 David
923 4037 1055 4090 ante
1080 4032 1349 4107 iniquum
1383 4052 1599 4109 regem,
1643 4040 1699 4093 et
1727 4037 2062 4096 humilitate

410 4122 725 4180 commovit
752 4122 824 4178 ad
859 4122 1079 4196 fugam,
1112 4127 1169 4179 et
1198 4122 1530 4182 humilitate
1559 4124 1804 4199 replevit
1848 4127 1920 4182 ad
1970 4145 2062 4185 ve-

410 4210 592 4279 niam,
624 4212 764 4284 quia
791 4215 1222 4284 persecutorem
1253 4229 1426 4269 suum
1460 4216 1516 4269 et
1544 4213 1804 4271 timendo
1826 4216 1977 4290 fugit
1998 4223 2063 4273 ut

409 4300 751 4367 Dominum,
783 4304 840 4356 et
870 4304 1064 4356 tamen
1097 4318 1231 4356 cum
1256 4305 1604 4373 potestatem
1623 4302 1865 4360 feriendi
1898 4321 2059 4378 repe-

410 4389 508 4458 rit,
530 4406 646 4445 non
668 4389 905 4463 agnovit
938 4388 1266 4446 inimicum.
1286 4390 1553 4446 Charitas
1574 4390 1804 4448 Nathan
1844 4397 1901 4450 et
1924 4411 2059 4451 con-

2196 472 2463 530 Charitas
2493 474 2553 529 in
2582 471 2903 543 Danielem,
2952 473 3053 546 qui
3085 490 3120 529 a
3148 473 3294 547 regis
3336 475 3566 549 dapibus
3604 480 3765 552 gulam

2195 563 2575 637 compescuit,
2610 563 2662 618 ei
2691 566 2748 619 et
2780 562 3167 620 esurientium
3197 580 3295 620 ora
3318 562 3537 622 leonum
3579 566 3765 626 clausit.

2193 652 2455 709 Charitas
2478 651 2669 708 tribus
2699 651 2919 725 pueris,
2943 651 3085 725 quia
3113 651 3173 707 in
3193 652 3587 726 tranquillitate
3600 658 3768 729 positis

2194 742 2466 799 incendia
2493 741 2771 797 vitiorum
2805 739 3027 805 subdit,
3058 740 3440 799 tribulationis
3482 747 3704 818 tempore
3727 753 3770 804 et

2193 820 2463 888 ﬂammas
2496 829 2747 886 fornacis
2790 829 3154 904 temperavit.
3186 829 3441 886 Charitas
3467 831 3522 887 in
3549 834 3690 890 Petro
3726 842 3770 892 et

2192 922 2369 978 minis
2412 919 2759 977 terrentium
2809 918 3143 992 principum
3177 919 3392 976 fortiter
3419 921 3629 989 restitit,
3654 924 3769 981 etin

2192 1010 2635 1067 circumcisione
2668 1008 3070 1065 submovenda
3087 1007 3326 1065 minoris
3346 1010 3509 1065 verba
3522 1009 3770 1070 humiliter

2190 1100 2433 1156 audivit.
2457 1098 2724 1157 Charitas
2747 1098 2806 1153 in
2824 1097 3027 1167 Paulo,
3053 1101 3110 1154 et
3130 1114 3336 1153 manus
3358 1101 3769 1173 persequentium

2190 1188 2492 1245 humiliter
2521 1187 2781 1261 pertulit,
2805 1191 2864 1243 et
2883 1190 3080 1243 tamen
3101 1186 3161 1243 in
3182 1186 3618 1245 circumcisionis
3633 1206 3769 1263 nego.

2188 1279 2293 1345 tio,
2310 1277 2480 1352 longe
2497 1294 2559 1335 se
2585 1277 2839 1350 impares
2855 1280 2911 1333 et
2926 1275 3150 1350 priores
3167 1292 3343 1333 sensu
3355 1276 3613 1335 audenter
3627 1276 3772 1335 incre-

2187 1368 2363 1442 pavit.

2823 1508 3056 1565 CAPUT
3102 1507 3195 1564 IV.

2508 1600 2712 1667 Quibus
2757 1597 2932 1654 modis
2959 1598 3201 1654 charitas
3244 1600 3507 1654 consith.

2258 1723 2490 1795 (Pelag.)
2524 1722 2788 1779 Charitas
2848 1725 3104 1794 quatuor
3150 1721 3340 1778 modis
3387 1721 3648 1789 consistit,
3689 1721 3774 1777 hoc

2184 1817 2299 1870 est:
2328 1814 2387 1869 in
2408 1812 2717 1869 dilectione
2739 1828 2866 1884 quas
2884 1809 3074 1884 prima
3089 1815 3207 1879 est;
3228 1811 3480 1868 secunda
3498 1814 3557 1866 ut
3571 1815 3776 1866 nosmet.

2182 1904 2342 1977 ipsos
2372 1902 2698 1959 secundum
2731 1901 2914 1957 Deum
2946 1916 3217 1956 amemus
3243 1918 3256 1967 ;
3298 1898 3465 1955 tertia
3492 1898 3773 1971 proximos;

2183 1997 2392 2066 quarta
2421 1990 2597 2047 etiam
2628 1989 2918 2071 inimicos.
2958 1993 3139 2044 Deum
3174 2004 3312 2060 ergo
3341 1986 3471 2061 plus
3511 2004 3667 2059 quam
3693 2004 3775 2043 nos

2182 2082 2445 2157 diligere,
2460 2079 2792 2153 proximum
2814 2078 2969 2135 sicut
2986 2093 3113 2144 nos,
3134 2076 3439 2133 inimicum
3456 2075 3596 2133 sicut
3619 2076 3774 2149 proxi-

2184 2188 2368 2230 mum.

2836 2310 3069 2367 CAPUT
3104 2310 3171 2366 V.

2395 2400 2545 2471 Quod
2571 2401 2692 2457 sine
2719 2401 2986 2456 charitate
3014 2400 3171 2456 nulla
3205 2400 3348 2456 bona
3372 2408 3603 2473 prosunt.

2252 2529 2443 2602 (Prosp
2473 2523 3778 2598 )Paulusinquitapostolus:Silinguishominum

2180 2619 2376 2690 loquar
2401 2624 2451 2673 et
2490 2616 2831 2688 angelorum,
2862 2613 3190 2671 charitatem
3217 2618 3406 2670 autem
3432 2630 3537 2671 non
3563 2613 3776 2678 habuero,

2176 2709 2356 2779 factus
2401 2721 2526 2761 sum
2568 2704 2717 2760 velut
2752 2719 2824 2759 (es
2852 2719 3075 2770 sonans,
3106 2711 3204 2760 aut
3236 2704 3541 2777 cymbalum
3579 2703 3779 2758 tinm'em

2179 2797 2226 2867 (ι
2242 2795 2363 2851 Cor.
2385 2793 2849 2865 xm).Hominum
2865 2791 2953 2849 vel
2976 2791 3324 2866 angelorum
3347 2792 3570 2867 linguas
3588 2791 3778 2847 inanem

2178 2884 2513 2941 facundiam
2540 2882 2930 2956 quorumdam
2953 2881 3349 2956 significatam
3379 2883 3641 2938 debemus
3665 2879 3781 2936 acci-

2177 2991 2331 3047 pere,
2367 2972 2468 3045 qui
2500 2972 2745 3028 docendi
2772 2970 3033 3027 officium
3054 2971 3313 3028 vanitate
3345 2968 3777 3045 placendilmagis

2177 3079 2356 3135 quam
2388 3059 2734 3118 consulendi
2764 3059 3043 3117 charitate
3073 3060 3431 3136 suscipiunt,
3463 3064 3516 3116 et
3534 3057 3669 3116 dicta
3694 3073 3778 3114 sua

2176 3152 2368 3225 magis
2398 3150 2646 3225 cupiunt
2667 3148 2893 3205 laudari
2917 3165 3096 3221 quam
3121 3148 3249 3205 ﬁeri
3274 3168 3287 3218 ;
3312 3166 3417 3206 nec
3436 3150 3505 3205 de
3520 3146 3777 3205 sanctitate

2173 3241 2491 3314 operis,sed
2514 3240 2586 3295 de
2608 3238 2896 3296 sermonis
2912 3237 3239 3295 elucubrati
3264 3241 3559 3295 venustate
3584 3233 3776 3292 solliciti

2174 3334 2331 3388 sunt.
2358 3329 2563 3385 Merito
2586 3327 2647 3383 hi
2663 3327 2809 3384 tales
2834 3332 3145 3384 iuramento
3167 3327 3527 3396 sonanti,aut
3548 3321 3775 3381 tinnienti

2173 3418 2440 3493 cymbalo
2462 3416 3002 3491 comparantur,qui
3022 3415 3083 3472 in
3106 3417 3352 3473 modum
3372 3414 3778 3473 tinnientisara-

2174 3507 2353 3566 menti
2378 3506 2465 3563 vel
2496 3505 2745 3580 cymbali
2770 3504 3049 3579 praeclara
3070 3523 3321 3580 quisque
3337 3504 3521 3579 magis
3540 3501 3779 3577 appetunt

2173 3613 2382 3655 sonare
2414 3614 2593 3669 quam
2625 3596 2830 3652 facere.
2869 3596 2934 3652 Et
2974 3596 3026 3652 si
3062 3596 3329 3663 habuero,
3362 3593 3550 3668 inquit
3575 3592 3778 3665 Aposto-

2172 3686 2286 3755 lus,
2312 3686 2679 3759 prophetiam,
2700 3692 2751 3740 et
2772 3685 3019 3742 noverim
3038 3685 3226 3741 omnia
3246 3684 3511 3758 mysteria
3531 3685 3581 3739 et
3606 3692 3780 3736 mnam

2170 3778 2483 3833 scientiam:
2531 3782 2585 3831 et
2620 3775 2673 3831 si
2698 3774 2936 3831 habuero
2982 3790 3197 3831 omnem
3236 3773 3403 3844 ﬁdem
3432 3774 3509 3829 ita
3530 3773 3587 3826 ut
3609 3772 3780 3825 meum

2172 3866 2523 3937 transferam,
2580 3863 2907 3920 charitatem
2964 3866 3149 3918 autem
3195 3878 3313 3918 non
3369 3862 3621 3925 habuero,
3663 3853 3782 3910 nihil

2168 3971 2294 4010 sum
2341 3953 2550 4026 (Ibid.).
2605 3952 2731 4009 Non
2764 3952 2836 4008 ad
2895 3951 3004 4008 hoc
3036 3950 3151 4007 ista
3177 3950 3346 4020 dicit,
3408 3948 3570 4024 quasi
3618 3943 3782 4016 aliqua

2171 4042 2324 4099 bona
2353 4041 2480 4099 sine
2511 4040 2794 4098 charitate
2823 4040 3039 4097 habere
3070 4040 3254 4113 aliqui
3291 4039 3538 4114 possint,
3561 4035 3651 4092 sed
3670 4030 3783 4105 quia

2170 4131 2315 4188 nihil
2338 4132 2564 4205 prosint
2581 4129 2935 4187 habentibus
2954 4146 3042 4197 ea,
3060 4128 3113 4189 si
3136 4147 3170 4184 a
3185 4128 3471 4186 charitate
3490 4119 3779 4183 defecerint.

2169 4222 2235 4278 Et
2263 4224 2313 4278 si
2338 4222 2671 4278 distribuere
2703 4222 2763 4276 in
2791 4221 2937 4276 cibos
2977 4235 3289 4292 pauperum
3331 4232 3513 4275 omnes
3538 4212 3782 4287 facultate!

2168 4328 2339 4377 meas,
2362 4318 2413 4367 et
2439 4312 2494 4367 si
2521 4308 2797 4367 tradidero
2827 4324 3021 4381 corpus
3041 4324 3223 4364 meum
3246 4309 3329 4364 ita
3349 4314 3413 4362 ut
3432 4303 3656 4369 ardeam,
3674 4298 3779 4354 cha-

2168 4402 2391 4456 ritatem
2419 4385 2603 4456 autem
2621 4414 2733 4454 non
2757 4396 3168 4465 habuero,nihil
3195 4398 3342 4453 mihi
3366 4393 3578 4468 prodest
3603 4385 3778 4460 (lbid.).

406 4481 499 4569 tra
514 4481 851 4569 peccantem
874 4493 1069 4551 regem
1093 4478 1149 4534 in
1173 4478 2063 4569 auctoritatemliberaeincrepa-
2090 4503 2139 4569 Ι)
2168 4489 2433 4546 Charitas
2480 4505 2615 4561 ergo
2663 4486 2934 4544 habenda
2981 4489 3071 4543 est
3099 4486 3229 4559 ipsa
3258 4490 3320 4543 et
3371 4481 3650 4569 sectanda,
3678 4474 3782 4531 sine

406 4565 584 4622 tionis
608 4564 871 4633 sustulit,
903 4570 959 4622 et
988 4584 1121 4623 cum
1152 4566 1307 4638 regis
1338 4566 1511 4640 culpa
1538 4568 1785 4638 deesset,
1820 4569 1879 4627 in
1913 4572 2057 4644 peti-

406 4655 564 4712 tione
594 4653 899 4711 humiliter
924 4656 1148 4712 stravit.
1182 4655 1446 4712 Charitas
1468 4672 1572 4728 per
1592 4656 1803 4715 Isaiam
1831 4660 2059 4716 nudita-

406 4748 524 4801 tem
542 4744 735 4802 carnis
756 4743 815 4801 in
841 4743 1249 4819 przsdicatione
1272 4761 1387 4801 non
1415 4745 1670 4816 erubuit,
1694 4751 1752 4805 et
1771 4749 2059 4807 subducto

406 4836 627 4893 carnali
645 4834 935 4892 velamine
966 4834 1247 4908 mysteria
1268 4850 1524 4909 superna
1542 4837 1884 4909 penetravit.
1918 4839 2061 4896 Cha-

407 4924 549 4981 ritas
581 4924 829 4993 Heliam,
881 4925 1021 4999 quia
1051 4923 1288 4982 fervoris
1317 4924 1438 4982 zelo
1482 4925 1673 4982 vivere
1719 4927 2061 4999 spiritaliter

404 5011 624 5078 docuit,
657 5015 729 5068 ad
777 5012 953 5069 vitam
987 5029 1221 5088 quoque
1250 5017 1307 5069 et
1334 5013 1712 5086 corporaliter
1754 5016 2055 5073 abstraxit.

405 5101 671 5158 Charitas
703 5101 982 5171 Eliseum,
1012 5102 1151 5174 quia
1181 5101 1532 5176 magistrum
1561 5102 1802 5176 diligere
1832 5104 2058 5178 simpli-

406 5189 551 5244 citer
578 5188 853 5257 instituit,
888 5190 1153 5261 magistri
1187 5190 1398 5263 spiritu
1432 5189 1741 5263 dupliciter
1771 5191 2056 5267 implevit.

407 5278 514 5333 Per
543 5275 889 5333 charitatem
937 5277 1221 5334 Jeremias
1252 5295 1323 5336 ne
1354 5279 1414 5335 in
1446 5280 1753 5353 IEgyptum
1806 5282 2059 5356 populus

406 5366 803 5433 descenderet,
841 5365 1092 5434 restitit;
1126 5369 1225 5424 sed
1249 5372 1445 5425 tamen
1468 5374 1524 5425 et
1546 5368 1946 5430 inobedientes
1978 5372 2060 5429 di-

404 5454 615 5528 ligens,
649 5471 763 5528 quo
794 5455 1144 5513 descendere
1178 5457 1559 5530 prohibuit,et
1581 5459 1707 5533 ipse
1735 5461 2057 5520 descendit.

404 5542 667 5603 Charitas
698 5541 1227 5623 Ezechielem,quia
1245 5546 1409 5621 prius
1432 5566 1467 5605 a
1485 5548 1731 5609 terrenis
1752 5550 2060 5610 desideriis

2168 4595 2285 4651 qua
2342 4594 2446 4634 nec
2505 4576 2909 4650 eleemosynze,
2963 4591 3070 4631 nec
3117 4573 3337 4632 occisio
3387 4568 3652 4645 corporis,
3696 4576 3781 4619 nec

2168 4666 2269 4723 illa
2298 4665 2497 4723 omnia
2525 4664 2798 4740 superius
2827 4665 3002 4731 dicta,
3052 4662 3142 4720 vel
3196 4662 3315 4719 alia
3356 4660 3617 4735 qualibet
3654 4652 3781 4708 bona

2168 4756 2499 4828 perducunt
2526 4754 2758 4828 aliquos
2789 4754 2861 4810 ad
2892 4754 3166 4810 salutem.
3198 4751 3349 4818 Quia
3368 4746 3631 4823 quaelibet
3655 4741 3787 4817 bona

2168 4843 2317 4900 actio
2343 4842 2433 4900 vel
2460 4844 2678 4916 passio,
2706 4842 2821 4900 nisi
2870 4860 2940 4900 ex
2969 4842 3105 4911 ﬁde,
3139 4857 3272 4913 qua:
3301 4857 3408 4914 per
3452 4832 3778 4893 dilectionem

2167 4936 2460 5006 operatur,
2492 4932 2841 5001 exstiterint,
2874 4932 3046 4988 nobis
3076 4930 3358 5004 prodesse
3384 4944 3498 4983 non
3527 4916 3779 4998 poteth

2168 5023 2530 5095 Quapropter
2557 5019 2704 5077 nihil
2733 5021 2818 5077 eis
2867 5019 3088 5093 peccati
3118 5015 3475 5075 damnabilis
3521 5015 3781 5069 remanere

2168 5110 2402 5183 poterit,
2437 5127 2543 5167 nec
2590 5109 2774 5167 deerit
2804 5107 3028 5182 aliquid
3059 5107 3218 5176 boni,
3276 5104 3497 5178 quibus
3539 5095 3778 5156 σωκ-ἤιε,

2167 5182 2362 5256 omnis
2377 5199 2809 5272 inquinamenti
2827 5197 3155 5264 mundatio,
3172 5201 3231 5253 et
3247 5196 3535 5275 bonorum
3551 5182 3780 5245 omnium
3838 5246 3843 5249 .

2169 5290 2375 5358 mater,
2407 5287 2682 5345 adfuerit.

3968 396 3975 584 l
